{"ticker": "AFG", "price": {"title": "American Financial Historical Annual Stock Price Data", "value": 100.15, "historical": {"2021": {"Average Stock Price": "89.7433", "Year Open": "85.1600", "Year High": "100.1500", "Year Low": "79.4400", "Year Close": "100.1500", "Annual % Change": "14.30%"}, "2020": {"Average Stock Price": "76.7189", "Year Open": "111.1600", "Year High": "114.5300", "Year Low": "46.9800", "Year Close": "87.6200", "Annual % Change": "-20.09%"}, "2019": {"Average Stock Price": "101.7867", "Year Open": "89.4700", "Year High": "111.5800", "Year Low": "89.1000", "Year Close": "109.6500", "Annual % Change": "21.12%"}, "2018": {"Average Stock Price": "108.5253", "Year Open": "106.7700", "Year High": "120.4900", "Year Low": "85.2800", "Year Close": "90.5300", "Annual % Change": "-16.59%"}, "2017": {"Average Stock Price": "99.0776", "Year Open": "87.8600", "Year High": "109.0600", "Year Low": "85.8600", "Year Close": "108.5400", "Annual % Change": "23.17%"}, "2016": {"Average Stock Price": "73.3696", "Year Open": "70.5800", "Year High": "88.1200", "Year Low": "65.1400", "Year Close": "88.1200", "Annual % Change": "22.25%"}, "2015": {"Average Stock Price": "66.9877", "Year Open": "60.2500", "Year High": "75.1700", "Year Low": "58.0400", "Year Close": "72.0800", "Annual % Change": "18.71%"}, "2014": {"Average Stock Price": "58.1949", "Year Open": "56.4800", "Year High": "62.3600", "Year Low": "52.9300", "Year Close": "60.7200", "Annual % Change": "5.20%"}, "2013": {"Average Stock Price": "50.1719", "Year Open": "39.9700", "Year High": "58.1600", "Year Low": "39.9700", "Year Close": "57.7200", "Annual % Change": "46.05%"}, "2012": {"Average Stock Price": "38.2480", "Year Open": "37.4300", "Year High": "40.2500", "Year Low": "36.5800", "Year Close": "39.5200", "Annual % Change": "7.13%"}, "2011": {"Average Stock Price": "34.2087", "Year Open": "32.9400", "Year High": "37.3000", "Year Low": "30.0900", "Year Close": "36.8900", "Annual % Change": "14.25%"}, "2010": {"Average Stock Price": "28.8453", "Year Open": "25.4300", "Year High": "32.6100", "Year Low": "24.3000", "Year Close": "32.2900", "Annual % Change": "29.42%"}, "2009": {"Average Stock Price": "21.8414", "Year Open": "23.4300", "Year High": "26.4200", "Year Low": "13.0400", "Year Close": "24.9500", "Annual % Change": "9.05%"}, "2008": {"Average Stock Price": "26.0163", "Year Open": "28.5900", "Year High": "32.0000", "Year Low": "15.4100", "Year Close": "22.8800", "Annual % Change": "-20.78%"}, "2007": {"Average Stock Price": "32.2195", "Year Open": "36.4900", "Year High": "36.5000", "Year Low": "25.5700", "Year Close": "28.8800", "Annual % Change": "-19.58%"}, "2006": {"Average Stock Price": "29.6744", "Year Open": "25.5133", "Year High": "36.3200", "Year Low": "24.8267", "Year Close": "35.9100", "Annual % Change": "40.60%"}, "2005": {"Average Stock Price": "21.9616", "Year Open": "20.6867", "Year High": "25.9200", "Year Low": "18.7067", "Year Close": "25.5400", "Annual % Change": "22.36%"}, "2004": {"Average Stock Price": "19.9389", "Year Open": "17.6333", "Year High": "21.4933", "Year Low": "17.6333", "Year Close": "20.8733", "Annual % Change": "18.33%"}, "2003": {"Average Stock Price": "14.8090", "Year Open": "15.4867", "Year High": "17.7333", "Year Low": "12.1667", "Year Close": "17.6400", "Annual % Change": "14.69%"}, "2002": {"Average Stock Price": "16.5439", "Year Open": "16.0000", "Year High": "19.9800", "Year Low": "12.8333", "Year Close": "15.3800", "Annual % Change": "-6.03%"}, "2001": {"Average Stock Price": "16.6633", "Year Open": "17.7067", "Year High": "20.1667", "Year Low": "12.4867", "Year Close": "16.3667", "Annual % Change": "-7.57%"}, "2000": {"Average Stock Price": "15.7877", "Year Open": "16.8733", "Year High": "19.0867", "Year Low": "12.3333", "Year Close": "17.7067", "Annual % Change": "0.68%"}, "1999": {"Average Stock Price": "21.6007", "Year Open": "28.4600", "Year High": "28.4600", "Year Low": "16.7533", "Year Close": "17.5867", "Annual % Change": "-39.88%"}, "1998": {"Average Stock Price": "26.4832", "Year Open": "26.7067", "Year High": "30.2067", "Year Low": "21.0000", "Year Close": "29.2533", "Annual % Change": "8.86%"}, "1997": {"Average Stock Price": "26.4396", "Year Open": "24.5000", "Year High": "31.8333", "Year Low": "22.0867", "Year Close": "26.8733", "Annual % Change": "6.78%"}, "1996": {"Average Stock Price": "21.5394", "Year Open": "20.3333", "Year High": "25.5800", "Year Low": "19.2500", "Year Close": "25.1667", "Annual % Change": "23.25%"}, "1995": {"Average Stock Price": "17.8084", "Year Open": "17.0000", "Year High": "21.2533", "Year Low": "15.3333", "Year Close": "20.4200", "Annual % Change": "18.35%"}, "1994": {"Average Stock Price": "17.4673", "Year Open": "21.3333", "Year High": "22.0000", "Year Low": "14.8333", "Year Close": "17.2533", "Annual % Change": "-20.07%"}, "1993": {"Average Stock Price": "20.4248", "Year Open": "16.4200", "Year High": "26.0000", "Year Low": "16.1667", "Year Close": "21.5867", "Annual % Change": "30.14%"}, "1992": {"Average Stock Price": "14.1960", "Year Open": "17.5867", "Year High": "17.7533", "Year Low": "12.0000", "Year Close": "16.5867", "Annual % Change": "-4.78%"}, "1991": {"Average Stock Price": "16.1103", "Year Open": "13.3333", "Year High": "17.8333", "Year Low": "12.8333", "Year Close": "17.4200", "Annual % Change": "31.44%"}, "1990": {"Average Stock Price": "15.1176", "Year Open": "18.5000", "Year High": "18.7533", "Year Low": "10.3333", "Year Close": "13.2533", "Annual % Change": "-27.71%"}, "1989": {"Average Stock Price": "17.0020", "Year Open": "16.0000", "Year High": "18.6667", "Year Low": "15.2533", "Year Close": "18.3333", "Annual % Change": "13.40%"}, "1988": {"Average Stock Price": "14.9725", "Year Open": "14.4167", "Year High": "16.1667", "Year Low": "13.3333", "Year Close": "16.1667", "Annual % Change": "16.17%"}, "1987": {"Average Stock Price": "17.8547", "Year Open": "18.0000", "Year High": "22.5433", "Year Low": "13.0000", "Year Close": "13.9167", "Annual % Change": "-22.33%"}, "1986": {"Average Stock Price": "18.6115", "Year Open": "17.0000", "Year High": "20.3333", "Year Low": "17.0000", "Year Close": "17.9167", "Annual % Change": "5.91%"}, "1985": {"Average Stock Price": "17.3555", "Year Open": "15.5833", "Year High": "19.3733", "Year Low": "15.2933", "Year Close": "16.9167", "Annual % Change": "7.98%"}, "1984": {"Average Stock Price": "14.7444", "Year Open": "12.5833", "Year High": "16.6667", "Year Low": "12.3733", "Year Close": "15.6667", "Annual % Change": "25.33%"}}}, "market cap": {"value": "$8.7B"}, "income statement": {"Revenue": {"2020-12-31": "7909.00000", "2019-12-31": "8237.00000", "2018-12-31": "7150.00000", "2017-12-31": "6865.00000", "2016-12-31": "6498.00000", "2015-12-31": "6145.00000", "2014-12-31": "5733.00000", "2013-12-31": "5103.00000", "2012-12-31": "4957.00000", "2011-12-31": "4643.00000", "2010-12-31": "4497.00000", "2009-12-31": "4320.00000", "2008-12-31": "4293.00000", "2007-12-31": "4378.80000", "2006-12-31": "4224.70000", "2005-12-31": "3984.40000"}, "Cost Of Goods Sold": {"2020-12-31": "6394.00000", "2019-12-31": "6436.00000", "2018-12-31": "5885.00000", "2017-12-31": "5453.00000", "2016-12-31": "5130.00000", "2015-12-31": "5057.00000", "2014-12-31": "4671.00000", "2013-12-31": "3928.00000", "2012-12-31": "3939.00000", "2011-12-31": "3644.00000", "2010-12-31": "3275.00000", "2009-12-31": "2978.00000", "2008-12-31": "3444.00000", "2007-12-31": "3144.60000", "2006-12-31": "3016.20000", "2005-12-31": "3119.80000"}, "Gross Profit": {"2020-12-31": "1515.00000", "2019-12-31": "1801.00000", "2018-12-31": "1265.00000", "2017-12-31": "1412.00000", "2016-12-31": "1368.00000", "2015-12-31": "1088.00000", "2014-12-31": "1062.00000", "2013-12-31": "1175.00000", "2012-12-31": "1018.00000", "2011-12-31": "999.00000", "2010-12-31": "1222.00000", "2009-12-31": "1342.00000", "2008-12-31": "849.00000", "2007-12-31": "1234.20000", "2006-12-31": "1208.50000", "2005-12-31": "864.59990"}, "Research And Development Expenses": {"2020-12-31": "", "2019-12-31": "", "2018-12-31": "", "2017-12-31": "", "2016-12-31": "", "2015-12-31": "", "2014-12-31": "", "2013-12-31": "", "2012-12-31": "", "2011-12-31": "", "2010-12-31": "", "2009-12-31": "", "2008-12-31": "", "2007-12-31": "", "2006-12-31": "", "2005-12-31": ""}, "SG&A Expenses": {"2020-12-31": "", "2019-12-31": "", "2018-12-31": "", "2017-12-31": "", "2016-12-31": "", "2015-12-31": "", "2014-12-31": "", "2013-12-31": "", "2012-12-31": "", "2011-12-31": "", "2010-12-31": "", "2009-12-31": "", "2008-12-31": "", "2007-12-31": "", "2006-12-31": "", "2005-12-31": ""}, "Other Operating Income Or Expenses": {"2020-12-31": "-579.00000", "2019-12-31": "-625.00000", "2018-12-31": "-564.00000", "2017-12-31": "-603.00000", "2016-12-31": "-504.00000", "2015-12-31": "-448.00000", "2014-12-31": "-362.00000", "2013-12-31": "-415.00000", "2012-12-31": "-406.00000", "2011-12-31": "-367.00000", "2010-12-31": "-450.00000", "2009-12-31": "-463.00000", "2008-12-31": "-463.00000", "2007-12-31": "-524.00000", "2006-12-31": "-441.60000", "2005-12-31": "-458.00000"}, "Operating Expenses": {"2020-12-31": "7061.00000", "2019-12-31": "7129.00000", "2018-12-31": "6511.00000", "2017-12-31": "6141.00000", "2016-12-31": "5711.00000", "2015-12-31": "5580.00000", "2014-12-31": "5107.00000", "2013-12-31": "4414.00000", "2012-12-31": "4420.00000", "2011-12-31": "4085.00000", "2010-12-31": "3803.00000", "2009-12-31": "3508.00000", "2008-12-31": "3977.00000", "2007-12-31": "3739.90000", "2006-12-31": "3530.30000", "2005-12-31": "3657.30000"}, "Operating Income": {"2020-12-31": "848.00000", "2019-12-31": "1108.00000", "2018-12-31": "639.00000", "2017-12-31": "724.00000", "2016-12-31": "787.00000", "2015-12-31": "565.00000", "2014-12-31": "626.00000", "2013-12-31": "689.00000", "2012-12-31": "537.00000", "2011-12-31": "558.00000", "2010-12-31": "694.00000", "2009-12-31": "812.00000", "2008-12-31": "316.00000", "2007-12-31": "638.89970", "2006-12-31": "694.39990", "2005-12-31": "327.09990"}, "Total Non-Operating Income/Expense": {"2020-12-31": "", "2019-12-31": "", "2018-12-31": "", "2017-12-31": "", "2016-12-31": "", "2015-12-31": "", "2014-12-31": "", "2013-12-31": "", "2012-12-31": "", "2011-12-31": "", "2010-12-31": "", "2009-12-31": "", "2008-12-31": "", "2007-12-31": "", "2006-12-31": "", "2005-12-31": ""}, "Pre-Tax Income": {"2020-12-31": "848.00000", "2019-12-31": "1108.00000", "2018-12-31": "639.00000", "2017-12-31": "724.00000", "2016-12-31": "787.00000", "2015-12-31": "565.00000", "2014-12-31": "626.00000", "2013-12-31": "689.00000", "2012-12-31": "537.00000", "2011-12-31": "558.00000", "2010-12-31": "694.00000", "2009-12-31": "812.00000", "2008-12-31": "316.00000", "2007-12-31": "638.90000", "2006-12-31": "694.40000", "2005-12-31": "327.10000"}, "Income Taxes": {"2020-12-31": "127.00000", "2019-12-31": "239.00000", "2018-12-31": "122.00000", "2017-12-31": "247.00000", "2016-12-31": "119.00000", "2015-12-31": "195.00000", "2014-12-31": "220.00000", "2013-12-31": "236.00000", "2012-12-31": "135.00000", "2011-12-31": "239.00000", "2010-12-31": "268.00000", "2009-12-31": "282.00000", "2008-12-31": "116.00000", "2007-12-31": "225.80000", "2006-12-31": "234.60000", "2005-12-31": "105.60000"}, "Income After Taxes": {"2020-12-31": "721.00000", "2019-12-31": "869.00000", "2018-12-31": "517.00000", "2017-12-31": "477.00000", "2016-12-31": "668.00000", "2015-12-31": "370.00000", "2014-12-31": "406.00000", "2013-12-31": "453.00000", "2012-12-31": "402.00000", "2011-12-31": "319.00000", "2010-12-31": "426.00000", "2009-12-31": "530.00000", "2008-12-31": "200.00000", "2007-12-31": "413.10000", "2006-12-31": "459.80000", "2005-12-31": "221.50000"}, "Other Income": {"2020-12-31": "", "2019-12-31": "", "2018-12-31": "", "2017-12-31": "", "2016-12-31": "", "2015-12-31": "", "2014-12-31": "", "2013-12-31": "", "2012-12-31": "", "2011-12-31": "", "2010-12-31": "", "2009-12-31": "", "2008-12-31": "", "2007-12-31": "", "2006-12-31": "", "2005-12-31": ""}, "Income From Continuous Operations": {"2020-12-31": "721.00000", "2019-12-31": "869.00000", "2018-12-31": "517.00000", "2017-12-31": "477.00000", "2016-12-31": "668.00000", "2015-12-31": "370.00000", "2014-12-31": "406.00000", "2013-12-31": "453.00000", "2012-12-31": "402.00000", "2011-12-31": "319.00000", "2010-12-31": "426.00000", "2009-12-31": "530.00000", "2008-12-31": "200.00000", "2007-12-31": "413.10000", "2006-12-31": "428.20000", "2005-12-31": "196.10000"}, "Income From Discontinued Operations": {"2020-12-31": "", "2019-12-31": "", "2018-12-31": "", "2017-12-31": "", "2016-12-31": "", "2015-12-31": "", "2014-12-31": "", "2013-12-31": "", "2012-12-31": "", "2011-12-31": "", "2010-12-31": "", "2009-12-31": "", "2008-12-31": "", "2007-12-31": "2.20000", "2006-12-31": "25.20000", "2005-12-31": "10.50000"}, "Net Income": {"2020-12-31": "732.00000", "2019-12-31": "897.00000", "2018-12-31": "530.00000", "2017-12-31": "475.00000", "2016-12-31": "649.00000", "2015-12-31": "352.00000", "2014-12-31": "452.00000", "2013-12-31": "471.00000", "2012-12-31": "488.00000", "2011-12-31": "342.00000", "2010-12-31": "482.00000", "2009-12-31": "519.00000", "2008-12-31": "196.00000", "2007-12-31": "383.20000", "2006-12-31": "453.40000", "2005-12-31": "206.60000"}, "EBITDA": {"2020-12-31": "936.00000", "2019-12-31": "1435.00000", "2018-12-31": "911.00000", "2017-12-31": "916.00000", "2016-12-31": "998.00000", "2015-12-31": "774.00000", "2014-12-31": "844.00000", "2013-12-31": "902.00000", "2012-12-31": "869.00000", "2011-12-31": "812.00000", "2010-12-31": "974.00000", "2009-12-31": "1077.00000", "2008-12-31": "607.00000", "2007-12-31": "904.49960", "2006-12-31": "933.89990", "2005-12-31": "619.59990"}, "EBIT": {"2020-12-31": "936.00000", "2019-12-31": "1176.00000", "2018-12-31": "701.00000", "2017-12-31": "809.00000", "2016-12-31": "864.00000", "2015-12-31": "640.00000", "2014-12-31": "700.00000", "2013-12-31": "760.00000", "2012-12-31": "612.00000", "2011-12-31": "632.00000", "2010-12-31": "772.00000", "2009-12-31": "879.00000", "2008-12-31": "386.00000", "2007-12-31": "710.19960", "2006-12-31": "766.89990", "2005-12-31": "406.59990"}, "Basic Shares Outstanding": {"2020-12-31": "", "2019-12-31": "89.90000", "2018-12-31": "89.00000", "2017-12-31": "87.80000", "2016-12-31": "86.90000", "2015-12-31": "87.60000", "2014-12-31": "89.00000", "2013-12-31": "89.30000", "2012-12-31": "94.20000", "2011-12-31": "101.30000", "2010-12-31": "109.20000", "2009-12-31": "115.70000", "2008-12-31": "114.40000", "2007-12-31": "117.70000", "2006-12-31": "118.00000", "2005-12-31": "115.80000"}, "Shares Outstanding": {"2020-12-31": "89.20000", "2019-12-31": "91.00000", "2018-12-31": "90.60000", "2017-12-31": "89.80000", "2016-12-31": "88.50000", "2015-12-31": "89.40000", "2014-12-31": "91.00000", "2013-12-31": "91.20000", "2012-12-31": "95.90000", "2011-12-31": "102.90000", "2010-12-31": "110.50000", "2009-12-31": "116.80000", "2008-12-31": "116.70000", "2007-12-31": "123.20000", "2006-12-31": "120.50000", "2005-12-31": "117.80000"}, "Basic EPS": {"2020-12-31": "", "2019-12-31": "9.98000", "2018-12-31": "5.95000", "2017-12-31": "5.40000", "2016-12-31": "7.47000", "2015-12-31": "4.02000", "2014-12-31": "5.07000", "2013-12-31": "5.27000", "2012-12-31": "5.18000", "2011-12-31": "3.37000", "2010-12-31": "4.41000", "2009-12-31": "4.49000", "2008-12-31": "1.71000", "2007-12-31": "3.25000", "2006-12-31": "3.84000", "2005-12-31": "1.78000"}, "EPS - Earnings Per Share": {"2020-12-31": "8.20000", "2019-12-31": "9.85000", "2018-12-31": "5.85000", "2017-12-31": "5.28000", "2016-12-31": "7.33000", "2015-12-31": "3.94000", "2014-12-31": "4.97000", "2013-12-31": "5.16000", "2012-12-31": "5.09000", "2011-12-31": "3.32000", "2010-12-31": "4.36000", "2009-12-31": "4.45000", "2008-12-31": "1.67000", "2007-12-31": "3.10000", "2006-12-31": "3.75000", "2005-12-31": "1.75000"}}, "income statement, quarterly": {"Revenue": {"2020-12-31": "2623.00000", "2020-09-30": "2060.00000", "2020-06-30": "1951.00000", "2020-03-31": "1275.00000", "2019-12-31": "2130.00000", "2019-09-30": "2123.00000", "2019-06-30": "1960.00000", "2019-03-31": "2024.00000", "2018-12-31": "1690.00000", "2018-09-30": "2008.00000", "2018-06-30": "1833.00000", "2018-03-31": "1619.00000", "2017-12-31": "1808.00000", "2017-09-30": "1835.00000", "2017-06-30": "1646.00000", "2017-03-31": "1576.00000", "2016-12-31": "1737.00000", "2016-09-30": "1705.00000", "2016-06-30": "1581.00000", "2016-03-31": "1475.00000", "2015-12-31": "1618.00000", "2015-09-30": "1687.00000", "2015-06-30": "1543.00000", "2015-03-31": "1297.00000", "2014-12-31": "1549.00000", "2014-09-30": "1581.00000", "2014-06-30": "1392.00000", "2014-03-31": "1211.00000", "2013-12-31": "1373.00000", "2013-09-30": "1443.00000", "2013-06-30": "1139.00000", "2013-03-31": "1148.00000", "2012-12-31": "1208.00000", "2012-09-30": "1538.00000", "2012-06-30": "1124.00000", "2012-03-31": "1087.00000", "2011-12-31": "1176.00000", "2011-09-30": "1335.00000", "2011-06-30": "1093.00000", "2011-03-31": "1039.00000", "2010-12-31": "1156.00000", "2010-09-30": "1255.00000", "2010-06-30": "1052.00000", "2010-03-31": "1034.00000", "2009-12-31": "1125.00000", "2009-09-30": "1093.00000", "2009-06-30": "1096.00000", "2009-03-31": "1006.00000", "2008-12-31": "1104.10000", "2008-09-30": "1169.90000", "2008-06-30": "1017.20000", "2008-03-31": "1001.80000", "2007-12-31": "1020.20000", "2007-09-30": "1187.10000", "2007-06-30": "1091.90000", "2007-03-31": "1079.60000", "2006-12-31": "1097.10000", "2006-09-30": "1136.50000", "2006-06-30": "995.00000", "2006-03-31": "996.10000", "2005-12-31": "992.55790", "2005-09-30": "1075.83300", "2005-06-30": "984.02600", "2005-03-31": "931.98300"}, "Cost Of Goods Sold": {"2020-12-31": "1563.00000", "2020-09-30": "1744.00000", "2020-06-30": "1571.00000", "2020-03-31": "1516.00000", "2019-12-31": "1721.00000", "2019-09-30": "1764.00000", "2019-06-30": "1521.00000", "2019-03-31": "1430.00000", "2018-12-31": "1575.00000", "2018-09-30": "1599.00000", "2018-06-30": "1414.00000", "2018-03-31": "1297.00000", "2017-12-31": "1340.00000", "2017-09-30": "1628.00000", "2017-06-30": "1279.00000", "2017-03-31": "1206.00000", "2016-12-31": "1262.00000", "2016-09-30": "1372.00000", "2016-06-30": "1309.00000", "2016-03-31": "1187.00000", "2015-12-31": "1273.00000", "2015-09-30": "1449.00000", "2015-06-30": "1189.00000", "2015-03-31": "1146.00000", "2014-12-31": "1255.00000", "2014-09-30": "1326.00000", "2014-06-30": "1148.00000", "2014-03-31": "942.00000", "2013-12-31": "1011.00000", "2013-09-30": "1163.00000", "2013-06-30": "900.00000", "2013-03-31": "854.00000", "2012-12-31": "1132.00000", "2012-09-30": "1116.00000", "2012-06-30": "871.00000", "2012-03-31": "820.00000", "2011-12-31": "890.00000", "2011-09-30": "1055.00000", "2011-06-30": "893.00000", "2011-03-31": "806.00000", "2010-12-31": "821.00000", "2010-09-30": "919.00000", "2010-06-30": "774.00000", "2010-03-31": "761.00000", "2009-12-31": "762.00000", "2009-09-30": "750.00000", "2009-06-30": "744.00000", "2009-03-31": "722.00000", "2008-12-31": "916.90000", "2008-09-30": "1005.90000", "2008-06-30": "775.90000", "2008-03-31": "745.30000", "2007-12-31": "731.60000", "2007-09-30": "877.30000", "2007-06-30": "779.80000", "2007-03-31": "755.90000", "2006-12-31": "753.20010", "2006-09-30": "845.80000", "2006-06-30": "722.80000", "2006-03-31": "694.40000", "2005-12-31": "753.35010", "2005-09-30": "971.39200", "2005-06-30": "702.78400", "2005-03-31": "692.27400"}, "Gross Profit": {"2020-12-31": "1060.00000", "2020-09-30": "316.00000", "2020-06-30": "380.00000", "2020-03-31": "-241.00000", "2019-12-31": "409.00000", "2019-09-30": "359.00000", "2019-06-30": "439.00000", "2019-03-31": "594.00000", "2018-12-31": "115.00000", "2018-09-30": "409.00000", "2018-06-30": "419.00000", "2018-03-31": "322.00000", "2017-12-31": "468.00000", "2017-09-30": "207.00000", "2017-06-30": "367.00000", "2017-03-31": "370.00000", "2016-12-31": "475.00000", "2016-09-30": "333.00000", "2016-06-30": "272.00000", "2016-03-31": "288.00000", "2015-12-31": "345.00000", "2015-09-30": "238.00000", "2015-06-30": "354.00000", "2015-03-31": "151.00000", "2014-12-31": "294.00000", "2014-09-30": "255.00000", "2014-06-30": "244.00000", "2014-03-31": "269.00000", "2013-12-31": "362.00000", "2013-09-30": "280.00000", "2013-06-30": "239.00000", "2013-03-31": "294.00000", "2012-12-31": "76.00000", "2012-09-30": "422.00000", "2012-06-30": "253.00000", "2012-03-31": "267.00000", "2011-12-31": "286.00000", "2011-09-30": "280.00000", "2011-06-30": "200.00000", "2011-03-31": "233.00000", "2010-12-31": "335.00000", "2010-09-30": "336.00000", "2010-06-30": "278.00000", "2010-03-31": "273.00000", "2009-12-31": "363.00000", "2009-09-30": "343.00000", "2009-06-30": "352.00000", "2009-03-31": "284.00000", "2008-12-31": "187.20010", "2008-09-30": "164.00000", "2008-06-30": "241.30000", "2008-03-31": "256.49990", "2007-12-31": "288.59990", "2007-09-30": "309.80000", "2007-06-30": "312.10000", "2007-03-31": "323.70000", "2006-12-31": "343.90010", "2006-09-30": "290.70000", "2006-06-30": "272.20000", "2006-03-31": "301.70000", "2005-12-31": "239.20780", "2005-09-30": "104.44100", "2005-06-30": "281.24200", "2005-03-31": "239.70900"}, "Research And Development Expenses": {"2020-12-31": "", "2020-09-30": "", "2020-06-30": "", "2020-03-31": "", "2019-12-31": "", "2019-09-30": "", "2019-06-30": "", "2019-03-31": "", "2018-12-31": "", "2018-09-30": "", "2018-06-30": "", "2018-03-31": "", "2017-12-31": "", "2017-09-30": "", "2017-06-30": "", "2017-03-31": "", "2016-12-31": "", "2016-09-30": "", "2016-06-30": "", "2016-03-31": "", "2015-12-31": "", "2015-09-30": "", "2015-06-30": "", "2015-03-31": "", "2014-12-31": "", "2014-09-30": "", "2014-06-30": "", "2014-03-31": "", "2013-12-31": "", "2013-09-30": "", "2013-06-30": "", "2013-03-31": "", "2012-12-31": "", "2012-09-30": "", "2012-06-30": "", "2012-03-31": "", "2011-12-31": "", "2011-09-30": "", "2011-06-30": "", "2011-03-31": "", "2010-12-31": "", "2010-09-30": "", "2010-06-30": "", "2010-03-31": "", "2009-12-31": "", "2009-09-30": "", "2009-06-30": "", "2009-03-31": "", "2008-12-31": "", "2008-09-30": "", "2008-06-30": "", "2008-03-31": "", "2007-12-31": "", "2007-09-30": "", "2007-06-30": "", "2007-03-31": "", "2006-12-31": "", "2006-09-30": "", "2006-06-30": "", "2006-03-31": "", "2005-12-31": "", "2005-09-30": "", "2005-06-30": "", "2005-03-31": ""}, "SG&A Expenses": {"2020-12-31": "", "2020-09-30": "", "2020-06-30": "", "2020-03-31": "", "2019-12-31": "", "2019-09-30": "", "2019-06-30": "", "2019-03-31": "", "2018-12-31": "", "2018-09-30": "", "2018-06-30": "", "2018-03-31": "", "2017-12-31": "", "2017-09-30": "", "2017-06-30": "", "2017-03-31": "", "2016-12-31": "", "2016-09-30": "", "2016-06-30": "", "2016-03-31": "", "2015-12-31": "", "2015-09-30": "", "2015-06-30": "", "2015-03-31": "", "2014-12-31": "", "2014-09-30": "", "2014-06-30": "", "2014-03-31": "", "2013-12-31": "", "2013-09-30": "", "2013-06-30": "", "2013-03-31": "", "2012-12-31": "", "2012-09-30": "", "2012-06-30": "", "2012-03-31": "", "2011-12-31": "", "2011-09-30": "", "2011-06-30": "", "2011-03-31": "", "2010-12-31": "", "2010-09-30": "", "2010-06-30": "", "2010-03-31": "", "2009-12-31": "", "2009-09-30": "", "2009-06-30": "", "2009-03-31": "", "2008-12-31": "", "2008-09-30": "", "2008-06-30": "", "2008-03-31": "", "2007-12-31": "", "2007-09-30": "", "2007-06-30": "", "2007-03-31": "", "2006-12-31": "", "2006-09-30": "", "2006-06-30": "", "2006-03-31": "", "2005-12-31": "", "2005-09-30": "", "2005-06-30": "", "2005-03-31": ""}, "Other Operating Income Or Expenses": {"2020-12-31": "-152.00000", "2020-09-30": "-158.00000", "2020-06-30": "-139.00000", "2020-03-31": "-130.00000", "2019-12-31": "-132.00000", "2019-09-30": "-165.00000", "2019-06-30": "-163.00000", "2019-03-31": "-165.00000", "2018-12-31": "-138.00000", "2018-09-30": "-150.00000", "2018-06-30": "-143.00000", "2018-03-31": "-133.00000", "2017-12-31": "-181.00000", "2017-09-30": "-157.00000", "2017-06-30": "-139.00000", "2017-03-31": "-126.00000", "2016-12-31": "-137.00000", "2016-09-30": "-136.00000", "2016-06-30": "-117.00000", "2016-03-31": "-114.00000", "2015-12-31": "-118.00000", "2015-09-30": "-121.00000", "2015-06-30": "-108.00000", "2015-03-31": "-101.00000", "2014-12-31": "-83.00000", "2014-09-30": "-92.00000", "2014-06-30": "-97.00000", "2014-03-31": "-90.00000", "2013-12-31": "-99.00000", "2013-09-30": "-120.00000", "2013-06-30": "-95.00000", "2013-03-31": "-101.00000", "2012-12-31": "-88.00000", "2012-09-30": "-118.00000", "2012-06-30": "-98.00000", "2012-03-31": "-102.00000", "2011-12-31": "-35.00000", "2011-09-30": "-103.00000", "2011-06-30": "-119.00000", "2011-03-31": "-110.00000", "2010-12-31": "-133.00000", "2010-09-30": "-107.00000", "2010-06-30": "-102.00000", "2010-03-31": "-108.00000", "2009-12-31": "-109.00000", "2009-09-30": "-121.00000", "2009-06-30": "-133.00000", "2009-03-31": "-100.00000", "2008-12-31": "-107.50000", "2008-09-30": "-119.70000", "2008-06-30": "-124.00000", "2008-03-31": "-111.80000", "2007-12-31": "-121.30000", "2007-09-30": "-108.80000", "2007-06-30": "-182.40000", "2007-03-31": "-111.50000", "2006-12-31": "-104.60000", "2006-09-30": "-115.10000", "2006-06-30": "-108.50000", "2006-03-31": "-113.40000", "2005-12-31": "-116.44700", "2005-09-30": "-112.74900", "2005-06-30": "-112.99700", "2005-03-31": "-115.80700"}, "Operating Expenses": {"2020-12-31": "1739.00000", "2020-09-30": "1926.00000", "2020-06-30": "1733.00000", "2020-03-31": "1663.00000", "2019-12-31": "1871.00000", "2019-09-30": "1946.00000", "2019-06-30": "1701.00000", "2019-03-31": "1611.00000", "2018-12-31": "1729.00000", "2018-09-30": "1764.00000", "2018-06-30": "1573.00000", "2018-03-31": "1445.00000", "2017-12-31": "1541.00000", "2017-09-30": "1806.00000", "2017-06-30": "1441.00000", "2017-03-31": "1353.00000", "2016-12-31": "1420.00000", "2016-09-30": "1527.00000", "2016-06-30": "1445.00000", "2016-03-31": "1319.00000", "2015-12-31": "1408.00000", "2015-09-30": "1588.00000", "2015-06-30": "1317.00000", "2015-03-31": "1267.00000", "2014-12-31": "1359.00000", "2014-09-30": "1436.00000", "2014-06-30": "1262.00000", "2014-03-31": "1050.00000", "2013-12-31": "1127.00000", "2013-09-30": "1301.00000", "2013-06-30": "1013.00000", "2013-03-31": "973.00000", "2012-12-31": "1238.00000", "2012-09-30": "1253.00000", "2012-06-30": "988.00000", "2012-03-31": "941.00000", "2011-12-31": "936.00000", "2011-09-30": "1179.00000", "2011-06-30": "1033.00000", "2011-03-31": "937.00000", "2010-12-31": "975.00000", "2010-09-30": "1047.00000", "2010-06-30": "894.00000", "2010-03-31": "887.00000", "2009-12-31": "890.00000", "2009-09-30": "890.00000", "2009-06-30": "890.00000", "2009-03-31": "838.00000", "2008-12-31": "1042.10000", "2008-09-30": "1141.90000", "2008-06-30": "917.20000", "2008-03-31": "875.80000", "2007-12-31": "870.60020", "2007-09-30": "1003.90000", "2007-06-30": "979.90000", "2007-03-31": "885.50000", "2006-12-31": "876.40040", "2006-09-30": "979.20000", "2006-06-30": "848.40000", "2006-03-31": "826.30000", "2005-12-31": "889.66000", "2005-09-30": "1104.14500", "2005-06-30": "835.83400", "2005-03-31": "827.66100"}, "Operating Income": {"2020-12-31": "884.00000", "2020-09-30": "134.00000", "2020-06-30": "218.00000", "2020-03-31": "-388.00000", "2019-12-31": "259.00000", "2019-09-30": "177.00000", "2019-06-30": "259.00000", "2019-03-31": "413.00000", "2018-12-31": "-39.00000", "2018-09-30": "244.00000", "2018-06-30": "260.00000", "2018-03-31": "174.00000", "2017-12-31": "267.00000", "2017-09-30": "29.00000", "2017-06-30": "205.00000", "2017-03-31": "223.00000", "2016-12-31": "317.00000", "2016-09-30": "178.00000", "2016-06-30": "136.00000", "2016-03-31": "156.00000", "2015-12-31": "210.00000", "2015-09-30": "99.00000", "2015-06-30": "226.00000", "2015-03-31": "30.00000", "2014-12-31": "190.00000", "2014-09-30": "145.00000", "2014-06-30": "130.00000", "2014-03-31": "161.00000", "2013-12-31": "246.00000", "2013-09-30": "142.00000", "2013-06-30": "126.00000", "2013-03-31": "175.00000", "2012-12-31": "-30.00000", "2012-09-30": "285.00000", "2012-06-30": "136.00000", "2012-03-31": "146.00000", "2011-12-31": "240.00000", "2011-09-30": "156.00000", "2011-06-30": "60.00000", "2011-03-31": "102.00000", "2010-12-31": "181.00000", "2010-09-30": "208.00000", "2010-06-30": "158.00000", "2010-03-31": "147.00000", "2009-12-31": "235.00000", "2009-09-30": "203.00000", "2009-06-30": "206.00000", "2009-03-31": "168.00000", "2008-12-31": "62.00000", "2008-09-30": "28.00000", "2008-06-30": "100.00000", "2008-03-31": "125.99990", "2007-12-31": "149.59960", "2007-09-30": "183.20000", "2007-06-30": "112.00000", "2007-03-31": "194.10000", "2006-12-31": "220.69980", "2006-09-30": "157.30000", "2006-06-30": "146.60000", "2006-03-31": "169.79990", "2005-12-31": "102.89790", "2005-09-30": "-28.31200", "2005-06-30": "148.19200", "2005-03-31": "104.32200"}, "Total Non-Operating Income/Expense": {"2020-12-31": "", "2020-09-30": "", "2020-06-30": "", "2020-03-31": "", "2019-12-31": "", "2019-09-30": "", "2019-06-30": "", "2019-03-31": "", "2018-12-31": "", "2018-09-30": "", "2018-06-30": "", "2018-03-31": "", "2017-12-31": "", "2017-09-30": "", "2017-06-30": "", "2017-03-31": "", "2016-12-31": "", "2016-09-30": "", "2016-06-30": "", "2016-03-31": "", "2015-12-31": "", "2015-09-30": "", "2015-06-30": "", "2015-03-31": "", "2014-12-31": "", "2014-09-30": "", "2014-06-30": "", "2014-03-31": "", "2013-12-31": "", "2013-09-30": "", "2013-06-30": "", "2013-03-31": "", "2012-12-31": "", "2012-09-30": "", "2012-06-30": "", "2012-03-31": "", "2011-12-31": "", "2011-09-30": "", "2011-06-30": "", "2011-03-31": "", "2010-12-31": "", "2010-09-30": "", "2010-06-30": "", "2010-03-31": "", "2009-12-31": "", "2009-09-30": "", "2009-06-30": "", "2009-03-31": "", "2008-12-31": "", "2008-09-30": "", "2008-06-30": "", "2008-03-31": "", "2007-12-31": "", "2007-09-30": "", "2007-06-30": "", "2007-03-31": "", "2006-12-31": "", "2006-09-30": "", "2006-06-30": "", "2006-03-31": "", "2005-12-31": "", "2005-09-30": "", "2005-06-30": "", "2005-03-31": ""}, "Pre-Tax Income": {"2020-12-31": "884.00000", "2020-09-30": "134.00000", "2020-06-30": "218.00000", "2020-03-31": "-388.00000", "2019-12-31": "259.00000", "2019-09-30": "177.00000", "2019-06-30": "259.00000", "2019-03-31": "413.00000", "2018-12-31": "-39.00000", "2018-09-30": "244.00000", "2018-06-30": "260.00000", "2018-03-31": "174.00000", "2017-12-31": "267.00000", "2017-09-30": "29.00000", "2017-06-30": "205.00000", "2017-03-31": "223.00000", "2016-12-31": "317.00000", "2016-09-30": "178.00000", "2016-06-30": "136.00000", "2016-03-31": "156.00000", "2015-12-31": "210.00000", "2015-09-30": "99.00000", "2015-06-30": "226.00000", "2015-03-31": "30.00000", "2014-12-31": "190.00000", "2014-09-30": "145.00000", "2014-06-30": "130.00000", "2014-03-31": "161.00000", "2013-12-31": "246.00000", "2013-09-30": "142.00000", "2013-06-30": "126.00000", "2013-03-31": "175.00000", "2012-12-31": "-30.00000", "2012-09-30": "285.00000", "2012-06-30": "136.00000", "2012-03-31": "146.00000", "2011-12-31": "240.00000", "2011-09-30": "156.00000", "2011-06-30": "60.00000", "2011-03-31": "102.00000", "2010-12-31": "181.00000", "2010-09-30": "208.00000", "2010-06-30": "158.00000", "2010-03-31": "147.00000", "2009-12-31": "235.00000", "2009-09-30": "203.00000", "2009-06-30": "206.00000", "2009-03-31": "168.00000", "2008-12-31": "62.00000", "2008-09-30": "28.00000", "2008-06-30": "100.00000", "2008-03-31": "126.00000", "2007-12-31": "149.60000", "2007-09-30": "183.20000", "2007-06-30": "112.00000", "2007-03-31": "194.10000", "2006-12-31": "220.70000", "2006-09-30": "157.30000", "2006-06-30": "146.60000", "2006-03-31": "169.80000", "2005-12-31": "102.89800", "2005-09-30": "-28.31200", "2005-06-30": "148.19200", "2005-03-31": "104.32200"}, "Income Taxes": {"2020-12-31": "190.00000", "2020-09-30": "-30.00000", "2020-06-30": "51.00000", "2020-03-31": "-84.00000", "2019-12-31": "68.00000", "2019-09-30": "34.00000", "2019-06-30": "50.00000", "2019-03-31": "87.00000", "2018-12-31": "-4.00000", "2018-09-30": "41.00000", "2018-06-30": "52.00000", "2018-03-31": "33.00000", "2017-12-31": "101.00000", "2017-09-30": "18.00000", "2017-06-30": "60.00000", "2017-03-31": "68.00000", "2016-12-31": "-71.00000", "2016-09-30": "65.00000", "2016-06-30": "73.00000", "2016-03-31": "52.00000", "2015-12-31": "80.00000", "2015-09-30": "33.00000", "2015-06-30": "77.00000", "2015-03-31": "5.00000", "2014-12-31": "65.00000", "2014-09-30": "54.00000", "2014-06-30": "47.00000", "2014-03-31": "54.00000", "2013-12-31": "81.00000", "2013-09-30": "44.00000", "2013-06-30": "49.00000", "2013-03-31": "62.00000", "2012-12-31": "-49.00000", "2012-09-30": "74.00000", "2012-06-30": "52.00000", "2012-03-31": "58.00000", "2011-12-31": "113.00000", "2011-09-30": "48.00000", "2011-06-30": "30.00000", "2011-03-31": "48.00000", "2010-12-31": "69.00000", "2010-09-30": "82.00000", "2010-06-30": "58.00000", "2010-03-31": "59.00000", "2009-12-31": "78.00000", "2009-09-30": "72.00000", "2009-06-30": "74.00000", "2009-03-31": "58.00000", "2008-12-31": "24.60000", "2008-09-30": "9.50000", "2008-06-30": "37.00000", "2008-03-31": "44.90000", "2007-12-31": "54.50000", "2007-09-30": "62.70000", "2007-06-30": "36.60000", "2007-03-31": "72.00000", "2006-12-31": "76.80000", "2006-09-30": "56.50000", "2006-06-30": "41.70000", "2006-03-31": "59.60000", "2005-12-31": "22.82700", "2005-09-30": "-6.50600", "2005-06-30": "54.14800", "2005-03-31": "35.13100"}, "Income After Taxes": {"2020-12-31": "694.00000", "2020-09-30": "164.00000", "2020-06-30": "167.00000", "2020-03-31": "-304.00000", "2019-12-31": "191.00000", "2019-09-30": "143.00000", "2019-06-30": "209.00000", "2019-03-31": "326.00000", "2018-12-31": "-35.00000", "2018-09-30": "203.00000", "2018-06-30": "208.00000", "2018-03-31": "141.00000", "2017-12-31": "166.00000", "2017-09-30": "11.00000", "2017-06-30": "145.00000", "2017-03-31": "155.00000", "2016-12-31": "388.00000", "2016-09-30": "113.00000", "2016-06-30": "63.00000", "2016-03-31": "104.00000", "2015-12-31": "130.00000", "2015-09-30": "66.00000", "2015-06-30": "149.00000", "2015-03-31": "25.00000", "2014-12-31": "125.00000", "2014-09-30": "91.00000", "2014-06-30": "83.00000", "2014-03-31": "107.00000", "2013-12-31": "165.00000", "2013-09-30": "98.00000", "2013-06-30": "77.00000", "2013-03-31": "113.00000", "2012-12-31": "19.00000", "2012-09-30": "211.00000", "2012-06-30": "84.00000", "2012-03-31": "88.00000", "2011-12-31": "127.00000", "2011-09-30": "108.00000", "2011-06-30": "30.00000", "2011-03-31": "54.00000", "2010-12-31": "112.00000", "2010-09-30": "126.00000", "2010-06-30": "100.00000", "2010-03-31": "88.00000", "2009-12-31": "157.00000", "2009-09-30": "131.00000", "2009-06-30": "132.00000", "2009-03-31": "110.00000", "2008-12-31": "37.40000", "2008-09-30": "18.50000", "2008-06-30": "63.00000", "2008-03-31": "81.10000", "2007-12-31": "95.10000", "2007-09-30": "120.50000", "2007-06-30": "75.40000", "2007-03-31": "122.10000", "2006-12-31": "143.90000", "2006-09-30": "100.80000", "2006-06-30": "104.90000", "2006-03-31": "110.20000", "2005-12-31": "80.07100", "2005-09-30": "-21.80600", "2005-06-30": "94.04400", "2005-03-31": "69.19100"}, "Other Income": {"2020-12-31": "", "2020-09-30": "", "2020-06-30": "", "2020-03-31": "", "2019-12-31": "", "2019-09-30": "", "2019-06-30": "", "2019-03-31": "", "2018-12-31": "", "2018-09-30": "", "2018-06-30": "", "2018-03-31": "", "2017-12-31": "", "2017-09-30": "", "2017-06-30": "", "2017-03-31": "", "2016-12-31": "", "2016-09-30": "", "2016-06-30": "", "2016-03-31": "", "2015-12-31": "", "2015-09-30": "", "2015-06-30": "", "2015-03-31": "", "2014-12-31": "", "2014-09-30": "", "2014-06-30": "", "2014-03-31": "", "2013-12-31": "", "2013-09-30": "", "2013-06-30": "", "2013-03-31": "", "2012-12-31": "", "2012-09-30": "", "2012-06-30": "", "2012-03-31": "", "2011-12-31": "", "2011-09-30": "", "2011-06-30": "", "2011-03-31": "", "2010-12-31": "", "2010-09-30": "", "2010-06-30": "", "2010-03-31": "", "2009-12-31": "", "2009-09-30": "", "2009-06-30": "", "2009-03-31": "", "2008-12-31": "", "2008-09-30": "", "2008-06-30": "", "2008-03-31": "", "2007-12-31": "", "2007-09-30": "", "2007-06-30": "", "2007-03-31": "", "2006-12-31": "", "2006-09-30": "", "2006-06-30": "", "2006-03-31": "", "2005-12-31": "", "2005-09-30": "", "2005-06-30": "", "2005-03-31": ""}, "Income From Continuous Operations": {"2020-12-31": "694.00000", "2020-09-30": "164.00000", "2020-06-30": "167.00000", "2020-03-31": "-304.00000", "2019-12-31": "191.00000", "2019-09-30": "143.00000", "2019-06-30": "209.00000", "2019-03-31": "326.00000", "2018-12-31": "-35.00000", "2018-09-30": "203.00000", "2018-06-30": "208.00000", "2018-03-31": "141.00000", "2017-12-31": "166.00000", "2017-09-30": "11.00000", "2017-06-30": "145.00000", "2017-03-31": "155.00000", "2016-12-31": "388.00000", "2016-09-30": "113.00000", "2016-06-30": "63.00000", "2016-03-31": "104.00000", "2015-12-31": "130.00000", "2015-09-30": "66.00000", "2015-06-30": "149.00000", "2015-03-31": "25.00000", "2014-12-31": "125.00000", "2014-09-30": "91.00000", "2014-06-30": "83.00000", "2014-03-31": "107.00000", "2013-12-31": "165.00000", "2013-09-30": "98.00000", "2013-06-30": "77.00000", "2013-03-31": "113.00000", "2012-12-31": "19.00000", "2012-09-30": "211.00000", "2012-06-30": "84.00000", "2012-03-31": "88.00000", "2011-12-31": "127.00000", "2011-09-30": "108.00000", "2011-06-30": "30.00000", "2011-03-31": "54.00000", "2010-12-31": "112.00000", "2010-09-30": "126.00000", "2010-06-30": "100.00000", "2010-03-31": "88.00000", "2009-12-31": "157.00000", "2009-09-30": "131.00000", "2009-06-30": "132.00000", "2009-03-31": "110.00000", "2008-12-31": "35.00000", "2008-09-30": "20.90000", "2008-06-30": "63.00000", "2008-03-31": "81.10000", "2007-12-31": "121.50000", "2007-09-30": "112.70000", "2007-06-30": "65.30000", "2007-03-31": "113.60000", "2006-12-31": "135.60000", "2006-09-30": "93.50000", "2006-06-30": "97.20000", "2006-03-31": "101.90000", "2005-12-31": "80.99700", "2005-09-30": "-28.64400", "2005-06-30": "80.87200", "2005-03-31": "62.87500"}, "Income From Discontinued Operations": {"2020-12-31": "", "2020-09-30": "", "2020-06-30": "", "2020-03-31": "", "2019-12-31": "", "2019-09-30": "", "2019-06-30": "", "2019-03-31": "", "2018-12-31": "", "2018-09-30": "", "2018-06-30": "", "2018-03-31": "", "2017-12-31": "", "2017-09-30": "", "2017-06-30": "", "2017-03-31": "", "2016-12-31": "", "2016-09-30": "", "2016-06-30": "", "2016-03-31": "", "2015-12-31": "", "2015-09-30": "", "2015-06-30": "", "2015-03-31": "", "2014-12-31": "", "2014-09-30": "", "2014-06-30": "", "2014-03-31": "", "2013-12-31": "", "2013-09-30": "", "2013-06-30": "", "2013-03-31": "", "2012-12-31": "", "2012-09-30": "", "2012-06-30": "", "2012-03-31": "", "2011-12-31": "", "2011-09-30": "", "2011-06-30": "", "2011-03-31": "", "2010-12-31": "", "2010-09-30": "", "2010-06-30": "", "2010-03-31": "", "2009-12-31": "", "2009-09-30": "", "2009-06-30": "", "2009-03-31": "", "2008-12-31": "", "2008-09-30": "", "2008-06-30": "", "2008-03-31": "", "2007-12-31": "0.50000", "2007-09-30": "", "2007-06-30": "1.70000", "2007-03-31": "", "2006-12-31": "-0.10000", "2006-09-30": "", "2006-06-30": "25.70000", "2006-03-31": "-0.40000", "2005-12-31": "7.53300", "2005-09-30": "2.21400", "2005-06-30": "0.75300", "2005-03-31": ""}, "Net Income": {"2020-12-31": "692.00000", "2020-09-30": "164.00000", "2020-06-30": "177.00000", "2020-03-31": "-301.00000", "2019-12-31": "211.00000", "2019-09-30": "147.00000", "2019-06-30": "210.00000", "2019-03-31": "329.00000", "2018-12-31": "-29.00000", "2018-09-30": "204.00000", "2018-06-30": "210.00000", "2018-03-31": "145.00000", "2017-12-31": "166.00000", "2017-09-30": "11.00000", "2017-06-30": "145.00000", "2017-03-31": "153.00000", "2016-12-31": "385.00000", "2016-09-30": "109.00000", "2016-06-30": "54.00000", "2016-03-31": "101.00000", "2015-12-31": "129.00000", "2015-09-30": "63.00000", "2015-06-30": "141.00000", "2015-03-31": "19.00000", "2014-12-31": "127.00000", "2014-09-30": "116.00000", "2014-06-30": "106.00000", "2014-03-31": "103.00000", "2013-12-31": "158.00000", "2013-09-30": "83.00000", "2013-06-30": "110.00000", "2013-03-31": "120.00000", "2012-12-31": "50.00000", "2012-09-30": "226.00000", "2012-06-30": "99.00000", "2012-03-31": "113.00000", "2011-12-31": "109.00000", "2011-09-30": "97.00000", "2011-06-30": "48.00000", "2011-03-31": "88.00000", "2010-12-31": "136.00000", "2010-09-30": "132.00000", "2010-06-30": "108.00000", "2010-03-31": "106.00000", "2009-12-31": "161.00000", "2009-09-30": "127.00000", "2009-06-30": "127.00000", "2009-03-31": "104.00000", "2008-12-31": "38.80000", "2008-09-30": "20.90000", "2008-06-30": "60.30000", "2008-03-31": "76.00000", "2007-12-31": "89.90000", "2007-09-30": "112.70000", "2007-06-30": "67.00000", "2007-03-31": "113.60000", "2006-12-31": "135.50000", "2006-09-30": "93.50000", "2006-06-30": "122.90000", "2006-03-31": "101.50000", "2005-12-31": "88.53000", "2005-09-30": "-26.43000", "2005-06-30": "81.62500", "2005-03-31": "62.87500"}, "EBITDA": {"2020-12-31": "", "2020-09-30": "327.00000", "2020-06-30": "207.00000", "2020-03-31": "-258.00000", "2019-12-31": "341.00000", "2019-09-30": "317.00000", "2019-06-30": "314.00000", "2019-03-31": "463.00000", "2018-12-31": "24.00000", "2018-09-30": "316.00000", "2018-06-30": "311.00000", "2018-03-31": "260.00000", "2017-12-31": "289.00000", "2017-09-30": "86.00000", "2017-06-30": "259.00000", "2017-03-31": "282.00000", "2016-12-31": "381.00000", "2016-09-30": "235.00000", "2016-06-30": "180.00000", "2016-03-31": "202.00000", "2015-12-31": "243.00000", "2015-09-30": "151.00000", "2015-06-30": "299.00000", "2015-03-31": "81.00000", "2014-12-31": "260.00000", "2014-09-30": "201.00000", "2014-06-30": "177.00000", "2014-03-31": "206.00000", "2013-12-31": "295.00000", "2013-09-30": "192.00000", "2013-06-30": "187.00000", "2013-03-31": "228.00000", "2012-12-31": "127.00000", "2012-09-30": "339.00000", "2012-06-30": "192.00000", "2012-03-31": "211.00000", "2011-12-31": "300.00000", "2011-09-30": "217.00000", "2011-06-30": "123.00000", "2011-03-31": "172.00000", "2010-12-31": "263.00000", "2010-09-30": "273.00000", "2010-06-30": "226.00000", "2010-03-31": "212.00000", "2009-12-31": "297.00000", "2009-09-30": "262.00000", "2009-06-30": "271.00000", "2009-03-31": "247.00000", "2008-12-31": "114.90000", "2008-09-30": "105.20000", "2008-06-30": "193.20000", "2008-03-31": "193.69990", "2007-12-31": "221.89960", "2007-09-30": "245.50000", "2007-06-30": "175.90000", "2007-03-31": "261.20000", "2006-12-31": "285.59990", "2006-09-30": "219.00000", "2006-06-30": "205.90010", "2006-03-31": "223.39990", "2005-12-31": "187.31890", "2005-09-30": "39.89400", "2005-06-30": "219.36500", "2005-03-31": "173.02200"}, "EBIT": {"2020-12-31": "908.00000", "2020-09-30": "158.00000", "2020-06-30": "241.00000", "2020-03-31": "-371.00000", "2019-12-31": "277.00000", "2019-09-30": "194.00000", "2019-06-30": "276.00000", "2019-03-31": "429.00000", "2018-12-31": "-23.00000", "2018-09-30": "259.00000", "2018-06-30": "276.00000", "2018-03-31": "189.00000", "2017-12-31": "287.00000", "2017-09-30": "50.00000", "2017-06-30": "228.00000", "2017-03-31": "244.00000", "2016-12-31": "338.00000", "2016-09-30": "197.00000", "2016-06-30": "155.00000", "2016-03-31": "174.00000", "2015-12-31": "227.00000", "2015-09-30": "117.00000", "2015-06-30": "246.00000", "2015-03-31": "50.00000", "2014-12-31": "211.00000", "2014-09-30": "163.00000", "2014-06-30": "147.00000", "2014-03-31": "179.00000", "2013-12-31": "263.00000", "2013-09-30": "160.00000", "2013-06-30": "144.00000", "2013-03-31": "193.00000", "2012-12-31": "-12.00000", "2012-09-30": "304.00000", "2012-06-30": "155.00000", "2012-03-31": "165.00000", "2011-12-31": "251.00000", "2011-09-30": "177.00000", "2011-06-30": "81.00000", "2011-03-31": "123.00000", "2010-12-31": "202.00000", "2010-09-30": "229.00000", "2010-06-30": "176.00000", "2010-03-31": "165.00000", "2009-12-31": "254.00000", "2009-09-30": "222.00000", "2009-06-30": "219.00000", "2009-03-31": "184.00000", "2008-12-31": "79.70010", "2008-09-30": "44.30000", "2008-06-30": "117.30000", "2008-03-31": "144.69990", "2007-12-31": "167.29970", "2007-09-30": "201.00000", "2007-06-30": "129.70000", "2007-03-31": "212.20000", "2006-12-31": "239.29990", "2006-09-30": "175.60010", "2006-06-30": "163.70000", "2006-03-31": "188.29990", "2005-12-31": "122.76090", "2005-09-30": "-8.30800", "2005-06-30": "168.24500", "2005-03-31": "123.90200"}, "Basic Shares Outstanding": {"2020-12-31": "", "2020-09-30": "88.20000", "2020-06-30": "89.70000", "2020-03-31": "90.30000", "2019-12-31": "89.90000", "2019-09-30": "90.00000", "2019-06-30": "89.70000", "2019-03-31": "89.40000", "2018-12-31": "89.00000", "2018-09-30": "89.10000", "2018-06-30": "89.00000", "2018-03-31": "88.60000", "2017-12-31": "87.80000", "2017-09-30": "88.10000", "2017-06-30": "87.80000", "2017-03-31": "87.20000", "2016-12-31": "86.90000", "2016-09-30": "86.90000", "2016-06-30": "86.80000", "2016-03-31": "86.90000", "2015-12-31": "87.60000", "2015-09-30": "87.50000", "2015-06-30": "87.70000", "2015-03-31": "87.60000", "2014-12-31": "89.00000", "2014-09-30": "89.00000", "2014-06-30": "89.60000", "2014-03-31": "89.60000", "2013-12-31": "89.30000", "2013-09-30": "89.10000", "2013-06-30": "89.60000", "2013-03-31": "89.40000", "2012-12-31": "94.20000", "2012-09-30": "92.90000", "2012-06-30": "96.40000", "2012-03-31": "97.70000", "2011-12-31": "101.30000", "2011-09-30": "99.70000", "2011-06-30": "102.70000", "2011-03-31": "104.60000", "2010-12-31": "109.20000", "2010-09-30": "108.20000", "2010-06-30": "110.20000", "2010-03-31": "112.00000", "2009-12-31": "115.70000", "2009-09-30": "116.10000", "2009-06-30": "115.80000", "2009-03-31": "115.70000", "2008-12-31": "114.40000", "2008-09-30": "115.20000", "2008-06-30": "113.30000", "2008-03-31": "113.50000", "2007-12-31": "117.70000", "2007-09-30": "117.60000", "2007-06-30": "119.60000", "2007-03-31": "119.50000", "2006-12-31": "118.00000", "2006-09-30": "118.10000", "2006-06-30": "117.80000", "2006-03-31": "117.37700", "2005-12-31": "115.80000", "2005-09-30": "116.00250", "2005-06-30": "115.65300", "2005-03-31": "115.10700"}, "Shares Outstanding": {"2020-12-31": "87.20000", "2020-09-30": "88.50000", "2020-06-30": "90.00000", "2020-03-31": "90.30000", "2019-12-31": "91.00000", "2019-09-30": "91.10000", "2019-06-30": "91.00000", "2019-03-31": "90.70000", "2018-12-31": "90.60000", "2018-09-30": "90.70000", "2018-06-30": "90.70000", "2018-03-31": "90.40000", "2017-12-31": "89.80000", "2017-09-30": "90.00000", "2017-06-30": "89.80000", "2017-03-31": "89.30000", "2016-12-31": "88.50000", "2016-09-30": "88.50000", "2016-06-30": "88.40000", "2016-03-31": "88.50000", "2015-12-31": "89.40000", "2015-09-30": "89.30000", "2015-06-30": "89.50000", "2015-03-31": "89.40000", "2014-12-31": "91.00000", "2014-09-30": "90.90000", "2014-06-30": "91.60000", "2014-03-31": "91.60000", "2013-12-31": "91.20000", "2013-09-30": "91.00000", "2013-06-30": "91.50000", "2013-03-31": "91.00000", "2012-12-31": "95.90000", "2012-09-30": "94.60000", "2012-06-30": "98.00000", "2012-03-31": "99.40000", "2011-12-31": "102.90000", "2011-09-30": "101.30000", "2011-06-30": "104.40000", "2011-03-31": "106.20000", "2010-12-31": "110.50000", "2010-09-30": "109.50000", "2010-06-30": "111.80000", "2010-03-31": "113.10000", "2009-12-31": "116.80000", "2009-09-30": "117.20000", "2009-06-30": "116.50000", "2009-03-31": "116.40000", "2008-12-31": "116.70000", "2008-09-30": "116.90000", "2008-06-30": "116.30000", "2008-03-31": "117.20000", "2007-12-31": "123.20000", "2007-09-30": "119.80000", "2007-06-30": "122.40000", "2007-03-31": "122.40000", "2006-12-31": "120.50000", "2006-09-30": "120.60000", "2006-06-30": "120.40000", "2006-03-31": "119.39900", "2005-12-31": "117.80000", "2005-09-30": "118.05300", "2005-06-30": "117.34500", "2005-03-31": "116.73600"}, "Basic EPS": {"2020-12-31": "", "2020-09-30": "1.86000", "2020-06-30": "1.98000", "2020-03-31": "-3.34000", "2019-12-31": "2.32000", "2019-09-30": "1.64000", "2019-06-30": "2.34000", "2019-03-31": "3.68000", "2018-12-31": "-0.35000", "2018-09-30": "2.30000", "2018-06-30": "2.36000", "2018-03-31": "1.64000", "2017-12-31": "1.87000", "2017-09-30": "0.13000", "2017-06-30": "1.64000", "2017-03-31": "1.76000", "2016-12-31": "4.43000", "2016-09-30": "1.25000", "2016-06-30": "0.63000", "2016-03-31": "1.16000", "2015-12-31": "1.48000", "2015-09-30": "0.72000", "2015-06-30": "1.60000", "2015-03-31": "0.22000", "2014-12-31": "1.44000", "2014-09-30": "1.30000", "2014-06-30": "1.18000", "2014-03-31": "1.15000", "2013-12-31": "1.76000", "2013-09-30": "0.94000", "2013-06-30": "1.23000", "2013-03-31": "1.34000", "2012-12-31": "0.57000", "2012-09-30": "2.43000", "2012-06-30": "1.02000", "2012-03-31": "1.16000", "2011-12-31": "1.09000", "2011-09-30": "0.97000", "2011-06-30": "0.47000", "2011-03-31": "0.84000", "2010-12-31": "1.27000", "2010-09-30": "1.22000", "2010-06-30": "0.98000", "2010-03-31": "0.94000", "2009-12-31": "1.39000", "2009-09-30": "1.10000", "2009-06-30": "1.10000", "2009-03-31": "0.90000", "2008-12-31": "0.33000", "2008-09-30": "0.18000", "2008-06-30": "0.53000", "2008-03-31": "0.67000", "2007-12-31": "0.78000", "2007-09-30": "0.96000", "2007-06-30": "0.56000", "2007-03-31": "0.95000", "2006-12-31": "1.15000", "2006-09-30": "0.79000", "2006-06-30": "1.04000", "2006-03-31": "0.86000", "2005-12-31": "0.75330", "2005-09-30": "-0.22670", "2005-06-30": "0.70670", "2005-03-31": "0.54670"}, "EPS - Earnings Per Share": {"2020-12-31": "7.93000", "2020-09-30": "1.86000", "2020-06-30": "1.97000", "2020-03-31": "-3.34000", "2019-12-31": "2.29000", "2019-09-30": "1.62000", "2019-06-30": "2.31000", "2019-03-31": "3.63000", "2018-12-31": "-0.32000", "2018-09-30": "2.26000", "2018-06-30": "2.31000", "2018-03-31": "1.60000", "2017-12-31": "1.82000", "2017-09-30": "0.13000", "2017-06-30": "1.61000", "2017-03-31": "1.72000", "2016-12-31": "4.34000", "2016-09-30": "1.23000", "2016-06-30": "0.62000", "2016-03-31": "1.14000", "2015-12-31": "1.45000", "2015-09-30": "0.71000", "2015-06-30": "1.57000", "2015-03-31": "0.21000", "2014-12-31": "1.41000", "2014-09-30": "1.28000", "2014-06-30": "1.15000", "2014-03-31": "1.13000", "2013-12-31": "1.72000", "2013-09-30": "0.92000", "2013-06-30": "1.20000", "2013-03-31": "1.32000", "2012-12-31": "0.55000", "2012-09-30": "2.39000", "2012-06-30": "1.01000", "2012-03-31": "1.14000", "2011-12-31": "1.08000", "2011-09-30": "0.95000", "2011-06-30": "0.46000", "2011-03-31": "0.83000", "2010-12-31": "1.25000", "2010-09-30": "1.21000", "2010-06-30": "0.97000", "2010-03-31": "0.93000", "2009-12-31": "1.39000", "2009-09-30": "1.09000", "2009-06-30": "1.09000", "2009-03-31": "0.88000", "2008-12-31": "0.33000", "2008-09-30": "0.18000", "2008-06-30": "0.52000", "2008-03-31": "0.64000", "2007-12-31": "0.71000", "2007-09-30": "0.93000", "2007-06-30": "0.54000", "2007-03-31": "0.92000", "2006-12-31": "1.11000", "2006-09-30": "0.77000", "2006-06-30": "1.02000", "2006-03-31": "0.85000", "2005-12-31": "0.74330", "2005-09-30": "-0.22670", "2005-06-30": "0.69330", "2005-03-31": "0.54000"}}, "balance sheet": {"Cash On Hand": {"2020-12-31": "", "2019-12-31": "2314.00000", "2018-12-31": "1515.00000", "2017-12-31": "2338.00000", "2016-12-31": "2107.00000", "2015-12-31": "1220.00000", "2014-12-31": "1343.00000", "2013-12-31": "1639.00000", "2012-12-31": "1705.00000", "2011-12-31": "1324.00000", "2010-12-31": "1099.00000", "2009-12-31": "1120.00000", "2008-12-31": "1264.00000", "2007-12-31": "815.90000", "2006-12-31": "1329.00000", "2005-12-31": "471.80000"}, "Receivables": {"2020-12-31": "", "2019-12-31": "5725.00000", "2018-12-31": "5673.00000", "2017-12-31": "5545.00000", "2016-12-31": "4642.00000", "2015-12-31": "4393.00000", "2014-12-31": "5037.00000", "2013-12-31": "4750.00000", "2012-12-31": "4925.00000", "2011-12-31": "4402.00000", "2010-12-31": "4173.00000", "2009-12-31": "4607.00000", "2008-12-31": "5346.20000", "2007-12-31": "4700.10000", "2006-12-31": "4649.60000", "2005-12-31": "4226.10000"}, "Inventory": {"2020-12-31": "", "2019-12-31": "", "2018-12-31": "", "2017-12-31": "", "2016-12-31": "", "2015-12-31": "", "2014-12-31": "", "2013-12-31": "", "2012-12-31": "", "2011-12-31": "", "2010-12-31": "", "2009-12-31": "", "2008-12-31": "", "2007-12-31": "", "2006-12-31": "", "2005-12-31": ""}, "Pre-Paid Expenses": {"2020-12-31": "", "2019-12-31": "", "2018-12-31": "", "2017-12-31": "", "2016-12-31": "", "2015-12-31": "", "2014-12-31": "", "2013-12-31": "", "2012-12-31": "", "2011-12-31": "", "2010-12-31": "", "2009-12-31": "", "2008-12-31": "", "2007-12-31": "", "2006-12-31": "", "2005-12-31": ""}, "Other Current Assets": {"2020-12-31": "", "2019-12-31": "", "2018-12-31": "", "2017-12-31": "", "2016-12-31": "", "2015-12-31": "", "2014-12-31": "", "2013-12-31": "", "2012-12-31": "", "2011-12-31": "", "2010-12-31": "", "2009-12-31": "", "2008-12-31": "", "2007-12-31": "", "2006-12-31": "", "2005-12-31": ""}, "Total Current Assets": {"2020-12-31": "", "2019-12-31": "8039.00000", "2018-12-31": "7188.00000", "2017-12-31": "7883.00000", "2016-12-31": "6749.00000", "2015-12-31": "5613.00000", "2014-12-31": "6380.00000", "2013-12-31": "6389.00000", "2012-12-31": "6630.00000", "2011-12-31": "5726.00000", "2010-12-31": "5272.00000", "2009-12-31": "5727.00000", "2008-12-31": "6610.20000", "2007-12-31": "5516.00000", "2006-12-31": "5978.60000", "2005-12-31": "4697.90000"}, "Property, Plant, And Equipment": {"2020-12-31": "", "2019-12-31": "", "2018-12-31": "", "2017-12-31": "", "2016-12-31": "", "2015-12-31": "", "2014-12-31": "", "2013-12-31": "", "2012-12-31": "", "2011-12-31": "", "2010-12-31": "", "2009-12-31": "", "2008-12-31": "", "2007-12-31": "", "2006-12-31": "", "2005-12-31": ""}, "Long-Term Investments": {"2020-12-31": "", "2019-12-31": "52938.00000", "2018-12-31": "46983.00000", "2017-12-31": "43710.00000", "2016-12-31": "39326.00000", "2015-12-31": "36516.00000", "2014-12-31": "34867.00000", "2013-12-31": "29674.00000", "2012-12-31": "26744.00000", "2011-12-31": "24253.00000", "2010-12-31": "21571.00000", "2009-12-31": "18671.00000", "2008-12-31": "15606.50000", "2007-12-31": "17238.20000", "2006-12-31": "16410.00000", "2005-12-31": "15752.20000"}, "Goodwill And Intangible Assets": {"2020-12-31": "", "2019-12-31": "207.00000", "2018-12-31": "207.00000", "2017-12-31": "199.00000", "2016-12-31": "199.00000", "2015-12-31": "199.00000", "2014-12-31": "201.00000", "2013-12-31": "185.00000", "2012-12-31": "185.00000", "2011-12-31": "186.00000", "2010-12-31": "186.00000", "2009-12-31": "208.00000", "2008-12-31": "210.20000", "2007-12-31": "204.40000", "2006-12-31": "167.80000", "2005-12-31": "166.90000"}, "Other Long-Term Assets": {"2020-12-31": "", "2019-12-31": "7909.00000", "2018-12-31": "7396.00000", "2017-12-31": "7650.00000", "2016-12-31": "7559.00000", "2015-12-31": "6325.00000", "2014-12-31": "5266.00000", "2013-12-31": "4864.00000", "2012-12-31": "5062.00000", "2011-12-31": "4772.00000", "2010-12-31": "4181.00000", "2009-12-31": "1507.00000", "2008-12-31": "1063.60000", "2007-12-31": "1272.30000", "2006-12-31": "1277.80000", "2005-12-31": "1059.50000"}, "Total Long-Term Assets": {"2020-12-31": "", "2019-12-31": "62091.00000", "2018-12-31": "56268.00000", "2017-12-31": "52775.00000", "2016-12-31": "48323.00000", "2015-12-31": "44224.00000", "2014-12-31": "41155.00000", "2013-12-31": "35698.00000", "2012-12-31": "32541.00000", "2011-12-31": "30112.00000", "2010-12-31": "27182.00000", "2009-12-31": "21956.00000", "2008-12-31": "19817.30000", "2007-12-31": "20291.50000", "2006-12-31": "19122.50000", "2005-12-31": "18118.10000"}, "Total Assets": {"2020-12-31": "0.00000", "2019-12-31": "70130.00000", "2018-12-31": "63456.00000", "2017-12-31": "60658.00000", "2016-12-31": "55072.00000", "2015-12-31": "49837.00000", "2014-12-31": "47535.00000", "2013-12-31": "42087.00000", "2012-12-31": "39171.00000", "2011-12-31": "35838.00000", "2010-12-31": "32454.00000", "2009-12-31": "27683.00000", "2008-12-31": "26427.50000", "2007-12-31": "25807.50000", "2006-12-31": "25101.10000", "2005-12-31": "22816.00000"}, "Total Current Liabilities": {"2020-12-31": "", "2019-12-31": "54894.00000", "2018-12-31": "50339.00000", "2017-12-31": "46805.00000", "2016-12-31": "41966.00000", "2015-12-31": "38105.00000", "2014-12-31": "36412.00000", "2013-12-31": "31627.00000", "2012-12-31": "28639.00000", "2011-12-31": "25626.00000", "2010-12-31": "22822.00000", "2009-12-31": "21380.00000", "2008-12-31": "22380.30000", "2007-12-31": "21032.10000", "2006-12-31": "20266.80000", "2005-12-31": "18454.10000"}, "Long Term Debt": {"2020-12-31": "", "2019-12-31": "1473.00000", "2018-12-31": "1302.00000", "2017-12-31": "1301.00000", "2016-12-31": "1283.00000", "2015-12-31": "998.00000", "2014-12-31": "1061.00000", "2013-12-31": "913.00000", "2012-12-31": "953.00000", "2011-12-31": "934.00000", "2010-12-31": "952.00000", "2009-12-31": "828.00000", "2008-12-31": "1029.70000", "2007-12-31": "936.90000", "2006-12-31": "921.00000", "2005-12-31": "999.70000"}, "Other Non-Current Liabilities": {"2020-12-31": "", "2019-12-31": "7494.00000", "2018-12-31": "6843.00000", "2017-12-31": "7218.00000", "2016-12-31": "6904.00000", "2015-12-31": "5964.00000", "2014-12-31": "5008.00000", "2013-12-31": "4778.00000", "2012-12-31": "4831.00000", "2011-12-31": "4721.00000", "2010-12-31": "4060.00000", "2009-12-31": "1556.00000", "2008-12-31": "415.90000", "2007-12-31": "692.50000", "2006-12-31": "700.50000", "2005-12-31": "643.50000"}, "Total Long Term Liabilities": {"2020-12-31": "", "2019-12-31": "8967.00000", "2018-12-31": "8145.00000", "2017-12-31": "8522.00000", "2016-12-31": "8187.00000", "2015-12-31": "6962.00000", "2014-12-31": "6069.00000", "2013-12-31": "5691.00000", "2012-12-31": "5784.00000", "2011-12-31": "5655.00000", "2010-12-31": "5012.00000", "2009-12-31": "2384.00000", "2008-12-31": "1445.60000", "2007-12-31": "1729.30000", "2006-12-31": "1905.40000", "2005-12-31": "1904.30000"}, "Total Liabilities": {"2020-12-31": "", "2019-12-31": "63861.00000", "2018-12-31": "58484.00000", "2017-12-31": "55327.00000", "2016-12-31": "50153.00000", "2015-12-31": "45067.00000", "2014-12-31": "42481.00000", "2013-12-31": "37318.00000", "2012-12-31": "34423.00000", "2011-12-31": "31281.00000", "2010-12-31": "27834.00000", "2009-12-31": "23764.00000", "2008-12-31": "23825.90000", "2007-12-31": "22761.40000", "2006-12-31": "22172.20000", "2005-12-31": "20358.40000"}, "Common Stock Net": {"2020-12-31": "", "2019-12-31": "90.00000", "2018-12-31": "89.00000", "2017-12-31": "88.00000", "2016-12-31": "87.00000", "2015-12-31": "87.00000", "2014-12-31": "88.00000", "2013-12-31": "90.00000", "2012-12-31": "89.00000", "2011-12-31": "98.00000", "2010-12-31": "105.00000", "2009-12-31": "113.00000", "2008-12-31": "115.60000", "2007-12-31": "113.50000", "2006-12-31": "119.30000", "2005-12-31": "117.10000"}, "Retained Earnings (Accumulated Deficit)": {"2020-12-31": "", "2019-12-31": "4009.00000", "2018-12-31": "3588.00000", "2017-12-31": "3248.00000", "2016-12-31": "3343.00000", "2015-12-31": "2987.00000", "2014-12-31": "2912.00000", "2013-12-31": "2826.00000", "2012-12-31": "2595.00000", "2011-12-31": "2612.00000", "2010-12-31": "2720.00000", "2009-12-31": "2274.00000", "2008-12-31": "1841.60000", "2007-12-31": "1733.50000", "2006-12-31": "1533.60000", "2005-12-31": "1134.10000"}, "Comprehensive Income": {"2020-12-31": "", "2019-12-31": "863.00000", "2018-12-31": "48.00000", "2017-12-31": "813.00000", "2016-12-31": "375.00000", "2015-12-31": "304.00000", "2014-12-31": "727.00000", "2013-12-31": "560.00000", "2012-12-31": "831.00000", "2011-12-31": "580.00000", "2010-12-31": "479.00000", "2009-12-31": "163.00000", "2008-12-31": "-703.00000", "2007-12-31": "12.60000", "2006-12-31": "55.50000", "2005-12-31": "50.80000"}, "Other Share Holders Equity": {"2020-12-31": "", "2019-12-31": "", "2018-12-31": "", "2017-12-31": "", "2016-12-31": "", "2015-12-31": "", "2014-12-31": "", "2013-12-31": "", "2012-12-31": "", "2011-12-31": "", "2010-12-31": "", "2009-12-31": "", "2008-12-31": "", "2007-12-31": "", "2006-12-31": "", "2005-12-31": ""}, "Share Holder Equity": {"2020-12-31": "", "2019-12-31": "6269.00000", "2018-12-31": "4972.00000", "2017-12-31": "5331.00000", "2016-12-31": "4919.00000", "2015-12-31": "4770.00000", "2014-12-31": "5054.00000", "2013-12-31": "4769.00000", "2012-12-31": "4748.00000", "2011-12-31": "4557.00000", "2010-12-31": "4620.00000", "2009-12-31": "3919.00000", "2008-12-31": "2601.60000", "2007-12-31": "3046.10000", "2006-12-31": "2928.90000", "2005-12-31": "2457.60000"}, "Total Liabilities And Share Holders Equity": {"2020-12-31": "", "2019-12-31": "70130.00000", "2018-12-31": "63456.00000", "2017-12-31": "60658.00000", "2016-12-31": "55072.00000", "2015-12-31": "49837.00000", "2014-12-31": "47535.00000", "2013-12-31": "42087.00000", "2012-12-31": "39171.00000", "2011-12-31": "35838.00000", "2010-12-31": "32454.00000", "2009-12-31": "27683.00000", "2008-12-31": "26427.50000", "2007-12-31": "25807.50000", "2006-12-31": "25101.10000", "2005-12-31": "22816.00000"}}, "balance sheet, quarterly": {"Cash On Hand": {"2020-12-31": "", "2020-09-30": "3747.00000", "2020-06-30": "2698.00000", "2020-03-31": "1673.00000", "2019-12-31": "2314.00000", "2019-09-30": "2693.00000", "2019-06-30": "2374.00000", "2019-03-31": "2000.00000", "2018-12-31": "1515.00000", "2018-09-30": "2009.00000", "2018-06-30": "1810.00000", "2018-03-31": "1659.00000", "2017-12-31": "2338.00000", "2017-09-30": "2349.00000", "2017-06-30": "2207.00000", "2017-03-31": "1890.00000", "2016-12-31": "2107.00000", "2016-09-30": "1639.00000", "2016-06-30": "1548.00000", "2016-03-31": "1231.00000", "2015-12-31": "1220.00000", "2015-09-30": "894.00000", "2015-06-30": "1216.00000", "2015-03-31": "1212.00000", "2014-12-31": "1343.00000", "2014-09-30": "1310.00000", "2014-06-30": "2116.00000", "2014-03-31": "1876.00000", "2013-12-31": "1639.00000", "2013-09-30": "1331.00000", "2013-06-30": "1271.00000", "2013-03-31": "1529.00000", "2012-12-31": "1705.00000", "2012-09-30": "1626.00000", "2012-06-30": "1523.00000", "2012-03-31": "1422.00000", "2011-12-31": "1324.00000", "2011-09-30": "991.00000", "2011-06-30": "1629.00000", "2011-03-31": "1499.00000", "2010-12-31": "1099.00000", "2010-09-30": "1140.00000", "2010-06-30": "1011.00000", "2010-03-31": "1170.00000", "2009-12-31": "1120.00000", "2009-09-30": "1434.60000", "2009-06-30": "1450.80000", "2009-03-31": "1315.00000", "2008-12-31": "1264.00000", "2008-09-30": "1193.60000", "2008-06-30": "843.10000", "2008-03-31": "983.40000", "2007-12-31": "815.90000", "2007-09-30": "729.20000", "2007-06-30": "679.50000", "2007-03-31": "1102.90000", "2006-12-31": "1329.00000", "2006-09-30": "1139.81800", "2006-06-30": "595.26200", "2006-03-31": "565.23200", "2005-12-31": "471.80000", "2005-09-30": "641.30800", "2005-06-30": "797.48800", "2005-03-31": "527.39100"}, "Receivables": {"2020-12-31": "", "2020-09-30": "6388.00000", "2020-06-30": "5722.00000", "2020-03-31": "5670.00000", "2019-12-31": "5725.00000", "2019-09-30": "5851.00000", "2019-06-30": "5547.00000", "2019-03-31": "5552.00000", "2018-12-31": "5673.00000", "2018-09-30": "6284.00000", "2018-06-30": "5387.00000", "2018-03-31": "5204.00000", "2017-12-31": "5545.00000", "2017-09-30": "5980.00000", "2017-06-30": "4886.00000", "2017-03-31": "4599.00000", "2016-12-31": "4642.00000", "2016-09-30": "5234.00000", "2016-06-30": "4356.00000", "2016-03-31": "4190.00000", "2015-12-31": "4393.00000", "2015-09-30": "5368.00000", "2015-06-30": "4694.00000", "2015-03-31": "4551.00000", "2014-12-31": "5037.00000", "2014-09-30": "5175.00000", "2014-06-30": "4536.00000", "2014-03-31": "4228.00000", "2013-12-31": "4750.00000", "2013-09-30": "5017.00000", "2013-06-30": "4220.00000", "2013-03-31": "4116.00000", "2012-12-31": "4925.00000", "2012-09-30": "5783.00000", "2012-06-30": "4115.00000", "2012-03-31": "3853.00000", "2011-12-31": "4402.00000", "2011-09-30": "4571.00000", "2011-06-30": "4009.00000", "2011-03-31": "3779.00000", "2010-12-31": "4173.00000", "2010-09-30": "4377.00000", "2010-06-30": "4019.00000", "2010-03-31": "4062.00000", "2009-12-31": "4607.00000", "2009-09-30": "5203.20000", "2009-06-30": "4668.90000", "2009-03-31": "4525.50000", "2008-12-31": "5346.20000", "2008-09-30": "5520.80000", "2008-06-30": "4753.40000", "2008-03-31": "4639.10000", "2007-12-31": "4700.10000", "2007-09-30": "4978.40000", "2007-06-30": "4679.10000", "2007-03-31": "4535.50000", "2006-12-31": "4649.60000", "2006-09-30": "5113.37200", "2006-06-30": "4203.40200", "2006-03-31": "4055.01500", "2005-12-31": "4226.10000", "2005-09-30": "4530.65400", "2005-06-30": "4103.01000", "2005-03-31": "3982.52300"}, "Inventory": {"2020-12-31": "", "2020-09-30": "", "2020-06-30": "", "2020-03-31": "", "2019-12-31": "", "2019-09-30": "", "2019-06-30": "", "2019-03-31": "", "2018-12-31": "", "2018-09-30": "", "2018-06-30": "", "2018-03-31": "", "2017-12-31": "", "2017-09-30": "", "2017-06-30": "", "2017-03-31": "", "2016-12-31": "", "2016-09-30": "", "2016-06-30": "", "2016-03-31": "", "2015-12-31": "", "2015-09-30": "", "2015-06-30": "", "2015-03-31": "", "2014-12-31": "", "2014-09-30": "", "2014-06-30": "", "2014-03-31": "", "2013-12-31": "", "2013-09-30": "", "2013-06-30": "", "2013-03-31": "", "2012-12-31": "", "2012-09-30": "", "2012-06-30": "", "2012-03-31": "", "2011-12-31": "", "2011-09-30": "", "2011-06-30": "", "2011-03-31": "", "2010-12-31": "", "2010-09-30": "", "2010-06-30": "", "2010-03-31": "", "2009-12-31": "", "2009-09-30": "", "2009-06-30": "", "2009-03-31": "", "2008-12-31": "", "2008-09-30": "", "2008-06-30": "", "2008-03-31": "", "2007-12-31": "", "2007-09-30": "", "2007-06-30": "", "2007-03-31": "", "2006-12-31": "", "2006-09-30": "", "2006-06-30": "", "2006-03-31": "", "2005-12-31": "", "2005-09-30": "", "2005-06-30": "", "2005-03-31": ""}, "Pre-Paid Expenses": {"2020-12-31": "", "2020-09-30": "", "2020-06-30": "", "2020-03-31": "", "2019-12-31": "", "2019-09-30": "", "2019-06-30": "", "2019-03-31": "", "2018-12-31": "", "2018-09-30": "", "2018-06-30": "", "2018-03-31": "", "2017-12-31": "", "2017-09-30": "", "2017-06-30": "", "2017-03-31": "", "2016-12-31": "", "2016-09-30": "", "2016-06-30": "", "2016-03-31": "", "2015-12-31": "", "2015-09-30": "", "2015-06-30": "", "2015-03-31": "", "2014-12-31": "", "2014-09-30": "", "2014-06-30": "", "2014-03-31": "", "2013-12-31": "", "2013-09-30": "", "2013-06-30": "", "2013-03-31": "", "2012-12-31": "", "2012-09-30": "", "2012-06-30": "", "2012-03-31": "", "2011-12-31": "", "2011-09-30": "", "2011-06-30": "", "2011-03-31": "", "2010-12-31": "", "2010-09-30": "", "2010-06-30": "", "2010-03-31": "", "2009-12-31": "", "2009-09-30": "", "2009-06-30": "", "2009-03-31": "", "2008-12-31": "", "2008-09-30": "", "2008-06-30": "", "2008-03-31": "", "2007-12-31": "", "2007-09-30": "", "2007-06-30": "", "2007-03-31": "", "2006-12-31": "", "2006-09-30": "", "2006-06-30": "", "2006-03-31": "", "2005-12-31": "", "2005-09-30": "", "2005-06-30": "", "2005-03-31": ""}, "Other Current Assets": {"2020-12-31": "", "2020-09-30": "", "2020-06-30": "", "2020-03-31": "", "2019-12-31": "", "2019-09-30": "", "2019-06-30": "", "2019-03-31": "", "2018-12-31": "", "2018-09-30": "", "2018-06-30": "", "2018-03-31": "", "2017-12-31": "", "2017-09-30": "", "2017-06-30": "", "2017-03-31": "", "2016-12-31": "", "2016-09-30": "", "2016-06-30": "", "2016-03-31": "", "2015-12-31": "", "2015-09-30": "", "2015-06-30": "", "2015-03-31": "", "2014-12-31": "", "2014-09-30": "", "2014-06-30": "", "2014-03-31": "", "2013-12-31": "", "2013-09-30": "", "2013-06-30": "", "2013-03-31": "", "2012-12-31": "", "2012-09-30": "", "2012-06-30": "", "2012-03-31": "", "2011-12-31": "", "2011-09-30": "", "2011-06-30": "", "2011-03-31": "", "2010-12-31": "", "2010-09-30": "", "2010-06-30": "", "2010-03-31": "", "2009-12-31": "", "2009-09-30": "", "2009-06-30": "", "2009-03-31": "", "2008-12-31": "", "2008-09-30": "", "2008-06-30": "", "2008-03-31": "", "2007-12-31": "", "2007-09-30": "", "2007-06-30": "", "2007-03-31": "", "2006-12-31": "", "2006-09-30": "", "2006-06-30": "", "2006-03-31": "", "2005-12-31": "", "2005-09-30": "", "2005-06-30": "", "2005-03-31": ""}, "Total Current Assets": {"2020-12-31": "", "2020-09-30": "10135.00000", "2020-06-30": "8420.00000", "2020-03-31": "7343.00000", "2019-12-31": "8039.00000", "2019-09-30": "8544.00000", "2019-06-30": "7921.00000", "2019-03-31": "7552.00000", "2018-12-31": "7188.00000", "2018-09-30": "8293.00000", "2018-06-30": "7197.00000", "2018-03-31": "6863.00000", "2017-12-31": "7883.00000", "2017-09-30": "8329.00000", "2017-06-30": "7093.00000", "2017-03-31": "6489.00000", "2016-12-31": "6749.00000", "2016-09-30": "6873.00000", "2016-06-30": "5904.00000", "2016-03-31": "5421.00000", "2015-12-31": "5613.00000", "2015-09-30": "6262.00000", "2015-06-30": "5910.00000", "2015-03-31": "5763.00000", "2014-12-31": "6380.00000", "2014-09-30": "6485.00000", "2014-06-30": "6652.00000", "2014-03-31": "6104.00000", "2013-12-31": "6389.00000", "2013-09-30": "6348.00000", "2013-06-30": "5491.00000", "2013-03-31": "5645.00000", "2012-12-31": "6630.00000", "2012-09-30": "7409.00000", "2012-06-30": "5638.00000", "2012-03-31": "5275.00000", "2011-12-31": "5726.00000", "2011-09-30": "5562.00000", "2011-06-30": "5638.00000", "2011-03-31": "5278.00000", "2010-12-31": "5272.00000", "2010-09-30": "5517.00000", "2010-06-30": "5030.00000", "2010-03-31": "5232.00000", "2009-12-31": "5727.00000", "2009-09-30": "6637.80000", "2009-06-30": "6119.70000", "2009-03-31": "5840.50000", "2008-12-31": "6610.20000", "2008-09-30": "6714.40000", "2008-06-30": "5596.50000", "2008-03-31": "5622.50000", "2007-12-31": "5516.00000", "2007-09-30": "5707.60000", "2007-06-30": "5358.60000", "2007-03-31": "5638.40000", "2006-12-31": "5978.60000", "2006-09-30": "6253.19000", "2006-06-30": "4798.66500", "2006-03-31": "4620.24700", "2005-12-31": "4697.90000", "2005-09-30": "5171.96200", "2005-06-30": "4900.49800", "2005-03-31": "4509.91400"}, "Property, Plant, And Equipment": {"2020-12-31": "", "2020-09-30": "", "2020-06-30": "", "2020-03-31": "", "2019-12-31": "", "2019-09-30": "", "2019-06-30": "", "2019-03-31": "", "2018-12-31": "", "2018-09-30": "", "2018-06-30": "", "2018-03-31": "", "2017-12-31": "", "2017-09-30": "", "2017-06-30": "", "2017-03-31": "", "2016-12-31": "", "2016-09-30": "", "2016-06-30": "", "2016-03-31": "", "2015-12-31": "", "2015-09-30": "", "2015-06-30": "", "2015-03-31": "", "2014-12-31": "", "2014-09-30": "", "2014-06-30": "", "2014-03-31": "", "2013-12-31": "", "2013-09-30": "", "2013-06-30": "", "2013-03-31": "", "2012-12-31": "", "2012-09-30": "", "2012-06-30": "", "2012-03-31": "", "2011-12-31": "", "2011-09-30": "", "2011-06-30": "", "2011-03-31": "", "2010-12-31": "", "2010-09-30": "", "2010-06-30": "", "2010-03-31": "", "2009-12-31": "", "2009-09-30": "", "2009-06-30": "", "2009-03-31": "", "2008-12-31": "", "2008-09-30": "", "2008-06-30": "", "2008-03-31": "", "2007-12-31": "", "2007-09-30": "", "2007-06-30": "", "2007-03-31": "", "2006-12-31": "", "2006-09-30": "", "2006-06-30": "", "2006-03-31": "", "2005-12-31": "", "2005-09-30": "", "2005-06-30": "", "2005-03-31": ""}, "Long-Term Investments": {"2020-12-31": "", "2020-09-30": "54340.00000", "2020-06-30": "54043.00000", "2020-03-31": "51548.00000", "2019-12-31": "52938.00000", "2019-09-30": "51514.00000", "2019-06-30": "50533.00000", "2019-03-31": "49040.00000", "2018-12-31": "46983.00000", "2018-09-30": "45832.00000", "2018-06-30": "44969.00000", "2018-03-31": "44290.00000", "2017-12-31": "43710.00000", "2017-09-30": "42904.00000", "2017-06-30": "42572.00000", "2017-03-31": "41460.00000", "2016-12-31": "39326.00000", "2016-09-30": "40166.00000", "2016-06-30": "39091.00000", "2016-03-31": "38206.00000", "2015-12-31": "36516.00000", "2015-09-30": "37238.00000", "2015-06-30": "36428.00000", "2015-03-31": "36172.00000", "2014-12-31": "34867.00000", "2014-09-30": "33841.00000", "2014-06-30": "32727.00000", "2014-03-31": "30851.00000", "2013-12-31": "29674.00000", "2013-09-30": "28590.00000", "2013-06-30": "27991.00000", "2013-03-31": "27555.00000", "2012-12-31": "26744.00000", "2012-09-30": "26411.00000", "2012-06-30": "25778.00000", "2012-03-31": "25056.00000", "2011-12-31": "24253.00000", "2011-09-30": "23963.00000", "2011-06-30": "22739.00000", "2011-03-31": "22038.00000", "2010-12-31": "21571.00000", "2010-09-30": "21583.00000", "2010-06-30": "19916.00000", "2010-03-31": "19441.00000", "2009-12-31": "18671.00000", "2009-09-30": "18193.40000", "2009-06-30": "16498.10000", "2009-03-31": "15820.60000", "2008-12-31": "15606.50000", "2008-09-30": "16360.30000", "2008-06-30": "17279.80000", "2008-03-31": "17253.60000", "2007-12-31": "17238.20000", "2007-09-30": "17323.90000", "2007-06-30": "17280.50000", "2007-03-31": "16924.10000", "2006-12-31": "16410.00000", "2006-09-30": "16165.04000", "2006-06-30": "15803.73000", "2006-03-31": "15882.77000", "2005-12-31": "15752.20000", "2005-09-30": "15612.98000", "2005-06-30": "15405.67000", "2005-03-31": "15194.14000"}, "Goodwill And Intangible Assets": {"2020-12-31": "", "2020-09-30": "207.00000", "2020-06-30": "207.00000", "2020-03-31": "207.00000", "2019-12-31": "207.00000", "2019-09-30": "207.00000", "2019-06-30": "207.00000", "2019-03-31": "207.00000", "2018-12-31": "207.00000", "2018-09-30": "199.00000", "2018-06-30": "199.00000", "2018-03-31": "199.00000", "2017-12-31": "199.00000", "2017-09-30": "199.00000", "2017-06-30": "199.00000", "2017-03-31": "199.00000", "2016-12-31": "199.00000", "2016-09-30": "199.00000", "2016-06-30": "199.00000", "2016-03-31": "199.00000", "2015-12-31": "199.00000", "2015-09-30": "201.00000", "2015-06-30": "201.00000", "2015-03-31": "201.00000", "2014-12-31": "201.00000", "2014-09-30": "201.00000", "2014-06-30": "200.00000", "2014-03-31": "185.00000", "2013-12-31": "185.00000", "2013-09-30": "185.00000", "2013-06-30": "185.00000", "2013-03-31": "185.00000", "2012-12-31": "185.00000", "2012-09-30": "185.00000", "2012-06-30": "186.00000", "2012-03-31": "186.00000", "2011-12-31": "186.00000", "2011-09-30": "186.00000", "2011-06-30": "186.00000", "2011-03-31": "186.00000", "2010-12-31": "186.00000", "2010-09-30": "186.00000", "2010-06-30": "208.00000", "2010-03-31": "208.00000", "2009-12-31": "208.00000", "2009-09-30": "207.60000", "2009-06-30": "210.20000", "2009-03-31": "210.20000", "2008-12-31": "210.20000", "2008-09-30": "209.80000", "2008-06-30": "209.70000", "2008-03-31": "209.70000", "2007-12-31": "204.40000", "2007-09-30": "204.50000", "2007-06-30": "176.50000", "2007-03-31": "167.70000", "2006-12-31": "167.80000", "2006-09-30": "178.80700", "2006-06-30": "166.88200", "2006-03-31": "166.88200", "2005-12-31": "166.90000", "2005-09-30": "165.88200", "2005-06-30": "165.88200", "2005-03-31": "165.88200"}, "Other Long-Term Assets": {"2020-12-31": "", "2020-09-30": "7931.00000", "2020-06-30": "7379.00000", "2020-03-31": "6972.00000", "2019-12-31": "7909.00000", "2019-09-30": "7838.00000", "2019-06-30": "7833.00000", "2019-03-31": "7886.00000", "2018-12-31": "7396.00000", "2018-09-30": "8197.00000", "2018-06-30": "7887.00000", "2018-03-31": "7887.00000", "2017-12-31": "7650.00000", "2017-09-30": "7612.00000", "2017-06-30": "7598.00000", "2017-03-31": "8111.00000", "2016-12-31": "7559.00000", "2016-09-30": "6740.00000", "2016-06-30": "6658.00000", "2016-03-31": "6157.00000", "2015-12-31": "6325.00000", "2015-09-30": "5863.00000", "2015-06-30": "5920.00000", "2015-03-31": "5415.00000", "2014-12-31": "5266.00000", "2014-09-30": "5167.00000", "2014-06-30": "4970.00000", "2014-03-31": "4740.00000", "2013-12-31": "4864.00000", "2013-09-30": "4957.00000", "2013-06-30": "4929.00000", "2013-03-31": "5189.00000", "2012-12-31": "5062.00000", "2012-09-30": "5007.00000", "2012-06-30": "4604.00000", "2012-03-31": "4778.00000", "2011-12-31": "4772.00000", "2011-09-30": "4292.00000", "2011-06-30": "4292.00000", "2011-03-31": "4218.00000", "2010-12-31": "4181.00000", "2010-09-30": "4199.00000", "2010-06-30": "4049.00000", "2010-03-31": "3984.00000", "2009-12-31": "1507.00000", "2009-09-30": "1152.10000", "2009-06-30": "1374.40000", "2009-03-31": "1560.20000", "2008-12-31": "1063.60000", "2008-09-30": "1584.70000", "2008-06-30": "1610.70000", "2008-03-31": "1462.20000", "2007-12-31": "1272.30000", "2007-09-30": "1497.00000", "2007-06-30": "1537.70000", "2007-03-31": "1371.10000", "2006-12-31": "1277.80000", "2006-09-30": "1239.47800", "2006-06-30": "1152.26200", "2006-03-31": "1073.00700", "2005-12-31": "1059.50000", "2005-09-30": "1004.89300", "2005-06-30": "891.85300", "2005-03-31": "971.46800"}, "Total Long-Term Assets": {"2020-12-31": "", "2020-09-30": "62975.00000", "2020-06-30": "62447.00000", "2020-03-31": "60300.00000", "2019-12-31": "62091.00000", "2019-09-30": "60523.00000", "2019-06-30": "59776.00000", "2019-03-31": "58580.00000", "2018-12-31": "56268.00000", "2018-09-30": "55897.00000", "2018-06-30": "54637.00000", "2018-03-31": "53793.00000", "2017-12-31": "52775.00000", "2017-09-30": "51834.00000", "2017-06-30": "51525.00000", "2017-03-31": "50975.00000", "2016-12-31": "48323.00000", "2016-09-30": "47972.00000", "2016-06-30": "46829.00000", "2016-03-31": "45617.00000", "2015-12-31": "44224.00000", "2015-09-30": "44295.00000", "2015-06-30": "43514.00000", "2015-03-31": "42544.00000", "2014-12-31": "41155.00000", "2014-09-30": "40067.00000", "2014-06-30": "38703.00000", "2014-03-31": "36666.00000", "2013-12-31": "35698.00000", "2013-09-30": "34599.00000", "2013-06-30": "33923.00000", "2013-03-31": "33494.00000", "2012-12-31": "32541.00000", "2012-09-30": "32224.00000", "2012-06-30": "31414.00000", "2012-03-31": "30936.00000", "2011-12-31": "30112.00000", "2011-09-30": "29568.00000", "2011-06-30": "28415.00000", "2011-03-31": "27670.00000", "2010-12-31": "27182.00000", "2010-09-30": "27122.00000", "2010-06-30": "25496.00000", "2010-03-31": "25058.00000", "2009-12-31": "21956.00000", "2009-09-30": "21215.90000", "2009-06-30": "20150.90000", "2009-03-31": "20001.60000", "2008-12-31": "19817.30000", "2008-09-30": "20210.20000", "2008-06-30": "20561.10000", "2008-03-31": "20379.80000", "2007-12-31": "20291.50000", "2007-09-30": "20408.30000", "2007-06-30": "20337.30000", "2007-03-31": "19746.60000", "2006-12-31": "19122.50000", "2006-09-30": "18816.94000", "2006-06-30": "18303.95000", "2006-03-31": "18289.02000", "2005-12-31": "18118.10000", "2005-09-30": "17974.51000", "2005-06-30": "17613.46000", "2005-03-31": "17497.66000"}, "Total Assets": {"2020-12-31": "0.00000", "2020-09-30": "73110.00000", "2020-06-30": "70867.00000", "2020-03-31": "67643.00000", "2019-12-31": "70130.00000", "2019-09-30": "69067.00000", "2019-06-30": "67697.00000", "2019-03-31": "66132.00000", "2018-12-31": "63456.00000", "2018-09-30": "64190.00000", "2018-06-30": "61834.00000", "2018-03-31": "60656.00000", "2017-12-31": "60658.00000", "2017-09-30": "60163.00000", "2017-06-30": "58618.00000", "2017-03-31": "57464.00000", "2016-12-31": "55072.00000", "2016-09-30": "54845.00000", "2016-06-30": "52733.00000", "2016-03-31": "51038.00000", "2015-12-31": "49837.00000", "2015-09-30": "50557.00000", "2015-06-30": "49424.00000", "2015-03-31": "48307.00000", "2014-12-31": "47535.00000", "2014-09-30": "46552.00000", "2014-06-30": "45355.00000", "2014-03-31": "42770.00000", "2013-12-31": "42087.00000", "2013-09-30": "40947.00000", "2013-06-30": "39414.00000", "2013-03-31": "39139.00000", "2012-12-31": "39171.00000", "2012-09-30": "39633.00000", "2012-06-30": "37052.00000", "2012-03-31": "36211.00000", "2011-12-31": "35838.00000", "2011-09-30": "35130.00000", "2011-06-30": "34053.00000", "2011-03-31": "32948.00000", "2010-12-31": "32454.00000", "2010-09-30": "32639.00000", "2010-06-30": "30526.00000", "2010-03-31": "30290.00000", "2009-12-31": "27683.00000", "2009-09-30": "27853.70000", "2009-06-30": "26270.60000", "2009-03-31": "25842.10000", "2008-12-31": "26427.50000", "2008-09-30": "26924.60000", "2008-06-30": "26157.60000", "2008-03-31": "26002.30000", "2007-12-31": "25807.50000", "2007-09-30": "26115.90000", "2007-06-30": "25695.90000", "2007-03-31": "25385.00000", "2006-12-31": "25101.10000", "2006-09-30": "25070.13000", "2006-06-30": "23102.61000", "2006-03-31": "22909.26000", "2005-12-31": "22816.00000", "2005-09-30": "23146.47000", "2005-06-30": "22513.96000", "2005-03-31": "22007.57000"}, "Total Current Liabilities": {"2020-12-31": "", "2020-09-30": "57287.00000", "2020-06-30": "55843.00000", "2020-03-31": "54763.00000", "2019-12-31": "54894.00000", "2019-09-30": "53964.00000", "2019-06-30": "52678.00000", "2019-03-31": "51596.00000", "2018-12-31": "50339.00000", "2018-09-30": "49943.00000", "2018-06-30": "47886.00000", "2018-03-31": "46824.00000", "2017-12-31": "46805.00000", "2017-09-30": "46374.00000", "2017-06-30": "44395.00000", "2017-03-31": "43105.00000", "2016-12-31": "41966.00000", "2016-09-30": "41746.00000", "2016-06-30": "40198.00000", "2016-03-31": "39180.00000", "2015-12-31": "38105.00000", "2015-09-30": "39208.00000", "2015-06-30": "37618.00000", "2015-03-31": "36672.00000", "2014-12-31": "36412.00000", "2014-09-30": "35574.00000", "2014-06-30": "34324.00000", "2014-03-31": "32105.00000", "2013-12-31": "31627.00000", "2013-09-30": "30885.00000", "2013-06-30": "29119.00000", "2013-03-31": "28281.00000", "2012-12-31": "28639.00000", "2012-09-30": "28698.00000", "2012-06-30": "26718.00000", "2012-03-31": "25708.00000", "2011-12-31": "25626.00000", "2011-09-30": "25383.00000", "2011-06-30": "24010.00000", "2011-03-31": "23028.00000", "2010-12-31": "22822.00000", "2010-09-30": "22742.00000", "2010-06-30": "21428.00000", "2010-03-31": "21193.00000", "2009-12-31": "21380.00000", "2009-09-30": "22651.90000", "2009-06-30": "21704.90000", "2009-03-31": "21714.30000", "2008-12-31": "22380.30000", "2008-09-30": "22556.90000", "2008-06-30": "21561.20000", "2008-03-31": "21249.80000", "2007-12-31": "21032.10000", "2007-09-30": "21393.10000", "2007-06-30": "20822.80000", "2007-03-31": "20418.90000", "2006-12-31": "20266.80000", "2006-09-30": "20442.09000", "2006-06-30": "18826.38000", "2006-03-31": "18619.52000", "2005-12-31": "18454.10000", "2005-09-30": "18758.48000", "2005-06-30": "17982.74000", "2005-03-31": "17702.61000"}, "Long Term Debt": {"2020-12-31": "", "2020-09-30": "2108.00000", "2020-06-30": "1912.00000", "2020-03-31": "1473.00000", "2019-12-31": "1473.00000", "2019-09-30": "1423.00000", "2019-06-30": "1423.00000", "2019-03-31": "1423.00000", "2018-12-31": "1302.00000", "2018-09-30": "1302.00000", "2018-06-30": "1301.00000", "2018-03-31": "1301.00000", "2017-12-31": "1301.00000", "2017-09-30": "1284.00000", "2017-06-30": "1405.00000", "2017-03-31": "1283.00000", "2016-12-31": "1283.00000", "2016-09-30": "1300.00000", "2016-06-30": "998.00000", "2016-03-31": "998.00000", "2015-12-31": "998.00000", "2015-09-30": "880.00000", "2015-06-30": "1024.00000", "2015-03-31": "1061.00000", "2014-12-31": "1061.00000", "2014-09-30": "1062.00000", "2014-06-30": "912.00000", "2014-03-31": "913.00000", "2013-12-31": "913.00000", "2013-09-30": "913.00000", "2013-06-30": "949.00000", "2013-03-31": "950.00000", "2012-12-31": "953.00000", "2012-09-30": "966.00000", "2012-06-30": "1158.00000", "2012-03-31": "931.00000", "2011-12-31": "934.00000", "2011-09-30": "937.00000", "2011-06-30": "940.00000", "2011-03-31": "949.00000", "2010-12-31": "952.00000", "2010-09-30": "954.00000", "2010-06-30": "851.00000", "2010-03-31": "824.00000", "2009-12-31": "828.00000", "2009-09-30": "877.10000", "2009-06-30": "915.30000", "2009-03-31": "1058.30000", "2008-12-31": "1029.70000", "2008-09-30": "952.20000", "2008-06-30": "997.50000", "2008-03-31": "990.70000", "2007-12-31": "936.90000", "2007-09-30": "897.20000", "2007-06-30": "897.30000", "2007-03-31": "924.30000", "2006-12-31": "921.00000", "2006-09-30": "923.72000", "2006-06-30": "901.57100", "2006-03-31": "914.45500", "2005-12-31": "999.70000", "2005-09-30": "1016.75000", "2005-06-30": "1012.45000", "2005-03-31": "1015.23800"}, "Other Non-Current Liabilities": {"2020-12-31": "", "2020-09-30": "7375.00000", "2020-06-30": "6986.00000", "2020-03-31": "6360.00000", "2019-12-31": "7494.00000", "2019-09-30": "7359.00000", "2019-06-30": "7506.00000", "2019-03-31": "7448.00000", "2018-12-31": "6843.00000", "2018-09-30": "7781.00000", "2018-06-30": "7563.00000", "2018-03-31": "7348.00000", "2017-12-31": "7218.00000", "2017-09-30": "7126.00000", "2017-06-30": "7506.00000", "2017-03-31": "7881.00000", "2016-12-31": "6904.00000", "2016-09-30": "6441.00000", "2016-06-30": "6344.00000", "2016-03-31": "5923.00000", "2015-12-31": "5964.00000", "2015-09-30": "5563.00000", "2015-06-30": "5798.00000", "2015-03-31": "5474.00000", "2014-12-31": "5008.00000", "2014-09-30": "4838.00000", "2014-06-30": "4961.00000", "2014-03-31": "4779.00000", "2013-12-31": "4778.00000", "2013-09-30": "4439.00000", "2013-06-30": "4708.00000", "2013-03-31": "5000.00000", "2012-12-31": "4831.00000", "2012-09-30": "5005.00000", "2012-06-30": "4401.00000", "2012-03-31": "4840.00000", "2011-12-31": "4721.00000", "2011-09-30": "4190.00000", "2011-06-30": "4478.00000", "2011-03-31": "4359.00000", "2010-12-31": "4060.00000", "2010-09-30": "4214.00000", "2010-06-30": "3816.00000", "2010-03-31": "3966.00000", "2009-12-31": "1556.00000", "2009-09-30": "522.60000", "2009-06-30": "457.80000", "2009-03-31": "390.70000", "2008-12-31": "415.90000", "2008-09-30": "524.40000", "2008-06-30": "601.50000", "2008-03-31": "619.40000", "2007-12-31": "692.50000", "2007-09-30": "717.10000", "2007-06-30": "717.20000", "2007-03-31": "703.90000", "2006-12-31": "700.50000", "2006-09-30": "663.53300", "2006-06-30": "649.81000", "2006-03-31": "673.44100", "2005-12-31": "643.50000", "2005-09-30": "629.62700", "2005-06-30": "610.01100", "2005-03-31": "603.36000"}, "Total Long Term Liabilities": {"2020-12-31": "", "2020-09-30": "9483.00000", "2020-06-30": "8898.00000", "2020-03-31": "7833.00000", "2019-12-31": "8967.00000", "2019-09-30": "8782.00000", "2019-06-30": "8929.00000", "2019-03-31": "8871.00000", "2018-12-31": "8145.00000", "2018-09-30": "9083.00000", "2018-06-30": "8864.00000", "2018-03-31": "8649.00000", "2017-12-31": "8522.00000", "2017-09-30": "8410.00000", "2017-06-30": "8911.00000", "2017-03-31": "9164.00000", "2016-12-31": "8187.00000", "2016-09-30": "7741.00000", "2016-06-30": "7342.00000", "2016-03-31": "6921.00000", "2015-12-31": "6962.00000", "2015-09-30": "6443.00000", "2015-06-30": "6822.00000", "2015-03-31": "6535.00000", "2014-12-31": "6069.00000", "2014-09-30": "5900.00000", "2014-06-30": "5873.00000", "2014-03-31": "5692.00000", "2013-12-31": "5691.00000", "2013-09-30": "5352.00000", "2013-06-30": "5657.00000", "2013-03-31": "5950.00000", "2012-12-31": "5784.00000", "2012-09-30": "5971.00000", "2012-06-30": "5559.00000", "2012-03-31": "5771.00000", "2011-12-31": "5655.00000", "2011-09-30": "5127.00000", "2011-06-30": "5418.00000", "2011-03-31": "5308.00000", "2010-12-31": "5012.00000", "2010-09-30": "5168.00000", "2010-06-30": "4667.00000", "2010-03-31": "4790.00000", "2009-12-31": "2384.00000", "2009-09-30": "1399.70000", "2009-06-30": "1373.10000", "2009-03-31": "1449.00000", "2008-12-31": "1445.60000", "2008-09-30": "1591.10000", "2008-06-30": "1721.60000", "2008-03-31": "1732.40000", "2007-12-31": "1729.30000", "2007-09-30": "1709.90000", "2007-06-30": "1903.00000", "2007-03-31": "1925.10000", "2006-12-31": "1905.40000", "2006-09-30": "1867.81000", "2006-06-30": "1800.92400", "2006-03-31": "1840.71400", "2005-12-31": "1904.30000", "2005-09-30": "1985.00800", "2005-06-30": "1972.99200", "2005-03-31": "1946.00200"}, "Total Liabilities": {"2020-12-31": "", "2020-09-30": "66770.00000", "2020-06-30": "64741.00000", "2020-03-31": "62596.00000", "2019-12-31": "63861.00000", "2019-09-30": "62746.00000", "2019-06-30": "61607.00000", "2019-03-31": "60467.00000", "2018-12-31": "58484.00000", "2018-09-30": "59026.00000", "2018-06-30": "56750.00000", "2018-03-31": "55473.00000", "2017-12-31": "55327.00000", "2017-09-30": "54784.00000", "2017-06-30": "53306.00000", "2017-03-31": "52269.00000", "2016-12-31": "50153.00000", "2016-09-30": "49487.00000", "2016-06-30": "47540.00000", "2016-03-31": "46101.00000", "2015-12-31": "45067.00000", "2015-09-30": "45651.00000", "2015-06-30": "44440.00000", "2015-03-31": "43207.00000", "2014-12-31": "42481.00000", "2014-09-30": "41474.00000", "2014-06-30": "40197.00000", "2014-03-31": "37797.00000", "2013-12-31": "37318.00000", "2013-09-30": "36237.00000", "2013-06-30": "34776.00000", "2013-03-31": "34231.00000", "2012-12-31": "34423.00000", "2012-09-30": "34669.00000", "2012-06-30": "32277.00000", "2012-03-31": "31479.00000", "2011-12-31": "31281.00000", "2011-09-30": "30510.00000", "2011-06-30": "29428.00000", "2011-03-31": "28336.00000", "2010-12-31": "27834.00000", "2010-09-30": "27910.00000", "2010-06-30": "26095.00000", "2010-03-31": "25983.00000", "2009-12-31": "23764.00000", "2009-09-30": "24051.60000", "2009-06-30": "23078.00000", "2009-03-31": "23163.30000", "2008-12-31": "23825.90000", "2008-09-30": "24148.00000", "2008-06-30": "23282.80000", "2008-03-31": "22982.20000", "2007-12-31": "22761.40000", "2007-09-30": "23103.00000", "2007-06-30": "22725.80000", "2007-03-31": "22344.00000", "2006-12-31": "22172.20000", "2006-09-30": "22309.90000", "2006-06-30": "20627.31000", "2006-03-31": "20460.24000", "2005-12-31": "20358.40000", "2005-09-30": "20743.49000", "2005-06-30": "19955.73000", "2005-03-31": "19648.61000"}, "Common Stock Net": {"2020-12-31": "", "2020-09-30": "87.00000", "2020-06-30": "89.00000", "2020-03-31": "90.00000", "2019-12-31": "90.00000", "2019-09-30": "90.00000", "2019-06-30": "90.00000", "2019-03-31": "90.00000", "2018-12-31": "89.00000", "2018-09-30": "89.00000", "2018-06-30": "89.00000", "2018-03-31": "89.00000", "2017-12-31": "88.00000", "2017-09-30": "88.00000", "2017-06-30": "88.00000", "2017-03-31": "88.00000", "2016-12-31": "87.00000", "2016-09-30": "87.00000", "2016-06-30": "87.00000", "2016-03-31": "87.00000", "2015-12-31": "87.00000", "2015-09-30": "87.00000", "2015-06-30": "88.00000", "2015-03-31": "88.00000", "2014-12-31": "88.00000", "2014-09-30": "88.00000", "2014-06-30": "90.00000", "2014-03-31": "90.00000", "2013-12-31": "90.00000", "2013-09-30": "89.00000", "2013-06-30": "89.00000", "2013-03-31": "90.00000", "2012-12-31": "89.00000", "2012-09-30": "91.00000", "2012-06-30": "95.00000", "2012-03-31": "97.00000", "2011-12-31": "98.00000", "2011-09-30": "99.00000", "2011-06-30": "101.00000", "2011-03-31": "103.00000", "2010-12-31": "105.00000", "2010-09-30": "108.00000", "2010-06-30": "109.00000", "2010-03-31": "111.00000", "2009-12-31": "113.00000", "2009-09-30": "116.50000", "2009-06-30": "115.80000", "2009-03-31": "115.70000", "2008-12-31": "115.60000", "2008-09-30": "115.40000", "2008-06-30": "115.10000", "2008-03-31": "112.90000", "2007-12-31": "113.50000", "2007-09-30": "115.50000", "2007-06-30": "119.30000", "2007-03-31": "119.40000", "2006-12-31": "119.30000", "2006-09-30": "79.11500", "2006-06-30": "78.58100", "2006-03-31": "78.48200", "2005-12-31": "117.10000", "2005-09-30": "77.47400", "2005-06-30": "77.23000", "2005-03-31": "76.96600"}, "Retained Earnings (Accumulated Deficit)": {"2020-12-31": "", "2020-09-30": "3737.00000", "2020-06-30": "3685.00000", "2020-03-31": "3616.00000", "2019-12-31": "4009.00000", "2019-09-30": "4022.00000", "2019-06-30": "3914.00000", "2019-03-31": "3875.00000", "2018-12-31": "3588.00000", "2018-09-30": "3800.00000", "2018-06-30": "3628.00000", "2018-03-31": "3584.00000", "2017-12-31": "3248.00000", "2017-09-30": "3435.00000", "2017-06-30": "3451.00000", "2017-03-31": "3466.00000", "2016-12-31": "3343.00000", "2016-09-30": "3079.00000", "2016-06-30": "3016.00000", "2016-03-31": "3002.00000", "2015-12-31": "2987.00000", "2015-09-30": "2981.00000", "2015-06-30": "2968.00000", "2015-03-31": "2886.00000", "2014-12-31": "2912.00000", "2014-09-30": "2948.00000", "2014-06-30": "2944.00000", "2014-03-31": "2891.00000", "2013-12-31": "2826.00000", "2013-09-30": "2774.00000", "2013-06-30": "2697.00000", "2013-03-31": "2684.00000", "2012-12-31": "2595.00000", "2012-09-30": "2686.00000", "2012-06-30": "2642.00000", "2012-03-31": "2643.00000", "2011-12-31": "2612.00000", "2011-09-30": "2689.00000", "2011-06-30": "2654.00000", "2011-03-31": "2698.00000", "2010-12-31": "2720.00000", "2010-09-30": "2672.00000", "2010-06-30": "2588.00000", "2010-03-31": "2552.00000", "2009-12-31": "2274.00000", "2009-09-30": "2169.90000", "2009-06-30": "2060.00000", "2009-03-31": "1947.80000", "2008-12-31": "1841.60000", "2008-09-30": "1817.70000", "2008-06-30": "1811.20000", "2008-03-31": "1776.90000", "2007-12-31": "1733.50000", "2007-09-30": "1695.40000", "2007-06-30": "1655.70000", "2007-03-31": "1610.90000", "2006-12-31": "1533.60000", "2006-09-30": "1415.83300", "2006-06-30": "1333.60900", "2006-03-31": "1224.84200", "2005-12-31": "1134.10000", "2005-09-30": "1059.53600", "2005-06-30": "1095.62300", "2005-03-31": "1024.63600"}, "Comprehensive Income": {"2020-12-31": "", "2020-09-30": "1233.00000", "2020-06-30": "1053.00000", "2020-03-31": "32.00000", "2019-12-31": "863.00000", "2019-09-30": "917.00000", "2019-06-30": "809.00000", "2019-03-31": "444.00000", "2018-12-31": "48.00000", "2018-09-30": "44.00000", "2018-06-30": "147.00000", "2018-03-31": "305.00000", "2017-12-31": "813.00000", "2017-09-30": "689.00000", "2017-06-30": "615.00000", "2017-03-31": "499.00000", "2016-12-31": "375.00000", "2016-09-30": "753.00000", "2016-06-30": "669.00000", "2016-03-31": "448.00000", "2015-12-31": "304.00000", "2015-09-30": "461.00000", "2015-06-30": "563.00000", "2015-03-31": "776.00000", "2014-12-31": "727.00000", "2014-09-30": "718.00000", "2014-06-30": "799.00000", "2014-03-31": "677.00000", "2013-12-31": "560.00000", "2013-09-30": "570.00000", "2013-06-30": "599.00000", "2013-03-31": "869.00000", "2012-12-31": "831.00000", "2012-09-30": "931.00000", "2012-06-30": "773.00000", "2012-03-31": "714.00000", "2011-12-31": "580.00000", "2011-09-30": "563.00000", "2011-06-30": "579.00000", "2011-03-31": "503.00000", "2010-12-31": "479.00000", "2010-09-30": "607.00000", "2010-06-30": "398.00000", "2010-03-31": "290.00000", "2009-12-31": "163.00000", "2009-09-30": "121.90000", "2009-06-30": "-353.50000", "2009-03-31": "-740.00000", "2008-12-31": "-703.00000", "2008-09-30": "-386.40000", "2008-06-30": "-271.10000", "2008-03-31": "-61.10000", "2007-12-31": "12.60000", "2007-09-30": "-0.10000", "2007-06-30": "-41.70000", "2007-03-31": "78.90000", "2006-12-31": "55.50000", "2006-09-30": "", "2006-06-30": "", "2006-03-31": "", "2005-12-31": "50.80000", "2005-09-30": "", "2005-06-30": "", "2005-03-31": ""}, "Other Share Holders Equity": {"2020-12-31": "", "2020-09-30": "", "2020-06-30": "", "2020-03-31": "", "2019-12-31": "", "2019-09-30": "", "2019-06-30": "", "2019-03-31": "", "2018-12-31": "", "2018-09-30": "", "2018-06-30": "", "2018-03-31": "", "2017-12-31": "", "2017-09-30": "", "2017-06-30": "", "2017-03-31": "", "2016-12-31": "", "2016-09-30": "", "2016-06-30": "", "2016-03-31": "", "2015-12-31": "", "2015-09-30": "", "2015-06-30": "", "2015-03-31": "", "2014-12-31": "", "2014-09-30": "", "2014-06-30": "", "2014-03-31": "", "2013-12-31": "", "2013-09-30": "", "2013-06-30": "", "2013-03-31": "", "2012-12-31": "", "2012-09-30": "", "2012-06-30": "", "2012-03-31": "", "2011-12-31": "", "2011-09-30": "", "2011-06-30": "", "2011-03-31": "", "2010-12-31": "", "2010-09-30": "", "2010-06-30": "", "2010-03-31": "", "2009-12-31": "", "2009-09-30": "", "2009-06-30": "", "2009-03-31": "", "2008-12-31": "", "2008-09-30": "", "2008-06-30": "", "2008-03-31": "", "2007-12-31": "", "2007-09-30": "", "2007-06-30": "", "2007-03-31": "", "2006-12-31": "", "2006-09-30": "", "2006-06-30": "", "2006-03-31": "", "2005-12-31": "", "2005-09-30": "", "2005-06-30": "", "2005-03-31": ""}, "Share Holder Equity": {"2020-12-31": "", "2020-09-30": "6340.00000", "2020-06-30": "6126.00000", "2020-03-31": "5047.00000", "2019-12-31": "6269.00000", "2019-09-30": "6321.00000", "2019-06-30": "6090.00000", "2019-03-31": "5665.00000", "2018-12-31": "4972.00000", "2018-09-30": "5164.00000", "2018-06-30": "5084.00000", "2018-03-31": "5183.00000", "2017-12-31": "5331.00000", "2017-09-30": "5379.00000", "2017-06-30": "5312.00000", "2017-03-31": "5195.00000", "2016-12-31": "4919.00000", "2016-09-30": "5358.00000", "2016-06-30": "5193.00000", "2016-03-31": "4937.00000", "2015-12-31": "4770.00000", "2015-09-30": "4906.00000", "2015-06-30": "4984.00000", "2015-03-31": "5100.00000", "2014-12-31": "5054.00000", "2014-09-30": "5078.00000", "2014-06-30": "5158.00000", "2014-03-31": "4973.00000", "2013-12-31": "4769.00000", "2013-09-30": "4710.00000", "2013-06-30": "4638.00000", "2013-03-31": "4908.00000", "2012-12-31": "4748.00000", "2012-09-30": "4964.00000", "2012-06-30": "4775.00000", "2012-03-31": "4732.00000", "2011-12-31": "4557.00000", "2011-09-30": "4620.00000", "2011-06-30": "4625.00000", "2011-03-31": "4612.00000", "2010-12-31": "4620.00000", "2010-09-30": "4729.00000", "2010-06-30": "4431.00000", "2010-03-31": "4307.00000", "2009-12-31": "3919.00000", "2009-09-30": "3802.10000", "2009-06-30": "3192.60000", "2009-03-31": "2678.80000", "2008-12-31": "2601.60000", "2008-09-30": "2776.60000", "2008-06-30": "2874.80000", "2008-03-31": "3020.10000", "2007-12-31": "3046.10000", "2007-09-30": "3012.90000", "2007-06-30": "2970.10000", "2007-03-31": "3041.00000", "2006-12-31": "2928.90000", "2006-09-30": "2760.22300", "2006-06-30": "2475.30300", "2006-03-31": "2449.02500", "2005-12-31": "2457.60000", "2005-09-30": "2402.98200", "2005-06-30": "2558.23200", "2005-03-31": "2358.96300"}, "Total Liabilities And Share Holders Equity": {"2020-12-31": "", "2020-09-30": "73110.00000", "2020-06-30": "70867.00000", "2020-03-31": "67643.00000", "2019-12-31": "70130.00000", "2019-09-30": "69067.00000", "2019-06-30": "67697.00000", "2019-03-31": "66132.00000", "2018-12-31": "63456.00000", "2018-09-30": "64190.00000", "2018-06-30": "61834.00000", "2018-03-31": "60656.00000", "2017-12-31": "60658.00000", "2017-09-30": "60163.00000", "2017-06-30": "58618.00000", "2017-03-31": "57464.00000", "2016-12-31": "55072.00000", "2016-09-30": "54845.00000", "2016-06-30": "52733.00000", "2016-03-31": "51038.00000", "2015-12-31": "49837.00000", "2015-09-30": "50557.00000", "2015-06-30": "49424.00000", "2015-03-31": "48307.00000", "2014-12-31": "47535.00000", "2014-09-30": "46552.00000", "2014-06-30": "45355.00000", "2014-03-31": "42770.00000", "2013-12-31": "42087.00000", "2013-09-30": "40947.00000", "2013-06-30": "39414.00000", "2013-03-31": "39139.00000", "2012-12-31": "39171.00000", "2012-09-30": "39633.00000", "2012-06-30": "37052.00000", "2012-03-31": "36211.00000", "2011-12-31": "35838.00000", "2011-09-30": "35130.00000", "2011-06-30": "34053.00000", "2011-03-31": "32948.00000", "2010-12-31": "32454.00000", "2010-09-30": "32639.00000", "2010-06-30": "30526.00000", "2010-03-31": "30290.00000", "2009-12-31": "27683.00000", "2009-09-30": "27853.70000", "2009-06-30": "26270.60000", "2009-03-31": "25842.10000", "2008-12-31": "26427.50000", "2008-09-30": "26924.60000", "2008-06-30": "26157.60000", "2008-03-31": "26002.30000", "2007-12-31": "25807.50000", "2007-09-30": "26115.90000", "2007-06-30": "25695.90000", "2007-03-31": "25385.00000", "2006-12-31": "25101.10000", "2006-09-30": "25070.13000", "2006-06-30": "23102.61000", "2006-03-31": "22909.26000", "2005-12-31": "22816.00000", "2005-09-30": "23146.47000", "2005-06-30": "22513.96000", "2005-03-31": "22007.57000"}}, "cash flow statement": {"Net Income/Loss": {"2020-12-31": "0.00000", "2019-12-31": "869.00000", "2018-12-31": "517.00000", "2017-12-31": "477.00000", "2016-12-31": "668.00000", "2015-12-31": "370.00000", "2014-12-31": "406.00000", "2013-12-31": "453.00000", "2012-12-31": "402.00000", "2011-12-31": "319.00000", "2010-12-31": "426.00000", "2009-12-31": "530.00000", "2008-12-31": "200.00000", "2007-12-31": "415.30000", "2006-12-31": "453.40000", "2005-12-31": "206.60000"}, "Total Depreciation And Amortization - Cash Flow": {"2020-12-31": "", "2019-12-31": "259.00000", "2018-12-31": "210.00000", "2017-12-31": "107.00000", "2016-12-31": "134.00000", "2015-12-31": "134.00000", "2014-12-31": "144.00000", "2013-12-31": "142.00000", "2012-12-31": "257.00000", "2011-12-31": "180.00000", "2010-12-31": "202.00000", "2009-12-31": "198.00000", "2008-12-31": "221.00000", "2007-12-31": "194.30000", "2006-12-31": "167.00000", "2005-12-31": "213.00000"}, "Other Non-Cash Items": {"2020-12-31": "", "2019-12-31": "652.00000", "2018-12-31": "1111.00000", "2017-12-31": "661.00000", "2016-12-31": "588.00000", "2015-12-31": "618.00000", "2014-12-31": "283.00000", "2013-12-31": "81.00000", "2012-12-31": "-21.00000", "2011-12-31": "152.00000", "2010-12-31": "146.00000", "2009-12-31": "178.00000", "2008-12-31": "717.00000", "2007-12-31": "188.40000", "2006-12-31": "57.80000", "2005-12-31": "152.30000"}, "Total Non-Cash Items": {"2020-12-31": "", "2019-12-31": "911.00000", "2018-12-31": "1321.00000", "2017-12-31": "768.00000", "2016-12-31": "722.00000", "2015-12-31": "752.00000", "2014-12-31": "427.00000", "2013-12-31": "223.00000", "2012-12-31": "236.00000", "2011-12-31": "332.00000", "2010-12-31": "348.00000", "2009-12-31": "376.00000", "2008-12-31": "938.00000", "2007-12-31": "382.70000", "2006-12-31": "224.80000", "2005-12-31": "365.30000"}, "Change In Accounts Receivable": {"2020-12-31": "", "2019-12-31": "-112.00000", "2018-12-31": "-211.00000", "2017-12-31": "-963.00000", "2016-12-31": "-315.00000", "2015-12-31": "-10.00000", "2014-12-31": "-199.00000", "2013-12-31": "176.00000", "2012-12-31": "-495.00000", "2011-12-31": "-228.00000", "2010-12-31": "555.00000", "2009-12-31": "352.00000", "2008-12-31": "-560.00000", "2007-12-31": "-28.00000", "2006-12-31": "-45.80000", "2005-12-31": "188.10000"}, "Change In Inventories": {"2020-12-31": "", "2019-12-31": "", "2018-12-31": "", "2017-12-31": "", "2016-12-31": "", "2015-12-31": "", "2014-12-31": "", "2013-12-31": "", "2012-12-31": "", "2011-12-31": "", "2010-12-31": "", "2009-12-31": "", "2008-12-31": "", "2007-12-31": "", "2006-12-31": "", "2005-12-31": ""}, "Change In Accounts Payable": {"2020-12-31": "", "2019-12-31": "765.00000", "2018-12-31": "434.00000", "2017-12-31": "1430.00000", "2016-12-31": "576.00000", "2015-12-31": "397.00000", "2014-12-31": "721.00000", "2013-12-31": "-149.00000", "2012-12-31": "918.00000", "2011-12-31": "289.00000", "2010-12-31": "-563.00000", "2009-12-31": "-462.00000", "2008-12-31": "664.00000", "2007-12-31": "199.70000", "2006-12-31": "294.60000", "2005-12-31": "150.10000"}, "Change In Assets/Liabilities": {"2020-12-31": "", "2019-12-31": "133.00000", "2018-12-31": "104.00000", "2017-12-31": "55.00000", "2016-12-31": "-481.00000", "2015-12-31": "-191.00000", "2014-12-31": "-148.00000", "2013-12-31": "33.00000", "2012-12-31": "-252.00000", "2011-12-31": "-68.00000", "2010-12-31": "92.00000", "2009-12-31": "128.00000", "2008-12-31": "-270.00000", "2007-12-31": "-202.00000", "2006-12-31": "12.70000", "2005-12-31": "72.30000"}, "Total Change In Assets/Liabilities": {"2020-12-31": "", "2019-12-31": "786.00000", "2018-12-31": "327.00000", "2017-12-31": "522.00000", "2016-12-31": "-220.00000", "2015-12-31": "196.00000", "2014-12-31": "374.00000", "2013-12-31": "60.00000", "2012-12-31": "171.00000", "2011-12-31": "-7.00000", "2010-12-31": "84.00000", "2009-12-31": "18.00000", "2008-12-31": "-166.00000", "2007-12-31": "-30.30000", "2006-12-31": "261.50000", "2005-12-31": "410.50010"}, "Cash Flow From Operating Activities": {"2020-12-31": "", "2019-12-31": "2456.00000", "2018-12-31": "2083.00000", "2017-12-31": "1804.00000", "2016-12-31": "1150.00000", "2015-12-31": "1353.00000", "2014-12-31": "1231.00000", "2013-12-31": "760.00000", "2012-12-31": "817.00000", "2011-12-31": "667.00000", "2010-12-31": "864.00000", "2009-12-31": "915.00000", "2008-12-31": "973.00000", "2007-12-31": "788.50000", "2006-12-31": "967.60000", "2005-12-31": "1022.30000"}, "Net Change In Property, Plant, And Equipment": {"2020-12-31": "", "2019-12-31": "-40.00000", "2018-12-31": "-77.00000", "2017-12-31": "-54.00000", "2016-12-31": "6.00000", "2015-12-31": "15.00000", "2014-12-31": "-33.00000", "2013-12-31": "-18.00000", "2012-12-31": "-67.00000", "2011-12-31": "-83.00000", "2010-12-31": "-70.00000", "2009-12-31": "-61.00000", "2008-12-31": "-41.00000", "2007-12-31": "-14.50000", "2006-12-31": "62.80000", "2005-12-31": "47.20000"}, "Net Change In Intangible Assets": {"2020-12-31": "", "2019-12-31": "", "2018-12-31": "", "2017-12-31": "", "2016-12-31": "", "2015-12-31": "", "2014-12-31": "", "2013-12-31": "", "2012-12-31": "", "2011-12-31": "", "2010-12-31": "", "2009-12-31": "", "2008-12-31": "", "2007-12-31": "", "2006-12-31": "", "2005-12-31": ""}, "Net Acquisitions/Divestitures": {"2020-12-31": "", "2019-12-31": "", "2018-12-31": "-23.00000", "2017-12-31": "", "2016-12-31": "", "2015-12-31": "-42.00000", "2014-12-31": "811.00000", "2013-12-31": "-5.00000", "2012-12-31": "288.00000", "2011-12-31": "4.00000", "2010-12-31": "-33.00000", "2009-12-31": "-28.00000", "2008-12-31": "-69.00000", "2007-12-31": "-258.60000", "2006-12-31": "32.90000", "2005-12-31": "35.50000"}, "Net Change In Short-term Investments": {"2020-12-31": "", "2019-12-31": "", "2018-12-31": "", "2017-12-31": "", "2016-12-31": "", "2015-12-31": "", "2014-12-31": "", "2013-12-31": "", "2012-12-31": "", "2011-12-31": "", "2010-12-31": "", "2009-12-31": "", "2008-12-31": "", "2007-12-31": "", "2006-12-31": "", "2005-12-31": ""}, "Net Change In Long-Term Investments": {"2020-12-31": "", "2019-12-31": "-3022.00000", "2018-12-31": "-5280.00000", "2017-12-31": "-3240.00000", "2016-12-31": "-2904.00000", "2015-12-31": "-4536.00000", "2014-12-31": "-4127.00000", "2013-12-31": "-2900.00000", "2012-12-31": "-1623.00000", "2011-12-31": "-2346.00000", "2010-12-31": "-1610.00000", "2009-12-31": "-679.00000", "2008-12-31": "-588.00000", "2007-12-31": "-904.29980", "2006-12-31": "-248.70020", "2005-12-31": "-1300.60000"}, "Net Change In Investments - Total": {"2020-12-31": "", "2019-12-31": "-3022.00000", "2018-12-31": "-5280.00000", "2017-12-31": "-3240.00000", "2016-12-31": "-2904.00000", "2015-12-31": "-4536.00000", "2014-12-31": "-4127.00000", "2013-12-31": "-2900.00000", "2012-12-31": "-1623.00000", "2011-12-31": "-2346.00000", "2010-12-31": "-1610.00000", "2009-12-31": "-679.00000", "2008-12-31": "-588.00000", "2007-12-31": "-904.29980", "2006-12-31": "-248.70020", "2005-12-31": "-1300.60000"}, "Investing Activities - Other": {"2020-12-31": "", "2019-12-31": "-3.00000", "2018-12-31": "30.00000", "2017-12-31": "2.00000", "2016-12-31": "-83.00000", "2015-12-31": "-10.00000", "2014-12-31": "-279.00000", "2013-12-31": "8.00000", "2012-12-31": "-23.00000", "2011-12-31": "-14.00000", "2010-12-31": "8.00000", "2009-12-31": "-15.00000", "2008-12-31": "-23.00000", "2007-12-31": "-104.30000", "2006-12-31": "-209.40000", "2005-12-31": "-37.90000"}, "Cash Flow From Investing Activities": {"2020-12-31": "", "2019-12-31": "-3065.00000", "2018-12-31": "-5350.00000", "2017-12-31": "-3292.00000", "2016-12-31": "-2981.00000", "2015-12-31": "-4573.00000", "2014-12-31": "-3628.00000", "2013-12-31": "-2915.00000", "2012-12-31": "-1425.00000", "2011-12-31": "-2439.00000", "2010-12-31": "-1705.00000", "2009-12-31": "-783.00000", "2008-12-31": "-721.00000", "2007-12-31": "-1281.70000", "2006-12-31": "-362.40000", "2005-12-31": "-1255.80000"}, "Net Long-Term Debt": {"2020-12-31": "", "2019-12-31": "165.00000", "2018-12-31": "", "2017-12-31": "-33.00000", "2016-12-31": "284.00000", "2015-12-31": "-47.00000", "2014-12-31": "143.00000", "2013-12-31": "-40.00000", "2012-12-31": "7.00000", "2011-12-31": "-18.00000", "2010-12-31": "120.00000", "2009-12-31": "-204.00000", "2008-12-31": "47.00000", "2007-12-31": "-3.50000", "2006-12-31": "66.50000", "2005-12-31": "-115.30000"}, "Net Current Debt": {"2020-12-31": "", "2019-12-31": "60.00000", "2018-12-31": "47.00000", "2017-12-31": "54.00000", "2016-12-31": "42.00000", "2015-12-31": "43.00000", "2014-12-31": "43.00000", "2013-12-31": "32.00000", "2012-12-31": "36.00000", "2011-12-31": "39.00000", "2010-12-31": "7.00000", "2009-12-31": "-10.00000", "2008-12-31": "46.00000", "2007-12-31": "59.60000", "2006-12-31": "25.50000", "2005-12-31": "11.40000"}, "Debt Issuance/Retirement Net - Total": {"2020-12-31": "", "2019-12-31": "225.00000", "2018-12-31": "47.00000", "2017-12-31": "21.00000", "2016-12-31": "326.00000", "2015-12-31": "-4.00000", "2014-12-31": "186.00000", "2013-12-31": "-8.00000", "2012-12-31": "43.00000", "2011-12-31": "21.00000", "2010-12-31": "127.00000", "2009-12-31": "-214.00000", "2008-12-31": "93.00000", "2007-12-31": "56.10000", "2006-12-31": "92.00000", "2005-12-31": "-103.90000"}, "Net Common Equity Issued/Repurchased": {"2020-12-31": "", "2019-12-31": "36.00000", "2018-12-31": "27.00000", "2017-12-31": "37.00000", "2016-12-31": "-413.00000", "2015-12-31": "-65.00000", "2014-12-31": "-144.00000", "2013-12-31": "-16.00000", "2012-12-31": "-369.00000", "2011-12-31": "-276.00000", "2010-12-31": "-260.00000", "2009-12-31": "-66.00000", "2008-12-31": "-24.00000", "2007-12-31": "-180.80000", "2006-12-31": "38.70000", "2005-12-31": "25.80000"}, "Net Total Equity Issued/Repurchased": {"2020-12-31": "", "2019-12-31": "36.00000", "2018-12-31": "27.00000", "2017-12-31": "37.00000", "2016-12-31": "-413.00000", "2015-12-31": "-65.00000", "2014-12-31": "-144.00000", "2013-12-31": "-16.00000", "2012-12-31": "-369.00000", "2011-12-31": "-276.00000", "2010-12-31": "-260.00000", "2009-12-31": "-66.00000", "2008-12-31": "-24.00000", "2007-12-31": "-180.80000", "2006-12-31": "38.70000", "2005-12-31": "25.80000"}, "Total Common And Preferred Stock Dividends Paid": {"2020-12-31": "", "2019-12-31": "-444.00000", "2018-12-31": "-394.00000", "2017-12-31": "-417.00000", "2016-12-31": "-185.00000", "2015-12-31": "-176.00000", "2014-12-31": "-167.00000", "2013-12-31": "-160.00000", "2012-12-31": "-90.00000", "2011-12-31": "-67.00000", "2010-12-31": "-63.00000", "2009-12-31": "-60.00000", "2008-12-31": "-51.00000", "2007-12-31": "-41.90000", "2006-12-31": "-38.20000", "2005-12-31": "-33.10000"}, "Financial Activities - Other": {"2020-12-31": "", "2019-12-31": "1591.00000", "2018-12-31": "2764.00000", "2017-12-31": "2078.00000", "2016-12-31": "2990.00000", "2015-12-31": "3342.00000", "2014-12-31": "2226.00000", "2013-12-31": "2273.00000", "2012-12-31": "1405.00000", "2011-12-31": "2319.00000", "2010-12-31": "1016.00000", "2009-12-31": "64.00000", "2008-12-31": "178.00000", "2007-12-31": "146.70000", "2006-12-31": "159.50000", "2005-12-31": "-45.20000"}, "Cash Flow From Financial Activities": {"2020-12-31": "", "2019-12-31": "1408.00000", "2018-12-31": "2444.00000", "2017-12-31": "1719.00000", "2016-12-31": "2718.00000", "2015-12-31": "3097.00000", "2014-12-31": "2101.00000", "2013-12-31": "2089.00000", "2012-12-31": "989.00000", "2011-12-31": "1997.00000", "2010-12-31": "820.00000", "2009-12-31": "-276.00000", "2008-12-31": "196.00000", "2007-12-31": "-19.90000", "2006-12-31": "252.00000", "2005-12-31": "-156.40000"}, "Net Cash Flow": {"2020-12-31": "", "2019-12-31": "799.00000", "2018-12-31": "-823.00000", "2017-12-31": "231.00000", "2016-12-31": "887.00000", "2015-12-31": "-123.00000", "2014-12-31": "-296.00000", "2013-12-31": "-66.00000", "2012-12-31": "381.00000", "2011-12-31": "225.00000", "2010-12-31": "-21.00000", "2009-12-31": "-144.00000", "2008-12-31": "448.00000", "2007-12-31": "-513.10000", "2006-12-31": "857.20000", "2005-12-31": "-389.90000"}, "Stock-Based Compensation": {"2020-12-31": "", "2019-12-31": "", "2018-12-31": "", "2017-12-31": "", "2016-12-31": "", "2015-12-31": "", "2014-12-31": "", "2013-12-31": "", "2012-12-31": "", "2011-12-31": "", "2010-12-31": "", "2009-12-31": "", "2008-12-31": "", "2007-12-31": "", "2006-12-31": "", "2005-12-31": ""}, "Common Stock Dividends Paid": {"2020-12-31": "", "2019-12-31": "-444.00000", "2018-12-31": "-394.00000", "2017-12-31": "-417.00000", "2016-12-31": "-185.00000", "2015-12-31": "-176.00000", "2014-12-31": "-167.00000", "2013-12-31": "-160.00000", "2012-12-31": "-90.00000", "2011-12-31": "-67.00000", "2010-12-31": "-63.00000", "2009-12-31": "-60.00000", "2008-12-31": "-51.00000", "2007-12-31": "-41.90000", "2006-12-31": "-38.20000", "2005-12-31": "-33.10000"}}, "cash flow statement, quarterly": {"Net Income/Loss": {"2020-12-31": -27, "2020-09-30": 164, "2020-06-30": 167, "2020-03-31": "-304.00000", "2019-12-31": 191, "2019-09-30": 143, "2019-06-30": 209, "2019-03-31": "326.00000", "2018-12-31": -35, "2018-09-30": 203, "2018-06-30": 208, "2018-03-31": "141.00000", "2017-12-31": 166, "2017-09-30": 11, "2017-06-30": 145, "2017-03-31": "155.00000", "2016-12-31": 388, "2016-09-30": 113, "2016-06-30": 63, "2016-03-31": "104.00000", "2015-12-31": 130, "2015-09-30": 66, "2015-06-30": 149, "2015-03-31": "25.00000", "2014-12-31": 125, "2014-09-30": 91, "2014-06-30": 83, "2014-03-31": "107.00000", "2013-12-31": 165, "2013-09-30": 98, "2013-06-30": 77, "2013-03-31": "113.00000", "2012-12-31": 19, "2012-09-30": 211, "2012-06-30": 84, "2012-03-31": "88.00000", "2011-12-31": 127, "2011-09-30": 108, "2011-06-30": 30, "2011-03-31": "54.00000", "2010-12-31": 112, "2010-09-30": 126, "2010-06-30": 100, "2010-03-31": "88.00000", "2009-12-31": 157, "2009-09-30": 131, "2009-06-30": 132, "2009-03-31": "110.00000", "2008-12-31": 37.4, "2008-09-30": 18.5, "2008-06-30": 63, "2008-03-31": "81.10000", "2007-12-31": 122, "2007-09-30": 112.7, "2007-06-30": 67, "2007-03-31": "113.60000", "2006-12-31": 135.5, "2006-09-30": 93.5, "2006-06-30": 122.9, "2006-03-31": "101.50000", "2005-12-31": 88.53, "2005-09-30": -26.43, "2005-06-30": 81.625, "2005-03-31": "62.87500"}, "Total Depreciation And Amortization - Cash Flow": {"2020-12-31": -248, "2020-09-30": 169, "2020-06-30": -34, "2020-03-31": "113.00000", "2019-12-31": 64, "2019-09-30": 123, "2019-06-30": 38, "2019-03-31": "34.00000", "2018-12-31": 47, "2018-09-30": 57, "2018-06-30": 35, "2018-03-31": "71.00000", "2017-12-31": 2, "2017-09-30": 36, "2017-06-30": 31, "2017-03-31": "38.00000", "2016-12-31": 43, "2016-09-30": 38, "2016-06-30": 25, "2016-03-31": "28.00000", "2015-12-31": 16, "2015-09-30": 34, "2015-06-30": 53, "2015-03-31": "31.00000", "2014-12-31": 49, "2014-09-30": 38, "2014-06-30": 30, "2014-03-31": "27.00000", "2013-12-31": 32, "2013-09-30": 32, "2013-06-30": 43, "2013-03-31": "35.00000", "2012-12-31": 139, "2012-09-30": 35, "2012-06-30": 37, "2012-03-31": "46.00000", "2011-12-31": 49, "2011-09-30": 40, "2011-06-30": 42, "2011-03-31": "49.00000", "2010-12-31": 61, "2010-09-30": 44, "2010-06-30": 50, "2010-03-31": "47.00000", "2009-12-31": 43, "2009-09-30": 40, "2009-06-30": 52, "2009-03-31": "63.00000", "2008-12-31": 35.2, "2008-09-30": 60.9, "2008-06-30": 75.9, "2008-03-31": "49.00000", "2007-12-31": 54.6, "2007-09-30": 44.5, "2007-06-30": 46.2, "2007-03-31": "49.00000", "2006-12-31": 46.3, "2006-09-30": 43.4, "2006-06-30": 42.2, "2006-03-31": "35.10000", "2005-12-31": 64.558, "2005-09-30": 48.202, "2005-06-30": 51.12, "2005-03-31": "49.12000"}, "Other Non-Cash Items": {"2020-12-31": -1143, "2020-09-30": 163, "2020-06-30": 195, "2020-03-31": "785.00000", "2019-12-31": 140, "2019-09-30": 223, "2019-06-30": 225, "2019-03-31": "64.00000", "2018-12-31": 495, "2018-09-30": 154, "2018-06-30": 183, "2018-03-31": "279.00000", "2017-12-31": 216, "2017-09-30": 155, "2017-06-30": 175, "2017-03-31": "115.00000", "2016-12-31": 53, "2016-09-30": 126, "2016-06-30": 163, "2016-03-31": "246.00000", "2015-12-31": 158, "2015-09-30": 139, "2015-06-30": 52, "2015-03-31": "269.00000", "2014-12-31": 23, "2014-09-30": 93, "2014-06-30": 62, "2014-03-31": "105.00000", "2013-12-31": -23, "2013-09-30": 14, "2013-06-30": 38, "2013-03-31": "52.00000", "2012-12-31": 11, "2012-09-30": -128, "2012-06-30": 83, "2012-03-31": "13.00000", "2011-12-31": 23, "2011-09-30": 17, "2011-06-30": 49, "2011-03-31": "63.00000", "2010-12-31": 22, "2010-09-30": 19, "2010-06-30": 61, "2010-03-31": "44.00000", "2009-12-31": -18, "2009-09-30": 75, "2009-06-30": 45, "2009-03-31": "76.00000", "2008-12-31": 238, "2008-09-30": 222.8, "2008-06-30": 112.2, "2008-03-31": "144.00000", "2007-12-31": 104.3, "2007-09-30": 65.3, "2007-06-30": -18.3, "2007-03-31": "37.10000", "2006-12-31": -18.3, "2006-09-30": 51.5, "2006-06-30": 11.9, "2006-03-31": "12.70000", "2005-12-31": 29.086, "2005-09-30": 17.411, "2005-06-30": 44.524, "2005-03-31": "61.27900"}, "Total Non-Cash Items": {"2020-12-31": -1391, "2020-09-30": 332, "2020-06-30": 161, "2020-03-31": "898.00000", "2019-12-31": 204, "2019-09-30": 346, "2019-06-30": 263, "2019-03-31": "98.00000", "2018-12-31": 542, "2018-09-30": 211, "2018-06-30": 218, "2018-03-31": "350.00000", "2017-12-31": 218, "2017-09-30": 191, "2017-06-30": 206, "2017-03-31": "153.00000", "2016-12-31": 96, "2016-09-30": 164, "2016-06-30": 188, "2016-03-31": "274.00000", "2015-12-31": 174, "2015-09-30": 173, "2015-06-30": 105, "2015-03-31": "300.00000", "2014-12-31": 72, "2014-09-30": 131, "2014-06-30": 92, "2014-03-31": "132.00000", "2013-12-31": 9, "2013-09-30": 46, "2013-06-30": 81, "2013-03-31": "87.00000", "2012-12-31": 150, "2012-09-30": -93, "2012-06-30": 120, "2012-03-31": "59.00000", "2011-12-31": 72, "2011-09-30": 57, "2011-06-30": 91, "2011-03-31": "112.00000", "2010-12-31": 83, "2010-09-30": 63, "2010-06-30": 111, "2010-03-31": "91.00000", "2009-12-31": 25, "2009-09-30": 115, "2009-06-30": 97, "2009-03-31": "139.00000", "2008-12-31": 273.2, "2008-09-30": 283.7, "2008-06-30": 188.1, "2008-03-31": "193.00000", "2007-12-31": 158.9, "2007-09-30": 109.8, "2007-06-30": 27.9, "2007-03-31": "86.10000", "2006-12-31": 28, "2006-09-30": 94.9, "2006-06-30": 54.1, "2006-03-31": "47.80000", "2005-12-31": 93.644, "2005-09-30": 65.613, "2005-06-30": 95.644, "2005-03-31": "110.39900"}, "Change In Accounts Receivable": {"2020-12-31": 597, "2020-09-30": -643, "2020-06-30": -115, "2020-03-31": "161.00000", "2019-12-31": 218, "2019-09-30": -415, "2019-06-30": -43, "2019-03-31": "128.00000", "2018-12-31": 657, "2018-09-30": -940, "2018-06-30": -173, "2018-03-31": "245.00000", "2017-12-31": 504, "2017-09-30": -1176, "2017-06-30": -354, "2017-03-31": "63.00000", "2016-12-31": 657, "2016-09-30": -1014, "2016-06-30": -155, "2016-03-31": "197.00000", "2015-12-31": 458, "2015-09-30": -782, "2015-06-30": -169, "2015-03-31": "483.00000", "2014-12-31": 260, "2014-09-30": -742, "2014-06-30": -176, "2014-03-31": "459.00000", "2013-12-31": 464, "2013-09-30": -947, "2013-06-30": -148, "2013-03-31": "807.00000", "2012-12-31": 892, "2012-09-30": -1599, "2012-06-30": -323, "2012-03-31": "535.00000", "2011-12-31": 291, "2011-09-30": -675, "2011-06-30": -290, "2011-03-31": "446.00000", "2010-12-31": 299, "2010-09-30": -315, "2010-06-30": 1, "2010-03-31": "570.00000", "2009-12-31": 164, "2009-09-30": -546, "2009-06-30": -89, "2009-03-31": "823.00000", "2008-12-31": 97, "2008-09-30": -713.6, "2008-06-30": -114.8, "2008-03-31": "171.40000", "2007-12-31": 293.1, "2007-09-30": -301.4, "2007-06-30": -122, "2007-03-31": "102.30000", "2006-12-31": 457.8, "2006-09-30": -532.9, "2006-06-30": -184, "2006-03-31": "213.30000", "2005-12-31": 226.556, "2005-09-30": -271.725, "2005-06-30": -100.334, "2005-03-31": "333.60300"}, "Change In Inventories": {"2020-12-31": 0, "2020-09-30": 0, "2020-06-30": 0, "2020-03-31": "", "2019-12-31": 0, "2019-09-30": 0, "2019-06-30": 0, "2019-03-31": "", "2018-12-31": 0, "2018-09-30": 0, "2018-06-30": 0, "2018-03-31": "", "2017-12-31": 0, "2017-09-30": 0, "2017-06-30": 0, "2017-03-31": "", "2016-12-31": 0, "2016-09-30": 0, "2016-06-30": 0, "2016-03-31": "", "2015-12-31": 0, "2015-09-30": 0, "2015-06-30": 0, "2015-03-31": "", "2014-12-31": 0, "2014-09-30": 0, "2014-06-30": 0, "2014-03-31": "", "2013-12-31": 0, "2013-09-30": 0, "2013-06-30": 0, "2013-03-31": "", "2012-12-31": 0, "2012-09-30": 0, "2012-06-30": 0, "2012-03-31": "", "2011-12-31": 0, "2011-09-30": 0, "2011-06-30": 0, "2011-03-31": "", "2010-12-31": 0, "2010-09-30": 0, "2010-06-30": 0, "2010-03-31": "", "2009-12-31": 0, "2009-09-30": 0, "2009-06-30": 0, "2009-03-31": "", "2008-12-31": 0, "2008-09-30": 0, "2008-06-30": 0, "2008-03-31": "", "2007-12-31": 0, "2007-09-30": 0, "2007-06-30": 0, "2007-03-31": "", "2006-12-31": 0, "2006-09-30": 0, "2006-06-30": 0, "2006-03-31": "", "2005-12-31": 0, "2005-09-30": 0, "2005-06-30": 0, "2005-03-31": ""}, "Change In Accounts Payable": {"2020-12-31": -865, "2020-09-30": 903, "2020-06-30": 149, "2020-03-31": "-187.00000", "2019-12-31": 175, "2019-09-30": 679, "2019-06-30": 45, "2019-03-31": "-134.00000", "2018-12-31": -262, "2018-09-30": 986, "2018-06-30": 76, "2018-03-31": "-366.00000", "2017-12-31": -214, "2017-09-30": 1322, "2017-06-30": 278, "2017-03-31": "44.00000", "2016-12-31": -464, "2016-09-30": 922, "2016-06-30": 234, "2016-03-31": "-116.00000", "2015-12-31": -173, "2015-09-30": 768, "2015-06-30": 195, "2015-03-31": "-393.00000", "2014-12-31": 54, "2014-09-30": 722, "2014-06-30": 279, "2014-03-31": "-334.00000", "2013-12-31": -268, "2013-09-30": 844, "2013-06-30": 97, "2013-03-31": "-822.00000", "2012-12-31": -538, "2012-09-30": 1702, "2012-06-30": 310, "2012-03-31": "-556.00000", "2011-12-31": -389, "2011-09-30": 708, "2011-06-30": 264, "2011-03-31": "-294.00000", "2010-12-31": -344, "2010-09-30": 295, "2010-06-30": -120, "2010-03-31": "-394.00000", "2009-12-31": -269, "2009-09-30": 528, "2009-06-30": -1, "2009-03-31": "-720.00000", "2008-12-31": -173.9, "2008-09-30": 770.9, "2008-06-30": 108.9, "2008-03-31": "-41.90000", "2007-12-31": -380.7, "2007-09-30": 383.2, "2007-06-30": 164.8, "2007-03-31": "32.40000", "2006-12-31": -432.6, "2006-09-30": 519.1, "2006-06-30": 149.1, "2006-03-31": "59.00000", "2005-12-31": -352.495, "2005-09-30": 649.524, "2005-06-30": 111.316, "2005-03-31": "-258.24500"}, "Change In Assets/Liabilities": {"2020-12-31": 1, "2020-09-30": -95, "2020-06-30": 138, "2020-03-31": "-44.00000", "2019-12-31": -1, "2019-09-30": 106, "2019-06-30": -21, "2019-03-31": "49.00000", "2018-12-31": -89, "2018-09-30": 16, "2018-06-30": 136, "2018-03-31": "41.00000", "2017-12-31": 100, "2017-09-30": 67, "2017-06-30": 388, "2017-03-31": "-500.00000", "2016-12-31": -283, "2016-09-30": 75, "2016-06-30": -235, "2016-03-31": "-38.00000", "2015-12-31": -161, "2015-09-30": 107, "2015-06-30": -98, "2015-03-31": "-39.00000", "2014-12-31": 26, "2014-09-30": -38, "2014-06-30": 28, "2014-03-31": "-164.00000", "2013-12-31": 3, "2013-09-30": 141, "2013-06-30": 22, "2013-03-31": "-133.00000", "2012-12-31": -189, "2012-09-30": 26, "2012-06-30": 30, "2012-03-31": "-119.00000", "2011-12-31": -100, "2011-09-30": -81, "2011-06-30": 51, "2011-03-31": "62.00000", "2010-12-31": -22, "2010-09-30": 132, "2010-06-30": -70, "2010-03-31": "52.00000", "2009-12-31": 87, "2009-09-30": 49, "2009-06-30": -78, "2009-03-31": "70.00000", "2008-12-31": -124, "2008-09-30": -42.7, "2008-06-30": -60.5, "2008-03-31": "-42.80000", "2007-12-31": -33.7, "2007-09-30": 42.9, "2007-06-30": -48.2, "2007-03-31": "-163.00000", "2006-12-31": -29.3, "2006-09-30": 107.1, "2006-06-30": -85.7, "2006-03-31": "20.60000", "2005-12-31": 89.979, "2005-09-30": -75.339, "2005-06-30": 20.504, "2005-03-31": "37.15600"}, "Total Change In Assets/Liabilities": {"2020-12-31": -267, "2020-09-30": 165, "2020-06-30": 172, "2020-03-31": "-70.00000", "2019-12-31": 392, "2019-09-30": 370, "2019-06-30": -19, "2019-03-31": "43.00000", "2018-12-31": 306, "2018-09-30": 62, "2018-06-30": 39, "2018-03-31": "-80.00000", "2017-12-31": 390, "2017-09-30": 213, "2017-06-30": 312, "2017-03-31": "-393.00000", "2016-12-31": -90, "2016-09-30": -17, "2016-06-30": -156, "2016-03-31": "43.00000", "2015-12-31": 124, "2015-09-30": 93, "2015-06-30": -72, "2015-03-31": "51.00000", "2014-12-31": 340, "2014-09-30": -58, "2014-06-30": 131, "2014-03-31": "-39.00000", "2013-12-31": 199, "2013-09-30": 38, "2013-06-30": -29, "2013-03-31": "-148.00000", "2012-12-31": 165, "2012-09-30": 129, "2012-06-30": 17, "2012-03-31": "-140.00000", "2011-12-31": -198, "2011-09-30": -48, "2011-06-30": 25, "2011-03-31": "214.00000", "2010-12-31": -67, "2010-09-30": 112, "2010-06-30": -189, "2010-03-31": "228.00000", "2009-12-31": -18, "2009-09-30": 31, "2009-06-30": -168, "2009-03-31": "173.00000", "2008-12-31": -200.9, "2008-09-30": 14.6, "2008-06-30": -66.4, "2008-03-31": "86.70000", "2007-12-31": -121.3, "2007-09-30": 124.7, "2007-06-30": -5.4, "2007-03-31": "-28.30000", "2006-12-31": -4.1, "2006-09-30": 93.3, "2006-06-30": -120.6, "2006-03-31": "292.90000", "2005-12-31": -35.9599, "2005-09-30": 302.46, "2005-06-30": 31.486, "2005-03-31": "112.51400"}, "Cash Flow From Operating Activities": {"2020-12-31": -1696, "2020-09-30": 609, "2020-06-30": 555, "2020-03-31": "532.00000", "2019-12-31": 765, "2019-09-30": 814, "2019-06-30": 423, "2019-03-31": "454.00000", "2018-12-31": 806, "2018-09-30": 454, "2018-06-30": 432, "2018-03-31": "391.00000", "2017-12-31": 811, "2017-09-30": 419, "2017-06-30": 650, "2017-03-31": "-76.00000", "2016-12-31": 404, "2016-09-30": 250, "2016-06-30": 88, "2016-03-31": "408.00000", "2015-12-31": 446, "2015-09-30": 331, "2015-06-30": 179, "2015-03-31": "397.00000", "2014-12-31": 557, "2014-09-30": 175, "2014-06-30": 295, "2014-03-31": "204.00000", "2013-12-31": 372, "2013-09-30": 192, "2013-06-30": 137, "2013-03-31": "59.00000", "2012-12-31": 330, "2012-09-30": 261, "2012-06-30": 216, "2012-03-31": "10.00000", "2011-12-31": 6, "2011-09-30": 127, "2011-06-30": 145, "2011-03-31": "389.00000", "2010-12-31": 83, "2010-09-30": 320, "2010-06-30": 68, "2010-03-31": "393.00000", "2009-12-31": 154, "2009-09-30": 269, "2009-06-30": 70, "2009-03-31": "422.00000", "2008-12-31": 107.8, "2008-09-30": 310, "2008-06-30": 185.5, "2008-03-31": "369.70000", "2007-12-31": 167.5, "2007-09-30": 349.1, "2007-06-30": 92, "2007-03-31": "179.90000", "2006-12-31": 169.9, "2006-09-30": 287.4, "2006-06-30": 63.1, "2006-03-31": "447.20000", "2005-12-31": 167.719, "2005-09-30": 343.003, "2005-06-30": 220.957, "2005-03-31": "290.62100"}, "Net Change In Property, Plant, And Equipment": {"2020-12-31": 34, "2020-09-30": -18, "2020-06-30": -8, "2020-03-31": "-8.00000", "2019-12-31": -10, "2019-09-30": -12, "2019-06-30": -9, "2019-03-31": "-9.00000", "2018-12-31": -20, "2018-09-30": -14, "2018-06-30": -20, "2018-03-31": "-23.00000", "2017-12-31": -62, "2017-09-30": -15, "2017-06-30": 10, "2017-03-31": "13.00000", "2016-12-31": -2, "2016-09-30": -9, "2016-06-30": 30, "2016-03-31": "-13.00000", "2015-12-31": -16, "2015-09-30": -29, "2015-06-30": 56, "2015-03-31": "4.00000", "2014-12-31": -10, "2014-09-30": -6, "2014-06-30": -4, "2014-03-31": "-13.00000", "2013-12-31": 25, "2013-09-30": -5, "2013-06-30": -10, "2013-03-31": "-28.00000", "2012-12-31": -6, "2012-09-30": -9, "2012-06-30": -8, "2012-03-31": "-44.00000", "2011-12-31": -5, "2011-09-30": -22, "2011-06-30": -36, "2011-03-31": "-20.00000", "2010-12-31": -11, "2010-09-30": -6, "2010-06-30": -16, "2010-03-31": "-37.00000", "2009-12-31": -13, "2009-09-30": -28, "2009-06-30": -9, "2009-03-31": "-11.00000", "2008-12-31": -13.6, "2008-09-30": -8.9, "2008-06-30": -10.6, "2008-03-31": "-7.90000", "2007-12-31": -13.5, "2007-09-30": -10.1, "2007-06-30": 1, "2007-03-31": "8.10000", "2006-12-31": 63.5, "2006-09-30": -11.9, "2006-06-30": -6.1, "2006-03-31": "17.30000", "2005-12-31": 71.8, "2005-09-30": 26.183, "2005-06-30": -50.406, "2005-03-31": "-0.37700"}, "Net Change In Intangible Assets": {"2020-12-31": 0, "2020-09-30": 0, "2020-06-30": 0, "2020-03-31": "", "2019-12-31": 0, "2019-09-30": 0, "2019-06-30": 0, "2019-03-31": "", "2018-12-31": 0, "2018-09-30": 0, "2018-06-30": 0, "2018-03-31": "", "2017-12-31": 0, "2017-09-30": 0, "2017-06-30": 0, "2017-03-31": "", "2016-12-31": 0, "2016-09-30": 0, "2016-06-30": 0, "2016-03-31": "", "2015-12-31": 0, "2015-09-30": 0, "2015-06-30": 0, "2015-03-31": "", "2014-12-31": 0, "2014-09-30": 0, "2014-06-30": 0, "2014-03-31": "", "2013-12-31": 0, "2013-09-30": 0, "2013-06-30": 0, "2013-03-31": "", "2012-12-31": 0, "2012-09-30": 0, "2012-06-30": 0, "2012-03-31": "", "2011-12-31": 0, "2011-09-30": 0, "2011-06-30": 0, "2011-03-31": "", "2010-12-31": 0, "2010-09-30": 0, "2010-06-30": 0, "2010-03-31": "", "2009-12-31": 0, "2009-09-30": 0, "2009-06-30": 0, "2009-03-31": "", "2008-12-31": 0, "2008-09-30": 0, "2008-06-30": 0, "2008-03-31": "", "2007-12-31": 0, "2007-09-30": 0, "2007-06-30": 0, "2007-03-31": "", "2006-12-31": 0, "2006-09-30": 0, "2006-06-30": 0, "2006-03-31": "", "2005-12-31": 0, "2005-09-30": 0, "2005-06-30": 0, "2005-03-31": ""}, "Net Acquisitions/Divestitures": {"2020-12-31": 0, "2020-09-30": 0, "2020-06-30": 0, "2020-03-31": "", "2019-12-31": 0, "2019-09-30": 0, "2019-06-30": 0, "2019-03-31": "", "2018-12-31": -23, "2018-09-30": 0, "2018-06-30": 0, "2018-03-31": "", "2017-12-31": 0, "2017-09-30": 0, "2017-06-30": 0, "2017-03-31": "", "2016-12-31": 0, "2016-09-30": 0, "2016-06-30": 0, "2016-03-31": "", "2015-12-31": -42, "2015-09-30": 0, "2015-06-30": 0, "2015-03-31": "", "2014-12-31": 0, "2014-09-30": 0, "2014-06-30": 819, "2014-03-31": "-8.00000", "2013-12-31": -5, "2013-09-30": 0, "2013-06-30": 0, "2013-03-31": "", "2012-12-31": 20, "2012-09-30": 268, "2012-06-30": 0, "2012-03-31": "", "2011-12-31": 4, "2011-09-30": 0, "2011-06-30": 0, "2011-03-31": "", "2010-12-31": 0, "2010-09-30": -33, "2010-06-30": 0, "2010-03-31": "", "2009-12-31": -23, "2009-09-30": -5, "2009-06-30": 0, "2009-03-31": "", "2008-12-31": -1.1, "2008-09-30": 0, "2008-06-30": -46.9, "2008-03-31": "-21.00000", "2007-12-31": -18.9, "2007-09-30": -238, "2007-06-30": -1.7, "2007-03-31": "", "2006-12-31": 0.5, "2006-09-30": -102.5, "2006-06-30": -1.4, "2006-03-31": "136.30000", "2005-12-31": 0.444, "2005-09-30": 35.056, "2005-06-30": 0, "2005-03-31": ""}, "Net Change In Short-term Investments": {"2020-12-31": 0, "2020-09-30": 0, "2020-06-30": 0, "2020-03-31": "", "2019-12-31": 0, "2019-09-30": 0, "2019-06-30": 0, "2019-03-31": "", "2018-12-31": 0, "2018-09-30": 0, "2018-06-30": 0, "2018-03-31": "", "2017-12-31": 0, "2017-09-30": 0, "2017-06-30": 0, "2017-03-31": "", "2016-12-31": 0, "2016-09-30": 0, "2016-06-30": 0, "2016-03-31": "", "2015-12-31": 0, "2015-09-30": 0, "2015-06-30": 0, "2015-03-31": "", "2014-12-31": 0, "2014-09-30": 0, "2014-06-30": 0, "2014-03-31": "", "2013-12-31": 0, "2013-09-30": 0, "2013-06-30": 0, "2013-03-31": "", "2012-12-31": 0, "2012-09-30": 0, "2012-06-30": 0, "2012-03-31": "", "2011-12-31": 0, "2011-09-30": 0, "2011-06-30": 0, "2011-03-31": "", "2010-12-31": 0, "2010-09-30": 0, "2010-06-30": 0, "2010-03-31": "", "2009-12-31": 0, "2009-09-30": 0, "2009-06-30": 0, "2009-03-31": "", "2008-12-31": 0, "2008-09-30": 0, "2008-06-30": 0, "2008-03-31": "", "2007-12-31": 0, "2007-09-30": 0, "2007-06-30": 0, "2007-03-31": "", "2006-12-31": 0, "2006-09-30": 0, "2006-06-30": 0, "2006-03-31": "", "2005-12-31": 0, "2005-09-30": 0, "2005-06-30": 0, "2005-03-31": ""}, "Net Change In Long-Term Investments": {"2020-12-31": 748, "2020-09-30": 540, "2020-06-30": 359, "2020-03-31": "-1647.00000", "2019-12-31": -1273, "2019-09-30": -715, "2019-06-30": -358, "2019-03-31": "-676.00000", "2018-12-31": -1958, "2018-09-30": -869, "2018-06-30": -804, "2018-03-31": "-1649.00000", "2017-12-31": -996, "2017-09-30": -220, "2017-06-30": -816, "2017-03-31": "-1208.00000", "2016-12-31": -468, "2016-09-30": -663, "2016-06-30": -719, "2016-03-31": "-1054.00000", "2015-12-31": -1190, "2015-09-30": -1230, "2015-06-30": -1198, "2015-03-31": "-918.00000", "2014-12-31": -821, "2014-09-30": -1487, "2014-06-30": -1402, "2014-03-31": "-417.00000", "2013-12-31": -1005, "2013-09-30": -744, "2013-06-30": -695, "2013-03-31": "-456.00000", "2012-12-31": -514, "2012-09-30": -368, "2012-06-30": -612, "2012-03-31": "-129.00000", "2011-12-31": -507, "2011-09-30": -1160, "2011-06-30": -455, "2011-03-31": "-224.00000", "2010-12-31": -322, "2010-09-30": -758, "2010-06-30": -256, "2010-03-31": "-274.00000", "2009-12-31": -344, "2009-09-30": -295, "2009-06-30": 271, "2009-03-31": "-311.00000", "2008-12-31": 9.5, "2008-09-30": -44.0999, "2008-06-30": -410.7001, "2008-03-31": "-142.70000", "2007-12-31": -8.2998, "2007-09-30": 76.5, "2007-06-30": -545.5001, "2007-03-31": "-426.99990", "2006-12-31": -183.3003, "2006-09-30": 258.2002, "2006-06-30": 47.3998, "2006-03-31": "-370.99990", "2005-12-31": -259.813, "2005-09-30": -497.7058, "2005-06-30": 142.8138, "2005-03-31": "-685.89500"}, "Net Change In Investments - Total": {"2020-12-31": 748, "2020-09-30": 540, "2020-06-30": 359, "2020-03-31": "-1647.00000", "2019-12-31": -1273, "2019-09-30": -715, "2019-06-30": -358, "2019-03-31": "-676.00000", "2018-12-31": -1958, "2018-09-30": -869, "2018-06-30": -804, "2018-03-31": "-1649.00000", "2017-12-31": -996, "2017-09-30": -220, "2017-06-30": -816, "2017-03-31": "-1208.00000", "2016-12-31": -468, "2016-09-30": -663, "2016-06-30": -719, "2016-03-31": "-1054.00000", "2015-12-31": -1190, "2015-09-30": -1230, "2015-06-30": -1198, "2015-03-31": "-918.00000", "2014-12-31": -821, "2014-09-30": -1487, "2014-06-30": -1402, "2014-03-31": "-417.00000", "2013-12-31": -1005, "2013-09-30": -744, "2013-06-30": -695, "2013-03-31": "-456.00000", "2012-12-31": -514, "2012-09-30": -368, "2012-06-30": -612, "2012-03-31": "-129.00000", "2011-12-31": -507, "2011-09-30": -1160, "2011-06-30": -455, "2011-03-31": "-224.00000", "2010-12-31": -322, "2010-09-30": -758, "2010-06-30": -256, "2010-03-31": "-274.00000", "2009-12-31": -344, "2009-09-30": -295, "2009-06-30": 271, "2009-03-31": "-311.00000", "2008-12-31": 9.5, "2008-09-30": -44.0999, "2008-06-30": -410.7001, "2008-03-31": "-142.70000", "2007-12-31": -8.2998, "2007-09-30": 76.5, "2007-06-30": -545.5001, "2007-03-31": "-426.99990", "2006-12-31": -183.3003, "2006-09-30": 258.2002, "2006-06-30": 47.3998, "2006-03-31": "-370.99990", "2005-12-31": -259.813, "2005-09-30": -497.7058, "2005-06-30": 142.8138, "2005-03-31": "-685.89500"}, "Investing Activities - Other": {"2020-12-31": -10, "2020-09-30": 2, "2020-06-30": 6, "2020-03-31": "2.00000", "2019-12-31": -4, "2019-09-30": 1, "2019-06-30": -1, "2019-03-31": "1.00000", "2018-12-31": 26, "2018-09-30": -7, "2018-06-30": -5, "2018-03-31": "16.00000", "2017-12-31": -4, "2017-09-30": -1, "2017-06-30": 6, "2017-03-31": "1.00000", "2016-12-31": 8, "2016-09-30": -30, "2016-06-30": 141, "2016-03-31": "-202.00000", "2015-12-31": 90, "2015-09-30": -42, "2015-06-30": -4, "2015-03-31": "-54.00000", "2014-12-31": -362, "2014-09-30": 28, "2014-06-30": 43, "2014-03-31": "12.00000", "2013-12-31": -17, "2013-09-30": 28, "2013-06-30": -17, "2013-03-31": "14.00000", "2012-12-31": 13, "2012-09-30": -3, "2012-06-30": -23, "2012-03-31": "-10.00000", "2011-12-31": 0, "2011-09-30": -8, "2011-06-30": 7, "2011-03-31": "-13.00000", "2010-12-31": 2, "2010-09-30": 130, "2010-06-30": -132, "2010-03-31": "8.00000", "2009-12-31": 2, "2009-09-30": -34, "2009-06-30": 9, "2009-03-31": "8.00000", "2008-12-31": -55.9, "2008-09-30": 21.2, "2008-06-30": 10.8, "2008-03-31": "0.90000", "2007-12-31": -7, "2007-09-30": -47.7, "2007-06-30": -0.1, "2007-03-31": "-49.50000", "2006-12-31": -11.5, "2006-09-30": -168, "2006-06-30": -51.6, "2006-03-31": "21.70000", "2005-12-31": -28.285, "2005-09-30": -7.285, "2005-06-30": -1.534, "2005-03-31": "-0.79600"}, "Cash Flow From Investing Activities": {"2020-12-31": 772, "2020-09-30": 524, "2020-06-30": 357, "2020-03-31": "-1653.00000", "2019-12-31": -1287, "2019-09-30": -726, "2019-06-30": -368, "2019-03-31": "-684.00000", "2018-12-31": -1975, "2018-09-30": -890, "2018-06-30": -829, "2018-03-31": "-1656.00000", "2017-12-31": -1062, "2017-09-30": -236, "2017-06-30": -800, "2017-03-31": "-1194.00000", "2016-12-31": -462, "2016-09-30": -702, "2016-06-30": -548, "2016-03-31": "-1269.00000", "2015-12-31": -1158, "2015-09-30": -1301, "2015-06-30": -1146, "2015-03-31": "-968.00000", "2014-12-31": -1193, "2014-09-30": -1465, "2014-06-30": -544, "2014-03-31": "-426.00000", "2013-12-31": -1002, "2013-09-30": -721, "2013-06-30": -722, "2013-03-31": "-470.00000", "2012-12-31": -487, "2012-09-30": -112, "2012-06-30": -643, "2012-03-31": "-183.00000", "2011-12-31": -508, "2011-09-30": -1190, "2011-06-30": -484, "2011-03-31": "-257.00000", "2010-12-31": -331, "2010-09-30": -667, "2010-06-30": -404, "2010-03-31": "-303.00000", "2009-12-31": -378, "2009-09-30": -362, "2009-06-30": 271, "2009-03-31": "-314.00000", "2008-12-31": -61.1, "2008-09-30": -31.8, "2008-06-30": -457.4, "2008-03-31": "-170.70000", "2007-12-31": -47.7, "2007-09-30": -219.3, "2007-06-30": -546.3, "2007-03-31": "-468.40000", "2006-12-31": -130.8, "2006-09-30": -24.2, "2006-06-30": -11.7, "2006-03-31": "-195.70000", "2005-12-31": -215.854, "2005-09-30": -443.752, "2005-06-30": 90.874, "2005-03-31": "-687.06800"}, "Net Long-Term Debt": {"2020-12-31": -635, "2020-09-30": 196, "2020-06-30": 439, "2020-03-31": "", "2019-12-31": 44, "2019-09-30": 0, "2019-06-30": 0, "2019-03-31": "121.00000", "2018-12-31": 0, "2018-09-30": 0, "2018-06-30": 0, "2018-03-31": "", "2017-12-31": -23, "2017-09-30": -125, "2017-06-30": 115, "2017-03-31": "", "2016-12-31": -18, "2016-09-30": 302, "2016-06-30": 0, "2016-03-31": "", "2015-12-31": 135, "2015-09-30": -145, "2015-06-30": -37, "2015-03-31": "", "2014-12-31": -1, "2014-09-30": 145, "2014-06-30": -1, "2014-03-31": "", "2013-12-31": 0, "2013-09-30": -36, "2013-06-30": -1, "2013-03-31": "-3.00000", "2012-12-31": -14, "2012-09-30": -196, "2012-06-30": 220, "2012-03-31": "-3.00000", "2011-12-31": -3, "2011-09-30": -3, "2011-06-30": -9, "2011-03-31": "-3.00000", "2010-12-31": -2, "2010-09-30": 98, "2010-06-30": 24, "2010-03-31": "", "2009-12-31": 47, "2009-09-30": -38, "2009-06-30": -226, "2009-03-31": "13.00000", "2008-12-31": 75.6, "2008-09-30": -63.1, "2008-06-30": -14.5, "2008-03-31": "49.00000", "2007-12-31": 33.2, "2007-09-30": -6.2, "2007-06-30": -49.2, "2007-03-31": "18.70000", "2006-12-31": -3.2, "2006-09-30": 174.2, "2006-06-30": -13.9, "2006-03-31": "-90.60000", "2005-12-31": -101.674, "2005-09-30": 3.991, "2005-06-30": -3.091, "2005-03-31": "-14.52600"}, "Net Current Debt": {"2020-12-31": -44, "2020-09-30": 16, "2020-06-30": 13, "2020-03-31": "15.00000", "2019-12-31": 15, "2019-09-30": 17, "2019-06-30": 15, "2019-03-31": "13.00000", "2018-12-31": 12, "2018-09-30": 14, "2018-06-30": 10, "2018-03-31": "11.00000", "2017-12-31": 11, "2017-09-30": 13, "2017-06-30": 13, "2017-03-31": "17.00000", "2016-12-31": 13, "2016-09-30": 12, "2016-06-30": 8, "2016-03-31": "9.00000", "2015-12-31": 11, "2015-09-30": 12, "2015-06-30": 10, "2015-03-31": "10.00000", "2014-12-31": 7, "2014-09-30": 20, "2014-06-30": 10, "2014-03-31": "6.00000", "2013-12-31": 7, "2013-09-30": 13, "2013-06-30": 9, "2013-03-31": "3.00000", "2012-12-31": 5, "2012-09-30": 22, "2012-06-30": 1, "2012-03-31": "8.00000", "2011-12-31": 39, "2011-09-30": 0, "2011-06-30": 0, "2011-03-31": "", "2010-12-31": 7, "2010-09-30": 0, "2010-06-30": 0, "2010-03-31": "", "2009-12-31": -10, "2009-09-30": 0, "2009-06-30": 0, "2009-03-31": "", "2008-12-31": 6.4, "2008-09-30": 11.9, "2008-06-30": 8.4, "2008-03-31": "19.30000", "2007-12-31": 8.3, "2007-09-30": 19.4, "2007-06-30": 23, "2007-03-31": "8.90000", "2006-12-31": 7.7, "2006-09-30": 10.6, "2006-06-30": 3.1, "2006-03-31": "4.10000", "2005-12-31": 1.273, "2005-09-30": 5.459, "2005-06-30": 4.412, "2005-03-31": "0.25600"}, "Debt Issuance/Retirement Net - Total": {"2020-12-31": -679, "2020-09-30": 212, "2020-06-30": 452, "2020-03-31": "15.00000", "2019-12-31": 59, "2019-09-30": 17, "2019-06-30": 15, "2019-03-31": "134.00000", "2018-12-31": 12, "2018-09-30": 14, "2018-06-30": 10, "2018-03-31": "11.00000", "2017-12-31": -12, "2017-09-30": -112, "2017-06-30": 128, "2017-03-31": "17.00000", "2016-12-31": -5, "2016-09-30": 314, "2016-06-30": 8, "2016-03-31": "9.00000", "2015-12-31": 146, "2015-09-30": -133, "2015-06-30": -27, "2015-03-31": "10.00000", "2014-12-31": 6, "2014-09-30": 165, "2014-06-30": 9, "2014-03-31": "6.00000", "2013-12-31": 7, "2013-09-30": -23, "2013-06-30": 8, "2013-03-31": "", "2012-12-31": -9, "2012-09-30": -174, "2012-06-30": 221, "2012-03-31": "5.00000", "2011-12-31": 36, "2011-09-30": -3, "2011-06-30": -9, "2011-03-31": "-3.00000", "2010-12-31": 5, "2010-09-30": 98, "2010-06-30": 24, "2010-03-31": "", "2009-12-31": 37, "2009-09-30": -38, "2009-06-30": -226, "2009-03-31": "13.00000", "2008-12-31": 82, "2008-09-30": -51.2, "2008-06-30": -6.1, "2008-03-31": "68.30000", "2007-12-31": 41.5, "2007-09-30": 13.2, "2007-06-30": -26.2, "2007-03-31": "27.60000", "2006-12-31": 4.5, "2006-09-30": 184.8, "2006-06-30": -10.8, "2006-03-31": "-86.50000", "2005-12-31": -100.401, "2005-09-30": 9.45, "2005-06-30": 1.321, "2005-03-31": "-14.27000"}, "Net Common Equity Issued/Repurchased": {"2020-12-31": 218, "2020-09-30": -93, "2020-06-30": -74, "2020-03-31": "-51.00000", "2019-12-31": 7, "2019-09-30": 10, "2019-06-30": 12, "2019-03-31": "7.00000", "2018-12-31": 1, "2018-09-30": 5, "2018-06-30": 7, "2018-03-31": "14.00000", "2017-12-31": 7, "2017-09-30": 3, "2017-06-30": 12, "2017-03-31": "15.00000", "2016-12-31": -323, "2016-09-30": -12, "2016-06-30": -15, "2016-03-31": "-63.00000", "2015-12-31": 1, "2015-09-30": -22, "2015-06-30": -32, "2015-03-31": "-12.00000", "2014-12-31": -52, "2014-09-30": -72, "2014-06-30": -7, "2014-03-31": "-13.00000", "2013-12-31": 9, "2013-09-30": 14, "2013-06-30": -57, "2013-03-31": "18.00000", "2012-12-31": -81, "2012-09-30": -157, "2012-06-30": -89, "2012-03-31": "-42.00000", "2011-12-31": -32, "2011-09-30": -82, "2011-06-30": -89, "2011-03-31": "-73.00000", "2010-12-31": -86, "2010-09-30": -34, "2010-06-30": -72, "2010-03-31": "-68.00000", "2009-12-31": -79, "2009-09-30": 12, "2009-06-30": 1, "2009-03-31": "", "2008-12-31": 2.8, "2008-09-30": 6.3, "2008-06-30": -11.3, "2008-03-31": "-21.80000", "2007-12-31": -61.9, "2007-09-30": -103.5, "2007-06-30": -9.7, "2007-03-31": "-5.70000", "2006-12-31": 10.8, "2006-09-30": 16.1, "2006-06-30": 1.3, "2006-03-31": "10.50000", "2005-12-31": 14.242, "2005-09-30": 4.875, "2005-06-30": 3.332, "2005-03-31": "3.35100"}, "Net Total Equity Issued/Repurchased": {"2020-12-31": 218, "2020-09-30": -93, "2020-06-30": -74, "2020-03-31": "-51.00000", "2019-12-31": 7, "2019-09-30": 10, "2019-06-30": 12, "2019-03-31": "7.00000", "2018-12-31": 1, "2018-09-30": 5, "2018-06-30": 7, "2018-03-31": "14.00000", "2017-12-31": 7, "2017-09-30": 3, "2017-06-30": 12, "2017-03-31": "15.00000", "2016-12-31": -323, "2016-09-30": -12, "2016-06-30": -15, "2016-03-31": "-63.00000", "2015-12-31": 1, "2015-09-30": -22, "2015-06-30": -32, "2015-03-31": "-12.00000", "2014-12-31": -52, "2014-09-30": -72, "2014-06-30": -7, "2014-03-31": "-13.00000", "2013-12-31": 9, "2013-09-30": 14, "2013-06-30": -57, "2013-03-31": "18.00000", "2012-12-31": -81, "2012-09-30": -157, "2012-06-30": -89, "2012-03-31": "-42.00000", "2011-12-31": -32, "2011-09-30": -82, "2011-06-30": -89, "2011-03-31": "-73.00000", "2010-12-31": -86, "2010-09-30": -34, "2010-06-30": -72, "2010-03-31": "-68.00000", "2009-12-31": -79, "2009-09-30": 12, "2009-06-30": 1, "2009-03-31": "", "2008-12-31": 2.8, "2008-09-30": 6.3, "2008-06-30": -11.3, "2008-03-31": "-21.80000", "2007-12-31": -61.9, "2007-09-30": -103.5, "2007-06-30": -9.7, "2007-03-31": "-5.70000", "2006-12-31": 10.8, "2006-09-30": 16.1, "2006-06-30": 1.3, "2006-03-31": "10.50000", "2005-12-31": 14.242, "2005-09-30": 4.875, "2005-06-30": 3.332, "2005-03-31": "3.35100"}, "Total Common And Preferred Stock Dividends Paid": {"2020-12-31": 119, "2020-09-30": -38, "2020-06-30": -41, "2020-03-31": "-40.00000", "2019-12-31": -203, "2019-09-30": -36, "2019-06-30": -169, "2019-03-31": "-36.00000", "2018-12-31": -169, "2018-09-30": -31, "2018-06-30": -163, "2018-03-31": "-31.00000", "2017-12-31": -205, "2017-09-30": -27, "2017-06-30": -158, "2017-03-31": "-27.00000", "2016-12-31": -113, "2016-09-30": -24, "2016-06-30": -24, "2016-03-31": "-24.00000", "2015-12-31": -111, "2015-09-30": -21, "2015-06-30": -22, "2015-03-31": "-22.00000", "2014-12-31": -108, "2014-09-30": -20, "2014-06-30": -20, "2014-03-31": "-19.00000", "2013-12-31": -108, "2013-09-30": -18, "2013-06-30": -17, "2013-03-31": "-17.00000", "2012-12-31": -40, "2012-09-30": -17, "2012-06-30": -16, "2012-03-31": "-17.00000", "2011-12-31": -17, "2011-09-30": -16, "2011-06-30": -18, "2011-03-31": "-16.00000", "2010-12-31": -17, "2010-09-30": -15, "2010-06-30": -16, "2010-03-31": "-15.00000", "2009-12-31": -15, "2009-09-30": -15, "2009-06-30": -15, "2009-03-31": "-15.00000", "2008-12-31": -13.8, "2008-09-30": -12.6, "2008-06-30": -12.2, "2008-03-31": "-12.40000", "2007-12-31": -10.2, "2007-09-30": -10.5, "2007-06-30": -10.7, "2007-03-31": "-10.50000", "2006-12-31": -9.6, "2006-09-30": -9.6, "2006-06-30": -9.5, "2006-03-31": "-9.50000", "2005-12-31": -8.455, "2005-09-30": -8.425, "2005-06-30": -8.078, "2005-03-31": "-8.14200"}, "Financial Activities - Other": {"2020-12-31": -167, "2020-09-30": -165, "2020-06-30": -224, "2020-03-31": "556.00000", "2019-12-31": 280, "2019-09-30": 240, "2019-06-30": 461, "2019-03-31": "610.00000", "2018-12-31": 831, "2018-09-30": 647, "2018-06-30": 694, "2018-03-31": "592.00000", "2017-12-31": 450, "2017-09-30": 95, "2017-06-30": 485, "2017-03-31": "1048.00000", "2016-12-31": 967, "2016-09-30": 265, "2016-06-30": 808, "2016-03-31": "950.00000", "2015-12-31": 1002, "2015-09-30": 824, "2015-06-30": 1052, "2015-03-31": "464.00000", "2014-12-31": 823, "2014-09-30": 411, "2014-06-30": 507, "2014-03-31": "485.00000", "2013-12-31": 1030, "2013-09-30": 616, "2013-06-30": 393, "2013-03-31": "234.00000", "2012-12-31": 366, "2012-09-30": 302, "2012-06-30": 412, "2012-03-31": "325.00000", "2011-12-31": 848, "2011-09-30": 526, "2011-06-30": 585, "2011-03-31": "360.00000", "2010-12-31": 305, "2010-09-30": 427, "2010-06-30": 241, "2010-03-31": "43.00000", "2009-12-31": -34, "2009-09-30": 118, "2009-06-30": 35, "2009-03-31": "-55.00000", "2008-12-31": -47.4001, "2008-09-30": 129.8001, "2008-06-30": 161.2, "2008-03-31": "-65.60000", "2007-12-31": -2.5, "2007-09-30": 20.7, "2007-06-30": 77.5, "2007-03-31": "51.00000", "2006-12-31": 144.4, "2006-09-30": 90.1, "2006-06-30": -2.4, "2006-03-31": "-72.60000", "2005-12-31": -26.717, "2005-09-30": -61.331, "2005-06-30": -38.309, "2005-03-31": "81.15700"}, "Cash Flow From Financial Activities": {"2020-12-31": -509, "2020-09-30": -84, "2020-06-30": 113, "2020-03-31": "480.00000", "2019-12-31": 143, "2019-09-30": 231, "2019-06-30": 319, "2019-03-31": "715.00000", "2018-12-31": 675, "2018-09-30": 635, "2018-06-30": 548, "2018-03-31": "586.00000", "2017-12-31": 240, "2017-09-30": -41, "2017-06-30": 467, "2017-03-31": "1053.00000", "2016-12-31": 526, "2016-09-30": 543, "2016-06-30": 777, "2016-03-31": "872.00000", "2015-12-31": 1038, "2015-09-30": 648, "2015-06-30": 971, "2015-03-31": "440.00000", "2014-12-31": 669, "2014-09-30": 484, "2014-06-30": 489, "2014-03-31": "459.00000", "2013-12-31": 938, "2013-09-30": 589, "2013-06-30": 327, "2013-03-31": "235.00000", "2012-12-31": 236, "2012-09-30": -46, "2012-06-30": 528, "2012-03-31": "271.00000", "2011-12-31": 835, "2011-09-30": 425, "2011-06-30": 469, "2011-03-31": "268.00000", "2010-12-31": 207, "2010-09-30": 476, "2010-06-30": 177, "2010-03-31": "-40.00000", "2009-12-31": -91, "2009-09-30": 77, "2009-06-30": -205, "2009-03-31": "-57.00000", "2008-12-31": 23.6, "2008-09-30": 72.3, "2008-06-30": 131.6, "2008-03-31": "-31.50000", "2007-12-31": -33.1, "2007-09-30": -80.1, "2007-06-30": 30.9, "2007-03-31": "62.40000", "2006-12-31": 150.1, "2006-09-30": 281.4, "2006-06-30": -21.4, "2006-03-31": "-158.10000", "2005-12-31": -121.331, "2005-09-30": -55.431, "2005-06-30": -41.734, "2005-03-31": "62.09600"}, "Net Cash Flow": {"2020-12-31": -1433, "2020-09-30": 1049, "2020-06-30": 1025, "2020-03-31": "-641.00000", "2019-12-31": -379, "2019-09-30": 319, "2019-06-30": 374, "2019-03-31": "485.00000", "2018-12-31": -494, "2018-09-30": 199, "2018-06-30": 151, "2018-03-31": "-679.00000", "2017-12-31": -11, "2017-09-30": 142, "2017-06-30": 317, "2017-03-31": "-217.00000", "2016-12-31": 468, "2016-09-30": 91, "2016-06-30": 317, "2016-03-31": "11.00000", "2015-12-31": 326, "2015-09-30": -322, "2015-06-30": 4, "2015-03-31": "-131.00000", "2014-12-31": 33, "2014-09-30": -806, "2014-06-30": 240, "2014-03-31": "237.00000", "2013-12-31": 308, "2013-09-30": 60, "2013-06-30": -258, "2013-03-31": "-176.00000", "2012-12-31": 79, "2012-09-30": 103, "2012-06-30": 101, "2012-03-31": "98.00000", "2011-12-31": 333, "2011-09-30": -638, "2011-06-30": 130, "2011-03-31": "400.00000", "2010-12-31": -41, "2010-09-30": 129, "2010-06-30": -159, "2010-03-31": "50.00000", "2009-12-31": -315, "2009-09-30": -16, "2009-06-30": 136, "2009-03-31": "51.00000", "2008-12-31": 70.3, "2008-09-30": 350.5, "2008-06-30": -140.3, "2008-03-31": "167.50000", "2007-12-31": 86.7, "2007-09-30": 49.7, "2007-06-30": -423.4, "2007-03-31": "-226.10000", "2006-12-31": 189.2, "2006-09-30": 544.6, "2006-06-30": 30, "2006-03-31": "93.40000", "2005-12-31": -169.466, "2005-09-30": -156.18, "2005-06-30": 270.097, "2005-03-31": "-334.35100"}, "Stock-Based Compensation": {"2020-12-31": 0, "2020-09-30": 0, "2020-06-30": 0, "2020-03-31": "", "2019-12-31": 0, "2019-09-30": 0, "2019-06-30": 0, "2019-03-31": "", "2018-12-31": 0, "2018-09-30": 0, "2018-06-30": 0, "2018-03-31": "", "2017-12-31": 0, "2017-09-30": 0, "2017-06-30": 0, "2017-03-31": "", "2016-12-31": 0, "2016-09-30": 0, "2016-06-30": 0, "2016-03-31": "", "2015-12-31": 0, "2015-09-30": 0, "2015-06-30": 0, "2015-03-31": "", "2014-12-31": 0, "2014-09-30": 0, "2014-06-30": 0, "2014-03-31": "", "2013-12-31": 0, "2013-09-30": 0, "2013-06-30": 0, "2013-03-31": "", "2012-12-31": 0, "2012-09-30": 0, "2012-06-30": 0, "2012-03-31": "", "2011-12-31": 0, "2011-09-30": 0, "2011-06-30": 0, "2011-03-31": "", "2010-12-31": 0, "2010-09-30": 0, "2010-06-30": 0, "2010-03-31": "", "2009-12-31": 0, "2009-09-30": 0, "2009-06-30": 0, "2009-03-31": "", "2008-12-31": 0, "2008-09-30": 0, "2008-06-30": 0, "2008-03-31": "", "2007-12-31": 0, "2007-09-30": 0, "2007-06-30": 0, "2007-03-31": "", "2006-12-31": 0, "2006-09-30": 0, "2006-06-30": 0, "2006-03-31": "", "2005-12-31": 0, "2005-09-30": 0, "2005-06-30": 0, "2005-03-31": ""}, "Common Stock Dividends Paid": {"2020-12-31": 119, "2020-09-30": -38, "2020-06-30": -41, "2020-03-31": "-40.00000", "2019-12-31": -203, "2019-09-30": -36, "2019-06-30": -169, "2019-03-31": "-36.00000", "2018-12-31": -169, "2018-09-30": -31, "2018-06-30": -163, "2018-03-31": "-31.00000", "2017-12-31": -205, "2017-09-30": -27, "2017-06-30": -158, "2017-03-31": "-27.00000", "2016-12-31": -113, "2016-09-30": -24, "2016-06-30": -24, "2016-03-31": "-24.00000", "2015-12-31": -111, "2015-09-30": -21, "2015-06-30": -22, "2015-03-31": "-22.00000", "2014-12-31": -108, "2014-09-30": -20, "2014-06-30": -20, "2014-03-31": "-19.00000", "2013-12-31": -108, "2013-09-30": -18, "2013-06-30": -17, "2013-03-31": "-17.00000", "2012-12-31": -40, "2012-09-30": -17, "2012-06-30": -16, "2012-03-31": "-17.00000", "2011-12-31": -17, "2011-09-30": -16, "2011-06-30": -18, "2011-03-31": "-16.00000", "2010-12-31": -17, "2010-09-30": -15, "2010-06-30": -16, "2010-03-31": "-15.00000", "2009-12-31": -15, "2009-09-30": -15, "2009-06-30": -15, "2009-03-31": "-15.00000", "2008-12-31": -13.8, "2008-09-30": -12.6, "2008-06-30": -12.2, "2008-03-31": "-12.40000", "2007-12-31": -10.2, "2007-09-30": -10.5, "2007-06-30": -10.7, "2007-03-31": "-10.50000", "2006-12-31": -9.6, "2006-09-30": -9.6, "2006-06-30": -9.5, "2006-03-31": "-9.50000", "2005-12-31": -8.455, "2005-09-30": -8.425, "2005-06-30": -8.078, "2005-03-31": "-8.14200"}}, "financial ratios": {"Current Ratio": {"2019-12-31": "", "2018-12-31": "", "2017-12-31": "", "2016-12-31": "", "2015-12-31": "", "2014-12-31": "", "2013-12-31": "", "2012-12-31": "", "2011-12-31": "", "2010-12-31": "", "2009-12-31": "", "2008-12-31": "", "2007-12-31": "", "2006-12-31": "", "2005-12-31": ""}, "Long-term Debt / Capital": {"2019-12-31": "0.19030", "2018-12-31": "0.20750", "2017-12-31": "0.19620", "2016-12-31": "0.20690", "2015-12-31": "0.17300", "2014-12-31": "0.17350", "2013-12-31": "0.16070", "2012-12-31": "0.16720", "2011-12-31": "0.17010", "2010-12-31": "0.17090", "2009-12-31": "0.17440", "2008-12-31": "0.28360", "2007-12-31": "0.23520", "2006-12-31": "0.23920", "2005-12-31": "0.28920"}, "Debt/Equity Ratio": {"2019-12-31": "0.23500", "2018-12-31": "0.26190", "2017-12-31": "0.24400", "2016-12-31": "0.26080", "2015-12-31": "0.20920", "2014-12-31": "0.20990", "2013-12-31": "0.19140", "2012-12-31": "0.20070", "2011-12-31": "0.20500", "2010-12-31": "0.20610", "2009-12-31": "0.21130", "2008-12-31": "0.39580", "2007-12-31": "0.30760", "2006-12-31": "0.31450", "2005-12-31": "0.40680"}, "Gross Margin": {"2019-12-31": "", "2018-12-31": "", "2017-12-31": "", "2016-12-31": "", "2015-12-31": "", "2014-12-31": "", "2013-12-31": "", "2012-12-31": "", "2011-12-31": "", "2010-12-31": "", "2009-12-31": "", "2008-12-31": "", "2007-12-31": "", "2006-12-31": "", "2005-12-31": ""}, "Operating Margin": {"2019-12-31": "13.45150", "2018-12-31": "8.93710", "2017-12-31": "10.54630", "2016-12-31": "12.11140", "2015-12-31": "9.19450", "2014-12-31": "10.91920", "2013-12-31": "13.50190", "2012-12-31": "10.83320", "2011-12-31": "12.01810", "2010-12-31": "15.43250", "2009-12-31": "18.79630", "2008-12-31": "7.36080", "2007-12-31": "14.59080", "2006-12-31": "16.43670", "2005-12-31": "8.20950"}, "EBIT Margin": {"2019-12-31": "14.27700", "2018-12-31": "9.80420", "2017-12-31": "11.78440", "2016-12-31": "13.29640", "2015-12-31": "10.41500", "2014-12-31": "12.21000", "2013-12-31": "14.89320", "2012-12-31": "12.34620", "2011-12-31": "13.61190", "2010-12-31": "17.16700", "2009-12-31": "20.34720", "2008-12-31": "8.99140", "2007-12-31": "16.21910", "2006-12-31": "18.15280", "2005-12-31": "10.20480"}, "EBITDA Margin": {"2019-12-31": "17.42140", "2018-12-31": "12.74130", "2017-12-31": "13.34310", "2016-12-31": "15.35860", "2015-12-31": "12.59560", "2014-12-31": "14.72180", "2013-12-31": "17.67590", "2012-12-31": "17.53080", "2011-12-31": "17.48870", "2010-12-31": "21.65890", "2009-12-31": "24.93060", "2008-12-31": "14.13930", "2007-12-31": "20.65630", "2006-12-31": "22.10570", "2005-12-31": "15.55060"}, "Pre-Tax Profit Margin": {"2019-12-31": "13.45150", "2018-12-31": "8.93710", "2017-12-31": "10.54630", "2016-12-31": "12.11140", "2015-12-31": "9.19450", "2014-12-31": "10.91920", "2013-12-31": "13.50190", "2012-12-31": "10.83320", "2011-12-31": "12.01810", "2010-12-31": "15.43250", "2009-12-31": "18.79630", "2008-12-31": "7.36080", "2007-12-31": "14.59080", "2006-12-31": "16.43670", "2005-12-31": "8.20950"}, "Net Profit Margin": {"2019-12-31": "10.88990", "2018-12-31": "7.41260", "2017-12-31": "6.91920", "2016-12-31": "9.98770", "2015-12-31": "5.72820", "2014-12-31": "7.88420", "2013-12-31": "9.22990", "2012-12-31": "9.84470", "2011-12-31": "7.36590", "2010-12-31": "10.71830", "2009-12-31": "12.01390", "2008-12-31": "4.56560", "2007-12-31": "8.75130", "2006-12-31": "10.73210", "2005-12-31": "5.18520"}, "Asset Turnover": {"2019-12-31": "0.11750", "2018-12-31": "0.11270", "2017-12-31": "0.11320", "2016-12-31": "0.11800", "2015-12-31": "0.12330", "2014-12-31": "0.12060", "2013-12-31": "0.12120", "2012-12-31": "0.12650", "2011-12-31": "0.12960", "2010-12-31": "0.13860", "2009-12-31": "0.15610", "2008-12-31": "0.16240", "2007-12-31": "0.16970", "2006-12-31": "0.16830", "2005-12-31": "0.17460"}, "Inventory Turnover Ratio": {"2019-12-31": "", "2018-12-31": "", "2017-12-31": "", "2016-12-31": "", "2015-12-31": "", "2014-12-31": "", "2013-12-31": "", "2012-12-31": "", "2011-12-31": "", "2010-12-31": "", "2009-12-31": "", "2008-12-31": "", "2007-12-31": "", "2006-12-31": "", "2005-12-31": ""}, "Receiveable Turnover": {"2019-12-31": "", "2018-12-31": "", "2017-12-31": "", "2016-12-31": "", "2015-12-31": "", "2014-12-31": "", "2013-12-31": "", "2012-12-31": "", "2011-12-31": "", "2010-12-31": "", "2009-12-31": "", "2008-12-31": "", "2007-12-31": "", "2006-12-31": "", "2005-12-31": ""}, "Days Sales In Receivables": {"2019-12-31": "", "2018-12-31": "", "2017-12-31": "", "2016-12-31": "", "2015-12-31": "", "2014-12-31": "", "2013-12-31": "", "2012-12-31": "", "2011-12-31": "", "2010-12-31": "", "2009-12-31": "", "2008-12-31": "", "2007-12-31": "", "2006-12-31": "", "2005-12-31": ""}, "ROE - Return On Equity": {"2019-12-31": "13.86190", "2018-12-31": "10.39820", "2017-12-31": "8.94770", "2016-12-31": "13.58000", "2015-12-31": "7.75680", "2014-12-31": "8.03320", "2013-12-31": "9.49880", "2012-12-31": "8.46670", "2011-12-31": "7.00020", "2010-12-31": "9.22080", "2009-12-31": "13.52390", "2008-12-31": "7.68760", "2007-12-31": "13.56160", "2006-12-31": "14.61980", "2005-12-31": "7.97930"}, "Return On Tangible Equity": {"2019-12-31": "14.33520", "2018-12-31": "10.85000", "2017-12-31": "9.29460", "2016-12-31": "14.15250", "2015-12-31": "8.09450", "2014-12-31": "8.36600", "2013-12-31": "9.88220", "2012-12-31": "8.81000", "2011-12-31": "7.29810", "2010-12-31": "9.60760", "2009-12-31": "14.28190", "2008-12-31": "8.36330", "2007-12-31": "14.53710", "2006-12-31": "15.50830", "2005-12-31": "8.56070"}, "ROA - Return On Assets": {"2019-12-31": "1.23910", "2018-12-31": "0.81470", "2017-12-31": "0.78640", "2016-12-31": "1.21300", "2015-12-31": "0.74240", "2014-12-31": "0.85410", "2013-12-31": "1.07630", "2012-12-31": "1.02630", "2011-12-31": "0.89010", "2010-12-31": "1.31260", "2009-12-31": "1.91450", "2008-12-31": "0.75680", "2007-12-31": "1.60070", "2006-12-31": "1.70590", "2005-12-31": "0.85950"}, "ROI - Return On Investment": {"2019-12-31": "11.22450", "2018-12-31": "8.24040", "2017-12-31": "7.19240", "2016-12-31": "10.77070", "2015-12-31": "6.41470", "2014-12-31": "6.63940", "2013-12-31": "7.97250", "2012-12-31": "7.05140", "2011-12-31": "5.80950", "2010-12-31": "7.64540", "2009-12-31": "11.16500", "2008-12-31": "5.50770", "2007-12-31": "10.37160", "2006-12-31": "11.12240", "2005-12-31": "5.67210"}, "Book Value Per Share": {"2019-12-31": "69.42110", "2018-12-31": "55.68250", "2017-12-31": "60.39080", "2016-12-31": "56.58970", "2015-12-31": "54.53050", "2014-12-31": "57.62240", "2013-12-31": "53.27720", "2012-12-31": "53.36090", "2011-12-31": "46.57320", "2010-12-31": "43.92970", "2009-12-31": "34.56340", "2008-12-31": "22.50540", "2007-12-31": "26.83810", "2006-12-31": "24.54990", "2005-12-31": "20.98700"}, "Operating Cash Flow Per Share": {"2019-12-31": 3.9978, "2018-12-31": 2.9021, "2017-12-31": 7.0947, "2016-12-31": -2.1398, "2015-12-31": 1.6067, "2014-12-31": 5.1942, "2013-12-31": -0.186, "2012-12-31": 2.0373, "2011-12-31": -1.337, "2010-12-31": -0.0149, "2009-12-31": -0.5037, "2008-12-31": 1.9374, "2007-12-31": -1.6297, "2006-12-31": -0.6484, "2005-12-31": 8.6783}, "Free Cash Flow Per Share": {"2019-12-31": 4.4082, "2018-12-31": 2.6535, "2017-12-31": 6.4256, "2016-12-31": -2.2398, "2015-12-31": 2.1372, "2014-12-31": 5.0288, "2013-12-31": 0.3154, "2012-12-31": 2.1452, "2011-12-31": -1.5101, "2010-12-31": -0.1261, "2009-12-31": -0.6747, "2008-12-31": 1.7038, "2007-12-31": -2.2685, "2006-12-31": -0.5279, "2005-12-31": 9.0789}}, "financial ratios, quarterly": {"Current Ratio": {"2020-09-30": "", "2020-06-30": "", "2020-03-31": "", "2019-12-31": "", "2019-09-30": "", "2019-06-30": "", "2019-03-31": "", "2018-12-31": "", "2018-09-30": "", "2018-06-30": "", "2018-03-31": "", "2017-12-31": "", "2017-09-30": "", "2017-06-30": "", "2017-03-31": "", "2016-12-31": "", "2016-09-30": "", "2016-06-30": "", "2016-03-31": "", "2015-12-31": "", "2015-09-30": "", "2015-06-30": "", "2015-03-31": "", "2014-12-31": "", "2014-09-30": "", "2014-06-30": "", "2014-03-31": "", "2013-12-31": "", "2013-09-30": "", "2013-06-30": "", "2013-03-31": "", "2012-12-31": "", "2012-09-30": "", "2012-06-30": "", "2012-03-31": "", "2011-12-31": "", "2011-09-30": "", "2011-06-30": "", "2011-03-31": "", "2010-12-31": "", "2010-09-30": "", "2010-06-30": "", "2010-03-31": "", "2009-12-31": "", "2009-09-30": "", "2009-06-30": "", "2009-03-31": "", "2008-12-31": "", "2008-09-30": "", "2008-06-30": "", "2008-03-31": "", "2007-12-31": "", "2007-09-30": "", "2007-06-30": "", "2007-03-31": "", "2006-12-31": "", "2006-09-30": "", "2006-06-30": "", "2006-03-31": "", "2005-12-31": "", "2005-09-30": "", "2005-06-30": "", "2005-03-31": ""}, "Long-term Debt / Capital": {"2020-09-30": "0.24950", "2020-06-30": "0.23790", "2020-03-31": "0.22590", "2019-12-31": "0.19030", "2019-09-30": "0.18380", "2019-06-30": "0.18940", "2019-03-31": "0.20080", "2018-12-31": "0.20750", "2018-09-30": "0.20140", "2018-06-30": "0.20380", "2018-03-31": "0.20060", "2017-12-31": "0.19620", "2017-09-30": "0.19270", "2017-06-30": "0.20920", "2017-03-31": "0.19810", "2016-12-31": "0.20690", "2016-09-30": "0.19530", "2016-06-30": "0.16120", "2016-03-31": "0.16820", "2015-12-31": "0.17300", "2015-09-30": "0.15210", "2015-06-30": "0.17040", "2015-03-31": "0.17220", "2014-12-31": "0.17350", "2014-09-30": "0.17300", "2014-06-30": "0.15020", "2014-03-31": "0.15510", "2013-12-31": "0.16070", "2013-09-30": "0.16240", "2013-06-30": "0.16990", "2013-03-31": "0.16220", "2012-12-31": "0.16720", "2012-09-30": "0.16290", "2012-06-30": "0.19520", "2012-03-31": "0.16440", "2011-12-31": "0.17010", "2011-09-30": "0.16860", "2011-06-30": "0.16890", "2011-03-31": "0.17070", "2010-12-31": "0.17090", "2010-09-30": "0.16790", "2010-06-30": "0.16110", "2010-03-31": "0.16060", "2009-12-31": "0.17440", "2009-09-30": "0.18740", "2009-06-30": "0.22280", "2009-03-31": "0.28320", "2008-12-31": "0.28360", "2008-09-30": "0.25540", "2008-06-30": "0.25760", "2008-03-31": "0.24700", "2007-12-31": "0.23520", "2007-09-30": "0.22950", "2007-06-30": "0.23200", "2007-03-31": "0.23310", "2006-12-31": "0.23920", "2006-09-30": "0.25070", "2006-06-30": "0.26700", "2006-03-31": "0.27190", "2005-12-31": "0.28920", "2005-09-30": "0.29730", "2005-06-30": "0.28350", "2005-03-31": "0.30090"}, "Debt/Equity Ratio": {"2020-09-30": "0.33250", "2020-06-30": "0.31210", "2020-03-31": "0.29190", "2019-12-31": "0.23500", "2019-09-30": "0.22510", "2019-06-30": "0.23370", "2019-03-31": "0.25120", "2018-12-31": "0.26190", "2018-09-30": "0.25210", "2018-06-30": "0.25590", "2018-03-31": "0.25100", "2017-12-31": "0.24400", "2017-09-30": "0.23870", "2017-06-30": "0.26450", "2017-03-31": "0.24700", "2016-12-31": "0.26080", "2016-09-30": "0.24260", "2016-06-30": "0.19220", "2016-03-31": "0.20210", "2015-12-31": "0.20920", "2015-09-30": "0.17940", "2015-06-30": "0.20550", "2015-03-31": "0.20800", "2014-12-31": "0.20990", "2014-09-30": "0.20910", "2014-06-30": "0.17680", "2014-03-31": "0.18360", "2013-12-31": "0.19140", "2013-09-30": "0.19380", "2013-06-30": "0.20460", "2013-03-31": "0.19360", "2012-12-31": "0.20070", "2012-09-30": "0.19460", "2012-06-30": "0.24250", "2012-03-31": "0.19670", "2011-12-31": "0.20500", "2011-09-30": "0.20280", "2011-06-30": "0.20320", "2011-03-31": "0.20580", "2010-12-31": "0.20610", "2010-09-30": "0.20170", "2010-06-30": "0.19210", "2010-03-31": "0.19130", "2009-12-31": "0.21130", "2009-09-30": "0.23070", "2009-06-30": "0.28670", "2009-03-31": "0.39510", "2008-12-31": "0.39580", "2008-09-30": "0.34290", "2008-06-30": "0.34700", "2008-03-31": "0.32800", "2007-12-31": "0.30760", "2007-09-30": "0.29780", "2007-06-30": "0.30210", "2007-03-31": "0.30390", "2006-12-31": "0.31450", "2006-09-30": "0.33470", "2006-06-30": "0.36420", "2006-03-31": "0.37340", "2005-12-31": "0.40680", "2005-09-30": "0.42310", "2005-06-30": "0.39580", "2005-03-31": "0.43040"}, "Gross Margin": {"2020-09-30": "", "2020-06-30": "", "2020-03-31": "", "2019-12-31": "", "2019-09-30": "", "2019-06-30": "", "2019-03-31": "", "2018-12-31": "", "2018-09-30": "", "2018-06-30": "", "2018-03-31": "", "2017-12-31": "", "2017-09-30": "", "2017-06-30": "", "2017-03-31": "", "2016-12-31": "", "2016-09-30": "", "2016-06-30": "", "2016-03-31": "", "2015-12-31": "", "2015-09-30": "", "2015-06-30": "", "2015-03-31": "", "2014-12-31": "", "2014-09-30": "", "2014-06-30": "", "2014-03-31": "", "2013-12-31": "", "2013-09-30": "", "2013-06-30": "", "2013-03-31": "", "2012-12-31": "", "2012-09-30": "", "2012-06-30": "", "2012-03-31": "", "2011-12-31": "", "2011-09-30": "", "2011-06-30": "", "2011-03-31": "", "2010-12-31": "", "2010-09-30": "", "2010-06-30": "", "2010-03-31": "", "2009-12-31": "", "2009-09-30": "", "2009-06-30": "", "2009-03-31": "", "2008-12-31": "", "2008-09-30": "", "2008-06-30": "", "2008-03-31": "", "2007-12-31": "", "2007-09-30": "", "2007-06-30": "", "2007-03-31": "", "2006-12-31": "", "2006-09-30": "", "2006-06-30": "", "2006-03-31": "", "2005-12-31": "", "2005-09-30": "", "2005-06-30": "", "2005-03-31": ""}, "Operating Margin": {"2020-09-30": "6.50490", "2020-06-30": "11.17380", "2020-03-31": "-30.43140", "2019-12-31": "12.15960", "2019-09-30": "8.33730", "2019-06-30": "13.21430", "2019-03-31": "20.40510", "2018-12-31": "-2.30770", "2018-09-30": "12.15140", "2018-06-30": "14.18440", "2018-03-31": "10.74740", "2017-12-31": "14.76770", "2017-09-30": "1.58040", "2017-06-30": "12.45440", "2017-03-31": "14.14980", "2016-12-31": "18.24990", "2016-09-30": "10.43990", "2016-06-30": "8.60220", "2016-03-31": "10.57630", "2015-12-31": "12.97900", "2015-09-30": "5.86840", "2015-06-30": "14.64680", "2015-03-31": "2.31300", "2014-12-31": "12.26600", "2014-09-30": "9.17140", "2014-06-30": "9.33910", "2014-03-31": "13.29480", "2013-12-31": "17.91700", "2013-09-30": "9.84060", "2013-06-30": "11.06230", "2013-03-31": "15.24390", "2012-12-31": "-2.48340", "2012-09-30": "18.53060", "2012-06-30": "12.09960", "2012-03-31": "13.43150", "2011-12-31": "20.40820", "2011-09-30": "11.68540", "2011-06-30": "5.48950", "2011-03-31": "9.81710", "2010-12-31": "15.65740", "2010-09-30": "16.57370", "2010-06-30": "15.01900", "2010-03-31": "14.21660", "2009-12-31": "20.88890", "2009-09-30": "18.57270", "2009-06-30": "18.79560", "2009-03-31": "16.69980", "2008-12-31": "5.61540", "2008-09-30": "2.39340", "2008-06-30": "9.83090", "2008-03-31": "12.57740", "2007-12-31": "14.66380", "2007-09-30": "15.43260", "2007-06-30": "10.25740", "2007-03-31": "17.97890", "2006-12-31": "20.11670", "2006-09-30": "13.84070", "2006-06-30": "14.73370", "2006-03-31": "17.04650", "2005-12-31": "10.36690", "2005-09-30": "-2.63160", "2005-06-30": "15.05980", "2005-03-31": "11.19360"}, "EBIT Margin": {"2020-09-30": "7.66990", "2020-06-30": "12.35260", "2020-03-31": "-29.09800", "2019-12-31": "13.00470", "2019-09-30": "9.13800", "2019-06-30": "14.08160", "2019-03-31": "21.19570", "2018-12-31": "-1.36090", "2018-09-30": "12.89840", "2018-06-30": "15.05730", "2018-03-31": "11.67390", "2017-12-31": "15.87390", "2017-09-30": "2.72480", "2017-06-30": "13.85180", "2017-03-31": "15.48220", "2016-12-31": "19.45880", "2016-09-30": "11.55430", "2016-06-30": "9.80390", "2016-03-31": "11.79660", "2015-12-31": "14.02970", "2015-09-30": "6.93540", "2015-06-30": "15.94300", "2015-03-31": "3.85510", "2014-12-31": "13.62170", "2014-09-30": "10.30990", "2014-06-30": "10.56030", "2014-03-31": "14.78120", "2013-12-31": "19.15510", "2013-09-30": "11.08800", "2013-06-30": "12.64270", "2013-03-31": "16.81190", "2012-12-31": "-0.99340", "2012-09-30": "19.76590", "2012-06-30": "13.79000", "2012-03-31": "15.17940", "2011-12-31": "21.34350", "2011-09-30": "13.25840", "2011-06-30": "7.41080", "2011-03-31": "11.83830", "2010-12-31": "17.47410", "2010-09-30": "18.24700", "2010-06-30": "16.73000", "2010-03-31": "15.95750", "2009-12-31": "22.57780", "2009-09-30": "20.31110", "2009-06-30": "19.98180", "2009-03-31": "18.29030", "2008-12-31": "7.21860", "2008-09-30": "3.78660", "2008-06-30": "11.53170", "2008-03-31": "14.44400", "2007-12-31": "16.39870", "2007-09-30": "16.93200", "2007-06-30": "11.87840", "2007-03-31": "19.65540", "2006-12-31": "21.81200", "2006-09-30": "15.45100", "2006-06-30": "16.45230", "2006-03-31": "18.90370", "2005-12-31": "12.36810", "2005-09-30": "-0.77220", "2005-06-30": "17.09760", "2005-03-31": "13.29450"}, "EBITDA Margin": {"2020-09-30": "", "2020-06-30": "", "2020-03-31": "", "2019-12-31": "", "2019-09-30": "", "2019-06-30": "", "2019-03-31": "", "2018-12-31": "", "2018-09-30": "", "2018-06-30": "", "2018-03-31": "", "2017-12-31": "", "2017-09-30": "", "2017-06-30": "", "2017-03-31": "", "2016-12-31": "", "2016-09-30": "", "2016-06-30": "", "2016-03-31": "", "2015-12-31": "", "2015-09-30": "", "2015-06-30": "", "2015-03-31": "", "2014-12-31": "", "2014-09-30": "", "2014-06-30": "", "2014-03-31": "", "2013-12-31": "", "2013-09-30": "", "2013-06-30": "", "2013-03-31": "", "2012-12-31": "", "2012-09-30": "", "2012-06-30": "", "2012-03-31": "", "2011-12-31": "", "2011-09-30": "", "2011-06-30": "", "2011-03-31": "", "2010-12-31": "", "2010-09-30": "", "2010-06-30": "", "2010-03-31": "", "2009-12-31": "", "2009-09-30": "", "2009-06-30": "", "2009-03-31": "", "2008-12-31": "", "2008-09-30": "", "2008-06-30": "", "2008-03-31": "", "2007-12-31": "", "2007-09-30": "", "2007-06-30": "", "2007-03-31": "", "2006-12-31": "", "2006-09-30": "", "2006-06-30": "", "2006-03-31": "", "2005-12-31": "", "2005-09-30": "", "2005-06-30": "", "2005-03-31": ""}, "Pre-Tax Profit Margin": {"2020-09-30": "6.50490", "2020-06-30": "11.17380", "2020-03-31": "-30.43140", "2019-12-31": "12.15960", "2019-09-30": "8.33730", "2019-06-30": "13.21430", "2019-03-31": "20.40510", "2018-12-31": "-2.30770", "2018-09-30": "12.15140", "2018-06-30": "14.18440", "2018-03-31": "10.74740", "2017-12-31": "14.76770", "2017-09-30": "1.58040", "2017-06-30": "12.45440", "2017-03-31": "14.14980", "2016-12-31": "18.24990", "2016-09-30": "10.43990", "2016-06-30": "8.60220", "2016-03-31": "10.57630", "2015-12-31": "12.97900", "2015-09-30": "5.86840", "2015-06-30": "14.64680", "2015-03-31": "2.31300", "2014-12-31": "12.26600", "2014-09-30": "9.17140", "2014-06-30": "9.33910", "2014-03-31": "13.29480", "2013-12-31": "17.91700", "2013-09-30": "9.84060", "2013-06-30": "11.06230", "2013-03-31": "15.24390", "2012-12-31": "-2.48340", "2012-09-30": "18.53060", "2012-06-30": "12.09960", "2012-03-31": "13.43150", "2011-12-31": "20.40820", "2011-09-30": "11.68540", "2011-06-30": "5.48950", "2011-03-31": "9.81710", "2010-12-31": "15.65740", "2010-09-30": "16.57370", "2010-06-30": "15.01900", "2010-03-31": "14.21660", "2009-12-31": "20.88890", "2009-09-30": "18.57270", "2009-06-30": "18.79560", "2009-03-31": "16.69980", "2008-12-31": "5.61540", "2008-09-30": "2.39340", "2008-06-30": "9.83090", "2008-03-31": "12.57740", "2007-12-31": "14.66380", "2007-09-30": "15.43260", "2007-06-30": "10.25740", "2007-03-31": "17.97890", "2006-12-31": "20.11670", "2006-09-30": "13.84070", "2006-06-30": "14.73370", "2006-03-31": "17.04650", "2005-12-31": "10.36700", "2005-09-30": "-2.63160", "2005-06-30": "15.05980", "2005-03-31": "11.19360"}, "Net Profit Margin": {"2020-09-30": "7.96120", "2020-06-30": "9.07230", "2020-03-31": "-23.60780", "2019-12-31": "9.90610", "2019-09-30": "6.92420", "2019-06-30": "10.71430", "2019-03-31": "16.25490", "2018-12-31": "-1.71600", "2018-09-30": "10.15940", "2018-06-30": "11.45660", "2018-03-31": "8.95610", "2017-12-31": "9.18140", "2017-09-30": "0.59950", "2017-06-30": "8.80920", "2017-03-31": "9.70810", "2016-12-31": "22.16470", "2016-09-30": "6.39300", "2016-06-30": "3.41560", "2016-03-31": "6.84750", "2015-12-31": "7.97280", "2015-09-30": "3.73440", "2015-06-30": "9.13800", "2015-03-31": "1.46490", "2014-12-31": "8.19880", "2014-09-30": "7.33710", "2014-06-30": "7.61490", "2014-03-31": "8.50540", "2013-12-31": "11.50770", "2013-09-30": "5.75190", "2013-06-30": "9.65760", "2013-03-31": "10.45300", "2012-12-31": "4.13910", "2012-09-30": "14.69440", "2012-06-30": "8.80780", "2012-03-31": "10.39560", "2011-12-31": "9.26870", "2011-09-30": "7.26590", "2011-06-30": "4.39160", "2011-03-31": "8.46970", "2010-12-31": "11.76470", "2010-09-30": "10.51790", "2010-06-30": "10.26620", "2010-03-31": "10.25150", "2009-12-31": "14.31110", "2009-09-30": "11.61940", "2009-06-30": "11.58760", "2009-03-31": "10.33800", "2008-12-31": "3.51420", "2008-09-30": "1.78650", "2008-06-30": "5.92800", "2008-03-31": "7.58630", "2007-12-31": "8.81200", "2007-09-30": "9.49370", "2007-06-30": "6.13610", "2007-03-31": "10.52240", "2006-12-31": "12.35070", "2006-09-30": "8.22700", "2006-06-30": "12.35180", "2006-03-31": "10.18970", "2005-12-31": "8.91940", "2005-09-30": "-2.45670", "2005-06-30": "8.29500", "2005-03-31": "6.74640"}, "Asset Turnover": {"2020-09-30": "0.02820", "2020-06-30": "0.02750", "2020-03-31": "0.01880", "2019-12-31": "0.03040", "2019-09-30": "0.03070", "2019-06-30": "0.02900", "2019-03-31": "0.03060", "2018-12-31": "0.02660", "2018-09-30": "0.03130", "2018-06-30": "0.02960", "2018-03-31": "0.02670", "2017-12-31": "0.02980", "2017-09-30": "0.03050", "2017-06-30": "0.02810", "2017-03-31": "0.02740", "2016-12-31": "0.03150", "2016-09-30": "0.03110", "2016-06-30": "0.03000", "2016-03-31": "0.02890", "2015-12-31": "0.03250", "2015-09-30": "0.03340", "2015-06-30": "0.03120", "2015-03-31": "0.02680", "2014-12-31": "0.03260", "2014-09-30": "0.03400", "2014-06-30": "0.03070", "2014-03-31": "0.02830", "2013-12-31": "0.03260", "2013-09-30": "0.03520", "2013-06-30": "0.02890", "2013-03-31": "0.02930", "2012-12-31": "0.03080", "2012-09-30": "0.03880", "2012-06-30": "0.03030", "2012-03-31": "0.03000", "2011-12-31": "0.03280", "2011-09-30": "0.03800", "2011-06-30": "0.03210", "2011-03-31": "0.03150", "2010-12-31": "0.03560", "2010-09-30": "0.03850", "2010-06-30": "0.03450", "2010-03-31": "0.03410", "2009-12-31": "0.04060", "2009-09-30": "0.03920", "2009-06-30": "0.04170", "2009-03-31": "0.03890", "2008-12-31": "0.04180", "2008-09-30": "0.04350", "2008-06-30": "0.03890", "2008-03-31": "0.03850", "2007-12-31": "0.03950", "2007-09-30": "0.04550", "2007-06-30": "0.04250", "2007-03-31": "0.04250", "2006-12-31": "0.04370", "2006-09-30": "0.04530", "2006-06-30": "0.04310", "2006-03-31": "0.04350", "2005-12-31": "0.04350", "2005-09-30": "0.04650", "2005-06-30": "0.04370", "2005-03-31": "0.04230"}, "Inventory Turnover Ratio": {"2020-09-30": "", "2020-06-30": "", "2020-03-31": "", "2019-12-31": "", "2019-09-30": "", "2019-06-30": "", "2019-03-31": "", "2018-12-31": "", "2018-09-30": "", "2018-06-30": "", "2018-03-31": "", "2017-12-31": "", "2017-09-30": "", "2017-06-30": "", "2017-03-31": "", "2016-12-31": "", "2016-09-30": "", "2016-06-30": "", "2016-03-31": "", "2015-12-31": "", "2015-09-30": "", "2015-06-30": "", "2015-03-31": "", "2014-12-31": "", "2014-09-30": "", "2014-06-30": "", "2014-03-31": "", "2013-12-31": "", "2013-09-30": "", "2013-06-30": "", "2013-03-31": "", "2012-12-31": "", "2012-09-30": "", "2012-06-30": "", "2012-03-31": "", "2011-12-31": "", "2011-09-30": "", "2011-06-30": "", "2011-03-31": "", "2010-12-31": "", "2010-09-30": "", "2010-06-30": "", "2010-03-31": "", "2009-12-31": "", "2009-09-30": "", "2009-06-30": "", "2009-03-31": "", "2008-12-31": "", "2008-09-30": "", "2008-06-30": "", "2008-03-31": "", "2007-12-31": "", "2007-09-30": "", "2007-06-30": "", "2007-03-31": "", "2006-12-31": "", "2006-09-30": "", "2006-06-30": "", "2006-03-31": "", "2005-12-31": "", "2005-09-30": "", "2005-06-30": "", "2005-03-31": ""}, "Receiveable Turnover": {"2020-09-30": "", "2020-06-30": "", "2020-03-31": "", "2019-12-31": "", "2019-09-30": "", "2019-06-30": "", "2019-03-31": "", "2018-12-31": "", "2018-09-30": "", "2018-06-30": "", "2018-03-31": "", "2017-12-31": "", "2017-09-30": "", "2017-06-30": "", "2017-03-31": "", "2016-12-31": "", "2016-09-30": "", "2016-06-30": "", "2016-03-31": "", "2015-12-31": "", "2015-09-30": "", "2015-06-30": "", "2015-03-31": "", "2014-12-31": "", "2014-09-30": "", "2014-06-30": "", "2014-03-31": "", "2013-12-31": "", "2013-09-30": "", "2013-06-30": "", "2013-03-31": "", "2012-12-31": "", "2012-09-30": "", "2012-06-30": "", "2012-03-31": "", "2011-12-31": "", "2011-09-30": "", "2011-06-30": "", "2011-03-31": "", "2010-12-31": "", "2010-09-30": "", "2010-06-30": "", "2010-03-31": "", "2009-12-31": "", "2009-09-30": "", "2009-06-30": "", "2009-03-31": "", "2008-12-31": "", "2008-09-30": "", "2008-06-30": "", "2008-03-31": "", "2007-12-31": "", "2007-09-30": "", "2007-06-30": "", "2007-03-31": "", "2006-12-31": "", "2006-09-30": "", "2006-06-30": "", "2006-03-31": "", "2005-12-31": "", "2005-09-30": "", "2005-06-30": "", "2005-03-31": ""}, "Days Sales In Receivables": {"2020-09-30": "", "2020-06-30": "", "2020-03-31": "", "2019-12-31": "", "2019-09-30": "", "2019-06-30": "", "2019-03-31": "", "2018-12-31": "", "2018-09-30": "", "2018-06-30": "", "2018-03-31": "", "2017-12-31": "", "2017-09-30": "", "2017-06-30": "", "2017-03-31": "", "2016-12-31": "", "2016-09-30": "", "2016-06-30": "", "2016-03-31": "", "2015-12-31": "", "2015-09-30": "", "2015-06-30": "", "2015-03-31": "", "2014-12-31": "", "2014-09-30": "", "2014-06-30": "", "2014-03-31": "", "2013-12-31": "", "2013-09-30": "", "2013-06-30": "", "2013-03-31": "", "2012-12-31": "", "2012-09-30": "", "2012-06-30": "", "2012-03-31": "", "2011-12-31": "", "2011-09-30": "", "2011-06-30": "", "2011-03-31": "", "2010-12-31": "", "2010-09-30": "", "2010-06-30": "", "2010-03-31": "", "2009-12-31": "", "2009-09-30": "", "2009-06-30": "", "2009-03-31": "", "2008-12-31": "", "2008-09-30": "", "2008-06-30": "", "2008-03-31": "", "2007-12-31": "", "2007-09-30": "", "2007-06-30": "", "2007-03-31": "", "2006-12-31": "", "2006-09-30": "", "2006-06-30": "", "2006-03-31": "", "2005-12-31": "", "2005-09-30": "", "2005-06-30": "", "2005-03-31": ""}, "ROE - Return On Equity": {"2020-09-30": "2.58680", "2020-06-30": "2.72610", "2020-03-31": "-6.02340", "2019-12-31": "3.04670", "2019-09-30": "2.26230", "2019-06-30": "3.43190", "2019-03-31": "5.75460", "2018-12-31": "-0.70390", "2018-09-30": "3.93110", "2018-06-30": "4.09130", "2018-03-31": "2.72040", "2017-12-31": "3.11390", "2017-09-30": "0.20450", "2017-06-30": "2.72970", "2017-03-31": "2.98360", "2016-12-31": "7.88780", "2016-09-30": "2.10900", "2016-06-30": "1.21320", "2016-03-31": "2.10650", "2015-12-31": "2.72540", "2015-09-30": "1.34530", "2015-06-30": "2.98960", "2015-03-31": "0.49020", "2014-12-31": "2.47330", "2014-09-30": "1.79200", "2014-06-30": "1.60920", "2014-03-31": "2.15160", "2013-12-31": "3.45980", "2013-09-30": "2.08070", "2013-06-30": "1.66020", "2013-03-31": "2.30240", "2012-12-31": "0.40020", "2012-09-30": "4.25060", "2012-06-30": "1.75920", "2012-03-31": "1.85970", "2011-12-31": "2.78690", "2011-09-30": "2.33770", "2011-06-30": "0.64860", "2011-03-31": "1.17090", "2010-12-31": "2.42420", "2010-09-30": "2.66440", "2010-06-30": "2.25680", "2010-03-31": "2.04320", "2009-12-31": "4.00610", "2009-09-30": "3.44550", "2009-06-30": "4.13460", "2009-03-31": "4.10630", "2008-12-31": "1.34530", "2008-09-30": "0.75270", "2008-06-30": "2.19150", "2008-03-31": "2.68530", "2007-12-31": "3.98870", "2007-09-30": "3.74060", "2007-06-30": "2.19860", "2007-03-31": "3.73560", "2006-12-31": "4.62970", "2006-09-30": "3.38740", "2006-06-30": "3.92680", "2006-03-31": "4.16080", "2005-12-31": "3.29580", "2005-09-30": "-1.19200", "2005-06-30": "3.16120", "2005-03-31": "2.66540"}, "Return On Tangible Equity": {"2020-09-30": "2.67410", "2020-06-30": "2.82140", "2020-03-31": "-6.28100", "2019-12-31": "3.15080", "2019-09-30": "2.33890", "2019-06-30": "3.55260", "2019-03-31": "5.97290", "2018-12-31": "-0.73450", "2018-09-30": "4.08860", "2018-06-30": "4.25790", "2018-03-31": "2.82910", "2017-12-31": "3.23460", "2017-09-30": "0.21240", "2017-06-30": "2.83590", "2017-03-31": "3.10250", "2016-12-31": "8.22030", "2016-09-30": "2.19030", "2016-06-30": "1.26150", "2016-03-31": "2.19500", "2015-12-31": "2.84400", "2015-09-30": "1.40280", "2015-06-30": "3.11520", "2015-03-31": "0.51030", "2014-12-31": "2.57570", "2014-09-30": "1.86590", "2014-06-30": "1.67410", "2014-03-31": "2.23480", "2013-12-31": "3.59950", "2013-09-30": "2.16570", "2013-06-30": "1.72920", "2013-03-31": "2.39250", "2012-12-31": "0.41640", "2012-09-30": "4.41520", "2012-06-30": "1.83050", "2012-03-31": "1.93580", "2011-12-31": "2.90550", "2011-09-30": "2.43570", "2011-06-30": "0.67580", "2011-03-31": "1.22010", "2010-12-31": "2.52590", "2010-09-30": "2.77350", "2010-06-30": "2.36800", "2010-03-31": "2.14690", "2009-12-31": "4.23070", "2009-09-30": "3.64450", "2009-06-30": "4.42600", "2009-03-31": "4.45600", "2008-12-31": "1.46360", "2008-09-30": "0.81420", "2008-06-30": "2.36390", "2008-03-31": "2.88570", "2007-12-31": "4.27560", "2007-09-30": "4.01300", "2007-06-30": "2.33750", "2007-03-31": "3.95360", "2006-12-31": "4.91110", "2006-09-30": "3.62200", "2006-06-30": "4.21070", "2006-03-31": "4.46510", "2005-12-31": "3.53590", "2005-09-30": "-1.28040", "2005-06-30": "3.38040", "2005-03-31": "2.86700"}, "ROA - Return On Assets": {"2020-09-30": "0.22430", "2020-06-30": "0.23570", "2020-03-31": "-0.44940", "2019-12-31": "0.27240", "2019-09-30": "0.20700", "2019-06-30": "0.30870", "2019-03-31": "0.49300", "2018-12-31": "-0.05520", "2018-09-30": "0.31620", "2018-06-30": "0.33640", "2018-03-31": "0.23250", "2017-12-31": "0.27370", "2017-09-30": "0.01830", "2017-06-30": "0.24740", "2017-03-31": "0.26970", "2016-12-31": "0.70450", "2016-09-30": "0.20600", "2016-06-30": "0.11950", "2016-03-31": "0.20380", "2015-12-31": "0.26090", "2015-09-30": "0.13050", "2015-06-30": "0.30150", "2015-03-31": "0.05180", "2014-12-31": "0.26300", "2014-09-30": "0.19550", "2014-06-30": "0.18300", "2014-03-31": "0.25020", "2013-12-31": "0.39200", "2013-09-30": "0.23930", "2013-06-30": "0.19540", "2013-03-31": "0.28870", "2012-12-31": "0.04850", "2012-09-30": "0.53240", "2012-06-30": "0.22670", "2012-03-31": "0.24300", "2011-12-31": "0.35440", "2011-09-30": "0.30740", "2011-06-30": "0.08810", "2011-03-31": "0.16390", "2010-12-31": "0.34510", "2010-09-30": "0.38600", "2010-06-30": "0.32760", "2010-03-31": "0.29050", "2009-12-31": "0.56710", "2009-09-30": "0.47030", "2009-06-30": "0.50250", "2009-03-31": "0.42570", "2008-12-31": "0.13240", "2008-09-30": "0.07760", "2008-06-30": "0.24080", "2008-03-31": "0.31190", "2007-12-31": "0.47080", "2007-09-30": "0.43150", "2007-06-30": "0.25410", "2007-03-31": "0.44750", "2006-12-31": "0.54020", "2006-09-30": "0.37300", "2006-06-30": "0.42070", "2006-03-31": "0.44480", "2005-12-31": "0.35500", "2005-09-30": "-0.12380", "2005-06-30": "0.35920", "2005-03-31": "0.28570"}, "ROI - Return On Investment": {"2020-09-30": "1.94130", "2020-06-30": "2.07760", "2020-03-31": "-4.66260", "2019-12-31": "2.46710", "2019-09-30": "1.84660", "2019-06-30": "2.78180", "2019-03-31": "4.59930", "2018-12-31": "-0.55790", "2018-09-30": "3.13950", "2018-06-30": "3.25760", "2018-03-31": "2.17460", "2017-12-31": "2.50300", "2017-09-30": "0.16510", "2017-06-30": "2.15870", "2017-03-31": "2.39270", "2016-12-31": "6.25600", "2016-09-30": "1.69720", "2016-06-30": "1.01760", "2016-03-31": "1.75230", "2015-12-31": "2.25380", "2015-09-30": "1.14070", "2015-06-30": "2.48000", "2015-03-31": "0.40580", "2014-12-31": "2.04420", "2014-09-30": "1.48210", "2014-06-30": "1.36740", "2014-03-31": "1.81790", "2013-12-31": "2.90390", "2013-09-30": "1.74280", "2013-06-30": "1.37820", "2013-03-31": "1.92900", "2012-12-31": "0.33330", "2012-09-30": "3.55820", "2012-06-30": "1.41580", "2012-03-31": "1.55390", "2011-12-31": "2.31290", "2011-09-30": "1.94350", "2011-06-30": "0.53910", "2011-03-31": "0.97100", "2010-12-31": "2.01010", "2010-09-30": "2.21710", "2010-06-30": "1.89320", "2010-03-31": "1.71510", "2009-12-31": "3.30740", "2009-09-30": "2.79960", "2009-06-30": "3.21330", "2009-03-31": "2.94350", "2008-12-31": "0.96380", "2008-09-30": "0.56050", "2008-06-30": "1.62690", "2008-03-31": "2.02200", "2007-12-31": "3.05050", "2007-09-30": "2.88230", "2007-06-30": "1.68850", "2007-03-31": "2.86490", "2006-12-31": "3.52220", "2006-09-30": "2.53800", "2006-06-30": "2.87840", "2006-03-31": "3.02960", "2005-12-31": "2.34280", "2005-09-30": "-0.83760", "2005-06-30": "2.26490", "2005-03-31": "1.86340"}, "Book Value Per Share": {"2020-09-30": "72.65060", "2020-06-30": "69.09620", "2020-03-31": "56.18580", "2019-12-31": "69.42110", "2019-09-30": "70.13440", "2019-06-30": "67.72840", "2019-03-31": "63.19860", "2018-12-31": "55.68250", "2018-09-30": "57.89950", "2018-06-30": "57.07740", "2018-03-31": "58.31390", "2017-12-31": "60.39080", "2017-09-30": "61.06050", "2017-06-30": "60.35880", "2017-03-31": "59.30910", "2016-12-31": "56.58970", "2016-09-30": "61.71890", "2016-06-30": "59.79280", "2016-03-31": "56.76930", "2015-12-31": "54.53050", "2015-09-30": "56.17970", "2015-06-30": "56.93400", "2015-03-31": "58.02970", "2014-12-31": "57.62240", "2014-09-30": "57.38440", "2014-06-30": "57.55540", "2014-03-31": "55.50910", "2013-12-31": "53.27720", "2013-09-30": "52.78850", "2013-06-30": "52.21740", "2013-03-31": "54.60430", "2012-12-31": "53.36090", "2012-09-30": "54.64130", "2012-06-30": "50.28490", "2012-03-31": "48.69420", "2011-12-31": "46.57320", "2011-09-30": "46.90070", "2011-06-30": "45.78300", "2011-03-31": "44.56770", "2010-12-31": "43.92970", "2010-09-30": "43.89310", "2010-06-30": "40.78310", "2010-03-31": "38.75640", "2009-12-31": "34.56340", "2009-09-30": "32.62650", "2009-06-30": "27.56160", "2009-03-31": "23.14880", "2008-12-31": "22.50540", "2008-09-30": "24.05170", "2008-06-30": "24.98370", "2008-03-31": "26.73980", "2007-12-31": "26.83810", "2007-09-30": "26.07870", "2007-06-30": "24.90320", "2007-03-31": "25.46090", "2006-12-31": "24.54990", "2006-09-30": "23.25920", "2006-06-30": "21.00000", "2006-03-31": "20.80330", "2005-12-31": "20.98700", "2005-09-30": "20.67780", "2005-06-30": "22.08320", "2005-03-31": "20.43290"}, "Operating Cash Flow Per Share": {"2020-09-30": 7.086, "2020-06-30": 6.1863, "2020-03-31": "5.89150", "2019-12-31": 8.427, "2019-09-30": 8.9246, "2019-06-30": 4.6319, "2019-03-31": "5.00550", "2018-12-31": 8.9118, "2018-09-30": 5.0055, "2018-06-30": 4.7487, "2018-03-31": "4.32520", "2017-12-31": 9.0558, "2017-09-30": 4.6413, "2017-06-30": 7.2431, "2017-03-31": "-0.85110", "2016-12-31": 4.565, "2016-09-30": 2.8185, "2016-06-30": 1.0007, "2016-03-31": "4.61020", "2015-12-31": 4.9774, "2015-09-30": 3.721, "2015-06-30": 1.9951, "2015-03-31": "4.44070", "2014-12-31": 6.1128, "2014-09-30": 1.9671, "2014-06-30": 3.2205, "2014-03-31": "2.22710", "2013-12-31": 4.0696, "2013-09-30": 2.1216, "2013-06-30": 1.4937, "2013-03-31": "0.64840", "2012-12-31": 3.3713, "2012-09-30": 2.8419, "2012-06-30": 2.2055, "2012-03-31": "0.10060", "2011-12-31": -0.0432, "2011-09-30": 1.4103, "2011-06-30": 1.452, "2011-03-31": "3.66290", "2010-12-31": 0.6866, "2010-09-30": 3.009, "2010-06-30": 0.6486, "2010-03-31": "3.47480", "2009-12-31": 1.3407, "2009-09-30": 2.27, "2009-06-30": 0.5978, "2009-03-31": "3.62540", "2008-12-31": 0.9364, "2008-09-30": 2.6273, "2008-06-30": 1.6195, "2008-03-31": "3.15440", "2007-12-31": 1.2166, "2007-09-30": 2.9622, "2007-06-30": 0.7516, "2007-03-31": "1.46980", "2006-12-31": 1.4155, "2006-09-30": 2.376, "2006-06-30": 0.493, "2006-03-31": "3.74540", "2005-12-31": 1.4393, "2005-09-30": 2.8794, "2005-06-30": 1.87, "2005-03-31": "2.48960"}, "Free Cash Flow Per Share": {"2020-09-30": 6.8797, "2020-06-30": 6.0971, "2020-03-31": "5.80290", "2019-12-31": 8.3168, "2019-09-30": 8.7931, "2019-06-30": 4.5333, "2019-03-31": "4.90630", "2018-12-31": 8.6904, "2018-09-30": 4.8511, "2018-06-30": 4.529, "2018-03-31": "4.07080", "2017-12-31": 8.3656, "2017-09-30": 4.4741, "2017-06-30": 7.3536, "2017-03-31": "-0.70550", "2016-12-31": 4.5424, "2016-09-30": 2.7166, "2016-06-30": 1.3399, "2016-03-31": "4.46330", "2015-12-31": 4.7981, "2015-09-30": 3.3978, "2015-06-30": 2.6206, "2015-03-31": "4.48550", "2014-12-31": 6.0031, "2014-09-30": 1.8997, "2014-06-30": 3.1768, "2014-03-31": "2.08520", "2013-12-31": 4.3448, "2013-09-30": 2.0644, "2013-06-30": 1.3861, "2013-03-31": "0.34070", "2012-12-31": 3.3174, "2012-09-30": 2.7277, "2012-06-30": 2.1176, "2012-03-31": "-0.34210", "2011-12-31": -0.0798, "2011-09-30": 1.1767, "2011-06-30": 1.1039, "2011-03-31": "3.47460", "2010-12-31": 0.5919, "2010-09-30": 2.9442, "2010-06-30": 0.5017, "2010-03-31": "3.14770", "2009-12-31": 1.228, "2009-09-30": 2.0321, "2009-06-30": 0.5206, "2009-03-31": "3.53090", "2008-12-31": 0.8195, "2008-09-30": 2.552, "2008-06-30": 1.5278, "2008-03-31": "3.08700", "2007-12-31": 1.1072, "2007-09-30": 2.8795, "2007-06-30": 0.7599, "2007-03-31": "1.53590", "2006-12-31": 1.9424, "2006-09-30": 2.2772, "2006-06-30": 0.4411, "2006-03-31": "3.89030", "2005-12-31": 2.0483, "2005-09-30": 3.1038, "2005-06-30": 1.4405, "2005-03-31": "2.48630"}}, "revenue": {"American Financial Annual Revenue (Millions of US $)": {"2020": "$7,909", "2019": "$8,237", "2018": "$7,150", "2017": "$6,865", "2016": "$6,498", "2015": "$6,145", "2014": "$5,733", "2013": "$5,103", "2012": "$4,957", "2011": "$4,643", "2010": "$4,497", "2009": "$4,320", "2008": "$4,293", "2007": "$4,379", "2006": "$4,225", "2005": "$3,984"}, "American Financial Quarterly Revenue (Millions of US $)": {"2020-12-31": "$2,623", "2020-09-30": "$2,060", "2020-06-30": "$1,951", "2020-03-31": "$1,275", "2019-12-31": "$2,130", "2019-09-30": "$2,123", "2019-06-30": "$1,960", "2019-03-31": "$2,024", "2018-12-31": "$1,690", "2018-09-30": "$2,008", "2018-06-30": "$1,833", "2018-03-31": "$1,619", "2017-12-31": "$1,808", "2017-09-30": "$1,835", "2017-06-30": "$1,646", "2017-03-31": "$1,576", "2016-12-31": "$1,737", "2016-09-30": "$1,705", "2016-06-30": "$1,581", "2016-03-31": "$1,475", "2015-12-31": "$1,618", "2015-09-30": "$1,687", "2015-06-30": "$1,543", "2015-03-31": "$1,297", "2014-12-31": "$1,549", "2014-09-30": "$1,581", "2014-06-30": "$1,392", "2014-03-31": "$1,211", "2013-12-31": "$1,373", "2013-09-30": "$1,443", "2013-06-30": "$1,139", "2013-03-31": "$1,148", "2012-12-31": "$1,208", "2012-09-30": "$1,538", "2012-06-30": "$1,124", "2012-03-31": "$1,087", "2011-12-31": "$1,176", "2011-09-30": "$1,335", "2011-06-30": "$1,093", "2011-03-31": "$1,039", "2010-12-31": "$1,156", "2010-09-30": "$1,255", "2010-06-30": "$1,052", "2010-03-31": "$1,034", "2009-12-31": "$1,125", "2009-09-30": "$1,093", "2009-06-30": "$1,096", "2009-03-31": "$1,006", "2008-12-31": "$1,104", "2008-09-30": "$1,170", "2008-06-30": "$1,017", "2008-03-31": "$1,002", "2007-12-31": "$1,020", "2007-09-30": "$1,187", "2007-06-30": "$1,092", "2007-03-31": "$1,080", "2006-12-31": "$1,097", "2006-09-30": "$1,137", "2006-06-30": "$995", "2006-03-31": "$996", "2005-12-31": "$993", "2005-09-30": "$1,076", "2005-06-30": "$984", "2005-03-31": "$932"}}, "gross-profit": {"American Financial Annual Gross Profit (Millions of US $)": {"2020": "$1,515", "2019": "$1,801", "2018": "$1,265", "2017": "$1,412", "2016": "$1,368", "2015": "$1,088", "2014": "$1,062", "2013": "$1,175", "2012": "$1,018", "2011": "$999", "2010": "$1,222", "2009": "$1,342", "2008": "$849", "2007": "$1,234", "2006": "$1,209", "2005": "$865"}, "American Financial Quarterly Gross Profit (Millions of US $)": {"2020-12-31": "$1,060", "2020-09-30": "$316", "2020-06-30": "$380", "2020-03-31": "$-241", "2019-12-31": "$409", "2019-09-30": "$359", "2019-06-30": "$439", "2019-03-31": "$594", "2018-12-31": "$115", "2018-09-30": "$409", "2018-06-30": "$419", "2018-03-31": "$322", "2017-12-31": "$468", "2017-09-30": "$207", "2017-06-30": "$367", "2017-03-31": "$370", "2016-12-31": "$475", "2016-09-30": "$333", "2016-06-30": "$272", "2016-03-31": "$288", "2015-12-31": "$345", "2015-09-30": "$238", "2015-06-30": "$354", "2015-03-31": "$151", "2014-12-31": "$294", "2014-09-30": "$255", "2014-06-30": "$244", "2014-03-31": "$269", "2013-12-31": "$362", "2013-09-30": "$280", "2013-06-30": "$239", "2013-03-31": "$294", "2012-12-31": "$76", "2012-09-30": "$422", "2012-06-30": "$253", "2012-03-31": "$267", "2011-12-31": "$286", "2011-09-30": "$280", "2011-06-30": "$200", "2011-03-31": "$233", "2010-12-31": "$335", "2010-09-30": "$336", "2010-06-30": "$278", "2010-03-31": "$273", "2009-12-31": "$363", "2009-09-30": "$343", "2009-06-30": "$352", "2009-03-31": "$284", "2008-12-31": "$187", "2008-09-30": "$164", "2008-06-30": "$241", "2008-03-31": "$257", "2007-12-31": "$289", "2007-09-30": "$310", "2007-06-30": "$312", "2007-03-31": "$324", "2006-12-31": "$344", "2006-09-30": "$291", "2006-06-30": "$272", "2006-03-31": "$302", "2005-12-31": "$239", "2005-09-30": "$104", "2005-06-30": "$281", "2005-03-31": "$240"}}, "operating-income": {"American Financial Annual Operating Income (Millions of US $)": {"2020": "$848", "2019": "$1,108", "2018": "$639", "2017": "$724", "2016": "$787", "2015": "$565", "2014": "$626", "2013": "$689", "2012": "$537", "2011": "$558", "2010": "$694", "2009": "$812", "2008": "$316", "2007": "$639", "2006": "$694", "2005": "$327"}, "American Financial Quarterly Operating Income (Millions of US $)": {"2020-12-31": "$884", "2020-09-30": "$134", "2020-06-30": "$218", "2020-03-31": "$-388", "2019-12-31": "$259", "2019-09-30": "$177", "2019-06-30": "$259", "2019-03-31": "$413", "2018-12-31": "$-39", "2018-09-30": "$244", "2018-06-30": "$260", "2018-03-31": "$174", "2017-12-31": "$267", "2017-09-30": "$29", "2017-06-30": "$205", "2017-03-31": "$223", "2016-12-31": "$317", "2016-09-30": "$178", "2016-06-30": "$136", "2016-03-31": "$156", "2015-12-31": "$210", "2015-09-30": "$99", "2015-06-30": "$226", "2015-03-31": "$30", "2014-12-31": "$190", "2014-09-30": "$145", "2014-06-30": "$130", "2014-03-31": "$161", "2013-12-31": "$246", "2013-09-30": "$142", "2013-06-30": "$126", "2013-03-31": "$175", "2012-12-31": "$-30", "2012-09-30": "$285", "2012-06-30": "$136", "2012-03-31": "$146", "2011-12-31": "$240", "2011-09-30": "$156", "2011-06-30": "$60", "2011-03-31": "$102", "2010-12-31": "$181", "2010-09-30": "$208", "2010-06-30": "$158", "2010-03-31": "$147", "2009-12-31": "$235", "2009-09-30": "$203", "2009-06-30": "$206", "2009-03-31": "$168", "2008-12-31": "$62", "2008-09-30": "$28", "2008-06-30": "$100", "2008-03-31": "$126", "2007-12-31": "$150", "2007-09-30": "$183", "2007-06-30": "$112", "2007-03-31": "$194", "2006-12-31": "$221", "2006-09-30": "$157", "2006-06-30": "$147", "2006-03-31": "$170", "2005-12-31": "$103", "2005-09-30": "$-28", "2005-06-30": "$148", "2005-03-31": "$104"}}, "ebitda": {"American Financial Annual EBITDA (Millions of US $)": {"2019": "$1,435", "2018": "$911", "2017": "$916", "2016": "$998", "2015": "$774", "2014": "$844", "2013": "$902", "2012": "$869", "2011": "$812", "2010": "$974", "2009": "$1,077", "2008": "$607", "2007": "$905", "2006": "$934", "2005": "$620"}, "American Financial Quarterly EBITDA (Millions of US $)": {"2020-09-30": "$327", "2020-06-30": "$207", "2020-03-31": "$-258", "2019-12-31": "$341", "2019-09-30": "$317", "2019-06-30": "$314", "2019-03-31": "$463", "2018-12-31": "$24", "2018-09-30": "$316", "2018-06-30": "$311", "2018-03-31": "$260", "2017-12-31": "$289", "2017-09-30": "$86", "2017-06-30": "$259", "2017-03-31": "$282", "2016-12-31": "$381", "2016-09-30": "$235", "2016-06-30": "$180", "2016-03-31": "$202", "2015-12-31": "$243", "2015-09-30": "$151", "2015-06-30": "$299", "2015-03-31": "$81", "2014-12-31": "$260", "2014-09-30": "$201", "2014-06-30": "$177", "2014-03-31": "$206", "2013-12-31": "$295", "2013-09-30": "$192", "2013-06-30": "$187", "2013-03-31": "$228", "2012-12-31": "$127", "2012-09-30": "$339", "2012-06-30": "$192", "2012-03-31": "$211", "2011-12-31": "$300", "2011-09-30": "$217", "2011-06-30": "$123", "2011-03-31": "$172", "2010-12-31": "$263", "2010-09-30": "$273", "2010-06-30": "$226", "2010-03-31": "$212", "2009-12-31": "$297", "2009-09-30": "$262", "2009-06-30": "$271", "2009-03-31": "$247", "2008-12-31": "$115", "2008-09-30": "$105", "2008-06-30": "$193", "2008-03-31": "$194", "2007-12-31": "$222", "2007-09-30": "$246", "2007-06-30": "$176", "2007-03-31": "$261", "2006-12-31": "$286", "2006-09-30": "$219", "2006-06-30": "$206", "2006-03-31": "$223", "2005-12-31": "$187", "2005-09-30": "$40", "2005-06-30": "$219", "2005-03-31": "$173"}}, "net-income": {"American Financial Annual Net Income (Millions of US $)": {"2020": "$732", "2019": "$897", "2018": "$530", "2017": "$475", "2016": "$649", "2015": "$352", "2014": "$452", "2013": "$471", "2012": "$488", "2011": "$342", "2010": "$482", "2009": "$519", "2008": "$196", "2007": "$383", "2006": "$453", "2005": "$207"}, "American Financial Quarterly Net Income (Millions of US $)": {"2020-12-31": "$692", "2020-09-30": "$164", "2020-06-30": "$177", "2020-03-31": "$-301", "2019-12-31": "$211", "2019-09-30": "$147", "2019-06-30": "$210", "2019-03-31": "$329", "2018-12-31": "$-29", "2018-09-30": "$204", "2018-06-30": "$210", "2018-03-31": "$145", "2017-12-31": "$166", "2017-09-30": "$11", "2017-06-30": "$145", "2017-03-31": "$153", "2016-12-31": "$385", "2016-09-30": "$109", "2016-06-30": "$54", "2016-03-31": "$101", "2015-12-31": "$129", "2015-09-30": "$63", "2015-06-30": "$141", "2015-03-31": "$19", "2014-12-31": "$127", "2014-09-30": "$116", "2014-06-30": "$106", "2014-03-31": "$103", "2013-12-31": "$158", "2013-09-30": "$83", "2013-06-30": "$110", "2013-03-31": "$120", "2012-12-31": "$50", "2012-09-30": "$226", "2012-06-30": "$99", "2012-03-31": "$113", "2011-12-31": "$109", "2011-09-30": "$97", "2011-06-30": "$48", "2011-03-31": "$88", "2010-12-31": "$136", "2010-09-30": "$132", "2010-06-30": "$108", "2010-03-31": "$106", "2009-12-31": "$161", "2009-09-30": "$127", "2009-06-30": "$127", "2009-03-31": "$104", "2008-12-31": "$39", "2008-09-30": "$21", "2008-06-30": "$60", "2008-03-31": "$76", "2007-12-31": "$90", "2007-09-30": "$113", "2007-06-30": "$67", "2007-03-31": "$114", "2006-12-31": "$136", "2006-09-30": "$94", "2006-06-30": "$123", "2006-03-31": "$102", "2005-12-31": "$89", "2005-09-30": "$-26", "2005-06-30": "$82", "2005-03-31": "$63"}}, "eps-earnings-per-share-diluted": {"American Financial Annual EPS": {"2020": "$8.20", "2019": "$9.85", "2018": "$5.85", "2017": "$5.28", "2016": "$7.33", "2015": "$3.94", "2014": "$4.97", "2013": "$5.16", "2012": "$5.09", "2011": "$3.32", "2010": "$4.36", "2009": "$4.45", "2008": "$1.67", "2007": "$3.10", "2006": "$3.75", "2005": "$1.75"}, "American Financial Quarterly EPS": {"2020-12-31": "$7.93", "2020-09-30": "$1.86", "2020-06-30": "$1.97", "2020-03-31": "$-3.34", "2019-12-31": "$2.29", "2019-09-30": "$1.62", "2019-06-30": "$2.31", "2019-03-31": "$3.63", "2018-12-31": "$-0.32", "2018-09-30": "$2.26", "2018-06-30": "$2.31", "2018-03-31": "$1.60", "2017-12-31": "$1.82", "2017-09-30": "$0.13", "2017-06-30": "$1.61", "2017-03-31": "$1.72", "2016-12-31": "$4.34", "2016-09-30": "$1.23", "2016-06-30": "$0.62", "2016-03-31": "$1.14", "2015-12-31": "$1.45", "2015-09-30": "$0.71", "2015-06-30": "$1.57", "2015-03-31": "$0.21", "2014-12-31": "$1.41", "2014-09-30": "$1.28", "2014-06-30": "$1.15", "2014-03-31": "$1.13", "2013-12-31": "$1.72", "2013-09-30": "$0.92", "2013-06-30": "$1.20", "2013-03-31": "$1.32", "2012-12-31": "$0.55", "2012-09-30": "$2.39", "2012-06-30": "$1.01", "2012-03-31": "$1.14", "2011-12-31": "$1.08", "2011-09-30": "$0.95", "2011-06-30": "$0.46", "2011-03-31": "$0.83", "2010-12-31": "$1.25", "2010-09-30": "$1.21", "2010-06-30": "$0.97", "2010-03-31": "$0.93", "2009-12-31": "$1.39", "2009-09-30": "$1.09", "2009-06-30": "$1.09", "2009-03-31": "$0.88", "2008-12-31": "$0.33", "2008-09-30": "$0.18", "2008-06-30": "$0.52", "2008-03-31": "$0.64", "2007-12-31": "$0.71", "2007-09-30": "$0.93", "2007-06-30": "$0.54", "2007-03-31": "$0.92", "2006-12-31": "$1.11", "2006-09-30": "$0.77", "2006-06-30": "$1.02", "2006-03-31": "$0.85", "2005-12-31": "$0.74", "2005-09-30": "$-0.23", "2005-06-30": "$0.69", "2005-03-31": "$0.54"}}, "shares-outstanding": {"American Financial Annual Shares Outstanding (Millions of Shares)": {"2020": "89", "2019": "91", "2018": "91", "2017": "90", "2016": "89", "2015": "89", "2014": "91", "2013": "91", "2012": "96", "2011": "103", "2010": "111", "2009": "117", "2008": "117", "2007": "123", "2006": "121", "2005": "118"}, "American Financial Quarterly Shares Outstanding (Millions of Shares)": {"2020-12-31": "87", "2020-09-30": "89", "2020-06-30": "90", "2020-03-31": "90", "2019-12-31": "91", "2019-09-30": "91", "2019-06-30": "91", "2019-03-31": "91", "2018-12-31": "91", "2018-09-30": "91", "2018-06-30": "91", "2018-03-31": "90", "2017-12-31": "90", "2017-09-30": "90", "2017-06-30": "90", "2017-03-31": "89", "2016-12-31": "89", "2016-09-30": "89", "2016-06-30": "88", "2016-03-31": "89", "2015-12-31": "89", "2015-09-30": "89", "2015-06-30": "90", "2015-03-31": "89", "2014-12-31": "91", "2014-09-30": "91", "2014-06-30": "92", "2014-03-31": "92", "2013-12-31": "91", "2013-09-30": "91", "2013-06-30": "92", "2013-03-31": "91", "2012-12-31": "96", "2012-09-30": "95", "2012-06-30": "98", "2012-03-31": "99", "2011-12-31": "103", "2011-09-30": "101", "2011-06-30": "104", "2011-03-31": "106", "2010-12-31": "111", "2010-09-30": "110", "2010-06-30": "112", "2010-03-31": "113", "2009-12-31": "117", "2009-09-30": "117", "2009-06-30": "117", "2009-03-31": "116", "2008-12-31": "117", "2008-09-30": "117", "2008-06-30": "116", "2008-03-31": "117", "2007-12-31": "123", "2007-09-30": "120", "2007-06-30": "122", "2007-03-31": "122", "2006-12-31": "121", "2006-09-30": "121", "2006-06-30": "120", "2006-03-31": "119", "2005-12-31": "118", "2005-09-30": "118", "2005-06-30": "117", "2005-03-31": "117"}}, "total-assets": {"American Financial Annual Total Assets (Millions of US $)": {"2019": "$70,130", "2018": "$63,456", "2017": "$60,658", "2016": "$55,072", "2015": "$49,837", "2014": "$47,535", "2013": "$42,087", "2012": "$39,171", "2011": "$35,838", "2010": "$32,454", "2009": "$27,683", "2008": "$26,428", "2007": "$25,808", "2006": "$25,101", "2005": "$22,816"}, "American Financial Quarterly Total Assets (Millions of US $)": {"2020-09-30": "$73,110", "2020-06-30": "$70,867", "2020-03-31": "$67,643", "2019-12-31": "$70,130", "2019-09-30": "$69,067", "2019-06-30": "$67,697", "2019-03-31": "$66,132", "2018-12-31": "$63,456", "2018-09-30": "$64,190", "2018-06-30": "$61,834", "2018-03-31": "$60,656", "2017-12-31": "$60,658", "2017-09-30": "$60,163", "2017-06-30": "$58,618", "2017-03-31": "$57,464", "2016-12-31": "$55,072", "2016-09-30": "$54,845", "2016-06-30": "$52,733", "2016-03-31": "$51,038", "2015-12-31": "$49,837", "2015-09-30": "$50,557", "2015-06-30": "$49,424", "2015-03-31": "$48,307", "2014-12-31": "$47,535", "2014-09-30": "$46,552", "2014-06-30": "$45,355", "2014-03-31": "$42,770", "2013-12-31": "$42,087", "2013-09-30": "$40,947", "2013-06-30": "$39,414", "2013-03-31": "$39,139", "2012-12-31": "$39,171", "2012-09-30": "$39,633", "2012-06-30": "$37,052", "2012-03-31": "$36,211", "2011-12-31": "$35,838", "2011-09-30": "$35,130", "2011-06-30": "$34,053", "2011-03-31": "$32,948", "2010-12-31": "$32,454", "2010-09-30": "$32,639", "2010-06-30": "$30,526", "2010-03-31": "$30,290", "2009-12-31": "$27,683", "2009-09-30": "$27,854", "2009-06-30": "$26,271", "2009-03-31": "$25,842", "2008-12-31": "$26,428", "2008-09-30": "$26,925", "2008-06-30": "$26,158", "2008-03-31": "$26,002", "2007-12-31": "$25,808", "2007-09-30": "$26,116", "2007-06-30": "$25,696", "2007-03-31": "$25,385", "2006-12-31": "$25,101", "2006-09-30": "$25,070", "2006-06-30": "$23,103", "2006-03-31": "$22,909", "2005-12-31": "$22,816", "2005-09-30": "$23,146", "2005-06-30": "$22,514", "2005-03-31": "$22,008"}}, "cash-on-hand": {"American Financial Annual Cash on Hand (Millions of US $)": {"2019": "$2,314", "2018": "$1,515", "2017": "$2,338", "2016": "$2,107", "2015": "$1,220", "2014": "$1,343", "2013": "$1,639", "2012": "$1,705", "2011": "$1,324", "2010": "$1,099", "2009": "$1,120", "2008": "$1,264", "2007": "$816", "2006": "$1,329", "2005": "$472"}, "American Financial Quarterly Cash on Hand (Millions of US $)": {"2020-09-30": "$3,747", "2020-06-30": "$2,698", "2020-03-31": "$1,673", "2019-12-31": "$2,314", "2019-09-30": "$2,693", "2019-06-30": "$2,374", "2019-03-31": "$2,000", "2018-12-31": "$1,515", "2018-09-30": "$2,009", "2018-06-30": "$1,810", "2018-03-31": "$1,659", "2017-12-31": "$2,338", "2017-09-30": "$2,349", "2017-06-30": "$2,207", "2017-03-31": "$1,890", "2016-12-31": "$2,107", "2016-09-30": "$1,639", "2016-06-30": "$1,548", "2016-03-31": "$1,231", "2015-12-31": "$1,220", "2015-09-30": "$894", "2015-06-30": "$1,216", "2015-03-31": "$1,212", "2014-12-31": "$1,343", "2014-09-30": "$1,310", "2014-06-30": "$2,116", "2014-03-31": "$1,876", "2013-12-31": "$1,639", "2013-09-30": "$1,331", "2013-06-30": "$1,271", "2013-03-31": "$1,529", "2012-12-31": "$1,705", "2012-09-30": "$1,626", "2012-06-30": "$1,523", "2012-03-31": "$1,422", "2011-12-31": "$1,324", "2011-09-30": "$991", "2011-06-30": "$1,629", "2011-03-31": "$1,499", "2010-12-31": "$1,099", "2010-09-30": "$1,140", "2010-06-30": "$1,011", "2010-03-31": "$1,170", "2009-12-31": "$1,120", "2009-09-30": "$1,435", "2009-06-30": "$1,451", "2009-03-31": "$1,315", "2008-12-31": "$1,264", "2008-09-30": "$1,194", "2008-06-30": "$843", "2008-03-31": "$983", "2007-12-31": "$816", "2007-09-30": "$729", "2007-06-30": "$680", "2007-03-31": "$1,103", "2006-12-31": "$1,329", "2006-09-30": "$1,140", "2006-06-30": "$595", "2006-03-31": "$565", "2005-12-31": "$472", "2005-09-30": "$641", "2005-06-30": "$797", "2005-03-31": "$527"}}, "long-term-debt": {"American Financial Annual Long Term Debt (Millions of US $)": {"2019": "$1,473", "2018": "$1,302", "2017": "$1,301", "2016": "$1,283", "2015": "$998", "2014": "$1,061", "2013": "$913", "2012": "$953", "2011": "$934", "2010": "$952", "2009": "$828", "2008": "$1,030", "2007": "$937", "2006": "$921", "2005": "$1,000"}, "American Financial Quarterly Long Term Debt (Millions of US $)": {"2020-09-30": "$2,108", "2020-06-30": "$1,912", "2020-03-31": "$1,473", "2019-12-31": "$1,473", "2019-09-30": "$1,423", "2019-06-30": "$1,423", "2019-03-31": "$1,423", "2018-12-31": "$1,302", "2018-09-30": "$1,302", "2018-06-30": "$1,301", "2018-03-31": "$1,301", "2017-12-31": "$1,301", "2017-09-30": "$1,284", "2017-06-30": "$1,405", "2017-03-31": "$1,283", "2016-12-31": "$1,283", "2016-09-30": "$1,300", "2016-06-30": "$998", "2016-03-31": "$998", "2015-12-31": "$998", "2015-09-30": "$880", "2015-06-30": "$1,024", "2015-03-31": "$1,061", "2014-12-31": "$1,061", "2014-09-30": "$1,062", "2014-06-30": "$912", "2014-03-31": "$913", "2013-12-31": "$913", "2013-09-30": "$913", "2013-06-30": "$949", "2013-03-31": "$950", "2012-12-31": "$953", "2012-09-30": "$966", "2012-06-30": "$1,158", "2012-03-31": "$931", "2011-12-31": "$934", "2011-09-30": "$937", "2011-06-30": "$940", "2011-03-31": "$949", "2010-12-31": "$952", "2010-09-30": "$954", "2010-06-30": "$851", "2010-03-31": "$824", "2009-12-31": "$828", "2009-09-30": "$877", "2009-06-30": "$915", "2009-03-31": "$1,058", "2008-12-31": "$1,030", "2008-09-30": "$952", "2008-06-30": "$998", "2008-03-31": "$991", "2007-12-31": "$937", "2007-09-30": "$897", "2007-06-30": "$897", "2007-03-31": "$924", "2006-12-31": "$921", "2006-09-30": "$924", "2006-06-30": "$902", "2006-03-31": "$914", "2005-12-31": "$1,000", "2005-09-30": "$1,017", "2005-06-30": "$1,012", "2005-03-31": "$1,015"}}, "total-liabilities": {"American Financial Annual Total Liabilities (Millions of US $)": {"2019": "$63,861", "2018": "$58,484", "2017": "$55,327", "2016": "$50,153", "2015": "$45,067", "2014": "$42,481", "2013": "$37,318", "2012": "$34,423", "2011": "$31,281", "2010": "$27,834", "2009": "$23,764", "2008": "$23,826", "2007": "$22,761", "2006": "$22,172", "2005": "$20,358"}, "American Financial Quarterly Total Liabilities (Millions of US $)": {"2020-09-30": "$66,770", "2020-06-30": "$64,741", "2020-03-31": "$62,596", "2019-12-31": "$63,861", "2019-09-30": "$62,746", "2019-06-30": "$61,607", "2019-03-31": "$60,467", "2018-12-31": "$58,484", "2018-09-30": "$59,026", "2018-06-30": "$56,750", "2018-03-31": "$55,473", "2017-12-31": "$55,327", "2017-09-30": "$54,784", "2017-06-30": "$53,306", "2017-03-31": "$52,269", "2016-12-31": "$50,153", "2016-09-30": "$49,487", "2016-06-30": "$47,540", "2016-03-31": "$46,101", "2015-12-31": "$45,067", "2015-09-30": "$45,651", "2015-06-30": "$44,440", "2015-03-31": "$43,207", "2014-12-31": "$42,481", "2014-09-30": "$41,474", "2014-06-30": "$40,197", "2014-03-31": "$37,797", "2013-12-31": "$37,318", "2013-09-30": "$36,237", "2013-06-30": "$34,776", "2013-03-31": "$34,231", "2012-12-31": "$34,423", "2012-09-30": "$34,669", "2012-06-30": "$32,277", "2012-03-31": "$31,479", "2011-12-31": "$31,281", "2011-09-30": "$30,510", "2011-06-30": "$29,428", "2011-03-31": "$28,336", "2010-12-31": "$27,834", "2010-09-30": "$27,910", "2010-06-30": "$26,095", "2010-03-31": "$25,983", "2009-12-31": "$23,764", "2009-09-30": "$24,052", "2009-06-30": "$23,078", "2009-03-31": "$23,163", "2008-12-31": "$23,826", "2008-09-30": "$24,148", "2008-06-30": "$23,283", "2008-03-31": "$22,982", "2007-12-31": "$22,761", "2007-09-30": "$23,103", "2007-06-30": "$22,726", "2007-03-31": "$22,344", "2006-12-31": "$22,172", "2006-09-30": "$22,310", "2006-06-30": "$20,627", "2006-03-31": "$20,460", "2005-12-31": "$20,358", "2005-09-30": "$20,743", "2005-06-30": "$19,956", "2005-03-31": "$19,649"}}, "total-share-holder-equity": {"American Financial Annual Share Holder Equity (Millions of US $)": {"2019": "$6,269", "2018": "$4,972", "2017": "$5,331", "2016": "$4,919", "2015": "$4,770", "2014": "$5,054", "2013": "$4,769", "2012": "$4,748", "2011": "$4,557", "2010": "$4,620", "2009": "$3,919", "2008": "$2,602", "2007": "$3,046", "2006": "$2,929", "2005": "$2,458"}, "American Financial Quarterly Share Holder Equity (Millions of US $)": {"2020-09-30": "$6,340", "2020-06-30": "$6,126", "2020-03-31": "$5,047", "2019-12-31": "$6,269", "2019-09-30": "$6,321", "2019-06-30": "$6,090", "2019-03-31": "$5,665", "2018-12-31": "$4,972", "2018-09-30": "$5,164", "2018-06-30": "$5,084", "2018-03-31": "$5,183", "2017-12-31": "$5,331", "2017-09-30": "$5,379", "2017-06-30": "$5,312", "2017-03-31": "$5,195", "2016-12-31": "$4,919", "2016-09-30": "$5,358", "2016-06-30": "$5,193", "2016-03-31": "$4,937", "2015-12-31": "$4,770", "2015-09-30": "$4,906", "2015-06-30": "$4,984", "2015-03-31": "$5,100", "2014-12-31": "$5,054", "2014-09-30": "$5,078", "2014-06-30": "$5,158", "2014-03-31": "$4,973", "2013-12-31": "$4,769", "2013-09-30": "$4,710", "2013-06-30": "$4,638", "2013-03-31": "$4,908", "2012-12-31": "$4,748", "2012-09-30": "$4,964", "2012-06-30": "$4,775", "2012-03-31": "$4,732", "2011-12-31": "$4,557", "2011-09-30": "$4,620", "2011-06-30": "$4,625", "2011-03-31": "$4,612", "2010-12-31": "$4,620", "2010-09-30": "$4,729", "2010-06-30": "$4,431", "2010-03-31": "$4,307", "2009-12-31": "$3,919", "2009-09-30": "$3,802", "2009-06-30": "$3,193", "2009-03-31": "$2,679", "2008-12-31": "$2,602", "2008-09-30": "$2,777", "2008-06-30": "$2,875", "2008-03-31": "$3,020", "2007-12-31": "$3,046", "2007-09-30": "$3,013", "2007-06-30": "$2,970", "2007-03-31": "$3,041", "2006-12-31": "$2,929", "2006-09-30": "$2,760", "2006-06-30": "$2,475", "2006-03-31": "$2,449", "2005-12-31": "$2,458", "2005-09-30": "$2,403", "2005-06-30": "$2,558", "2005-03-31": "$2,359"}}, "profit-margins": {"current": "9.26%"}, "gross margin": {"2020-12-31": "19.16%", "2020-09-30": "11.65%", "2020-06-30": "12.13%", "2020-03-31": "12.90%", "2019-12-31": "21.86%", "2019-09-30": "19.33%", "2019-06-30": "20.27%", "2019-03-31": "20.34%", "2018-12-31": "17.69%", "2018-09-30": "22.26%", "2018-06-30": "19.96%", "2018-03-31": "19.75%", "2017-12-31": "20.57%", "2017-09-30": "20.89%", "2017-06-30": "23.18%", "2017-03-31": "21.97%", "2016-12-31": "21.05%", "2016-09-30": "19.41%", "2016-06-30": "17.97%", "2016-03-31": "19.37%", "2015-12-31": "17.71%", "2015-09-30": "17.07%", "2015-06-30": "17.65%", "2015-03-31": "16.22%", "2014-12-31": "18.52%", "2014-09-30": "20.33%", "2014-06-30": "21.31%", "2014-03-31": "22.26%", "2013-12-31": "23.03%", "2013-09-30": "18.00%", "2013-06-30": "20.48%", "2013-03-31": "20.83%", "2012-12-31": "20.54%", "2012-09-30": "24.93%", "2012-06-30": "23.00%", "2012-03-31": "22.02%", "2011-12-31": "21.52%", "2011-09-30": "22.67%", "2011-06-30": "24.30%", "2011-03-31": "26.25%", "2010-12-31": "27.17%", "2010-09-30": "27.99%", "2010-06-30": "29.21%", "2010-03-31": "30.61%", "2009-12-31": "31.06%", "2009-09-30": "27.12%", "2009-06-30": "22.55%", "2009-03-31": "20.39%", "2008-12-31": "19.75%", "2008-09-30": "22.57%", "2008-06-30": "25.93%", "2008-03-31": "27.13%", "2007-12-31": "28.20%", "2007-09-30": "28.95%", "2007-06-30": "28.85%", "2007-03-31": "28.57%", "2006-12-31": "28.62%", "2006-09-30": "26.79%", "2006-06-30": "22.59%", "2006-03-31": "22.87%", "2005-12-31": "21.68%"}, "operating margin": {"2020-12-31": "10.72%", "2020-09-30": "3.01%", "2020-06-30": "3.56%", "2020-03-31": "4.10%", "2019-12-31": "13.45%", "2019-09-30": "10.39%", "2019-06-30": "11.42%", "2019-03-31": "11.62%", "2018-12-31": "8.94%", "2018-09-30": "13.00%", "2018-06-30": "10.29%", "2018-03-31": "9.77%", "2017-12-31": "10.55%", "2017-09-30": "11.39%", "2017-06-30": "13.85%", "2017-03-31": "12.94%", "2016-12-31": "12.11%", "2016-09-30": "10.66%", "2016-06-30": "9.45%", "2016-03-31": "10.93%", "2015-12-31": "9.19%", "2015-09-30": "8.97%", "2015-06-30": "9.90%", "2015-03-31": "8.51%", "2014-12-31": "10.92%", "2014-09-30": "12.27%", "2014-06-30": "12.53%", "2014-03-31": "13.07%", "2013-12-31": "13.50%", "2013-09-30": "8.36%", "2013-06-30": "11.05%", "2013-03-31": "11.28%", "2012-12-31": "10.83%", "2012-09-30": "16.39%", "2012-06-30": "14.36%", "2012-03-31": "12.83%", "2011-12-31": "12.02%", "2011-09-30": "10.79%", "2011-06-30": "12.13%", "2011-03-31": "14.42%", "2010-12-31": "15.43%", "2010-09-30": "16.75%", "2010-06-30": "17.26%", "2010-03-31": "18.19%", "2009-12-31": "18.80%", "2009-09-30": "14.86%", "2009-06-30": "10.60%", "2009-03-31": "8.33%", "2008-12-31": "7.36%", "2008-09-30": "9.60%", "2008-06-30": "13.23%", "2008-03-31": "13.28%", "2007-12-31": "14.59%", "2007-09-30": "15.93%", "2007-06-30": "15.52%", "2007-03-31": "16.69%", "2006-12-31": "16.45%", "2006-09-30": "14.00%", "2006-06-30": "9.66%", "2006-03-31": "9.71%", "2005-12-31": "8.21%"}, "ebitda margin": {"2020-09-30": "8.32%", "2020-06-30": "8.12%", "2020-03-31": "9.54%", "2019-12-31": "17.42%", "2019-09-30": "14.34%", "2019-06-30": "14.54%", "2019-03-31": "14.75%", "2018-12-31": "12.74%", "2018-09-30": "16.18%", "2018-06-30": "13.33%", "2018-03-31": "12.94%", "2017-12-31": "13.34%", "2017-09-30": "14.84%", "2017-06-30": "17.36%", "2017-03-31": "16.34%", "2016-12-31": "15.36%", "2016-09-30": "13.48%", "2016-06-30": "12.20%", "2016-03-31": "14.15%", "2015-12-31": "12.60%", "2015-09-30": "13.02%", "2015-06-30": "14.09%", "2015-03-31": "12.36%", "2014-12-31": "14.72%", "2014-09-30": "15.82%", "2014-06-30": "16.05%", "2014-03-31": "17.03%", "2013-12-31": "17.68%", "2013-09-30": "14.86%", "2013-06-30": "17.50%", "2013-03-31": "17.66%", "2012-12-31": "17.53%", "2012-09-30": "21.16%", "2012-06-30": "19.48%", "2012-03-31": "18.14%", "2011-12-31": "17.49%", "2011-09-30": "16.76%", "2011-06-30": "18.29%", "2011-03-31": "20.75%", "2010-12-31": "21.66%", "2010-09-30": "22.57%", "2010-06-30": "23.16%", "2010-03-31": "23.97%", "2009-12-31": "24.93%", "2009-09-30": "20.82%", "2009-06-30": "16.86%", "2009-03-31": "15.36%", "2008-12-31": "14.14%", "2008-09-30": "16.96%", "2008-06-30": "20.23%", "2008-03-31": "19.48%", "2007-12-31": "20.67%", "2007-09-30": "21.75%", "2007-06-30": "21.38%", "2007-03-31": "22.56%", "2006-12-31": "22.11%", "2006-09-30": "20.26%", "2006-06-30": "16.16%", "2006-03-31": "16.52%", "2005-12-31": "15.53%"}, "pre tax profit margin": {"2020-12-31": "10.72%", "2020-09-30": "3.01%", "2020-06-30": "3.56%", "2020-03-31": "4.10%", "2019-12-31": "13.45%", "2019-09-30": "10.39%", "2019-06-30": "11.42%", "2019-03-31": "11.62%", "2018-12-31": "8.94%", "2018-09-30": "13.00%", "2018-06-30": "10.29%", "2018-03-31": "9.77%", "2017-12-31": "10.55%", "2017-09-30": "11.39%", "2017-06-30": "13.85%", "2017-03-31": "12.94%", "2016-12-31": "12.11%", "2016-09-30": "10.66%", "2016-06-30": "9.45%", "2016-03-31": "10.93%", "2015-12-31": "9.19%", "2015-09-30": "8.97%", "2015-06-30": "9.90%", "2015-03-31": "8.51%", "2014-12-31": "10.92%", "2014-09-30": "12.27%", "2014-06-30": "12.53%", "2014-03-31": "13.07%", "2013-12-31": "13.50%", "2013-09-30": "8.36%", "2013-06-30": "11.05%", "2013-03-31": "11.28%", "2012-12-31": "10.83%", "2012-09-30": "16.39%", "2012-06-30": "14.36%", "2012-03-31": "12.83%", "2011-12-31": "12.02%", "2011-09-30": "10.79%", "2011-06-30": "12.13%", "2011-03-31": "14.42%", "2010-12-31": "15.43%", "2010-09-30": "16.75%", "2010-06-30": "17.26%", "2010-03-31": "18.19%", "2009-12-31": "18.80%", "2009-09-30": "14.86%", "2009-06-30": "10.60%", "2009-03-31": "8.33%", "2008-12-31": "7.36%", "2008-09-30": "9.60%", "2008-06-30": "13.23%", "2008-03-31": "13.28%", "2007-12-31": "14.59%", "2007-09-30": "15.93%", "2007-06-30": "15.52%", "2007-03-31": "16.69%", "2006-12-31": "16.45%", "2006-09-30": "14.00%", "2006-06-30": "9.66%", "2006-03-31": "9.71%", "2005-12-31": "8.21%"}, "net profit margin": {"2020-12-31": "9.26%", "2020-09-30": "3.38%", "2020-06-30": "3.13%", "2020-03-31": "3.57%", "2019-12-31": "10.89%", "2019-09-30": "8.43%", "2019-06-30": "9.29%", "2019-03-31": "9.45%", "2018-12-31": "7.41%", "2018-09-30": "9.98%", "2018-06-30": "7.50%", "2018-03-31": "6.76%", "2017-12-31": "6.92%", "2017-09-30": "10.21%", "2017-06-30": "11.88%", "2017-03-31": "10.62%", "2016-12-31": "9.99%", "2016-09-30": "6.16%", "2016-06-30": "5.46%", "2016-03-31": "6.86%", "2015-12-31": "5.73%", "2015-09-30": "5.76%", "2015-06-30": "6.75%", "2015-03-31": "6.32%", "2014-12-31": "7.88%", "2014-09-30": "8.69%", "2014-06-30": "8.30%", "2014-03-31": "8.79%", "2013-12-31": "9.23%", "2013-09-30": "7.35%", "2013-06-30": "10.05%", "2013-03-31": "9.86%", "2012-12-31": "9.84%", "2012-09-30": "11.11%", "2012-06-30": "8.85%", "2012-03-31": "7.82%", "2011-12-31": "7.37%", "2011-09-30": "7.98%", "2011-06-30": "8.89%", "2011-03-31": "10.31%", "2010-12-31": "10.72%", "2010-09-30": "11.35%", "2010-06-30": "11.66%", "2010-03-31": "11.98%", "2009-12-31": "12.01%", "2009-09-30": "9.23%", "2009-06-30": "6.65%", "2009-03-31": "5.21%", "2008-12-31": "4.57%", "2008-09-30": "5.87%", "2008-06-30": "8.02%", "2008-03-31": "8.04%", "2007-12-31": "8.77%", "2007-09-30": "9.65%", "2007-06-30": "9.33%", "2007-03-31": "10.84%", "2006-12-31": "10.77%", "2006-09-30": "9.90%", "2006-06-30": "7.09%", "2006-03-31": "6.10%", "2005-12-31": "5.22%"}, "pe ratio": {"current": "11.82", "2021-02-05": "204.39", "2020-12-31": "177.82", "2020-09-30": "23.08", "2020-06-30": "23.74", "2020-03-31": "23.00", "2019-12-31": "10.53", "2019-09-30": "13.85", "2019-06-30": "12.04", "2019-03-31": "11.09", "2018-12-31": "14.01", "2018-09-30": "12.29", "2018-06-30": "16.14", "2018-03-31": "18.84", "2017-12-31": "17.75", "2017-09-30": "11.25", "2017-06-30": "9.44", "2017-03-31": "10.02", "2016-12-31": "9.95", "2016-09-30": "13.73", "2016-06-30": "15.27", "2016-03-31": "11.65", "2015-12-31": "14.69", "2015-09-30": "13.94", "2015-06-30": "11.44", "2015-03-31": "12.40", "2014-12-31": "9.53", "2014-09-30": "8.36", "2014-06-30": "9.19", "2014-03-31": "8.78", "2013-12-31": "8.43", "2013-09-30": "10.03", "2013-06-30": "6.60", "2013-03-31": "6.60", "2012-12-31": "5.67", "2012-09-30": "4.85", "2012-06-30": "6.72", "2012-03-31": "7.45", "2011-12-31": "7.83", "2011-09-30": "6.31", "2011-06-30": "6.70", "2011-03-31": "5.84", "2010-12-31": "5.19", "2010-09-30": "4.72", "2010-06-30": "4.32", "2010-03-31": "4.35", "2009-12-31": "3.84", "2009-09-30": "5.13", "2009-06-30": "5.91", "2009-03-31": "5.67", "2008-12-31": "9.20", "2008-09-30": "9.30", "2008-06-30": "6.19", "2008-03-31": "5.84", "2007-12-31": "5.99", "2007-09-30": "5.30", "2007-06-30": "6.63", "2007-03-31": "5.76", "2006-12-31": "6.18"}, "price sales": {"2021-02-05": "1.12", "2020-12-31": "0.98", "2020-09-30": "0.78", "2020-06-30": "0.74", "2020-03-31": "0.81", "2019-12-31": "1.15", "2019-09-30": "1.17", "2019-06-30": "1.12", "2019-03-31": "1.05", "2018-12-31": "1.04", "2018-09-30": "1.22", "2018-06-30": "1.21", "2018-03-31": "1.27", "2017-12-31": "1.23", "2017-09-30": "1.15", "2017-06-30": "1.12", "2017-03-31": "1.06", "2016-12-31": "0.99", "2016-09-30": "0.85", "2016-06-30": "0.84", "2016-03-31": "0.80", "2015-12-31": "0.84", "2015-09-30": "0.80", "2015-06-30": "0.77", "2015-03-31": "0.78", "2014-12-31": "0.75", "2014-09-30": "0.73", "2014-06-30": "0.76", "2014-03-31": "0.77", "2013-12-31": "0.78", "2013-09-30": "0.75", "2013-06-30": "0.67", "2013-03-31": "0.66", "2012-12-31": "0.56", "2012-09-30": "0.55", "2012-06-30": "0.60", "2012-03-31": "0.60", "2011-12-31": "0.58", "2011-09-30": "0.50", "2011-06-30": "0.60", "2011-03-31": "0.60", "2010-12-31": "0.56", "2010-09-30": "0.54", "2010-06-30": "0.50", "2010-03-31": "0.52", "2009-12-31": "0.46", "2009-09-30": "0.47", "2009-06-30": "0.39", "2009-03-31": "0.29", "2008-12-31": "0.42", "2008-09-30": "0.55", "2008-06-30": "0.50", "2008-03-31": "0.47", "2007-12-31": "0.52", "2007-09-30": "0.51", "2007-06-30": "0.61", "2007-03-31": "0.62", "2006-12-31": "0.66"}, "price book": {"current": "1.40", "2021-02-05": "1.38", "2020-09-30": "0.89", "2020-06-30": "0.88", "2020-03-31": "1.19", "2019-12-31": "1.50", "2019-09-30": "1.43", "2019-06-30": "1.40", "2019-03-31": "1.38", "2018-12-31": "1.47", "2018-09-30": "1.70", "2018-06-30": "1.66", "2018-03-31": "1.67", "2017-12-31": "1.56", "2017-09-30": "1.44", "2017-06-30": "1.39", "2017-03-31": "1.33", "2016-12-31": "1.29", "2016-09-30": "0.99", "2016-06-30": "1.00", "2016-03-31": "1.00", "2015-12-31": "1.06", "2015-09-30": "0.97", "2015-06-30": "0.90", "2015-03-31": "0.87", "2014-12-31": "0.82", "2014-09-30": "0.77", "2014-06-30": "0.79", "2014-03-31": "0.79", "2013-12-31": "0.82", "2013-09-30": "0.76", "2013-06-30": "0.69", "2013-03-31": "0.64", "2012-12-31": "0.54", "2012-09-30": "0.50", "2012-06-30": "0.56", "2012-03-31": "0.57", "2011-12-31": "0.56", "2011-09-30": "0.47", "2011-06-30": "0.55", "2011-03-31": "0.55", "2010-12-31": "0.51", "2010-09-30": "0.48", "2010-06-30": "0.46", "2010-03-31": "0.50", "2009-12-31": "0.49", "2009-09-30": "0.53", "2009-06-30": "0.53", "2009-03-31": "0.47", "2008-12-31": "0.68", "2008-09-30": "0.81", "2008-06-30": "0.71", "2008-03-31": "0.63", "2007-12-31": "0.70", "2007-09-30": "0.71", "2007-06-30": "0.89", "2007-03-31": "0.87", "2006-12-31": "0.94", "2006-09-30": "0.87", "2006-06-30": "0.87", "2006-03-31": "0.85"}, "price fcf": {"2021-02-05": "", "2020-09-30": "$27.10", "2020-06-30": "$29.01", "2020-03-31": "$27.45", "2019-12-31": "$26.55", "2019-09-30": "$26.92", "2019-06-30": "$22.98", "2019-03-31": "$22.98", "2018-12-31": "$22.14", "2018-09-30": "$21.82", "2018-06-30": "$21.44", "2018-03-31": "$24.26", "2017-12-31": "$19.49", "2017-09-30": "$15.66", "2017-06-30": "$13.91", "2017-03-31": "$7.89", "2016-12-31": "$13.06", "2016-09-30": "$13.32", "2016-06-30": "$14.00", "2016-03-31": "$15.28", "2015-12-31": "$15.30", "2015-09-30": "$16.51", "2015-06-30": "$15.01", "2015-03-31": "$15.57", "2014-12-31": "$13.16", "2014-09-30": "$11.51", "2014-06-30": "$11.67", "2014-03-31": "$9.88", "2013-12-31": "$8.14", "2013-09-30": "$7.11", "2013-06-30": "$7.77", "2013-03-31": "$8.50", "2012-12-31": "$7.82", "2012-09-30": "$4.42", "2012-06-30": "$2.87", "2012-03-31": "$1.86", "2011-12-31": "$5.68", "2011-09-30": "$6.35", "2011-06-30": "$8.11", "2011-03-31": "$7.51", "2010-12-31": "$7.19", "2010-09-30": "$7.82", "2010-06-30": "$6.91", "2010-03-31": "$6.93", "2009-12-31": "$7.31", "2009-09-30": "$6.90", "2009-06-30": "$7.42", "2009-03-31": "$8.43", "2008-12-31": "$7.99", "2008-09-30": "$8.27", "2008-06-30": "$8.60", "2008-03-31": "$7.83", "2007-12-31": "$6.28", "2007-09-30": "$7.12", "2007-06-30": "$6.52", "2007-03-31": "$6.20", "2006-12-31": "$8.55"}, "net worth": {"value": "$8.7B"}, "current ratio": {"2020-12-31": "0.00", "2020-09-30": "0.18", "2020-06-30": "0.15", "2020-03-31": "0.13", "2019-12-31": "0.15", "2019-09-30": "0.16", "2019-06-30": "0.15", "2019-03-31": "0.15", "2018-12-31": "0.14", "2018-09-30": "0.17", "2018-06-30": "0.15", "2018-03-31": "0.15", "2017-12-31": "0.17", "2017-09-30": "0.18", "2017-06-30": "0.16", "2017-03-31": "0.15", "2016-12-31": "0.16", "2016-09-30": "0.17", "2016-06-30": "0.15", "2016-03-31": "0.14", "2015-12-31": "0.15", "2015-09-30": "0.16", "2015-06-30": "0.16", "2015-03-31": "0.16", "2014-12-31": "0.18", "2014-09-30": "0.18", "2014-06-30": "0.19", "2014-03-31": "0.19", "2013-12-31": "0.20", "2013-09-30": "0.21", "2013-06-30": "0.19", "2013-03-31": "0.20", "2012-12-31": "0.23", "2012-09-30": "0.26", "2012-06-30": "0.21", "2012-03-31": "0.21", "2011-12-31": "0.22", "2011-09-30": "0.22", "2011-06-30": "0.24", "2011-03-31": "0.23", "2010-12-31": "0.23", "2010-09-30": "0.24", "2010-06-30": "0.24", "2010-03-31": "0.25", "2009-12-31": "0.27", "2009-09-30": "0.29", "2009-06-30": "0.28", "2009-03-31": "0.27", "2008-12-31": "0.30", "2008-09-30": "0.30", "2008-06-30": "0.26", "2008-03-31": "0.27", "2007-12-31": "0.26", "2007-09-30": "0.27", "2007-06-30": "0.26", "2007-03-31": "0.28", "2006-12-31": "0.30", "2006-09-30": "0.31", "2006-06-30": "0.26", "2006-03-31": "0.25", "2005-12-31": "0.26", "2005-09-30": "0.28", "2005-06-30": "0.27", "2005-03-31": "0.26"}, "quick ratio": {"2020-12-31": "0.00", "2020-09-30": "0.00", "2020-06-30": "0.00", "2020-03-31": "0.00", "2019-12-31": "0.00", "2019-09-30": "0.00", "2019-06-30": "0.00", "2019-03-31": "0.00", "2018-12-31": "0.00", "2018-09-30": "0.00", "2018-06-30": "0.00", "2018-03-31": "0.00", "2017-12-31": "0.00", "2017-09-30": "0.00", "2017-06-30": "0.00", "2017-03-31": "0.00", "2016-12-31": "0.00", "2016-09-30": "0.00", "2016-06-30": "0.00", "2016-03-31": "0.00", "2015-12-31": "0.00", "2015-09-30": "0.00", "2015-06-30": "0.00", "2015-03-31": "0.00", "2014-12-31": "0.00", "2014-09-30": "0.00", "2014-06-30": "0.00", "2014-03-31": "0.00", "2013-12-31": "0.00", "2013-09-30": "0.00", "2013-06-30": "0.00", "2013-03-31": "0.00", "2012-12-31": "0.00", "2012-09-30": "0.00", "2012-06-30": "0.00", "2012-03-31": "0.00", "2011-12-31": "0.00", "2011-09-30": "0.00", "2011-06-30": "0.00", "2011-03-31": "0.00", "2010-12-31": "0.00", "2010-09-30": "0.00", "2010-06-30": "0.00", "2010-03-31": "0.00", "2009-12-31": "0.00", "2009-09-30": "0.00", "2009-06-30": "0.00", "2009-03-31": "0.00", "2008-12-31": "0.00", "2008-09-30": "0.00", "2008-06-30": "0.00", "2008-03-31": "0.00", "2007-12-31": "0.00", "2007-09-30": "0.00", "2007-06-30": "0.00", "2007-03-31": "0.00", "2006-12-31": "0.00", "2006-09-30": "0.00", "2006-06-30": "0.00", "2006-03-31": "0.00", "2005-12-31": "0.00", "2005-09-30": "0.00", "2005-06-30": "0.00", "2005-03-31": "0.00"}, "debt equity ratio": {"current": "0.33", "2020-12-31": "0.00", "2020-09-30": "10.53", "2020-06-30": "10.57", "2020-03-31": "12.40", "2019-12-31": "10.19", "2019-09-30": "9.93", "2019-06-30": "10.12", "2019-03-31": "10.67", "2018-12-31": "11.76", "2018-09-30": "11.43", "2018-06-30": "11.16", "2018-03-31": "10.70", "2017-12-31": "10.38", "2017-09-30": "10.19", "2017-06-30": "10.04", "2017-03-31": "10.06", "2016-12-31": "10.20", "2016-09-30": "9.24", "2016-06-30": "9.16", "2016-03-31": "9.34", "2015-12-31": "9.45", "2015-09-30": "9.31", "2015-06-30": "8.92", "2015-03-31": "8.47", "2014-12-31": "8.41", "2014-09-30": "8.17", "2014-06-30": "7.79", "2014-03-31": "7.60", "2013-12-31": "7.83", "2013-09-30": "7.69", "2013-06-30": "7.50", "2013-03-31": "6.98", "2012-12-31": "7.25", "2012-09-30": "6.98", "2012-06-30": "6.76", "2012-03-31": "6.65", "2011-12-31": "6.86", "2011-09-30": "6.60", "2011-06-30": "6.36", "2011-03-31": "6.14", "2010-12-31": "6.03", "2010-09-30": "5.90", "2010-06-30": "5.89", "2010-03-31": "6.03", "2009-12-31": "6.06", "2009-09-30": "6.33", "2009-06-30": "7.23", "2009-03-31": "8.65", "2008-12-31": "9.16", "2008-09-30": "8.70", "2008-06-30": "8.10", "2008-03-31": "7.61", "2007-12-31": "7.47", "2007-09-30": "7.67", "2007-06-30": "7.65", "2007-03-31": "7.35", "2006-12-31": "7.57", "2006-09-30": "8.08", "2006-06-30": "8.33", "2006-03-31": "8.35", "2005-12-31": "8.28", "2005-09-30": "8.63", "2005-06-30": "7.80", "2005-03-31": "8.33"}, "return on equity": {"2020-12-31": "16.72%", "2020-09-30": "4.22%", "2020-06-30": "3.94%", "2020-03-31": "4.50%", "2019-12-31": "14.74%", "2019-09-30": "11.40%", "2019-06-30": "13.05%", "2019-03-31": "13.67%", "2018-12-31": "10.39%", "2018-09-30": "13.97%", "2018-06-30": "10.14%", "2018-03-31": "8.81%", "2017-12-31": "8.96%", "2017-09-30": "13.34%", "2017-06-30": "15.24%", "2017-03-31": "13.57%", "2016-12-31": "12.72%", "2016-09-30": "7.76%", "2016-06-30": "7.01%", "2016-03-31": "8.86%", "2015-12-31": "7.13%", "2015-09-30": "6.98%", "2015-06-30": "7.97%", "2015-03-31": "7.22%", "2014-12-31": "8.92%", "2014-09-30": "9.67%", "2014-06-30": "9.18%", "2014-03-31": "9.51%", "2013-12-31": "9.90%", "2013-09-30": "7.64%", "2013-06-30": "10.51%", "2013-03-31": "10.21%", "2012-12-31": "10.16%", "2012-09-30": "11.50%", "2012-06-30": "8.95%", "2012-03-31": "7.92%", "2011-12-31": "7.43%", "2011-09-30": "7.99%", "2011-06-30": "8.69%", "2011-03-31": "10.09%", "2010-12-31": "10.66%", "2010-09-30": "11.66%", "2010-06-30": "12.20%", "2010-03-31": "13.69%", "2009-12-31": "15.27%", "2009-09-30": "12.94%", "2009-06-30": "10.35%", "2009-03-31": "8.20%", "2008-12-31": "6.95%", "2008-09-30": "8.43%", "2008-06-30": "11.34%", "2008-03-31": "11.49%", "2007-12-31": "12.73%", "2007-09-30": "14.39%", "2007-06-30": "14.05%", "2007-03-31": "16.67%", "2006-12-31": "17.15%", "2006-09-30": "16.09%", "2006-06-30": "11.77%", "2006-03-31": "10.01%", "2005-12-31": "8.51%"}, "return on assets": {"2020-12-31": "1.38%", "2020-09-30": "0.36%", "2020-06-30": "0.34%", "2020-03-31": "0.39%", "2019-12-31": "1.31%", "2019-09-30": "0.99%", "2019-06-30": "1.09%", "2019-03-31": "1.12%", "2018-12-31": "0.85%", "2018-09-30": "1.17%", "2018-06-30": "0.87%", "2018-03-31": "0.78%", "2017-12-31": "0.80%", "2017-09-30": "1.20%", "2017-06-30": "1.40%", "2017-03-31": "1.27%", "2016-12-31": "1.21%", "2016-09-30": "0.75%", "2016-06-30": "0.68%", "2016-03-31": "0.86%", "2015-12-31": "0.71%", "2015-09-30": "0.71%", "2015-06-30": "0.84%", "2015-03-31": "0.78%", "2014-12-31": "0.99%", "2014-09-30": "1.09%", "2014-06-30": "1.05%", "2014-03-31": "1.10%", "2013-12-31": "1.17%", "2013-09-30": "0.92%", "2013-06-30": "1.29%", "2013-03-31": "1.28%", "2012-12-31": "1.28%", "2012-09-30": "1.47%", "2012-06-30": "1.16%", "2012-03-31": "1.04%", "2011-12-31": "0.99%", "2011-09-30": "1.10%", "2011-06-30": "1.22%", "2011-03-31": "1.44%", "2010-12-31": "1.53%", "2010-09-30": "1.67%", "2010-06-30": "1.73%", "2010-03-31": "1.86%", "2009-12-31": "1.93%", "2009-09-30": "1.49%", "2009-06-30": "1.10%", "2009-03-31": "0.85%", "2008-12-31": "0.74%", "2008-09-30": "0.94%", "2008-06-30": "1.30%", "2008-03-31": "1.34%", "2007-12-31": "1.49%", "2007-09-30": "1.68%", "2007-06-30": "1.62%", "2007-03-31": "1.89%", "2006-12-31": "1.89%", "2006-09-30": "1.74%", "2006-06-30": "1.25%", "2006-03-31": "1.08%", "2005-12-31": "0.92%"}, "return on investments": {"2020-12-31": "14.74%", "2020-09-30": "2.90%", "2020-06-30": "3.54%", "2020-03-31": "4.16%", "2019-12-31": "14.73%", "2019-09-30": "11.32%", "2019-06-30": "12.83%", "2019-03-31": "13.40%", "2018-12-31": "9.98%", "2018-09-30": "14.56%", "2018-06-30": "11.16%", "2018-03-31": "10.19%", "2017-12-31": "10.93%", "2017-09-30": "11.88%", "2017-06-30": "14.17%", "2017-03-31": "13.38%", "2016-12-31": "12.60%", "2016-09-30": "11.08%", "2016-06-30": "10.15%", "2016-03-31": "11.76%", "2015-12-31": "9.53%", "2015-09-30": "9.06%", "2015-06-30": "9.68%", "2015-03-31": "8.09%", "2014-12-31": "10.34%", "2014-09-30": "11.47%", "2014-06-30": "11.68%", "2014-03-31": "11.85%", "2013-12-31": "12.11%", "2013-09-30": "7.26%", "2013-06-30": "9.64%", "2013-03-31": "9.67%", "2012-12-31": "9.25%", "2012-09-30": "14.02%", "2012-06-30": "11.98%", "2012-03-31": "10.81%", "2011-12-31": "10.07%", "2011-09-30": "8.97%", "2011-06-30": "9.85%", "2011-03-31": "11.75%", "2010-12-31": "12.81%", "2010-09-30": "14.35%", "2010-06-30": "14.98%", "2010-03-31": "16.95%", "2009-12-31": "18.81%", "2009-09-30": "15.82%", "2009-06-30": "12.21%", "2009-03-31": "9.57%", "2008-12-31": "8.29%", "2008-09-30": "10.36%", "2008-06-30": "14.17%", "2008-03-31": "14.48%", "2007-12-31": "16.25%", "2007-09-30": "18.21%", "2007-06-30": "17.81%", "2007-03-31": "19.33%", "2006-12-31": "19.48%", "2006-09-30": "16.63%", "2006-06-30": "11.52%", "2006-03-31": "11.38%", "2005-12-31": "9.46%"}, "return on tangible equity": {"2020-09-30": "4.37%", "2020-06-30": "4.08%", "2020-03-31": "4.66%", "2019-12-31": "15.26%", "2019-09-30": "11.83%", "2019-06-30": "13.55%", "2019-03-31": "14.23%", "2018-12-31": "10.82%", "2018-09-30": "14.52%", "2018-06-30": "10.54%", "2018-03-31": "9.15%", "2017-12-31": "9.30%", "2017-09-30": "13.87%", "2017-06-30": "15.85%", "2017-03-31": "14.11%", "2016-12-31": "13.24%", "2016-09-30": "8.08%", "2016-06-30": "7.30%", "2016-03-31": "9.24%", "2015-12-31": "7.43%", "2015-09-30": "7.28%", "2015-06-30": "8.30%", "2015-03-31": "7.52%", "2014-12-31": "9.28%", "2014-09-30": "10.06%", "2014-06-30": "9.55%", "2014-03-31": "9.90%", "2013-12-31": "10.30%", "2013-09-30": "7.95%", "2013-06-30": "10.93%", "2013-03-31": "10.61%", "2012-12-31": "10.56%", "2012-09-30": "11.97%", "2012-06-30": "9.32%", "2012-03-31": "8.25%", "2011-12-31": "7.74%", "2011-09-30": "8.32%", "2011-06-30": "9.06%", "2011-03-31": "10.53%", "2010-12-31": "11.15%", "2010-09-30": "12.23%", "2010-06-30": "12.85%", "2010-03-31": "14.49%", "2009-12-31": "16.27%", "2009-09-30": "13.88%", "2009-06-30": "11.18%", "2009-03-31": "8.88%", "2008-12-31": "7.51%", "2008-09-30": "9.08%", "2008-06-30": "12.19%", "2008-03-31": "12.30%", "2007-12-31": "13.57%", "2007-09-30": "15.31%", "2007-06-30": "14.93%", "2007-03-31": "17.75%", "2006-12-31": "18.32%", "2006-09-30": "17.25%", "2006-06-30": "12.63%", "2006-03-31": "10.74%", "2005-12-31": "9.13%"}, "dividend yield history": {"last payout": "$2.00", "last yield": "2.00%"}}