{"ticker": "ACC", "price": {"title": "American Campus Communities Inc Historical Annual Stock Price Data", "value": 42.89, "historical": {"2020": {"Average Stock Price": "37.3099", "Year Open": "46.0900", "Year High": "48.7500", "Year Low": "20.7600", "Year Close": "42.7700", "Annual % Change": "-9.06%"}, "2019": {"Average Stock Price": "46.7759", "Year Open": "40.1900", "Year High": "50.7300", "Year Low": "40.1900", "Year Close": "47.0300", "Annual % Change": "13.63%"}, "2018": {"Average Stock Price": "40.2670", "Year Open": "40.9900", "Year High": "43.8300", "Year Low": "34.8000", "Year Close": "41.3900", "Annual % Change": "0.88%"}, "2017": {"Average Stock Price": "46.6048", "Year Open": "48.8000", "Year High": "51.4300", "Year Low": "40.2300", "Year Close": "41.0300", "Annual % Change": "-17.56%"}, "2016": {"Average Stock Price": "47.4613", "Year Open": "40.6800", "Year High": "54.5500", "Year Low": "39.3300", "Year Close": "49.7700", "Annual % Change": "20.39%"}, "2015": {"Average Stock Price": "39.6583", "Year Open": "42.0900", "Year High": "44.8400", "Year Low": "32.2600", "Year Close": "41.3400", "Annual % Change": "-0.05%"}, "2014": {"Average Stock Price": "37.9794", "Year Open": "32.6800", "Year High": "41.8800", "Year Low": "32.6800", "Year Close": "41.3600", "Annual % Change": "28.41%"}, "2013": {"Average Stock Price": "39.8965", "Year Open": "46.6500", "Year High": "47.8800", "Year Low": "31.8000", "Year Close": "32.2100", "Annual % Change": "-30.18%"}, "2012": {"Average Stock Price": "44.2925", "Year Open": "41.9300", "Year High": "47.6900", "Year Low": "40.2900", "Year Close": "46.1300", "Annual % Change": "9.94%"}, "2011": {"Average Stock Price": "35.6524", "Year Open": "32.3600", "Year High": "42.3900", "Year Low": "30.7800", "Year Close": "41.9600", "Annual % Change": "32.12%"}, "2010": {"Average Stock Price": "28.8718", "Year Open": "27.3900", "Year High": "33.3900", "Year Low": "24.6200", "Year Close": "31.7600", "Annual % Change": "13.02%"}, "2009": {"Average Stock Price": "23.1140", "Year Open": "19.6100", "Year High": "28.6800", "Year Low": "15.6100", "Year Close": "28.1000", "Annual % Change": "37.21%"}, "2008": {"Average Stock Price": "27.5937", "Year Open": "26.3100", "Year High": "33.8800", "Year Low": "16.6100", "Year Close": "20.4800", "Annual % Change": "-23.72%"}, "2007": {"Average Stock Price": "28.7366", "Year Open": "29.0000", "Year High": "32.3900", "Year Low": "24.3000", "Year Close": "26.8500", "Annual % Change": "-5.69%"}, "2006": {"Average Stock Price": "25.6434", "Year Open": "24.6900", "Year High": "29.7500", "Year Low": "22.7100", "Year Close": "28.4700", "Annual % Change": "14.80%"}, "2005": {"Average Stock Price": "22.6787", "Year Open": "22.5500", "Year High": "26.3500", "Year Low": "19.1000", "Year Close": "24.8000", "Annual % Change": "10.27%"}, "2004": {"Average Stock Price": "19.5629", "Year Open": "17.5000", "Year High": "22.4900", "Year Low": "17.0900", "Year Close": "22.4900", "Annual % Change": "0.00%"}}}, "market cap": {"value": "$5.9B"}, "income statement": {"Revenue": {"2019-12-31": "943.04200", "2018-12-31": "880.81000", "2017-12-31": "796.44700", "2016-12-31": "786.36100", "2015-12-31": "753.38100", "2014-12-31": "733.91500", "2013-12-31": "657.46200", "2012-12-31": "465.65500", "2011-12-31": "361.91000", "2010-12-31": "326.11000", "2009-12-31": "290.07300", "2008-12-31": "231.15500", "2007-12-31": "147.13500", "2006-12-31": "118.95300", "2005-12-31": "82.52200"}, "Cost Of Goods Sold": {"2019-12-31": "425.60700", "2018-12-31": "403.58200", "2017-12-31": "362.03800", "2016-12-31": "365.27600", "2015-12-31": "358.61900", "2014-12-31": "352.91300", "2013-12-31": "318.77800", "2012-12-31": "222.09700", "2011-12-31": "175.57100", "2010-12-31": "156.48900", "2009-12-31": "143.22300", "2008-12-31": "122.01500", "2007-12-31": "70.24200", "2006-12-31": "57.15400", "2005-12-31": "40.94700"}, "Gross Profit": {"2019-12-31": "517.43490", "2018-12-31": "477.22800", "2017-12-31": "434.40900", "2016-12-31": "421.08510", "2015-12-31": "394.76200", "2014-12-31": "381.00200", "2013-12-31": "338.68400", "2012-12-31": "243.55800", "2011-12-31": "186.33900", "2010-12-31": "169.62100", "2009-12-31": "146.85000", "2008-12-31": "109.14000", "2007-12-31": "76.89300", "2006-12-31": "61.79900", "2005-12-31": "41.57500"}, "Research And Development Expenses": {"2019-12-31": "", "2018-12-31": "", "2017-12-31": "", "2016-12-31": "", "2015-12-31": "", "2014-12-31": "", "2013-12-31": "", "2012-12-31": "", "2011-12-31": "", "2010-12-31": "", "2009-12-31": "", "2008-12-31": "", "2007-12-31": "", "2006-12-31": "", "2005-12-31": ""}, "SG&A Expenses": {"2019-12-31": "31.08100", "2018-12-31": "34.53700", "2017-12-31": "31.38600", "2016-12-31": "22.49300", "2015-12-31": "20.83800", "2014-12-31": "18.68100", "2013-12-31": "16.54100", "2012-12-31": "22.96500", "2011-12-31": "12.75200", "2010-12-31": "11.56100", "2009-12-31": "10.95500", "2008-12-31": "11.27400", "2007-12-31": "17.66000", "2006-12-31": "6.27800", "2005-12-31": "6.71400"}, "Other Operating Income Or Expenses": {"2019-12-31": "-31.41800", "2018-12-31": "33.10700", "2017-12-31": "-26.16200", "2016-12-31": "7.13500", "2015-12-31": "-8.23200", "2014-12-31": "-9.84000", "2013-12-31": "-5.40200", "2012-12-31": "-4.24800", "2011-12-31": "-3.60800", "2010-12-31": "-2.94400", "2009-12-31": "-2.10700", "2008-12-31": "-1.77800", "2007-12-31": "-1.62200", "2006-12-31": "-0.85700", "2005-12-31": "-0.87300"}, "Operating Expenses": {"2019-12-31": "763.15200", "2018-12-31": "668.21500", "2017-12-31": "654.54100", "2016-12-31": "592.02090", "2015-12-31": "596.47700", "2014-12-31": "578.92900", "2013-12-31": "525.70900", "2012-12-31": "359.80900", "2011-12-31": "272.77100", "2010-12-31": "243.43800", "2009-12-31": "226.33300", "2008-12-31": "190.93200", "2007-12-31": "119.96800", "2006-12-31": "89.15300", "2005-12-31": "63.98100"}, "Operating Income": {"2019-12-31": "179.89000", "2018-12-31": "212.59500", "2017-12-31": "141.90610", "2016-12-31": "194.34010", "2015-12-31": "156.90400", "2014-12-31": "154.98600", "2013-12-31": "131.75300", "2012-12-31": "105.84600", "2011-12-31": "89.13900", "2010-12-31": "82.67200", "2009-12-31": "63.74000", "2008-12-31": "40.22300", "2007-12-31": "27.16700", "2006-12-31": "29.80000", "2005-12-31": "18.54100"}, "Total Non-Operating Income/Expense": {"2019-12-31": "-91.62100", "2018-12-31": "-91.04200", "2017-12-31": "-70.79600", "2016-12-31": "-92.56700", "2015-12-31": "-37.60100", "2014-12-31": "-92.29400", "2013-12-31": "-83.29700", "2012-12-31": "-56.33200", "2011-12-31": "-54.69500", "2010-12-31": "-60.09300", "2009-12-31": "-63.01000", "2008-12-31": "-51.17700", "2007-12-31": "-27.84200", "2006-12-31": "-26.07200", "2005-12-31": "-16.44000"}, "Pre-Tax Income": {"2019-12-31": "88.26900", "2018-12-31": "121.55300", "2017-12-31": "71.11000", "2016-12-31": "101.77300", "2015-12-31": "119.30300", "2014-12-31": "62.69200", "2013-12-31": "48.45600", "2012-12-31": "49.51400", "2011-12-31": "34.44400", "2010-12-31": "22.57900", "2009-12-31": "0.73000", "2008-12-31": "-10.95400", "2007-12-31": "-0.67500", "2006-12-31": "3.72800", "2005-12-31": "2.10100"}, "Income Taxes": {"2019-12-31": "1.50700", "2018-12-31": "2.42900", "2017-12-31": "0.98900", "2016-12-31": "1.15000", "2015-12-31": "1.24200", "2014-12-31": "1.30800", "2013-12-31": "1.02000", "2012-12-31": "0.72500", "2011-12-31": "0.43300", "2010-12-31": "0.57000", "2009-12-31": "0.54000", "2008-12-31": "0.38800", "2007-12-31": "0.75600", "2006-12-31": "0.02800", "2005-12-31": "0.18600"}, "Income After Taxes": {"2019-12-31": "86.76200", "2018-12-31": "119.12400", "2017-12-31": "70.12100", "2016-12-31": "100.62300", "2015-12-31": "118.06100", "2014-12-31": "61.38400", "2013-12-31": "47.43600", "2012-12-31": "48.78900", "2011-12-31": "34.01100", "2010-12-31": "22.00900", "2009-12-31": "0.19000", "2008-12-31": "-11.34200", "2007-12-31": "-1.43100", "2006-12-31": "3.70000", "2005-12-31": "1.91500"}, "Other Income": {"2019-12-31": "", "2018-12-31": "", "2017-12-31": "", "2016-12-31": "", "2015-12-31": "", "2014-12-31": "", "2013-12-31": "", "2012-12-31": "", "2011-12-31": "", "2010-12-31": "", "2009-12-31": "", "2008-12-31": "", "2007-12-31": "", "2006-12-31": "", "2005-12-31": ""}, "Income From Continuous Operations": {"2019-12-31": "86.76200", "2018-12-31": "119.12400", "2017-12-31": "70.12100", "2016-12-31": "100.62300", "2015-12-31": "118.06100", "2014-12-31": "61.38400", "2013-12-31": "47.43600", "2012-12-31": "48.78900", "2011-12-31": "34.01100", "2010-12-31": "22.00900", "2009-12-31": "0.19000", "2008-12-31": "-11.34200", "2007-12-31": "-1.43100", "2006-12-31": "1.66200", "2005-12-31": "1.75100"}, "Income From Discontinued Operations": {"2019-12-31": "", "2018-12-31": "", "2017-12-31": "", "2016-12-31": "", "2015-12-31": "", "2014-12-31": "2.72000", "2013-12-31": "59.75500", "2012-12-31": "11.44900", "2011-12-31": "23.96100", "2010-12-31": "-4.91100", "2009-12-31": "-12.65000", "2008-12-31": "-1.47700", "2007-12-31": "", "2006-12-31": "20.93500", "2005-12-31": "7.91100"}, "Net Income": {"2019-12-31": "84.96900", "2018-12-31": "117.09500", "2017-12-31": "69.03800", "2016-12-31": "99.06100", "2015-12-31": "115.99100", "2014-12-31": "62.83900", "2013-12-31": "104.64400", "2012-12-31": "56.63600", "2011-12-31": "56.62900", "2010-12-31": "16.21000", "2009-12-31": "-12.84000", "2008-12-31": "-13.05500", "2007-12-31": "-1.68600", "2006-12-31": "22.59700", "2005-12-31": "9.66200"}, "EBITDA": {"2019-12-31": "456.60700", "2018-12-31": "477.09500", "2017-12-31": "374.40210", "2016-12-31": "401.19510", "2015-12-31": "359.82400", "2014-12-31": "345.98100", "2013-12-31": "310.94000", "2012-12-31": "223.65200", "2011-12-31": "178.73600", "2010-12-31": "162.92500", "2009-12-31": "144.51800", "2008-12-31": "99.30100", "2007-12-31": "57.27300", "2006-12-31": "55.32500", "2005-12-31": "35.47500"}, "EBIT": {"2019-12-31": "179.89000", "2018-12-31": "212.59500", "2017-12-31": "141.90610", "2016-12-31": "194.34010", "2015-12-31": "156.90400", "2014-12-31": "154.98600", "2013-12-31": "131.75300", "2012-12-31": "105.84600", "2011-12-31": "89.13900", "2010-12-31": "82.67200", "2009-12-31": "63.74000", "2008-12-31": "40.22300", "2007-12-31": "27.16700", "2006-12-31": "29.80000", "2005-12-31": "18.54100"}, "Basic Shares Outstanding": {"2019-12-31": "137.29580", "2018-12-31": "136.81500", "2017-12-31": "135.14140", "2016-12-31": "129.22870", "2015-12-31": "111.98740", "2014-12-31": "105.03220", "2013-12-31": "104.76050", "2012-12-31": "84.71200", "2011-12-31": "69.24300", "2010-12-31": "57.68300", "2009-12-31": "48.70650", "2008-12-31": "36.94800", "2007-12-31": "24.18600", "2006-12-31": "18.90700", "2005-12-31": "14.88300"}, "Shares Outstanding": {"2019-12-31": "138.28680", "2018-12-31": "137.72200", "2017-12-31": "136.00240", "2016-12-31": "130.01870", "2015-12-31": "114.03220", "2014-12-31": "105.71140", "2013-12-31": "105.38230", "2012-12-31": "85.30900", "2011-12-31": "69.80700", "2010-12-31": "59.33800", "2009-12-31": "48.70650", "2008-12-31": "36.94800", "2007-12-31": "24.18600", "2006-12-31": "20.96800", "2005-12-31": "15.04700"}, "Basic EPS": {"2019-12-31": "0.61000", "2018-12-31": "0.84000", "2017-12-31": "0.50000", "2016-12-31": "0.76000", "2015-12-31": "1.03000", "2014-12-31": "0.59000", "2013-12-31": "0.99000", "2012-12-31": "0.66000", "2011-12-31": "0.81000", "2010-12-31": "0.27000", "2009-12-31": "-0.28000", "2008-12-31": "-0.36000", "2007-12-31": "-0.08000", "2006-12-31": "1.20000", "2005-12-31": "0.65000"}, "EPS - Earnings Per Share": {"2019-12-31": "0.60000", "2018-12-31": "0.84000", "2017-12-31": "0.50000", "2016-12-31": "0.75000", "2015-12-31": "1.02000", "2014-12-31": "0.58000", "2013-12-31": "0.98000", "2012-12-31": "0.65000", "2011-12-31": "0.80000", "2010-12-31": "0.26000", "2009-12-31": "-0.28000", "2008-12-31": "-0.36000", "2007-12-31": "-0.08000", "2006-12-31": "1.17000", "2005-12-31": "0.65000"}}, "income statement, quarterly": {"Revenue": {"2020-09-30": "202.67500", "2020-06-30": "185.54700", "2020-03-31": "249.40400", "2019-12-31": "255.83500", "2019-09-30": "227.70500", "2019-06-30": "217.37100", "2019-03-31": "242.13100", "2018-12-31": "245.87300", "2018-09-30": "213.46900", "2018-06-30": "201.05900", "2018-03-31": "220.40900", "2017-12-31": "227.56300", "2017-09-30": "196.93800", "2017-06-30": "179.00800", "2017-03-31": "192.93800", "2016-12-31": "203.97200", "2016-09-30": "196.41100", "2016-06-30": "185.98300", "2016-03-31": "199.99500", "2015-12-31": "202.19800", "2015-09-30": "180.81600", "2015-06-30": "177.87400", "2015-03-31": "192.49300", "2014-12-31": "196.81900", "2014-09-30": "181.93600", "2014-06-30": "171.97700", "2014-03-31": "183.18300", "2013-12-31": "182.69400", "2013-09-30": "158.39400", "2013-06-30": "153.21200", "2013-03-31": "163.16200", "2012-12-31": "145.00600", "2012-09-30": "112.75700", "2012-06-30": "100.91100", "2012-03-31": "106.98100", "2011-12-31": "78.35000", "2011-09-30": "95.20000", "2011-06-30": "89.09300", "2011-03-31": "99.26700", "2010-12-31": "86.49700", "2010-09-30": "85.73500", "2010-06-30": "73.90800", "2010-03-31": "79.97000", "2009-12-31": "66.63600", "2009-09-30": "76.42300", "2009-06-30": "71.27100", "2009-03-31": "75.74300", "2008-12-31": "74.03200", "2008-09-30": "72.13400", "2008-06-30": "43.54800", "2008-03-31": "41.44100", "2007-12-31": "42.30100", "2007-09-30": "36.51800", "2007-06-30": "33.36600", "2007-03-31": "34.95000", "2006-12-31": "33.51700", "2006-09-30": "30.85900", "2006-06-30": "27.85000", "2006-03-31": "26.72700", "2005-12-31": "22.12600", "2005-09-30": "20.84800", "2005-06-30": "20.00700", "2005-03-31": "19.54100"}, "Cost Of Goods Sold": {"2020-09-30": "115.36200", "2020-06-30": "93.93400", "2020-03-31": "102.04700", "2019-12-31": "105.12500", "2019-09-30": "121.08800", "2019-06-30": "99.08200", "2019-03-31": "100.31200", "2018-12-31": "98.78600", "2018-09-30": "115.70300", "2018-06-30": "93.41000", "2018-03-31": "95.68300", "2017-12-31": "89.61700", "2017-09-30": "107.22500", "2017-06-30": "82.89100", "2017-03-31": "82.30500", "2016-12-31": "87.33800", "2016-09-30": "107.72600", "2016-06-30": "84.58100", "2016-03-31": "85.63100", "2015-12-31": "86.07400", "2015-09-30": "103.52300", "2015-06-30": "84.20500", "2015-03-31": "84.81700", "2014-12-31": "86.08000", "2014-09-30": "104.22300", "2014-06-30": "81.53400", "2014-03-31": "81.07600", "2013-12-31": "80.72100", "2013-09-30": "92.91700", "2013-06-30": "74.27300", "2013-03-31": "70.86700", "2012-12-31": "62.87600", "2012-09-30": "63.55300", "2012-06-30": "48.33000", "2012-03-31": "47.33800", "2011-12-31": "36.72100", "2011-09-30": "53.97000", "2011-06-30": "42.86000", "2011-03-31": "42.02000", "2010-12-31": "38.46700", "2010-09-30": "45.50400", "2010-06-30": "36.31700", "2010-03-31": "36.20100", "2009-12-31": "27.17400", "2009-09-30": "43.16500", "2009-06-30": "37.38700", "2009-03-31": "35.49700", "2008-12-31": "36.79900", "2008-09-30": "45.36300", "2008-06-30": "21.56500", "2008-03-31": "18.28800", "2007-12-31": "18.19900", "2007-09-30": "20.16900", "2007-06-30": "16.69200", "2007-03-31": "15.18200", "2006-12-31": "14.38300", "2006-09-30": "16.97100", "2006-06-30": "14.44600", "2006-03-31": "11.35400", "2005-12-31": "10.56200", "2005-09-30": "11.47800", "2005-06-30": "10.43200", "2005-03-31": "8.47500"}, "Gross Profit": {"2020-09-30": "87.31300", "2020-06-30": "91.61300", "2020-03-31": "147.35700", "2019-12-31": "150.70990", "2019-09-30": "106.61700", "2019-06-30": "118.28900", "2019-03-31": "141.81900", "2018-12-31": "147.08700", "2018-09-30": "97.76600", "2018-06-30": "107.64900", "2018-03-31": "124.72600", "2017-12-31": "137.94600", "2017-09-30": "89.71300", "2017-06-30": "96.11700", "2017-03-31": "110.63300", "2016-12-31": "116.63400", "2016-09-30": "88.68500", "2016-06-30": "101.40200", "2016-03-31": "114.36400", "2015-12-31": "116.12400", "2015-09-30": "77.29300", "2015-06-30": "93.66900", "2015-03-31": "107.67600", "2014-12-31": "110.73900", "2014-09-30": "77.71300", "2014-06-30": "90.44300", "2014-03-31": "102.10700", "2013-12-31": "101.97300", "2013-09-30": "65.47700", "2013-06-30": "78.93900", "2013-03-31": "92.29500", "2012-12-31": "82.13000", "2012-09-30": "49.20400", "2012-06-30": "52.58100", "2012-03-31": "59.64300", "2011-12-31": "41.62900", "2011-09-30": "41.23000", "2011-06-30": "46.23300", "2011-03-31": "57.24700", "2010-12-31": "48.03000", "2010-09-30": "40.23100", "2010-06-30": "37.59100", "2010-03-31": "43.76900", "2009-12-31": "39.46200", "2009-09-30": "33.25800", "2009-06-30": "33.88400", "2009-03-31": "40.24600", "2008-12-31": "37.23300", "2008-09-30": "26.77100", "2008-06-30": "21.98300", "2008-03-31": "23.15300", "2007-12-31": "24.10200", "2007-09-30": "16.34900", "2007-06-30": "16.67400", "2007-03-31": "19.76800", "2006-12-31": "19.13400", "2006-09-30": "13.88800", "2006-06-30": "13.40400", "2006-03-31": "15.37300", "2005-12-31": "11.56400", "2005-09-30": "9.37000", "2005-06-30": "9.57500", "2005-03-31": "11.06600"}, "Research And Development Expenses": {"2020-09-30": "", "2020-06-30": "", "2020-03-31": "", "2019-12-31": "", "2019-09-30": "", "2019-06-30": "", "2019-03-31": "", "2018-12-31": "", "2018-09-30": "", "2018-06-30": "", "2018-03-31": "", "2017-12-31": "", "2017-09-30": "", "2017-06-30": "", "2017-03-31": "", "2016-12-31": "", "2016-09-30": "", "2016-06-30": "", "2016-03-31": "", "2015-12-31": "", "2015-09-30": "", "2015-06-30": "", "2015-03-31": "", "2014-12-31": "", "2014-09-30": "", "2014-06-30": "", "2014-03-31": "", "2013-12-31": "", "2013-09-30": "", "2013-06-30": "", "2013-03-31": "", "2012-12-31": "", "2012-09-30": "", "2012-06-30": "", "2012-03-31": "", "2011-12-31": "", "2011-09-30": "", "2011-06-30": "", "2011-03-31": "", "2010-12-31": "", "2010-09-30": "", "2010-06-30": "", "2010-03-31": "", "2009-12-31": "", "2009-09-30": "", "2009-06-30": "", "2009-03-31": "", "2008-12-31": "", "2008-09-30": "", "2008-06-30": "", "2008-03-31": "", "2007-12-31": "", "2007-09-30": "", "2007-06-30": "", "2007-03-31": "", "2006-12-31": "", "2006-09-30": "", "2006-06-30": "", "2006-03-31": "", "2005-12-31": "", "2005-09-30": "", "2005-06-30": "", "2005-03-31": ""}, "SG&A Expenses": {"2020-09-30": "8.63800", "2020-06-30": "9.76700", "2020-03-31": "10.15800", "2019-12-31": "8.48600", "2019-09-30": "7.16500", "2019-06-30": "8.11500", "2019-03-31": "7.31500", "2018-12-31": "7.48200", "2018-09-30": "7.18300", "2018-06-30": "13.17300", "2018-03-31": "6.69900", "2017-12-31": "6.18600", "2017-09-30": "8.68400", "2017-06-30": "9.78200", "2017-03-31": "6.73400", "2016-12-31": "5.68300", "2016-09-30": "5.37500", "2016-06-30": "6.12600", "2016-03-31": "5.30900", "2015-12-31": "5.32300", "2015-09-30": "5.08600", "2015-06-30": "5.67800", "2015-03-31": "4.75100", "2014-12-31": "4.62900", "2014-09-30": "4.70000", "2014-06-30": "4.97800", "2014-03-31": "4.37400", "2013-12-31": "4.17500", "2013-09-30": "3.93400", "2013-06-30": "4.62600", "2013-03-31": "3.80600", "2012-12-31": "7.20500", "2012-09-30": "7.58200", "2012-06-30": "4.63800", "2012-03-31": "3.54000", "2011-12-31": "3.82100", "2011-09-30": "2.88000", "2011-06-30": "3.27800", "2011-03-31": "2.77300", "2010-12-31": "2.47600", "2010-09-30": "3.71600", "2010-06-30": "2.61600", "2010-03-31": "2.75300", "2009-12-31": "2.71100", "2009-09-30": "2.66700", "2009-06-30": "2.82900", "2009-03-31": "2.74800", "2008-12-31": "2.71200", "2008-09-30": "3.19100", "2008-06-30": "3.23700", "2008-03-31": "2.13400", "2007-12-31": "1.85600", "2007-09-30": "2.28600", "2007-06-30": "2.19000", "2007-03-31": "11.32800", "2006-12-31": "1.39900", "2006-09-30": "1.46800", "2006-06-30": "1.82400", "2006-03-31": "1.58700", "2005-12-31": "1.89100", "2005-09-30": "1.53400", "2005-06-30": "1.92500", "2005-03-31": "1.36400"}, "Other Operating Income Or Expenses": {"2020-09-30": "-3.07100", "2020-06-30": "-2.89300", "2020-03-31": "44.45600", "2019-12-31": "-17.93500", "2019-09-30": "-3.21500", "2019-06-30": "-3.51800", "2019-03-31": "-6.75000", "2018-12-31": "-3.32900", "2018-09-30": "-2.95100", "2018-06-30": "42.22900", "2018-03-31": "-2.84200", "2017-12-31": "-3.69400", "2017-09-30": "-2.32900", "2017-06-30": "-17.78200", "2017-03-31": "-2.35700", "2016-12-31": "13.87100", "2016-09-30": "-1.96500", "2016-06-30": "-2.46700", "2016-03-31": "-2.30400", "2015-12-31": "-2.39100", "2015-09-30": "-1.78200", "2015-06-30": "-1.96100", "2015-03-31": "-2.09800", "2014-12-31": "-2.11200", "2014-09-30": "-4.58300", "2014-06-30": "-1.58200", "2014-03-31": "-1.56300", "2013-12-31": "-1.65300", "2013-09-30": "-1.38600", "2013-06-30": "-1.16000", "2013-03-31": "-1.20300", "2012-12-31": "-1.38700", "2012-09-30": "-1.09300", "2012-06-30": "-0.80400", "2012-03-31": "-0.96400", "2011-12-31": "-0.98400", "2011-09-30": "-0.81000", "2011-06-30": "-0.65800", "2011-03-31": "-1.15600", "2010-12-31": "-0.73200", "2010-09-30": "-0.88800", "2010-06-30": "-0.75300", "2010-03-31": "-0.57100", "2009-12-31": "-0.62900", "2009-09-30": "-0.47400", "2009-06-30": "-0.45200", "2009-03-31": "-0.55200", "2008-12-31": "-0.54300", "2008-09-30": "-0.50800", "2008-06-30": "-0.36800", "2008-03-31": "-0.35900", "2007-12-31": "-0.35900", "2007-09-30": "-0.47300", "2007-06-30": "-0.49500", "2007-03-31": "-0.29500", "2006-12-31": "-0.18100", "2006-09-30": "-0.23800", "2006-06-30": "-0.24600", "2006-03-31": "-0.19200", "2005-12-31": "-0.17600", "2005-09-30": "-0.24500", "2005-06-30": "-0.24000", "2005-03-31": "-0.21200"}, "Operating Expenses": {"2020-09-30": "194.44000", "2020-06-30": "173.03500", "2020-03-31": "133.91800", "2019-12-31": "200.09190", "2019-09-30": "200.39800", "2019-06-30": "179.53000", "2019-03-31": "183.13200", "2018-12-31": "178.35300", "2018-09-30": "191.96800", "2018-06-30": "127.89100", "2018-03-31": "170.00300", "2017-12-31": "165.06100", "2017-09-30": "179.36300", "2017-06-30": "166.39800", "2017-03-31": "143.71900", "2016-12-31": "131.05090", "2016-09-30": "167.13300", "2016-06-30": "146.87700", "2016-03-31": "146.96000", "2015-12-31": "148.47300", "2015-09-30": "162.26500", "2015-06-30": "143.42200", "2015-03-31": "142.31700", "2014-12-31": "144.11500", "2014-09-30": "163.08200", "2014-06-30": "136.54400", "2014-03-31": "135.18800", "2013-12-31": "133.72600", "2013-09-30": "143.29300", "2013-06-30": "127.21200", "2013-03-31": "121.47800", "2012-12-31": "108.13700", "2012-09-30": "99.39300", "2012-06-30": "77.03800", "2012-03-31": "75.24100", "2011-12-31": "57.95100", "2011-09-30": "79.36100", "2011-06-30": "68.27300", "2011-03-31": "67.18600", "2010-12-31": "60.65600", "2010-09-30": "69.36800", "2010-06-30": "56.76800", "2010-03-31": "56.64600", "2009-12-31": "43.66200", "2009-09-30": "64.28300", "2009-06-30": "60.25900", "2009-03-31": "58.12900", "2008-12-31": "58.62800", "2008-09-30": "67.21000", "2008-06-30": "36.28400", "2008-03-31": "28.81000", "2007-12-31": "28.32300", "2007-09-30": "30.72500", "2007-06-30": "27.14500", "2007-03-31": "33.77500", "2006-12-31": "22.15400", "2006-09-30": "25.41200", "2006-06-30": "23.43600", "2006-03-31": "18.15100", "2005-12-31": "16.18700", "2005-09-30": "17.27200", "2005-06-30": "17.04700", "2005-03-31": "13.47500"}, "Operating Income": {"2020-09-30": "8.23500", "2020-06-30": "12.51200", "2020-03-31": "115.48600", "2019-12-31": "55.74300", "2019-09-30": "27.30700", "2019-06-30": "37.84100", "2019-03-31": "58.99900", "2018-12-31": "67.52000", "2018-09-30": "21.50100", "2018-06-30": "73.16800", "2018-03-31": "50.40600", "2017-12-31": "62.50210", "2017-09-30": "17.57500", "2017-06-30": "12.61000", "2017-03-31": "49.21900", "2016-12-31": "72.92110", "2016-09-30": "29.27800", "2016-06-30": "39.10600", "2016-03-31": "53.03500", "2015-12-31": "53.72510", "2015-09-30": "18.55100", "2015-06-30": "34.45200", "2015-03-31": "50.17600", "2014-12-31": "52.70400", "2014-09-30": "18.85400", "2014-06-30": "35.43300", "2014-03-31": "47.99500", "2013-12-31": "48.96800", "2013-09-30": "15.10100", "2013-06-30": "26.00000", "2013-03-31": "41.68400", "2012-12-31": "36.86900", "2012-09-30": "13.36400", "2012-06-30": "23.87300", "2012-03-31": "31.74000", "2011-12-31": "20.39900", "2011-09-30": "15.83900", "2011-06-30": "20.82000", "2011-03-31": "32.08100", "2010-12-31": "25.84100", "2010-09-30": "16.36700", "2010-06-30": "17.14000", "2010-03-31": "23.32400", "2009-12-31": "22.97400", "2009-09-30": "12.14000", "2009-06-30": "11.01200", "2009-03-31": "17.61400", "2008-12-31": "15.40400", "2008-09-30": "4.92400", "2008-06-30": "7.26400", "2008-03-31": "12.63100", "2007-12-31": "13.97800", "2007-09-30": "5.79300", "2007-06-30": "6.22100", "2007-03-31": "1.17500", "2006-12-31": "11.36300", "2006-09-30": "5.44700", "2006-06-30": "4.41400", "2006-03-31": "8.57600", "2005-12-31": "5.93900", "2005-09-30": "3.57600", "2005-06-30": "2.96000", "2005-03-31": "6.06600"}, "Total Non-Operating Income/Expense": {"2020-09-30": "-29.28600", "2020-06-30": "-27.55300", "2020-03-31": "-33.04600", "2019-12-31": "-29.37100", "2019-09-30": "-7.66600", "2019-06-30": "-27.31700", "2019-03-31": "-27.26700", "2018-12-31": "-17.61700", "2018-09-30": "-24.45700", "2018-06-30": "-25.09300", "2018-03-31": "-23.87500", "2017-12-31": "-22.74600", "2017-09-30": "-18.54100", "2017-06-30": "-14.99600", "2017-03-31": "-14.51300", "2016-12-31": "-47.00200", "2016-09-30": "-19.08800", "2016-06-30": "-19.99600", "2016-03-31": "-6.48100", "2015-12-31": "-24.55500", "2015-09-30": "-16.22400", "2015-06-30": "-18.22400", "2015-03-31": "21.40200", "2014-12-31": "-24.97400", "2014-09-30": "-24.34900", "2014-06-30": "-21.41300", "2014-03-31": "-21.55800", "2013-12-31": "-22.29800", "2013-09-30": "-20.06800", "2013-06-30": "-19.83500", "2013-03-31": "-21.09600", "2012-12-31": "-16.39100", "2012-09-30": "-14.02600", "2012-06-30": "-12.92200", "2012-03-31": "-12.99300", "2011-12-31": "-11.98500", "2011-09-30": "-14.14400", "2011-06-30": "-13.36100", "2011-03-31": "-15.20500", "2010-12-31": "-13.52400", "2010-09-30": "-12.54600", "2010-06-30": "-16.65300", "2010-03-31": "-17.37000", "2009-12-31": "-13.93900", "2009-09-30": "-16.87500", "2009-06-30": "-15.62700", "2009-03-31": "-16.56900", "2008-12-31": "-17.20500", "2008-09-30": "-18.05000", "2008-06-30": "-8.66800", "2008-03-31": "-7.25400", "2007-12-31": "-7.20800", "2007-09-30": "-7.66300", "2007-06-30": "-6.92000", "2007-03-31": "-6.05100", "2006-12-31": "-5.77000", "2006-09-30": "-7.48500", "2006-06-30": "-7.31100", "2006-03-31": "-5.50600", "2005-12-31": "-3.76700", "2005-09-30": "-4.24100", "2005-06-30": "-4.86600", "2005-03-31": "-3.56600"}, "Pre-Tax Income": {"2020-09-30": "-21.05100", "2020-06-30": "-15.04100", "2020-03-31": "82.44000", "2019-12-31": "26.37200", "2019-09-30": "19.64100", "2019-06-30": "10.52400", "2019-03-31": "31.73200", "2018-12-31": "49.90300", "2018-09-30": "-2.95600", "2018-06-30": "48.07500", "2018-03-31": "26.53100", "2017-12-31": "39.75600", "2017-09-30": "-0.96600", "2017-06-30": "-2.38600", "2017-03-31": "34.70600", "2016-12-31": "25.91900", "2016-09-30": "10.19000", "2016-06-30": "19.11000", "2016-03-31": "46.55400", "2015-12-31": "29.17000", "2015-09-30": "2.32700", "2015-06-30": "16.22800", "2015-03-31": "71.57800", "2014-12-31": "27.73000", "2014-09-30": "-5.49500", "2014-06-30": "14.02000", "2014-03-31": "26.43700", "2013-12-31": "26.67000", "2013-09-30": "-4.96700", "2013-06-30": "6.16500", "2013-03-31": "20.58800", "2012-12-31": "20.47800", "2012-09-30": "-0.66200", "2012-06-30": "10.95100", "2012-03-31": "18.74700", "2011-12-31": "8.41400", "2011-09-30": "1.69500", "2011-06-30": "7.45900", "2011-03-31": "16.87600", "2010-12-31": "12.31700", "2010-09-30": "3.82100", "2010-06-30": "0.48700", "2010-03-31": "5.95400", "2009-12-31": "9.03500", "2009-09-30": "-4.73500", "2009-06-30": "-4.61500", "2009-03-31": "1.04500", "2008-12-31": "-1.80100", "2008-09-30": "-13.12600", "2008-06-30": "-1.40400", "2008-03-31": "5.37700", "2007-12-31": "6.77000", "2007-09-30": "-1.87000", "2007-06-30": "-0.69900", "2007-03-31": "-4.87600", "2006-12-31": "5.59300", "2006-09-30": "-2.03800", "2006-06-30": "-2.89700", "2006-03-31": "3.07000", "2005-12-31": "2.17200", "2005-09-30": "-0.66500", "2005-06-30": "-1.90600", "2005-03-31": "2.50000"}, "Income Taxes": {"2020-09-30": "0.37300", "2020-06-30": "0.38100", "2020-03-31": "0.37900", "2019-12-31": "0.52400", "2019-09-30": "0.30500", "2019-06-30": "0.31400", "2019-03-31": "0.36400", "2018-12-31": "0.28200", "2018-09-30": "-0.21900", "2018-06-30": "2.08500", "2018-03-31": "0.28100", "2017-12-31": "0.19800", "2017-09-30": "0.26700", "2017-06-30": "0.26700", "2017-03-31": "0.25700", "2016-12-31": "0.11500", "2016-09-30": "0.34500", "2016-06-30": "0.34500", "2016-03-31": "0.34500", "2015-12-31": "0.31000", "2015-09-30": "0.31100", "2015-06-30": "0.31000", "2015-03-31": "0.31100", "2014-12-31": "0.43900", "2014-09-30": "0.29000", "2014-06-30": "0.28900", "2014-03-31": "0.29000", "2013-12-31": "0.25500", "2013-09-30": "0.25500", "2013-06-30": "0.25500", "2013-03-31": "0.25500", "2012-12-31": "0.23200", "2012-09-30": "0.18100", "2012-06-30": "0.15600", "2012-03-31": "0.15600", "2011-12-31": "0.06000", "2011-09-30": "0.08800", "2011-06-30": "0.14200", "2011-03-31": "0.14300", "2010-12-31": "0.14200", "2010-09-30": "0.14300", "2010-06-30": "0.14200", "2010-03-31": "0.14300", "2009-12-31": "0.13500", "2009-09-30": "0.13500", "2009-06-30": "0.13500", "2009-03-31": "0.13500", "2008-12-31": "0.12700", "2008-09-30": "0.12800", "2008-06-30": "0.07300", "2008-03-31": "0.06000", "2007-12-31": "0.06000", "2007-09-30": "0.57600", "2007-06-30": "0.06000", "2007-03-31": "0.06000", "2006-12-31": "", "2006-09-30": "", "2006-06-30": "", "2006-03-31": "", "2005-12-31": "0.18000", "2005-09-30": "0.00600", "2005-06-30": "-0.10200", "2005-03-31": "0.10200"}, "Income After Taxes": {"2020-09-30": "-21.42400", "2020-06-30": "-15.42200", "2020-03-31": "82.06100", "2019-12-31": "25.84800", "2019-09-30": "19.33600", "2019-06-30": "10.21000", "2019-03-31": "31.36800", "2018-12-31": "49.62100", "2018-09-30": "-2.73700", "2018-06-30": "45.99000", "2018-03-31": "26.25000", "2017-12-31": "39.55800", "2017-09-30": "-1.23300", "2017-06-30": "-2.65300", "2017-03-31": "34.44900", "2016-12-31": "25.80400", "2016-09-30": "9.84500", "2016-06-30": "18.76500", "2016-03-31": "46.20900", "2015-12-31": "28.86000", "2015-09-30": "2.01600", "2015-06-30": "15.91800", "2015-03-31": "71.26700", "2014-12-31": "27.29100", "2014-09-30": "-5.78500", "2014-06-30": "13.73100", "2014-03-31": "26.14700", "2013-12-31": "26.41500", "2013-09-30": "-5.22200", "2013-06-30": "5.91000", "2013-03-31": "20.33300", "2012-12-31": "20.24600", "2012-09-30": "-0.84300", "2012-06-30": "10.79500", "2012-03-31": "18.59100", "2011-12-31": "8.35400", "2011-09-30": "1.60700", "2011-06-30": "7.31700", "2011-03-31": "16.73300", "2010-12-31": "12.17500", "2010-09-30": "3.67800", "2010-06-30": "0.34500", "2010-03-31": "5.81100", "2009-12-31": "8.90000", "2009-09-30": "-4.87000", "2009-06-30": "-4.75000", "2009-03-31": "0.91000", "2008-12-31": "-1.92800", "2008-09-30": "-13.25400", "2008-06-30": "-1.47700", "2008-03-31": "5.31700", "2007-12-31": "6.71000", "2007-09-30": "-2.44600", "2007-06-30": "-0.75900", "2007-03-31": "-4.93600", "2006-12-31": "5.56500", "2006-09-30": "-2.03800", "2006-06-30": "-2.89700", "2006-03-31": "3.07000", "2005-12-31": "1.99200", "2005-09-30": "-0.67100", "2005-06-30": "-1.80400", "2005-03-31": "2.39800"}, "Other Income": {"2020-09-30": "", "2020-06-30": "", "2020-03-31": "", "2019-12-31": "", "2019-09-30": "", "2019-06-30": "", "2019-03-31": "", "2018-12-31": "", "2018-09-30": "", "2018-06-30": "", "2018-03-31": "", "2017-12-31": "", "2017-09-30": "", "2017-06-30": "", "2017-03-31": "", "2016-12-31": "", "2016-09-30": "", "2016-06-30": "", "2016-03-31": "", "2015-12-31": "", "2015-09-30": "", "2015-06-30": "", "2015-03-31": "", "2014-12-31": "", "2014-09-30": "", "2014-06-30": "", "2014-03-31": "", "2013-12-31": "", "2013-09-30": "", "2013-06-30": "", "2013-03-31": "", "2012-12-31": "", "2012-09-30": "", "2012-06-30": "", "2012-03-31": "", "2011-12-31": "", "2011-09-30": "", "2011-06-30": "", "2011-03-31": "", "2010-12-31": "", "2010-09-30": "", "2010-06-30": "", "2010-03-31": "", "2009-12-31": "", "2009-09-30": "", "2009-06-30": "", "2009-03-31": "", "2008-12-31": "", "2008-09-30": "", "2008-06-30": "", "2008-03-31": "", "2007-12-31": "", "2007-09-30": "", "2007-06-30": "", "2007-03-31": "", "2006-12-31": "", "2006-09-30": "", "2006-06-30": "", "2006-03-31": "", "2005-12-31": "", "2005-09-30": "", "2005-06-30": "", "2005-03-31": ""}, "Income From Continuous Operations": {"2020-09-30": "-21.42400", "2020-06-30": "-15.42200", "2020-03-31": "82.06100", "2019-12-31": "25.84800", "2019-09-30": "19.33600", "2019-06-30": "10.21000", "2019-03-31": "31.36800", "2018-12-31": "49.62100", "2018-09-30": "-2.73700", "2018-06-30": "45.99000", "2018-03-31": "26.25000", "2017-12-31": "39.55800", "2017-09-30": "-1.23300", "2017-06-30": "-2.65300", "2017-03-31": "34.44900", "2016-12-31": "25.80400", "2016-09-30": "9.84500", "2016-06-30": "18.76500", "2016-03-31": "46.20900", "2015-12-31": "28.86000", "2015-09-30": "2.01600", "2015-06-30": "15.91800", "2015-03-31": "71.26700", "2014-12-31": "27.29100", "2014-09-30": "-5.78500", "2014-06-30": "13.73100", "2014-03-31": "26.14700", "2013-12-31": "26.41500", "2013-09-30": "-5.22200", "2013-06-30": "5.91000", "2013-03-31": "20.33300", "2012-12-31": "20.24600", "2012-09-30": "-0.84300", "2012-06-30": "10.79500", "2012-03-31": "18.59100", "2011-12-31": "8.35400", "2011-09-30": "1.60700", "2011-06-30": "7.31700", "2011-03-31": "16.73300", "2010-12-31": "12.17500", "2010-09-30": "3.67800", "2010-06-30": "0.34500", "2010-03-31": "5.81100", "2009-12-31": "8.90000", "2009-09-30": "-4.87000", "2009-06-30": "-4.75000", "2009-03-31": "0.91000", "2008-12-31": "-1.91600", "2008-09-30": "-12.94700", "2008-06-30": "-1.49000", "2008-03-31": "5.01100", "2007-12-31": "6.40100", "2007-09-30": "-2.36900", "2007-06-30": "-0.78500", "2007-03-31": "-4.67800", "2006-12-31": "3.32500", "2006-09-30": "-1.88900", "2006-06-30": "-2.71600", "2006-03-31": "2.94200", "2005-12-31": "1.91300", "2005-09-30": "-0.68100", "2005-06-30": "-1.79200", "2005-03-31": "2.31100"}, "Income From Discontinued Operations": {"2020-09-30": "", "2020-06-30": "", "2020-03-31": "", "2019-12-31": "", "2019-09-30": "", "2019-06-30": "", "2019-03-31": "", "2018-12-31": "", "2018-09-30": "", "2018-06-30": "", "2018-03-31": "", "2017-12-31": "", "2017-09-30": "", "2017-06-30": "", "2017-03-31": "", "2016-12-31": "", "2016-09-30": "", "2016-06-30": "", "2016-03-31": "", "2015-12-31": "", "2015-09-30": "", "2015-06-30": "", "2015-03-31": "", "2014-12-31": "", "2014-09-30": "", "2014-06-30": "", "2014-03-31": "2.72000", "2013-12-31": "1.89700", "2013-09-30": "53.05400", "2013-06-30": "2.75600", "2013-03-31": "2.04800", "2012-12-31": "5.15800", "2012-09-30": "1.86500", "2012-06-30": "2.21200", "2012-03-31": "2.21400", "2011-12-31": "7.76500", "2011-09-30": "0.18500", "2011-06-30": "14.86400", "2011-03-31": "1.14700", "2010-12-31": "1.95500", "2010-09-30": "0.40800", "2010-06-30": "0.59200", "2010-03-31": "-7.86600", "2009-12-31": "-10.82500", "2009-09-30": "-0.87700", "2009-06-30": "-0.54700", "2009-03-31": "-0.40100", "2008-12-31": "-1.45400", "2008-09-30": "-0.11500", "2008-06-30": "0.09200", "2008-03-31": "", "2007-12-31": "", "2007-09-30": "", "2007-06-30": "", "2007-03-31": "", "2006-12-31": "19.28600", "2006-09-30": "0.27800", "2006-06-30": "0.64900", "2006-03-31": "0.72200", "2005-12-31": "1.94500", "2005-09-30": "0.08500", "2005-06-30": "", "2005-03-31": "5.88100"}, "Net Income": {"2020-09-30": "-19.51500", "2020-06-30": "-13.34400", "2020-03-31": "80.85500", "2019-12-31": "24.72000", "2019-09-30": "20.22300", "2019-06-30": "10.38600", "2019-03-31": "29.64000", "2018-12-31": "47.50400", "2018-09-30": "-2.34500", "2018-06-30": "46.00900", "2018-03-31": "25.92700", "2017-12-31": "39.06200", "2017-09-30": "-1.31200", "2017-06-30": "-2.76200", "2017-03-31": "34.05000", "2016-12-31": "25.39200", "2016-09-30": "9.64400", "2016-06-30": "18.43800", "2016-03-31": "45.58700", "2015-12-31": "28.35900", "2015-09-30": "1.85500", "2015-06-30": "15.58000", "2015-03-31": "70.19700", "2014-12-31": "26.85000", "2014-09-30": "-5.84700", "2014-06-30": "13.43800", "2014-03-31": "28.39800", "2013-12-31": "27.82900", "2013-09-30": "47.17600", "2013-06-30": "8.04900", "2013-03-31": "21.59000", "2012-12-31": "23.65500", "2012-09-30": "0.62700", "2012-06-30": "12.32800", "2012-03-31": "20.02600", "2011-12-31": "15.83500", "2011-09-30": "1.64100", "2011-06-30": "21.74000", "2011-03-31": "17.41300", "2010-12-31": "13.72600", "2010-09-30": "3.90500", "2010-06-30": "0.76800", "2010-03-31": "-2.18900", "2009-12-31": "-2.00300", "2009-09-30": "-5.80400", "2009-06-30": "-5.31000", "2009-03-31": "0.27700", "2008-12-31": "-3.42000", "2008-09-30": "-13.09400", "2008-06-30": "-1.45000", "2008-03-31": "4.90900", "2007-12-31": "6.14600", "2007-09-30": "-2.36900", "2007-06-30": "-0.78500", "2007-03-31": "-4.67800", "2006-12-31": "22.61100", "2006-09-30": "-1.61100", "2006-06-30": "-2.06700", "2006-03-31": "3.66400", "2005-12-31": "3.85800", "2005-09-30": "-0.59600", "2005-06-30": "-1.79200", "2005-03-31": "8.19200"}, "EBITDA": {"2020-09-30": "76.56500", "2020-06-30": "79.76200", "2020-03-31": "182.08000", "2019-12-31": "124.97000", "2019-09-30": "96.90600", "2019-06-30": "106.89400", "2019-03-31": "127.83700", "2018-12-31": "136.31100", "2018-09-30": "87.71100", "2018-06-30": "137.80200", "2018-03-31": "115.27100", "2017-12-31": "127.99010", "2017-09-30": "77.91900", "2017-06-30": "67.75000", "2017-03-31": "100.74300", "2016-12-31": "124.03410", "2016-09-30": "79.76800", "2016-06-30": "91.15400", "2016-03-31": "106.23900", "2015-12-31": "106.96010", "2015-09-30": "69.15700", "2015-06-30": "84.69600", "2015-03-31": "99.01100", "2014-12-31": "102.40000", "2014-09-30": "66.81300", "2014-06-30": "82.21700", "2014-03-31": "94.55100", "2013-12-31": "94.49300", "2013-09-30": "58.44400", "2013-06-30": "71.63200", "2013-03-31": "86.37100", "2012-12-31": "75.36400", "2012-09-30": "42.35000", "2012-06-30": "49.09300", "2012-03-31": "56.84500", "2011-12-31": "43.35400", "2011-09-30": "38.52400", "2011-06-30": "42.81200", "2011-03-31": "54.04600", "2010-12-31": "47.57900", "2010-09-30": "37.14500", "2010-06-30": "35.94600", "2010-03-31": "42.25500", "2009-12-31": "42.29800", "2009-09-30": "31.65200", "2009-06-30": "32.11300", "2009-03-31": "38.45500", "2008-12-31": "36.50400", "2008-09-30": "23.80300", "2008-06-30": "18.46400", "2008-03-31": "20.53000", "2007-12-31": "21.86500", "2007-09-30": "13.48700", "2007-06-30": "13.87600", "2007-03-31": "8.04500", "2006-12-31": "17.48500", "2006-09-30": "12.26900", "2006-06-30": "11.61400", "2006-03-31": "13.95700", "2005-12-31": "10.40100", "2005-09-30": "7.96600", "2005-06-30": "7.49100", "2005-03-31": "9.61700"}, "EBIT": {"2020-09-30": "8.23500", "2020-06-30": "12.51200", "2020-03-31": "115.48600", "2019-12-31": "55.74300", "2019-09-30": "27.30700", "2019-06-30": "37.84100", "2019-03-31": "58.99900", "2018-12-31": "67.52010", "2018-09-30": "21.50100", "2018-06-30": "73.16800", "2018-03-31": "50.40600", "2017-12-31": "62.50200", "2017-09-30": "17.57500", "2017-06-30": "12.61000", "2017-03-31": "49.21900", "2016-12-31": "72.92110", "2016-09-30": "29.27800", "2016-06-30": "39.10600", "2016-03-31": "53.03500", "2015-12-31": "53.72500", "2015-09-30": "18.55100", "2015-06-30": "34.45200", "2015-03-31": "50.17600", "2014-12-31": "52.70400", "2014-09-30": "18.85400", "2014-06-30": "35.43300", "2014-03-31": "47.99500", "2013-12-31": "48.96800", "2013-09-30": "15.10100", "2013-06-30": "26.00000", "2013-03-31": "41.68400", "2012-12-31": "36.86900", "2012-09-30": "13.36400", "2012-06-30": "23.87300", "2012-03-31": "31.74000", "2011-12-31": "20.39900", "2011-09-30": "15.83900", "2011-06-30": "20.82000", "2011-03-31": "32.08100", "2010-12-31": "25.84100", "2010-09-30": "16.36700", "2010-06-30": "17.14000", "2010-03-31": "23.32400", "2009-12-31": "22.97400", "2009-09-30": "12.14000", "2009-06-30": "11.01200", "2009-03-31": "17.61400", "2008-12-31": "15.40400", "2008-09-30": "4.92400", "2008-06-30": "7.26400", "2008-03-31": "12.63100", "2007-12-31": "13.97800", "2007-09-30": "5.79300", "2007-06-30": "6.22100", "2007-03-31": "1.17500", "2006-12-31": "11.36300", "2006-09-30": "5.44700", "2006-06-30": "4.41400", "2006-03-31": "8.57600", "2005-12-31": "5.93900", "2005-09-30": "3.57600", "2005-06-30": "2.96000", "2005-03-31": "6.06600"}, "Basic Shares Outstanding": {"2020-09-30": "137.63210", "2020-06-30": "137.61360", "2020-03-31": "137.47720", "2019-12-31": "137.29580", "2019-09-30": "137.40380", "2019-06-30": "137.26870", "2019-03-31": "137.10150", "2018-12-31": "136.81500", "2018-09-30": "137.02200", "2018-06-30": "136.67730", "2018-03-31": "136.52560", "2017-12-31": "135.14140", "2017-09-30": "136.42120", "2017-06-30": "134.61440", "2017-03-31": "133.05240", "2016-12-31": "129.22870", "2016-09-30": "130.78700", "2016-06-30": "130.45690", "2016-03-31": "123.44600", "2015-12-31": "111.98740", "2015-09-30": "112.32350", "2015-06-30": "112.30810", "2015-03-31": "110.95510", "2014-12-31": "105.03220", "2014-09-30": "104.96860", "2014-06-30": "104.91810", "2014-03-31": "104.82200", "2013-12-31": "104.76050", "2013-09-30": "104.78100", "2013-06-30": "104.77900", "2013-03-31": "104.69700", "2012-12-31": "84.71200", "2012-09-30": "89.17000", "2012-06-30": "74.71900", "2012-03-31": "74.21700", "2011-12-31": "69.24300", "2011-09-30": "70.00800", "2011-06-30": "68.65600", "2011-03-31": "66.95700", "2010-12-31": "57.68300", "2010-09-30": "59.16500", "2010-06-30": "52.33600", "2010-03-31": "52.23600", "2009-12-31": "48.70650", "2009-09-30": "52.19600", "2009-06-30": "47.89700", "2009-03-31": "42.37800", "2008-12-31": "36.94800", "2008-09-30": "42.31400", "2008-06-30": "35.69200", "2008-03-31": "27.33200", "2007-12-31": "24.18600", "2007-09-30": "23.56400", "2007-06-30": "23.27100", "2007-03-31": "22.94300", "2006-12-31": "18.90700", "2006-09-30": "18.21800", "2006-06-30": "17.22200", "2006-03-31": "17.21000", "2005-12-31": "14.88300", "2005-09-30": "17.00500", "2005-06-30": "12.62600", "2005-03-31": "12.62200"}, "Shares Outstanding": {"2020-09-30": "137.63210", "2020-06-30": "137.61360", "2020-03-31": "138.58750", "2019-12-31": "138.28680", "2019-09-30": "138.37550", "2019-06-30": "138.24340", "2019-03-31": "138.15240", "2018-12-31": "137.72200", "2018-09-30": "137.02200", "2018-06-30": "137.57640", "2018-03-31": "137.50000", "2017-12-31": "136.00240", "2017-09-30": "136.42120", "2017-06-30": "134.61440", "2017-03-31": "133.98630", "2016-12-31": "130.01870", "2016-09-30": "131.56840", "2016-06-30": "131.24070", "2016-03-31": "124.26630", "2015-12-31": "114.03220", "2015-09-30": "112.98020", "2015-06-30": "112.98390", "2015-03-31": "112.97450", "2014-12-31": "105.71140", "2014-09-30": "104.96860", "2014-06-30": "105.60960", "2014-03-31": "105.55700", "2013-12-31": "105.38230", "2013-09-30": "104.78100", "2013-06-30": "105.39100", "2013-03-31": "105.36500", "2012-12-31": "85.30900", "2012-09-30": "89.17000", "2012-06-30": "75.30600", "2012-03-31": "74.86400", "2011-12-31": "69.80700", "2011-09-30": "70.56100", "2011-06-30": "69.21200", "2011-03-31": "67.55500", "2010-12-31": "59.33800", "2010-09-30": "60.79500", "2010-06-30": "52.85300", "2010-03-31": "52.80600", "2009-12-31": "48.70650", "2009-09-30": "52.19600", "2009-06-30": "47.89700", "2009-03-31": "42.82100", "2008-12-31": "36.94800", "2008-09-30": "43.57700", "2008-06-30": "37.09900", "2008-03-31": "29.16100", "2007-12-31": "24.18600", "2007-09-30": "25.32000", "2007-06-30": "25.25900", "2007-03-31": "25.24100", "2006-12-31": "20.96800", "2006-09-30": "20.53500", "2006-06-30": "19.54200", "2006-03-31": "18.17600", "2005-12-31": "15.04700", "2005-09-30": "17.12600", "2005-06-30": "12.74700", "2005-03-31": "12.77000"}, "Basic EPS": {"2020-09-30": "-0.15000", "2020-06-30": "-0.10000", "2020-03-31": "0.58000", "2019-12-31": "0.19000", "2019-09-30": "0.14000", "2019-06-30": "0.07000", "2019-03-31": "0.21000", "2018-12-31": "0.34000", "2018-09-30": "-0.02000", "2018-06-30": "0.33000", "2018-03-31": "0.19000", "2017-12-31": "0.28000", "2017-09-30": "-0.01000", "2017-06-30": "-0.02000", "2017-03-31": "0.25000", "2016-12-31": "0.18000", "2016-09-30": "0.07000", "2016-06-30": "0.14000", "2016-03-31": "0.37000", "2015-12-31": "0.25000", "2015-09-30": "0.01000", "2015-06-30": "0.14000", "2015-03-31": "0.63000", "2014-12-31": "0.25000", "2014-09-30": "-0.06000", "2014-06-30": "0.13000", "2014-03-31": "0.27000", "2013-12-31": "0.27000", "2013-09-30": "0.45000", "2013-06-30": "0.07000", "2013-03-31": "0.20000", "2012-12-31": "0.22300", "2012-09-30": "0.00700", "2012-06-30": "0.16000", "2012-03-31": "0.27000", "2011-12-31": "0.22000", "2011-09-30": "0.02000", "2011-06-30": "0.31000", "2011-03-31": "0.26000", "2010-12-31": "0.25000", "2010-09-30": "0.06000", "2010-06-30": "0.01000", "2010-03-31": "-0.05000", "2009-12-31": "-0.06000", "2009-09-30": "-0.11000", "2009-06-30": "-0.11000", "2009-03-31": "0.00000", "2008-12-31": "-0.19000", "2008-09-30": "-0.31000", "2008-06-30": "-0.04000", "2008-03-31": "0.18000", "2007-12-31": "0.25000", "2007-09-30": "-0.10000", "2007-06-30": "-0.03000", "2007-03-31": "-0.20000", "2006-12-31": "1.20000", "2006-09-30": "-0.09000", "2006-06-30": "-0.12000", "2006-03-31": "0.21000", "2005-12-31": "0.18000", "2005-09-30": "-0.04000", "2005-06-30": "-0.14000", "2005-03-31": "0.65000"}, "EPS - Earnings Per Share": {"2020-09-30": "-0.15000", "2020-06-30": "-0.10000", "2020-03-31": "0.58000", "2019-12-31": "0.18000", "2019-09-30": "0.14000", "2019-06-30": "0.07000", "2019-03-31": "0.21000", "2018-12-31": "0.35000", "2018-09-30": "-0.02000", "2018-06-30": "0.33000", "2018-03-31": "0.18000", "2017-12-31": "0.28000", "2017-09-30": "-0.01000", "2017-06-30": "-0.02000", "2017-03-31": "0.25000", "2016-12-31": "0.18000", "2016-09-30": "0.07000", "2016-06-30": "0.14000", "2016-03-31": "0.36000", "2015-12-31": "0.25000", "2015-09-30": "0.01000", "2015-06-30": "0.14000", "2015-03-31": "0.62000", "2014-12-31": "0.25000", "2014-09-30": "-0.06000", "2014-06-30": "0.12000", "2014-03-31": "0.27000", "2013-12-31": "0.26000", "2013-09-30": "0.45000", "2013-06-30": "0.07000", "2013-03-31": "0.20000", "2012-12-31": "0.22300", "2012-09-30": "0.00700", "2012-06-30": "0.16000", "2012-03-31": "0.26000", "2011-12-31": "0.22000", "2011-09-30": "0.02000", "2011-06-30": "0.31000", "2011-03-31": "0.25000", "2010-12-31": "0.24000", "2010-09-30": "0.06000", "2010-06-30": "0.01000", "2010-03-31": "-0.05000", "2009-12-31": "-0.06000", "2009-09-30": "-0.11000", "2009-06-30": "-0.11000", "2009-03-31": "0.00000", "2008-12-31": "-0.19000", "2008-09-30": "-0.31000", "2008-06-30": "-0.04000", "2008-03-31": "0.18000", "2007-12-31": "0.25000", "2007-09-30": "-0.10000", "2007-06-30": "-0.03000", "2007-03-31": "-0.20000", "2006-12-31": "1.17000", "2006-09-30": "-0.09000", "2006-06-30": "-0.12000", "2006-03-31": "0.21000", "2005-12-31": "0.17000", "2005-09-30": "-0.03000", "2005-06-30": "-0.14000", "2005-03-31": "0.65000"}}, "balance sheet": {"Cash On Hand": {"2019-12-31": "81.34800", "2018-12-31": "106.51700", "2017-12-31": "64.77200", "2016-12-31": "46.95700", "2015-12-31": "50.33400", "2014-12-31": "56.99900", "2013-12-31": "74.20200", "2012-12-31": "58.24400", "2011-12-31": "45.35500", "2010-12-31": "140.27100", "2009-12-31": "95.99200", "2008-12-31": "58.15800", "2007-12-31": "25.92800", "2006-12-31": "90.36700", "2005-12-31": "34.14300"}, "Receivables": {"2019-12-31": "13.47000", "2018-12-31": "8.56500", "2017-12-31": "9.17000", "2016-12-31": "8.42800", "2015-12-31": "18.47500", "2014-12-31": "10.14500", "2013-12-31": "9.23800", "2012-12-31": "14.12200", "2011-12-31": "5.32400", "2010-12-31": "5.73600", "2009-12-31": "5.38100", "2008-12-31": "5.18500", "2007-12-31": "3.65700", "2006-12-31": "3.12900", "2005-12-31": "2.61000"}, "Inventory": {"2019-12-31": "", "2018-12-31": "", "2017-12-31": "", "2016-12-31": "", "2015-12-31": "", "2014-12-31": "", "2013-12-31": "", "2012-12-31": "", "2011-12-31": "", "2010-12-31": "", "2009-12-31": "", "2008-12-31": "", "2007-12-31": "", "2006-12-31": "", "2005-12-31": ""}, "Pre-Paid Expenses": {"2019-12-31": "", "2018-12-31": "", "2017-12-31": "", "2016-12-31": "", "2015-12-31": "", "2014-12-31": "", "2013-12-31": "", "2012-12-31": "", "2011-12-31": "", "2010-12-31": "", "2009-12-31": "", "2008-12-31": "", "2007-12-31": "", "2006-12-31": "", "2005-12-31": ""}, "Other Current Assets": {"2019-12-31": "", "2018-12-31": "", "2017-12-31": "", "2016-12-31": "", "2015-12-31": "", "2014-12-31": "", "2013-12-31": "", "2012-12-31": "", "2011-12-31": "", "2010-12-31": "", "2009-12-31": "", "2008-12-31": "", "2007-12-31": "", "2006-12-31": "", "2005-12-31": ""}, "Total Current Assets": {"2019-12-31": "94.81800", "2018-12-31": "115.08200", "2017-12-31": "73.94200", "2016-12-31": "55.38500", "2015-12-31": "68.80900", "2014-12-31": "67.14400", "2013-12-31": "83.44000", "2012-12-31": "72.36600", "2011-12-31": "50.67900", "2010-12-31": "146.00700", "2009-12-31": "101.37300", "2008-12-31": "63.34300", "2007-12-31": "29.58500", "2006-12-31": "93.49600", "2005-12-31": "36.75300"}, "Property, Plant, And Equipment": {"2019-12-31": "6769.90300", "2018-12-31": "6661.03400", "2017-12-31": "6532.16800", "2016-12-31": "5538.16100", "2015-12-31": "5667.75400", "2014-12-31": "5533.84900", "2013-12-31": "5286.87200", "2012-12-31": "4928.72200", "2011-12-31": "2848.90700", "2010-12-31": "2496.33000", "2009-12-31": "2080.66000", "2008-12-31": "2056.13500", "2007-12-31": "1019.96700", "2006-12-31": "770.88500", "2005-12-31": "497.46800"}, "Long-Term Investments": {"2019-12-31": "", "2018-12-31": "", "2017-12-31": "", "2016-12-31": "", "2015-12-31": "", "2014-12-31": "", "2013-12-31": "", "2012-12-31": "", "2011-12-31": "", "2010-12-31": "", "2009-12-31": "", "2008-12-31": "", "2007-12-31": "", "2006-12-31": "", "2005-12-31": ""}, "Goodwill And Intangible Assets": {"2019-12-31": "", "2018-12-31": "", "2017-12-31": "", "2016-12-31": "", "2015-12-31": "", "2014-12-31": "", "2013-12-31": "", "2012-12-31": "", "2011-12-31": "", "2010-12-31": "", "2009-12-31": "", "2008-12-31": "", "2007-12-31": "", "2006-12-31": "", "2005-12-31": ""}, "Other Long-Term Assets": {"2019-12-31": "234.17600", "2018-12-31": "262.73000", "2017-12-31": "291.26000", "2016-12-31": "272.36700", "2015-12-31": "269.68500", "2014-12-31": "233.75500", "2013-12-31": "227.72800", "2012-12-31": "117.87400", "2011-12-31": "108.99600", "2010-12-31": "51.14700", "2009-12-31": "52.94800", "2008-12-31": "64.43100", "2007-12-31": "26.74400", "2006-12-31": "20.00000", "2005-12-31": "16.64100"}, "Total Long-Term Assets": {"2019-12-31": "7004.07900", "2018-12-31": "6923.76400", "2017-12-31": "6823.42800", "2016-12-31": "5810.52800", "2015-12-31": "5937.43900", "2014-12-31": "5767.60400", "2013-12-31": "5514.60000", "2012-12-31": "5046.59600", "2011-12-31": "2957.90300", "2010-12-31": "2547.47700", "2009-12-31": "2133.60800", "2008-12-31": "2120.56600", "2007-12-31": "1046.71100", "2006-12-31": "790.88500", "2005-12-31": "514.10900"}, "Total Assets": {"2019-12-31": "7559.75400", "2018-12-31": "7038.84600", "2017-12-31": "6897.37000", "2016-12-31": "5865.91300", "2015-12-31": "6006.24800", "2014-12-31": "5834.74800", "2013-12-31": "5598.04000", "2012-12-31": "5118.96200", "2011-12-31": "3008.58200", "2010-12-31": "2693.48400", "2009-12-31": "2234.98100", "2008-12-31": "2183.90900", "2007-12-31": "1076.29600", "2006-12-31": "884.38100", "2005-12-31": "550.86200"}, "Total Current Liabilities": {"2019-12-31": "88.41100", "2018-12-31": "88.76700", "2017-12-31": "53.74100", "2016-12-31": "76.61400", "2015-12-31": "71.98800", "2014-12-31": "70.62900", "2013-12-31": "65.08800", "2012-12-31": "56.04600", "2011-12-31": "36.88400", "2010-12-31": "34.77100", "2009-12-31": "26.54300", "2008-12-31": "35.44000", "2007-12-31": "14.36000", "2006-12-31": "13.61600", "2005-12-31": "7.98300"}, "Long Term Debt": {"2019-12-31": "3397.85000", "2018-12-31": "3027.59900", "2017-12-31": "3024.51900", "2016-12-31": "2125.29700", "2015-12-31": "2948.28100", "2014-12-31": "2972.71900", "2013-12-31": "2656.63700", "2012-12-31": "2117.10500", "2011-12-31": "1331.53000", "2010-12-31": "1244.10300", "2009-12-31": "1129.45500", "2008-12-31": "1276.92100", "2007-12-31": "543.03000", "2006-12-31": "432.29400", "2005-12-31": "291.64600"}, "Other Non-Current Liabilities": {"2019-12-31": "157.36800", "2018-12-31": "191.23300", "2017-12-31": "187.98300", "2016-12-31": "158.43700", "2015-12-31": "144.81100", "2014-12-31": "121.64500", "2013-12-31": "197.78600", "2012-12-31": "211.22300", "2011-12-31": "193.84000", "2010-12-31": "162.01100", "2009-12-31": "139.48700", "2008-12-31": "56.05200", "2007-12-31": "43.27800", "2006-12-31": "29.43600", "2005-12-31": "25.15500"}, "Total Long Term Liabilities": {"2019-12-31": "3659.59900", "2018-12-31": "3403.27800", "2017-12-31": "3344.67100", "2016-12-31": "2338.81200", "2015-12-31": "3152.60300", "2014-12-31": "3148.83600", "2013-12-31": "2902.38700", "2012-12-31": "2385.86200", "2011-12-31": "1567.89900", "2010-12-31": "1440.81800", "2009-12-31": "1305.66400", "2008-12-31": "1359.25900", "2007-12-31": "617.55900", "2006-12-31": "501.29100", "2005-12-31": "319.65200"}, "Total Liabilities": {"2019-12-31": "4221.08000", "2018-12-31": "3492.04500", "2017-12-31": "3398.41200", "2016-12-31": "2415.42600", "2015-12-31": "3224.59100", "2014-12-31": "3219.46500", "2013-12-31": "2967.47500", "2012-12-31": "2441.90800", "2011-12-31": "1604.78300", "2010-12-31": "1475.58900", "2009-12-31": "1332.20700", "2008-12-31": "1394.69900", "2007-12-31": "631.91900", "2006-12-31": "514.90700", "2005-12-31": "327.63500"}, "Common Stock Net": {"2019-12-31": "1.37300", "2018-12-31": "1.37000", "2017-12-31": "1.36400", "2016-12-31": "1.32200", "2015-12-31": "1.12400", "2014-12-31": "1.07200", "2013-12-31": "1.04300", "2012-12-31": "1.04300", "2011-12-31": "0.72500", "2010-12-31": "0.66700", "2009-12-31": "0.52100", "2008-12-31": "0.42300", "2007-12-31": "0.27300", "2006-12-31": "0.22900", "2005-12-31": "0.17200"}, "Retained Earnings (Accumulated Deficit)": {"2019-12-31": "-1144.72100", "2018-12-31": "-971.07000", "2017-12-31": "-837.64400", "2016-12-31": "-670.13700", "2015-12-31": "-550.50100", "2014-12-31": "-487.98600", "2013-12-31": "-392.33800", "2012-12-31": "-347.52100", "2011-12-31": "-286.56500", "2010-12-31": "-249.38100", "2009-12-31": "-189.16500", "2008-12-31": "-111.82800", "2007-12-31": "-48.18100", "2006-12-31": "-13.53300", "2005-12-31": "-10.81700"}, "Comprehensive Income": {"2019-12-31": "-16.94600", "2018-12-31": "-4.39700", "2017-12-31": "-2.70100", "2016-12-31": "-4.06700", "2015-12-31": "-5.83000", "2014-12-31": "-6.07200", "2013-12-31": "-1.43500", "2012-12-31": "-6.66100", "2011-12-31": "-3.36000", "2010-12-31": "-5.50300", "2009-12-31": "-4.35600", "2008-12-31": "-5.11700", "2007-12-31": "-1.87500", "2006-12-31": "0.41100", "2005-12-31": "0.48400"}, "Other Share Holders Equity": {"2019-12-31": "", "2018-12-31": "", "2017-12-31": "", "2016-12-31": "", "2015-12-31": "", "2014-12-31": "", "2013-12-31": "", "2012-12-31": "", "2011-12-31": "", "2010-12-31": "", "2009-12-31": "", "2008-12-31": "", "2007-12-31": "", "2006-12-31": "", "2005-12-31": ""}, "Share Holder Equity": {"2019-12-31": "3338.67400", "2018-12-31": "3546.80100", "2017-12-31": "3498.95800", "2016-12-31": "3450.48700", "2015-12-31": "2781.65700", "2014-12-31": "2615.28300", "2013-12-31": "2630.56500", "2012-12-31": "2677.05400", "2011-12-31": "1403.79900", "2010-12-31": "1217.89500", "2009-12-31": "902.77400", "2008-12-31": "789.21000", "2007-12-31": "444.37700", "2006-12-31": "369.47400", "2005-12-31": "223.22700"}, "Total Liabilities And Share Holders Equity": {"2019-12-31": "7559.75400", "2018-12-31": "7038.84600", "2017-12-31": "6897.37000", "2016-12-31": "5865.91300", "2015-12-31": "6006.24800", "2014-12-31": "5834.74800", "2013-12-31": "5598.04000", "2012-12-31": "5118.96200", "2011-12-31": "3008.58200", "2010-12-31": "2693.48400", "2009-12-31": "2234.98100", "2008-12-31": "2183.90900", "2007-12-31": "1076.29600", "2006-12-31": "884.38100", "2005-12-31": "550.86200"}}, "balance sheet, quarterly": {"Cash On Hand": {"2020-09-30": "67.97700", "2020-06-30": "60.97000", "2020-03-31": "208.88800", "2019-12-31": "81.34800", "2019-09-30": "85.78700", "2019-06-30": "88.72600", "2019-03-31": "79.85500", "2018-12-31": "106.51700", "2018-09-30": "90.54100", "2018-06-30": "87.20400", "2018-03-31": "83.98700", "2017-12-31": "64.77200", "2017-09-30": "42.16500", "2017-06-30": "53.79500", "2017-03-31": "58.51600", "2016-12-31": "46.95700", "2016-09-30": "62.04200", "2016-06-30": "241.68400", "2016-03-31": "427.58500", "2015-12-31": "50.33400", "2015-09-30": "81.61000", "2015-06-30": "49.43800", "2015-03-31": "51.90300", "2014-12-31": "56.99900", "2014-09-30": "50.75000", "2014-06-30": "99.45600", "2014-03-31": "67.37400", "2013-12-31": "74.20200", "2013-09-30": "62.74700", "2013-06-30": "64.87200", "2013-03-31": "53.85000", "2012-12-31": "58.24400", "2012-09-30": "69.08900", "2012-06-30": "57.40900", "2012-03-31": "53.75700", "2011-12-31": "45.35500", "2011-09-30": "52.66700", "2011-06-30": "75.06100", "2011-03-31": "59.46800", "2010-12-31": "140.27100", "2010-09-30": "230.41500", "2010-06-30": "52.54700", "2010-03-31": "50.00100", "2009-12-31": "95.99200", "2009-09-30": "115.85600", "2009-06-30": "88.74200", "2009-03-31": "55.87600", "2008-12-31": "58.15800", "2008-09-30": "67.48300", "2008-06-30": "95.66600", "2008-03-31": "28.65700", "2007-12-31": "25.92800", "2007-09-30": "24.87700", "2007-06-30": "24.67800", "2007-03-31": "35.25600", "2006-12-31": "90.36700", "2006-09-30": "44.92600", "2006-06-30": "22.81800", "2006-03-31": "23.63400", "2005-12-31": "34.14300", "2005-09-30": "14.42600", "2005-06-30": "17.34300", "2005-03-31": "13.80700"}, "Receivables": {"2020-09-30": "22.00800", "2020-06-30": "9.19400", "2020-03-31": "12.28700", "2019-12-31": "13.47000", "2019-09-30": "27.36000", "2019-06-30": "9.44600", "2019-03-31": "14.05600", "2018-12-31": "8.56500", "2018-09-30": "45.29700", "2018-06-30": "7.82700", "2018-03-31": "9.72600", "2017-12-31": "9.17000", "2017-09-30": "15.53100", "2017-06-30": "7.44700", "2017-03-31": "7.78100", "2016-12-31": "8.42800", "2016-09-30": "16.65000", "2016-06-30": "7.11700", "2016-03-31": "7.02400", "2015-12-31": "18.47500", "2015-09-30": "24.12900", "2015-06-30": "8.05200", "2015-03-31": "7.94200", "2014-12-31": "10.14500", "2014-09-30": "14.66000", "2014-06-30": "8.94700", "2014-03-31": "8.00400", "2013-12-31": "9.23800", "2013-09-30": "17.20700", "2013-06-30": "8.32300", "2013-03-31": "6.47500", "2012-12-31": "14.12200", "2012-09-30": "9.48300", "2012-06-30": "3.90800", "2012-03-31": "3.14500", "2011-12-31": "5.32400", "2011-09-30": "7.29600", "2011-06-30": "3.61600", "2011-03-31": "4.13900", "2010-12-31": "5.73600", "2010-09-30": "9.76400", "2010-06-30": "4.24900", "2010-03-31": "4.52000", "2009-12-31": "5.38100", "2009-09-30": "7.05800", "2009-06-30": "4.89100", "2009-03-31": "4.11300", "2008-12-31": "5.18500", "2008-09-30": "4.80600", "2008-06-30": "3.29800", "2008-03-31": "2.64100", "2007-12-31": "3.65700", "2007-09-30": "4.31600", "2007-06-30": "2.36000", "2007-03-31": "6.49900", "2006-12-31": "3.12900", "2006-09-30": "3.02800", "2006-06-30": "1.70800", "2006-03-31": "1.90400", "2005-12-31": "2.61000", "2005-09-30": "2.28400", "2005-06-30": "1.05900", "2005-03-31": "3.01300"}, "Inventory": {"2020-09-30": "", "2020-06-30": "", "2020-03-31": "", "2019-12-31": "", "2019-09-30": "", "2019-06-30": "", "2019-03-31": "", "2018-12-31": "", "2018-09-30": "", "2018-06-30": "", "2018-03-31": "", "2017-12-31": "", "2017-09-30": "", "2017-06-30": "", "2017-03-31": "", "2016-12-31": "", "2016-09-30": "", "2016-06-30": "", "2016-03-31": "", "2015-12-31": "", "2015-09-30": "", "2015-06-30": "", "2015-03-31": "", "2014-12-31": "", "2014-09-30": "", "2014-06-30": "", "2014-03-31": "", "2013-12-31": "", "2013-09-30": "", "2013-06-30": "", "2013-03-31": "", "2012-12-31": "", "2012-09-30": "", "2012-06-30": "", "2012-03-31": "", "2011-12-31": "", "2011-09-30": "", "2011-06-30": "", "2011-03-31": "", "2010-12-31": "", "2010-09-30": "", "2010-06-30": "", "2010-03-31": "", "2009-12-31": "", "2009-09-30": "", "2009-06-30": "", "2009-03-31": "", "2008-12-31": "", "2008-09-30": "", "2008-06-30": "", "2008-03-31": "", "2007-12-31": "", "2007-09-30": "", "2007-06-30": "", "2007-03-31": "", "2006-12-31": "", "2006-09-30": "", "2006-06-30": "", "2006-03-31": "", "2005-12-31": "", "2005-09-30": "", "2005-06-30": "", "2005-03-31": ""}, "Pre-Paid Expenses": {"2020-09-30": "", "2020-06-30": "", "2020-03-31": "", "2019-12-31": "", "2019-09-30": "", "2019-06-30": "", "2019-03-31": "", "2018-12-31": "", "2018-09-30": "", "2018-06-30": "", "2018-03-31": "", "2017-12-31": "", "2017-09-30": "", "2017-06-30": "", "2017-03-31": "", "2016-12-31": "", "2016-09-30": "", "2016-06-30": "", "2016-03-31": "", "2015-12-31": "", "2015-09-30": "", "2015-06-30": "", "2015-03-31": "", "2014-12-31": "", "2014-09-30": "", "2014-06-30": "", "2014-03-31": "", "2013-12-31": "", "2013-09-30": "", "2013-06-30": "", "2013-03-31": "", "2012-12-31": "", "2012-09-30": "", "2012-06-30": "", "2012-03-31": "", "2011-12-31": "", "2011-09-30": "", "2011-06-30": "", "2011-03-31": "", "2010-12-31": "", "2010-09-30": "", "2010-06-30": "", "2010-03-31": "", "2009-12-31": "", "2009-09-30": "", "2009-06-30": "", "2009-03-31": "", "2008-12-31": "", "2008-09-30": "", "2008-06-30": "", "2008-03-31": "", "2007-12-31": "", "2007-09-30": "", "2007-06-30": "", "2007-03-31": "", "2006-12-31": "", "2006-09-30": "", "2006-06-30": "", "2006-03-31": "", "2005-12-31": "", "2005-09-30": "", "2005-06-30": "", "2005-03-31": ""}, "Other Current Assets": {"2020-09-30": "", "2020-06-30": "", "2020-03-31": "", "2019-12-31": "", "2019-09-30": "", "2019-06-30": "", "2019-03-31": "", "2018-12-31": "", "2018-09-30": "", "2018-06-30": "", "2018-03-31": "", "2017-12-31": "", "2017-09-30": "", "2017-06-30": "", "2017-03-31": "", "2016-12-31": "", "2016-09-30": "", "2016-06-30": "", "2016-03-31": "", "2015-12-31": "", "2015-09-30": "", "2015-06-30": "", "2015-03-31": "", "2014-12-31": "", "2014-09-30": "", "2014-06-30": "", "2014-03-31": "", "2013-12-31": "", "2013-09-30": "", "2013-06-30": "", "2013-03-31": "", "2012-12-31": "", "2012-09-30": "", "2012-06-30": "", "2012-03-31": "", "2011-12-31": "", "2011-09-30": "", "2011-06-30": "", "2011-03-31": "", "2010-12-31": "", "2010-09-30": "", "2010-06-30": "", "2010-03-31": "", "2009-12-31": "", "2009-09-30": "", "2009-06-30": "", "2009-03-31": "", "2008-12-31": "", "2008-09-30": "", "2008-06-30": "", "2008-03-31": "", "2007-12-31": "", "2007-09-30": "", "2007-06-30": "", "2007-03-31": "", "2006-12-31": "", "2006-09-30": "", "2006-06-30": "", "2006-03-31": "", "2005-12-31": "", "2005-09-30": "", "2005-06-30": "", "2005-03-31": ""}, "Total Current Assets": {"2020-09-30": "89.98500", "2020-06-30": "70.16400", "2020-03-31": "221.17500", "2019-12-31": "94.81800", "2019-09-30": "113.14700", "2019-06-30": "98.17200", "2019-03-31": "93.91100", "2018-12-31": "115.08200", "2018-09-30": "135.83800", "2018-06-30": "95.03100", "2018-03-31": "93.71300", "2017-12-31": "73.94200", "2017-09-30": "57.69600", "2017-06-30": "61.24200", "2017-03-31": "66.29700", "2016-12-31": "55.38500", "2016-09-30": "78.69200", "2016-06-30": "248.80100", "2016-03-31": "434.60900", "2015-12-31": "68.80900", "2015-09-30": "105.73900", "2015-06-30": "57.49000", "2015-03-31": "59.84500", "2014-12-31": "67.14400", "2014-09-30": "65.41000", "2014-06-30": "108.40300", "2014-03-31": "75.37800", "2013-12-31": "83.44000", "2013-09-30": "79.95400", "2013-06-30": "73.19500", "2013-03-31": "60.32500", "2012-12-31": "72.36600", "2012-09-30": "78.57200", "2012-06-30": "61.31700", "2012-03-31": "56.90200", "2011-12-31": "50.67900", "2011-09-30": "59.96300", "2011-06-30": "78.67700", "2011-03-31": "63.60700", "2010-12-31": "146.00700", "2010-09-30": "240.17900", "2010-06-30": "56.79600", "2010-03-31": "54.52100", "2009-12-31": "101.37300", "2009-09-30": "122.91400", "2009-06-30": "93.63300", "2009-03-31": "59.98900", "2008-12-31": "63.34300", "2008-09-30": "72.28900", "2008-06-30": "98.96400", "2008-03-31": "31.29800", "2007-12-31": "29.58500", "2007-09-30": "29.19300", "2007-06-30": "27.03800", "2007-03-31": "41.75500", "2006-12-31": "93.49600", "2006-09-30": "47.95400", "2006-06-30": "24.52600", "2006-03-31": "25.53800", "2005-12-31": "36.75300", "2005-09-30": "16.71000", "2005-06-30": "18.40200", "2005-03-31": "16.82000"}, "Property, Plant, And Equipment": {"2020-09-30": "6776.10800", "2020-06-30": "6732.21200", "2020-03-31": "6710.57300", "2019-12-31": "6769.90300", "2019-09-30": "6836.72100", "2019-06-30": "6753.60700", "2019-03-31": "6694.14700", "2018-12-31": "6661.03400", "2018-09-30": "6600.57100", "2018-06-30": "6512.17200", "2018-03-31": "6624.57200", "2017-12-31": "6532.16800", "2017-09-30": "6345.17200", "2017-06-30": "5888.34300", "2017-03-31": "5651.02600", "2016-12-31": "5538.16100", "2016-09-30": "5931.42500", "2016-06-30": "5809.10300", "2016-03-31": "5663.08600", "2015-12-31": "5667.75400", "2015-09-30": "5629.08600", "2015-06-30": "5488.94800", "2015-03-31": "5522.47800", "2014-12-31": "5533.84900", "2014-09-30": "5452.01000", "2014-06-30": "5382.14100", "2014-03-31": "5323.74200", "2013-12-31": "5286.87200", "2013-09-30": "5089.04200", "2013-06-30": "5038.52000", "2013-03-31": "4983.90300", "2012-12-31": "4928.72200", "2012-09-30": "4024.84700", "2012-06-30": "3075.25900", "2012-03-31": "2948.61100", "2011-12-31": "2848.90700", "2011-09-30": "2574.07100", "2011-06-30": "2480.18100", "2011-03-31": "2511.96000", "2010-12-31": "2496.33000", "2010-09-30": "2365.77100", "2010-06-30": "2041.23000", "2010-03-31": "2050.82200", "2009-12-31": "2080.66000", "2009-09-30": "2117.02900", "2009-06-30": "2096.77100", "2009-03-31": "2076.97300", "2008-12-31": "2056.13500", "2008-09-30": "2049.40300", "2008-06-30": "2070.91600", "2008-03-31": "1070.05500", "2007-12-31": "1019.96700", "2007-09-30": "977.24500", "2007-06-30": "937.37000", "2007-03-31": "912.16300", "2006-12-31": "770.88500", "2006-09-30": "793.64400", "2006-06-30": "774.88400", "2006-03-31": "756.27700", "2005-12-31": "497.46800", "2005-09-30": "491.46200", "2005-06-30": "474.73600", "2005-03-31": "455.63000"}, "Long-Term Investments": {"2020-09-30": "", "2020-06-30": "", "2020-03-31": "", "2019-12-31": "", "2019-09-30": "", "2019-06-30": "", "2019-03-31": "", "2018-12-31": "", "2018-09-30": "", "2018-06-30": "", "2018-03-31": "", "2017-12-31": "", "2017-09-30": "", "2017-06-30": "", "2017-03-31": "", "2016-12-31": "", "2016-09-30": "", "2016-06-30": "", "2016-03-31": "", "2015-12-31": "", "2015-09-30": "", "2015-06-30": "", "2015-03-31": "", "2014-12-31": "", "2014-09-30": "", "2014-06-30": "", "2014-03-31": "", "2013-12-31": "", "2013-09-30": "", "2013-06-30": "", "2013-03-31": "", "2012-12-31": "", "2012-09-30": "", "2012-06-30": "", "2012-03-31": "", "2011-12-31": "", "2011-09-30": "", "2011-06-30": "", "2011-03-31": "", "2010-12-31": "", "2010-09-30": "", "2010-06-30": "", "2010-03-31": "", "2009-12-31": "", "2009-09-30": "", "2009-06-30": "", "2009-03-31": "", "2008-12-31": "", "2008-09-30": "", "2008-06-30": "", "2008-03-31": "", "2007-12-31": "", "2007-09-30": "", "2007-06-30": "", "2007-03-31": "", "2006-12-31": "", "2006-09-30": "", "2006-06-30": "", "2006-03-31": "", "2005-12-31": "", "2005-09-30": "", "2005-06-30": "", "2005-03-31": ""}, "Goodwill And Intangible Assets": {"2020-09-30": "", "2020-06-30": "", "2020-03-31": "", "2019-12-31": "", "2019-09-30": "", "2019-06-30": "", "2019-03-31": "", "2018-12-31": "", "2018-09-30": "", "2018-06-30": "", "2018-03-31": "", "2017-12-31": "", "2017-09-30": "", "2017-06-30": "", "2017-03-31": "", "2016-12-31": "", "2016-09-30": "", "2016-06-30": "", "2016-03-31": "", "2015-12-31": "", "2015-09-30": "", "2015-06-30": "", "2015-03-31": "", "2014-12-31": "", "2014-09-30": "", "2014-06-30": "", "2014-03-31": "", "2013-12-31": "", "2013-09-30": "", "2013-06-30": "", "2013-03-31": "", "2012-12-31": "", "2012-09-30": "", "2012-06-30": "", "2012-03-31": "", "2011-12-31": "", "2011-09-30": "", "2011-06-30": "", "2011-03-31": "", "2010-12-31": "", "2010-09-30": "", "2010-06-30": "", "2010-03-31": "", "2009-12-31": "", "2009-09-30": "", "2009-06-30": "", "2009-03-31": "", "2008-12-31": "", "2008-09-30": "", "2008-06-30": "", "2008-03-31": "", "2007-12-31": "", "2007-09-30": "", "2007-06-30": "", "2007-03-31": "", "2006-12-31": "", "2006-09-30": "", "2006-06-30": "", "2006-03-31": "", "2005-12-31": "", "2005-09-30": "", "2005-06-30": "", "2005-03-31": ""}, "Other Long-Term Assets": {"2020-09-30": "257.10100", "2020-06-30": "253.02400", "2020-03-31": "228.05100", "2019-12-31": "234.17600", "2019-09-30": "257.30400", "2019-06-30": "531.11800", "2019-03-31": "537.39000", "2018-12-31": "262.73000", "2018-09-30": "309.63900", "2018-06-30": "297.81400", "2018-03-31": "288.66700", "2017-12-31": "291.26000", "2017-09-30": "284.02300", "2017-06-30": "275.38800", "2017-03-31": "270.64300", "2016-12-31": "272.36700", "2016-09-30": "269.25800", "2016-06-30": "257.15300", "2016-03-31": "269.84200", "2015-12-31": "269.68500", "2015-09-30": "291.27700", "2015-06-30": "263.73200", "2015-03-31": "237.24200", "2014-12-31": "233.75500", "2014-09-30": "236.44100", "2014-06-30": "230.44900", "2014-03-31": "221.59500", "2013-12-31": "227.72800", "2013-09-30": "151.09000", "2013-06-30": "179.93000", "2013-03-31": "115.91300", "2012-12-31": "117.87400", "2012-09-30": "111.15300", "2012-06-30": "103.93300", "2012-03-31": "110.46800", "2011-12-31": "108.99600", "2011-09-30": "71.44100", "2011-06-30": "62.23200", "2011-03-31": "53.78500", "2010-12-31": "51.14700", "2010-09-30": "54.60200", "2010-06-30": "52.87400", "2010-03-31": "50.21200", "2009-12-31": "52.94800", "2009-09-30": "59.76000", "2009-06-30": "58.75100", "2009-03-31": "52.97500", "2008-12-31": "64.43100", "2008-09-30": "70.11000", "2008-06-30": "69.16500", "2008-03-31": "27.34400", "2007-12-31": "26.74400", "2007-09-30": "25.97900", "2007-06-30": "24.77600", "2007-03-31": "22.24700", "2006-12-31": "20.00000", "2006-09-30": "22.83100", "2006-06-30": "23.12700", "2006-03-31": "20.10100", "2005-12-31": "16.64100", "2005-09-30": "46.29700", "2005-06-30": "14.11800", "2005-03-31": "14.03700"}, "Total Long-Term Assets": {"2020-09-30": "7033.20900", "2020-06-30": "6985.23600", "2020-03-31": "6938.62400", "2019-12-31": "7004.07900", "2019-09-30": "7094.02500", "2019-06-30": "7284.72500", "2019-03-31": "7231.53700", "2018-12-31": "6923.76400", "2018-09-30": "6910.21000", "2018-06-30": "6809.98600", "2018-03-31": "6913.23900", "2017-12-31": "6823.42800", "2017-09-30": "6629.19500", "2017-06-30": "6163.73100", "2017-03-31": "5921.66900", "2016-12-31": "5810.52800", "2016-09-30": "6200.68300", "2016-06-30": "6066.25600", "2016-03-31": "5932.92800", "2015-12-31": "5937.43900", "2015-09-30": "5920.36300", "2015-06-30": "5752.68000", "2015-03-31": "5759.72000", "2014-12-31": "5767.60400", "2014-09-30": "5688.45100", "2014-06-30": "5612.59000", "2014-03-31": "5545.33700", "2013-12-31": "5514.60000", "2013-09-30": "5240.13200", "2013-06-30": "5218.45000", "2013-03-31": "5099.81600", "2012-12-31": "5046.59600", "2012-09-30": "4136.00000", "2012-06-30": "3179.19200", "2012-03-31": "3059.07900", "2011-12-31": "2957.90300", "2011-09-30": "2645.51200", "2011-06-30": "2542.41300", "2011-03-31": "2565.74500", "2010-12-31": "2547.47700", "2010-09-30": "2420.37300", "2010-06-30": "2094.10400", "2010-03-31": "2101.03400", "2009-12-31": "2133.60800", "2009-09-30": "2176.78900", "2009-06-30": "2155.52200", "2009-03-31": "2129.94800", "2008-12-31": "2120.56600", "2008-09-30": "2119.51300", "2008-06-30": "2140.08100", "2008-03-31": "1097.39900", "2007-12-31": "1046.71100", "2007-09-30": "1003.22400", "2007-06-30": "962.14600", "2007-03-31": "934.41000", "2006-12-31": "790.88500", "2006-09-30": "816.47500", "2006-06-30": "798.01100", "2006-03-31": "776.37810", "2005-12-31": "514.10900", "2005-09-30": "537.75900", "2005-06-30": "488.85400", "2005-03-31": "469.66700"}, "Total Assets": {"2020-09-30": "7581.52400", "2020-06-30": "7514.51000", "2020-03-31": "7619.75600", "2019-12-31": "7559.75400", "2019-09-30": "7668.98200", "2019-06-30": "7382.89700", "2019-03-31": "7325.44800", "2018-12-31": "7038.84600", "2018-09-30": "7046.04800", "2018-06-30": "6905.01700", "2018-03-31": "7006.95200", "2017-12-31": "6897.37000", "2017-09-30": "6686.89100", "2017-06-30": "6224.97300", "2017-03-31": "5987.96600", "2016-12-31": "5865.91300", "2016-09-30": "6279.37500", "2016-06-30": "6315.05700", "2016-03-31": "6367.53700", "2015-12-31": "6006.24800", "2015-09-30": "6026.10200", "2015-06-30": "5810.17000", "2015-03-31": "5819.56500", "2014-12-31": "5834.74800", "2014-09-30": "5753.86100", "2014-06-30": "5720.99300", "2014-03-31": "5620.71500", "2013-12-31": "5598.04000", "2013-09-30": "5320.08600", "2013-06-30": "5291.64500", "2013-03-31": "5160.14100", "2012-12-31": "5118.96200", "2012-09-30": "4214.57200", "2012-06-30": "3240.50900", "2012-03-31": "3115.98100", "2011-12-31": "3008.58200", "2011-09-30": "2705.47500", "2011-06-30": "2621.09000", "2011-03-31": "2629.35200", "2010-12-31": "2693.48400", "2010-09-30": "2660.55200", "2010-06-30": "2150.90000", "2010-03-31": "2155.55500", "2009-12-31": "2234.98100", "2009-09-30": "2299.70300", "2009-06-30": "2249.15500", "2009-03-31": "2189.93700", "2008-12-31": "2183.90900", "2008-09-30": "2191.80200", "2008-06-30": "2239.04500", "2008-03-31": "1128.69700", "2007-12-31": "1076.29600", "2007-09-30": "1032.41700", "2007-06-30": "989.18400", "2007-03-31": "976.16500", "2006-12-31": "884.38100", "2006-09-30": "864.42900", "2006-06-30": "822.53700", "2006-03-31": "801.91600", "2005-12-31": "550.86200", "2005-09-30": "554.46900", "2005-06-30": "507.25600", "2005-03-31": "486.48700"}, "Total Current Liabilities": {"2020-09-30": "87.63800", "2020-06-30": "72.33500", "2020-03-31": "53.08600", "2019-12-31": "88.41100", "2019-09-30": "86.29500", "2019-06-30": "67.07900", "2019-03-31": "58.43900", "2018-12-31": "88.76700", "2018-09-30": "86.48100", "2018-06-30": "66.43000", "2018-03-31": "52.93200", "2017-12-31": "53.74100", "2017-09-30": "79.61200", "2017-06-30": "62.54700", "2017-03-31": "48.51000", "2016-12-31": "76.61400", "2016-09-30": "77.24700", "2016-06-30": "61.62600", "2016-03-31": "49.30600", "2015-12-31": "71.98800", "2015-09-30": "81.02000", "2015-06-30": "68.18500", "2015-03-31": "51.79000", "2014-12-31": "70.62900", "2014-09-30": "73.59600", "2014-06-30": "58.43600", "2014-03-31": "49.86100", "2013-12-31": "65.08800", "2013-09-30": "63.89500", "2013-06-30": "49.63500", "2013-03-31": "44.69000", "2012-12-31": "56.04600", "2012-09-30": "57.70000", "2012-06-30": "38.14400", "2012-03-31": "29.63300", "2011-12-31": "36.88400", "2011-09-30": "37.30700", "2011-06-30": "30.36900", "2011-03-31": "25.78600", "2010-12-31": "34.77100", "2010-09-30": "34.22400", "2010-06-30": "26.96300", "2010-03-31": "22.21400", "2009-12-31": "26.54300", "2009-09-30": "31.67900", "2009-06-30": "29.16500", "2009-03-31": "26.46500", "2008-12-31": "35.44000", "2008-09-30": "39.21300", "2008-06-30": "35.27000", "2008-03-31": "11.83300", "2007-12-31": "14.36000", "2007-09-30": "14.42400", "2007-06-30": "21.88300", "2007-03-31": "18.71000", "2006-12-31": "13.61600", "2006-09-30": "16.13300", "2006-06-30": "13.63100", "2006-03-31": "9.80700", "2005-12-31": "7.98300", "2005-09-30": "8.56400", "2005-06-30": "7.87200", "2005-03-31": "5.28000"}, "Long Term Debt": {"2020-09-30": "3590.89300", "2020-06-30": "3506.65000", "2020-03-31": "3540.28300", "2019-12-31": "3397.85000", "2019-09-30": "3363.46900", "2019-06-30": "3241.36200", "2019-03-31": "3109.42300", "2018-12-31": "3027.59900", "2018-09-30": "2973.72200", "2018-06-30": "2827.25700", "2018-03-31": "3134.21000", "2017-12-31": "3024.51900", "2017-09-30": "2766.28500", "2017-06-30": "2360.03400", "2017-03-31": "2208.32100", "2016-12-31": "2125.29700", "2016-09-30": "2484.29200", "2016-06-30": "2590.66400", "2016-03-31": "2623.26700", "2015-12-31": "2948.28100", "2015-09-30": "2921.32900", "2015-06-30": "2733.22100", "2015-03-31": "2724.77100", "2014-12-31": "2972.71900", "2014-09-30": "2924.34500", "2014-06-30": "2823.62200", "2014-03-31": "2702.83700", "2013-12-31": "2656.63700", "2013-09-30": "2338.93500", "2013-06-30": "2346.27600", "2013-03-31": "2187.40700", "2012-12-31": "2117.10500", "2012-09-30": "1713.38800", "2012-06-30": "1510.84700", "2012-03-31": "1371.20800", "2011-12-31": "1331.53000", "2011-09-30": "1121.15800", "2011-06-30": "1111.50800", "2011-03-31": "1185.92500", "2010-12-31": "1244.10300", "2010-09-30": "1300.04700", "2010-06-30": "1077.14100", "2010-03-31": "1074.53900", "2009-12-31": "1129.45500", "2009-09-30": "1155.52600", "2009-06-30": "1189.73500", "2009-03-31": "1311.05100", "2008-12-31": "1276.92100", "2008-09-30": "1254.37600", "2008-06-30": "1290.55200", "2008-03-31": "604.73700", "2007-12-31": "543.03000", "2007-09-30": "591.58500", "2007-06-30": "543.05600", "2007-03-31": "528.13300", "2006-12-31": "432.29400", "2006-09-30": "425.42100", "2006-06-30": "510.99200", "2006-03-31": "489.59700", "2005-12-31": "291.64600", "2005-09-30": "291.76200", "2005-06-30": "337.38600", "2005-03-31": "314.38500"}, "Other Non-Current Liabilities": {"2020-09-30": "202.77500", "2020-06-30": "161.09100", "2020-03-31": "178.70200", "2019-12-31": "157.36800", "2019-09-30": "211.61200", "2019-06-30": "162.43700", "2019-03-31": "185.23400", "2018-12-31": "191.23300", "2018-09-30": "238.92100", "2018-06-30": "195.88600", "2018-03-31": "212.75400", "2017-12-31": "187.98300", "2017-09-30": "214.91800", "2017-06-30": "179.34200", "2017-03-31": "173.96100", "2016-12-31": "158.43700", "2016-09-30": "199.88700", "2016-06-30": "164.49300", "2016-03-31": "155.03300", "2015-12-31": "144.81100", "2015-09-30": "167.35700", "2015-06-30": "115.70100", "2015-03-31": "123.17100", "2014-12-31": "121.64500", "2014-09-30": "155.38600", "2014-06-30": "201.73700", "2014-03-31": "200.92600", "2013-12-31": "197.78600", "2013-09-30": "231.14300", "2013-06-30": "199.53600", "2013-03-31": "208.29400", "2012-12-31": "211.22300", "2012-09-30": "229.63700", "2012-06-30": "192.12200", "2012-03-31": "198.06400", "2011-12-31": "193.84000", "2011-09-30": "193.00600", "2011-06-30": "153.16700", "2011-03-31": "162.22900", "2010-12-31": "162.01100", "2010-09-30": "66.49300", "2010-06-30": "138.38000", "2010-03-31": "140.52100", "2009-12-31": "139.48700", "2009-09-30": "153.88000", "2009-06-30": "47.30700", "2009-03-31": "52.20900", "2008-12-31": "56.05200", "2008-09-30": "61.74400", "2008-06-30": "48.73900", "2008-03-31": "42.37200", "2007-12-31": "43.27800", "2007-09-30": "45.35400", "2007-06-30": "34.92300", "2007-03-31": "31.86900", "2006-12-31": "29.43600", "2006-09-30": "30.28800", "2006-06-30": "29.79700", "2006-03-31": "26.29400", "2005-12-31": "25.15500", "2005-09-30": "26.27500", "2005-06-30": "25.93800", "2005-03-31": "22.79300"}, "Total Long Term Liabilities": {"2020-09-30": "3814.55700", "2020-06-30": "3688.65300", "2020-03-31": "3736.75300", "2019-12-31": "3659.59900", "2019-09-30": "3732.94400", "2019-06-30": "3589.70900", "2019-03-31": "3481.35200", "2018-12-31": "3403.27800", "2018-09-30": "3397.29700", "2018-06-30": "3154.45200", "2018-03-31": "3473.96300", "2017-12-31": "3344.67100", "2017-09-30": "3093.47300", "2017-06-30": "2594.72000", "2017-03-31": "2437.94700", "2016-12-31": "2338.81200", "2016-09-30": "2747.89700", "2016-06-30": "2828.87900", "2016-03-31": "2844.43300", "2015-12-31": "3152.60300", "2015-09-30": "3148.65500", "2015-06-30": "2911.01300", "2015-03-31": "2915.37400", "2014-12-31": "3148.83600", "2014-09-30": "3130.66800", "2014-06-30": "3078.41300", "2014-03-31": "2956.57600", "2013-12-31": "2902.38700", "2013-09-30": "2619.86800", "2013-06-30": "2598.14300", "2013-03-31": "2452.43700", "2012-12-31": "2385.86200", "2012-09-30": "1999.86300", "2012-06-30": "1745.85300", "2012-03-31": "1614.59900", "2011-12-31": "1567.89900", "2011-09-30": "1351.87900", "2011-06-30": "1300.95500", "2011-03-31": "1381.86600", "2010-12-31": "1440.81800", "2010-09-30": "1403.30500", "2010-06-30": "1250.17500", "2010-03-31": "1251.07500", "2009-12-31": "1305.66400", "2009-09-30": "1344.85500", "2009-06-30": "1267.25700", "2009-03-31": "1387.83100", "2008-12-31": "1359.25900", "2008-09-30": "1345.15800", "2008-06-30": "1369.31200", "2008-03-31": "677.20100", "2007-12-31": "617.55900", "2007-09-30": "668.58700", "2007-06-30": "610.65090", "2007-03-31": "597.71200", "2006-12-31": "501.29100", "2006-09-30": "493.88500", "2006-06-30": "574.87400", "2006-03-31": "550.90200", "2005-12-31": "319.65200", "2005-09-30": "320.85300", "2005-06-30": "365.90400", "2005-03-31": "339.82700"}, "Total Liabilities": {"2020-09-30": "4385.88900", "2020-06-30": "4243.48000", "2020-03-31": "4267.61800", "2019-12-31": "4221.08000", "2019-09-30": "4288.71800", "2019-06-30": "3942.01200", "2019-03-31": "3822.34100", "2018-12-31": "3492.04500", "2018-09-30": "3483.77800", "2018-06-30": "3220.88200", "2018-03-31": "3526.89500", "2017-12-31": "3398.41200", "2017-09-30": "3173.08500", "2017-06-30": "2657.26700", "2017-03-31": "2486.45700", "2016-12-31": "2415.42600", "2016-09-30": "2825.14400", "2016-06-30": "2890.50500", "2016-03-31": "2893.73900", "2015-12-31": "3224.59100", "2015-09-30": "3229.67500", "2015-06-30": "2979.19800", "2015-03-31": "2967.16400", "2014-12-31": "3219.46500", "2014-09-30": "3204.26400", "2014-06-30": "3136.84900", "2014-03-31": "3006.43700", "2013-12-31": "2967.47500", "2013-09-30": "2683.76300", "2013-06-30": "2647.77800", "2013-03-31": "2497.12700", "2012-12-31": "2441.90800", "2012-09-30": "2057.56300", "2012-06-30": "1783.99700", "2012-03-31": "1644.23200", "2011-12-31": "1604.78300", "2011-09-30": "1389.18600", "2011-06-30": "1331.32400", "2011-03-31": "1407.65200", "2010-12-31": "1475.58900", "2010-09-30": "1437.52900", "2010-06-30": "1277.13800", "2010-03-31": "1273.28900", "2009-12-31": "1332.20700", "2009-09-30": "1376.53400", "2009-06-30": "1296.42200", "2009-03-31": "1414.29600", "2008-12-31": "1394.69900", "2008-09-30": "1384.37100", "2008-06-30": "1404.58200", "2008-03-31": "689.03400", "2007-12-31": "631.91900", "2007-09-30": "683.01100", "2007-06-30": "632.53400", "2007-03-31": "616.42200", "2006-12-31": "514.90700", "2006-09-30": "510.01800", "2006-06-30": "588.50500", "2006-03-31": "560.70900", "2005-12-31": "327.63500", "2005-09-30": "329.41700", "2005-06-30": "373.77600", "2005-03-31": "345.10700"}, "Common Stock Net": {"2020-09-30": "1.37500", "2020-06-30": "1.37500", "2020-03-31": "1.37500", "2019-12-31": "1.37300", "2019-09-30": "1.37300", "2019-06-30": "1.37200", "2019-03-31": "1.37000", "2018-12-31": "1.37000", "2018-09-30": "1.37000", "2018-06-30": "1.36600", "2018-03-31": "1.36600", "2017-12-31": "1.36400", "2017-09-30": "1.36400", "2017-06-30": "1.36300", "2017-03-31": "1.33600", "2016-12-31": "1.32200", "2016-09-30": "1.31900", "2016-06-30": "1.30400", "2016-03-31": "1.30400", "2015-12-31": "1.12400", "2015-09-30": "1.12300", "2015-06-30": "1.12300", "2015-03-31": "1.12300", "2014-12-31": "1.07200", "2014-09-30": "1.04400", "2014-06-30": "1.04300", "2014-03-31": "1.04300", "2013-12-31": "1.04300", "2013-09-30": "1.04300", "2013-06-30": "1.04300", "2013-03-31": "1.04300", "2012-12-31": "1.04300", "2012-09-30": "0.91700", "2012-06-30": "0.74400", "2012-03-31": "0.74300", "2011-12-31": "0.72500", "2011-09-30": "0.70600", "2011-06-30": "0.69300", "2011-03-31": "0.67200", "2010-12-31": "0.66700", "2010-09-30": "0.66600", "2010-06-30": "0.52400", "2010-03-31": "0.52100", "2009-12-31": "0.52100", "2009-09-30": "0.52100", "2009-06-30": "0.52100", "2009-03-31": "0.42300", "2008-12-31": "0.42300", "2008-09-30": "0.42200", "2008-06-30": "0.42200", "2008-03-31": "0.27400", "2007-12-31": "0.27300", "2007-09-30": "0.23600", "2007-06-30": "0.23400", "2007-03-31": "0.23100", "2006-12-31": "0.22900", "2006-09-30": "0.22900", "2006-06-30": "0.17200", "2006-03-31": "0.17200", "2005-12-31": "0.17200", "2005-09-30": "0.17200", "2005-06-30": "0.12600", "2005-03-31": "0.12600"}, "Retained Earnings (Accumulated Deficit)": {"2020-09-30": "-1292.36400", "2020-06-30": "-1207.64500", "2020-03-31": "-1129.10800", "2019-12-31": "-1144.72100", "2019-09-30": "-1104.44800", "2019-06-30": "-1059.63300", "2019-03-31": "-1005.04100", "2018-12-31": "-971.07000", "2018-09-30": "-955.31000", "2018-06-30": "-889.52400", "2018-03-31": "-872.28100", "2017-12-31": "-837.64400", "2017-09-30": "-816.36000", "2017-06-30": "-754.66000", "2017-03-31": "-692.51000", "2016-12-31": "-670.13700", "2016-09-30": "-639.69800", "2016-06-30": "-594.11500", "2016-03-31": "-557.42700", "2015-12-31": "-550.50100", "2015-09-30": "-533.70800", "2015-06-30": "-490.36800", "2015-03-31": "-460.75300", "2014-12-31": "-487.98600", "2014-09-30": "-474.65900", "2014-06-30": "-428.67600", "2014-03-31": "-401.98300", "2013-12-31": "-392.33800", "2013-09-30": "-382.23100", "2013-06-30": "-391.46800", "2013-03-31": "-361.57500", "2012-12-31": "-347.52100", "2012-09-30": "-335.66700", "2012-06-30": "-305.05400", "2012-03-31": "-291.96200", "2011-12-31": "-286.56500", "2011-09-30": "-278.32200", "2011-06-30": "-256.30800", "2011-03-31": "-254.78800", "2010-12-31": "-249.38100", "2010-09-30": "-240.40200", "2010-06-30": "-226.26600", "2010-03-31": "-209.20100", "2009-12-31": "-189.16500", "2009-09-30": "-169.47700", "2009-06-30": "-145.90000", "2009-03-31": "-126.11700", "2008-12-31": "-111.82800", "2008-09-30": "-94.02100", "2008-06-30": "-66.54900", "2008-03-31": "-52.61200", "2007-12-31": "-48.18100", "2007-09-30": "-45.05600", "2007-06-30": "-34.67800", "2007-03-31": "-26.00900", "2006-12-31": "-13.53300", "2006-09-30": "-28.37400", "2006-06-30": "-20.91400", "2006-03-31": "-12.99900", "2005-12-31": "-10.81700", "2005-09-30": "-6.77700", "2005-06-30": "-0.35500", "2005-03-31": "5.71700"}, "Comprehensive Income": {"2020-09-30": "-24.61400", "2020-06-30": "-26.46500", "2020-03-31": "-26.74700", "2019-12-31": "-16.94600", "2019-09-30": "-18.92900", "2019-06-30": "-18.78400", "2019-03-31": "-10.19100", "2018-12-31": "-4.39700", "2018-09-30": "-1.97500", "2018-06-30": "-2.05600", "2018-03-31": "-2.23600", "2017-12-31": "-2.70100", "2017-09-30": "-3.19500", "2017-06-30": "-3.42800", "2017-03-31": "-3.58300", "2016-12-31": "-4.06700", "2016-09-30": "-5.99200", "2016-06-30": "-7.26300", "2016-03-31": "-7.24000", "2015-12-31": "-5.83000", "2015-09-30": "-8.20700", "2015-06-30": "-6.89100", "2015-03-31": "-7.83800", "2014-12-31": "-6.07200", "2014-09-30": "-5.11400", "2014-06-30": "-7.29000", "2014-03-31": "-2.42800", "2013-12-31": "-1.43500", "2013-09-30": "-2.21000", "2013-06-30": "-1.04700", "2013-03-31": "-5.84800", "2012-12-31": "-6.66100", "2012-09-30": "-7.55100", "2012-06-30": "-5.16500", "2012-03-31": "0.04400", "2011-12-31": "-3.36000", "2011-09-30": "-4.10800", "2011-06-30": "-4.57600", "2011-03-31": "-4.75800", "2010-12-31": "-5.50300", "2010-09-30": "-6.54300", "2010-06-30": "-6.05900", "2010-03-31": "-5.18800", "2009-12-31": "-4.35600", "2009-09-30": "-4.81500", "2009-06-30": "-3.73700", "2009-03-31": "-5.90000", "2008-12-31": "-5.11700", "2008-09-30": "-2.10400", "2008-06-30": "-1.81400", "2008-03-31": "-3.22200", "2007-12-31": "-1.87500", "2007-09-30": "-0.65700", "2007-06-30": "0.42400", "2007-03-31": "-0.42100", "2006-12-31": "0.41100", "2006-09-30": "0.44100", "2006-06-30": "0.67100", "2006-03-31": "0.60200", "2005-12-31": "0.48400", "2005-09-30": "0.40400", "2005-06-30": "0.15000", "2005-03-31": "0.38700"}, "Other Share Holders Equity": {"2020-09-30": "", "2020-06-30": "", "2020-03-31": "", "2019-12-31": "", "2019-09-30": "", "2019-06-30": "", "2019-03-31": "", "2018-12-31": "", "2018-09-30": "", "2018-06-30": "", "2018-03-31": "", "2017-12-31": "", "2017-09-30": "", "2017-06-30": "", "2017-03-31": "", "2016-12-31": "", "2016-09-30": "", "2016-06-30": "", "2016-03-31": "", "2015-12-31": "", "2015-09-30": "", "2015-06-30": "", "2015-03-31": "", "2014-12-31": "", "2014-09-30": "", "2014-06-30": "", "2014-03-31": "", "2013-12-31": "", "2013-09-30": "", "2013-06-30": "", "2013-03-31": "", "2012-12-31": "", "2012-09-30": "", "2012-06-30": "", "2012-03-31": "", "2011-12-31": "", "2011-09-30": "", "2011-06-30": "", "2011-03-31": "", "2010-12-31": "", "2010-09-30": "", "2010-06-30": "", "2010-03-31": "", "2009-12-31": "", "2009-09-30": "", "2009-06-30": "", "2009-03-31": "", "2008-12-31": "", "2008-09-30": "", "2008-06-30": "", "2008-03-31": "", "2007-12-31": "", "2007-09-30": "", "2007-06-30": "", "2007-03-31": "", "2006-12-31": "", "2006-09-30": "", "2006-06-30": "", "2006-03-31": "", "2005-12-31": "", "2005-09-30": "", "2005-06-30": "", "2005-03-31": ""}, "Share Holder Equity": {"2020-09-30": "3195.63500", "2020-06-30": "3271.03000", "2020-03-31": "3352.13800", "2019-12-31": "3338.67400", "2019-09-30": "3380.26400", "2019-06-30": "3440.88500", "2019-03-31": "3503.10700", "2018-12-31": "3546.80100", "2018-09-30": "3562.27000", "2018-06-30": "3684.13500", "2018-03-31": "3480.05700", "2017-12-31": "3498.95800", "2017-09-30": "3513.80600", "2017-06-30": "3567.70600", "2017-03-31": "3501.50900", "2016-12-31": "3450.48700", "2016-09-30": "3454.23100", "2016-06-30": "3424.55200", "2016-03-31": "3473.79800", "2015-12-31": "2781.65700", "2015-09-30": "2796.42700", "2015-06-30": "2830.97200", "2015-03-31": "2852.40100", "2014-12-31": "2615.28300", "2014-09-30": "2549.59700", "2014-06-30": "2584.14400", "2014-03-31": "2614.27800", "2013-12-31": "2630.56500", "2013-09-30": "2636.32300", "2013-06-30": "2643.86700", "2013-03-31": "2663.01400", "2012-12-31": "2677.05400", "2012-09-30": "2157.00900", "2012-06-30": "1456.51200", "2012-03-31": "1471.74900", "2011-12-31": "1403.79900", "2011-09-30": "1316.28900", "2011-06-30": "1289.76600", "2011-03-31": "1221.70000", "2010-12-31": "1217.89500", "2010-09-30": "1223.02300", "2010-06-30": "873.76200", "2010-03-31": "882.26600", "2009-12-31": "902.77400", "2009-09-30": "923.16900", "2009-06-30": "952.73300", "2009-03-31": "775.64100", "2008-12-31": "789.21000", "2008-09-30": "807.43100", "2008-06-30": "834.46300", "2008-03-31": "439.66300", "2007-12-31": "444.37700", "2007-09-30": "349.40600", "2007-06-30": "356.65000", "2007-03-31": "359.74300", "2006-12-31": "369.47400", "2006-09-30": "354.41100", "2006-06-30": "234.03200", "2006-03-31": "241.20700", "2005-12-31": "223.22700", "2005-09-30": "225.05200", "2005-06-30": "133.48000", "2005-03-31": "141.38000"}, "Total Liabilities And Share Holders Equity": {"2020-09-30": "7581.52400", "2020-06-30": "7514.51000", "2020-03-31": "7619.75600", "2019-12-31": "7559.75400", "2019-09-30": "7668.98200", "2019-06-30": "7382.89700", "2019-03-31": "7325.44800", "2018-12-31": "7038.84600", "2018-09-30": "7046.04800", "2018-06-30": "6905.01700", "2018-03-31": "7006.95200", "2017-12-31": "6897.37000", "2017-09-30": "6686.89100", "2017-06-30": "6224.97300", "2017-03-31": "5987.96600", "2016-12-31": "5865.91300", "2016-09-30": "6279.37500", "2016-06-30": "6315.05700", "2016-03-31": "6367.53700", "2015-12-31": "6006.24800", "2015-09-30": "6026.10200", "2015-06-30": "5810.17000", "2015-03-31": "5819.56500", "2014-12-31": "5834.74800", "2014-09-30": "5753.86100", "2014-06-30": "5720.99300", "2014-03-31": "5620.71500", "2013-12-31": "5598.04000", "2013-09-30": "5320.08600", "2013-06-30": "5291.64500", "2013-03-31": "5160.14100", "2012-12-31": "5118.96200", "2012-09-30": "4214.57200", "2012-06-30": "3240.50900", "2012-03-31": "3115.98100", "2011-12-31": "3008.58200", "2011-09-30": "2705.47500", "2011-06-30": "2621.09000", "2011-03-31": "2629.35200", "2010-12-31": "2693.48400", "2010-09-30": "2660.55200", "2010-06-30": "2150.90000", "2010-03-31": "2155.55500", "2009-12-31": "2234.98100", "2009-09-30": "2299.70300", "2009-06-30": "2249.15500", "2009-03-31": "2189.93700", "2008-12-31": "2183.90900", "2008-09-30": "2191.80200", "2008-06-30": "2239.04500", "2008-03-31": "1128.69700", "2007-12-31": "1076.29600", "2007-09-30": "1032.41700", "2007-06-30": "989.18400", "2007-03-31": "976.16500", "2006-12-31": "884.38100", "2006-09-30": "864.42900", "2006-06-30": "822.53700", "2006-03-31": "801.91600", "2005-12-31": "550.86200", "2005-09-30": "554.46900", "2005-06-30": "507.25600", "2005-03-31": "486.48700"}}, "cash flow statement": {"Net Income/Loss": {"2019-12-31": "86.76200", "2018-12-31": "119.12400", "2017-12-31": "70.12100", "2016-12-31": "100.62300", "2015-12-31": "118.06100", "2014-12-31": "64.10400", "2013-12-31": "107.19100", "2012-12-31": "60.23800", "2011-12-31": "57.97200", "2010-12-31": "17.09800", "2009-12-31": "-12.46000", "2008-12-31": "-13.05500", "2007-12-31": "-1.68600", "2006-12-31": "22.59700", "2005-12-31": "9.66200"}, "Total Depreciation And Amortization - Cash Flow": {"2019-12-31": "276.71700", "2018-12-31": "264.50000", "2017-12-31": "232.49600", "2016-12-31": "206.85500", "2015-12-31": "202.92000", "2014-12-31": "190.99500", "2013-12-31": "179.18700", "2012-12-31": "117.80600", "2011-12-31": "89.59700", "2010-12-31": "80.25300", "2009-12-31": "80.77800", "2008-12-31": "59.07800", "2007-12-31": "30.10600", "2006-12-31": "25.52500", "2005-12-31": "16.93400"}, "Other Non-Cash Items": {"2019-12-31": "-3.26700", "2018-12-31": "-39.25000", "2017-12-31": "29.80300", "2016-12-31": "6.58200", "2015-12-31": "-43.15600", "2014-12-31": "6.94600", "2013-12-31": "-48.30600", "2012-12-31": "2.30700", "2011-12-31": "-9.23900", "2010-12-31": "7.81500", "2009-12-31": "14.24200", "2008-12-31": "3.95400", "2007-12-31": "5.32500", "2006-12-31": "-15.90000", "2005-12-31": "-6.19900"}, "Total Non-Cash Items": {"2019-12-31": "273.45000", "2018-12-31": "225.25000", "2017-12-31": "262.29900", "2016-12-31": "213.43700", "2015-12-31": "159.76400", "2014-12-31": "197.94100", "2013-12-31": "130.88100", "2012-12-31": "120.11300", "2011-12-31": "80.35800", "2010-12-31": "88.06800", "2009-12-31": "95.02000", "2008-12-31": "63.03200", "2007-12-31": "35.43100", "2006-12-31": "9.62500", "2005-12-31": "10.73500"}, "Change In Accounts Receivable": {"2019-12-31": "-5.40700", "2018-12-31": "0.14800", "2017-12-31": "-0.41400", "2016-12-31": "8.70900", "2015-12-31": "-9.39700", "2014-12-31": "-0.95900", "2013-12-31": "4.62100", "2012-12-31": "-8.73300", "2011-12-31": "0.39400", "2010-12-31": "0.23400", "2009-12-31": "-0.29000", "2008-12-31": "-0.03400", "2007-12-31": "-0.47800", "2006-12-31": "-0.55000", "2005-12-31": "-0.44600"}, "Change In Inventories": {"2019-12-31": "", "2018-12-31": "", "2017-12-31": "", "2016-12-31": "", "2015-12-31": "", "2014-12-31": "", "2013-12-31": "", "2012-12-31": "", "2011-12-31": "", "2010-12-31": "", "2009-12-31": "", "2008-12-31": "", "2007-12-31": "", "2006-12-31": "", "2005-12-31": ""}, "Change In Accounts Payable": {"2019-12-31": "", "2018-12-31": "", "2017-12-31": "", "2016-12-31": "", "2015-12-31": "", "2014-12-31": "", "2013-12-31": "", "2012-12-31": "", "2011-12-31": "", "2010-12-31": "", "2009-12-31": "", "2008-12-31": "", "2007-12-31": "", "2006-12-31": "", "2005-12-31": ""}, "Change In Assets/Liabilities": {"2019-12-31": "15.59900", "2018-12-31": "-1.62900", "2017-12-31": "12.40000", "2016-12-31": "-17.77900", "2015-12-31": "-4.68300", "2014-12-31": "-3.94900", "2013-12-31": "-2.07100", "2012-12-31": "17.42600", "2011-12-31": "-12.77100", "2010-12-31": "6.92500", "2009-12-31": "7.02000", "2008-12-31": "-10.74600", "2007-12-31": "-4.75400", "2006-12-31": "-0.70800", "2005-12-31": "-1.96200"}, "Total Change In Assets/Liabilities": {"2019-12-31": "10.16700", "2018-12-31": "32.24700", "2017-12-31": "-13.74300", "2016-12-31": "-8.00300", "2015-12-31": "-14.03900", "2014-12-31": "0.19800", "2013-12-31": "8.60600", "2012-12-31": "14.78000", "2011-12-31": "-11.58600", "2010-12-31": "10.78300", "2009-12-31": "-2.11700", "2008-12-31": "-13.58200", "2007-12-31": "-4.69800", "2006-12-31": "3.01500", "2005-12-31": "0.03200"}, "Cash Flow From Operating Activities": {"2019-12-31": "370.37900", "2018-12-31": "376.62100", "2017-12-31": "318.67700", "2016-12-31": "306.05700", "2015-12-31": "263.78600", "2014-12-31": "262.24300", "2013-12-31": "246.67800", "2012-12-31": "195.13100", "2011-12-31": "126.74400", "2010-12-31": "115.94900", "2009-12-31": "80.44300", "2008-12-31": "36.39500", "2007-12-31": "29.04700", "2006-12-31": "35.23700", "2005-12-31": "20.42900"}, "Net Change In Property, Plant, And Equipment": {"2019-12-31": "-418.10300", "2018-12-31": "-334.14300", "2017-12-31": "-972.16400", "2016-12-31": "-20.90600", "2015-12-31": "-237.00700", "2014-12-31": "-435.49400", "2013-12-31": "-447.31600", "2012-12-31": "-1449.83800", "2011-12-31": "-390.75600", "2010-12-31": "-246.96900", "2009-12-31": "-125.23500", "2008-12-31": "-152.56200", "2007-12-31": "-185.99100", "2006-12-31": "-102.71800", "2005-12-31": "-111.75500"}, "Net Change In Intangible Assets": {"2019-12-31": "", "2018-12-31": "", "2017-12-31": "", "2016-12-31": "", "2015-12-31": "", "2014-12-31": "", "2013-12-31": "", "2012-12-31": "", "2011-12-31": "", "2010-12-31": "", "2009-12-31": "", "2008-12-31": "", "2007-12-31": "", "2006-12-31": "", "2005-12-31": ""}, "Net Acquisitions/Divestitures": {"2019-12-31": "", "2018-12-31": "", "2017-12-31": "", "2016-12-31": "", "2015-12-31": "", "2014-12-31": "", "2013-12-31": "", "2012-12-31": "", "2011-12-31": "", "2010-12-31": "", "2009-12-31": "", "2008-12-31": "-269.35800", "2007-12-31": "", "2006-12-31": "", "2005-12-31": ""}, "Net Change In Short-term Investments": {"2019-12-31": "", "2018-12-31": "", "2017-12-31": "", "2016-12-31": "", "2015-12-31": "", "2014-12-31": "", "2013-12-31": "", "2012-12-31": "", "2011-12-31": "", "2010-12-31": "", "2009-12-31": "", "2008-12-31": "", "2007-12-31": "", "2006-12-31": "", "2005-12-31": ""}, "Net Change In Long-Term Investments": {"2019-12-31": "", "2018-12-31": "", "2017-12-31": "", "2016-12-31": "", "2015-12-31": "", "2014-12-31": "", "2013-12-31": "", "2012-12-31": "", "2011-12-31": "-35.28300", "2010-12-31": "", "2009-12-31": "", "2008-12-31": "", "2007-12-31": "", "2006-12-31": "", "2005-12-31": ""}, "Net Change In Investments - Total": {"2019-12-31": "", "2018-12-31": "", "2017-12-31": "", "2016-12-31": "", "2015-12-31": "", "2014-12-31": "", "2013-12-31": "", "2012-12-31": "", "2011-12-31": "-35.28300", "2010-12-31": "", "2009-12-31": "", "2008-12-31": "", "2007-12-31": "", "2006-12-31": "", "2005-12-31": ""}, "Investing Activities - Other": {"2019-12-31": "1.96300", "2018-12-31": "-1.66900", "2017-12-31": "-5.60800", "2016-12-31": "-17.55900", "2015-12-31": "-2.44800", "2014-12-31": "6.25900", "2013-12-31": "-62.68300", "2012-12-31": "2.27600", "2011-12-31": "2.45500", "2010-12-31": "2.47700", "2009-12-31": "1.70700", "2008-12-31": "-13.35500", "2007-12-31": "-1.60000", "2006-12-31": "", "2005-12-31": ""}, "Cash Flow From Investing Activities": {"2019-12-31": "-416.14000", "2018-12-31": "-335.81200", "2017-12-31": "-977.77200", "2016-12-31": "-38.46500", "2015-12-31": "-239.45500", "2014-12-31": "-429.23500", "2013-12-31": "-509.99900", "2012-12-31": "-1447.56200", "2011-12-31": "-423.58400", "2010-12-31": "-244.49200", "2009-12-31": "-123.52800", "2008-12-31": "-435.27500", "2007-12-31": "-187.59100", "2006-12-31": "-102.71800", "2005-12-31": "-111.75500"}, "Net Long-Term Debt": {"2019-12-31": "-27.35600", "2018-12-31": "-58.35100", "2017-12-31": "367.52100", "2016-12-31": "-809.60790", "2015-12-31": "-451.41090", "2014-12-31": "-189.96700", "2013-12-31": "29.06100", "2012-12-31": "-26.10400", "2011-12-31": "78.55900", "2010-12-31": "-115.29800", "2009-12-31": "-42.09000", "2008-12-31": "69.85200", "2007-12-31": "-42.05400", "2006-12-31": "-6.52700", "2005-12-31": "23.22800"}, "Net Current Debt": {"2019-12-31": "430.42700", "2018-12-31": "100.88200", "2017-12-31": "439.81800", "2016-12-31": "4.45400", "2015-12-31": "399.50200", "2014-12-31": "427.55300", "2013-12-31": "414.46900", "2012-12-31": "75.39200", "2011-12-31": "24.43000", "2010-12-31": "0.00000", "2009-12-31": "5.33400", "2008-12-31": "81.16700", "2007-12-31": "66.12800", "2006-12-31": "21.92200", "2005-12-31": "15.87100"}, "Debt Issuance/Retirement Net - Total": {"2019-12-31": "403.07100", "2018-12-31": "42.53110", "2017-12-31": "807.33900", "2016-12-31": "-805.15390", "2015-12-31": "-51.90890", "2014-12-31": "237.58600", "2013-12-31": "443.53000", "2012-12-31": "49.28800", "2011-12-31": "102.98900", "2010-12-31": "-115.29800", "2009-12-31": "-36.75600", "2008-12-31": "151.01900", "2007-12-31": "24.07400", "2006-12-31": "15.39500", "2005-12-31": "39.09900"}, "Net Common Equity Issued/Repurchased": {"2019-12-31": "-105.10900", "2018-12-31": "-10.48600", "2017-12-31": "190.91200", "2016-12-31": "816.06500", "2015-12-31": "212.79500", "2014-12-31": "89.31700", "2013-12-31": "", "2012-12-31": "1391.61800", "2011-12-31": "208.67400", "2010-12-31": "388.74800", "2009-12-31": "207.71900", "2008-12-31": "264.50000", "2007-12-31": "99.01500", "2006-12-31": "140.03600", "2005-12-31": "102.93800"}, "Net Total Equity Issued/Repurchased": {"2019-12-31": "-105.10900", "2018-12-31": "-10.48600", "2017-12-31": "190.91200", "2016-12-31": "816.06500", "2015-12-31": "212.79500", "2014-12-31": "89.31700", "2013-12-31": "", "2012-12-31": "1391.61800", "2011-12-31": "208.67400", "2010-12-31": "388.74800", "2009-12-31": "207.71900", "2008-12-31": "264.50000", "2007-12-31": "99.01500", "2006-12-31": "140.03600", "2005-12-31": "102.93800"}, "Total Common And Preferred Stock Dividends Paid": {"2019-12-31": "-268.10700", "2018-12-31": "-404.36200", "2017-12-31": "-313.78800", "2016-12-31": "-221.21400", "2015-12-31": "-181.47000", "2014-12-31": "-160.77200", "2013-12-31": "-152.07300", "2012-12-31": "-121.70300", "2011-12-31": "-95.56300", "2010-12-31": "-78.58800", "2009-12-31": "-67.17500", "2008-12-31": "-52.83200", "2007-12-31": "-35.77500", "2006-12-31": "-27.41500", "2005-12-31": "-20.34300"}, "Financial Activities - Other": {"2019-12-31": "-9.26300", "2018-12-31": "373.25300", "2017-12-31": "-7.55300", "2016-12-31": "-60.66600", "2015-12-31": "-12.15000", "2014-12-31": "-12.82800", "2013-12-31": "-10.83900", "2012-12-31": "-67.71700", "2011-12-31": "-10.36800", "2010-12-31": "-18.90500", "2009-12-31": "-20.21000", "2008-12-31": "49.72000", "2007-12-31": "4.19600", "2006-12-31": "-6.06900", "2005-12-31": "-10.36200"}, "Cash Flow From Financial Activities": {"2019-12-31": "20.59200", "2018-12-31": "0.93600", "2017-12-31": "676.91000", "2016-12-31": "-270.96900", "2015-12-31": "-32.73400", "2014-12-31": "153.30300", "2013-12-31": "280.61800", "2012-12-31": "1251.48600", "2011-12-31": "205.73200", "2010-12-31": "175.95700", "2009-12-31": "83.57800", "2008-12-31": "412.40700", "2007-12-31": "91.51000", "2006-12-31": "121.94700", "2005-12-31": "111.33200"}, "Net Cash Flow": {"2019-12-31": "-25.16900", "2018-12-31": "41.74500", "2017-12-31": "17.81500", "2016-12-31": "-3.37700", "2015-12-31": "-8.40300", "2014-12-31": "-13.68900", "2013-12-31": "17.29700", "2012-12-31": "-0.94500", "2011-12-31": "-91.10800", "2010-12-31": "47.41400", "2009-12-31": "40.49300", "2008-12-31": "13.52700", "2007-12-31": "-67.03400", "2006-12-31": "54.46600", "2005-12-31": "20.00600"}, "Stock-Based Compensation": {"2019-12-31": "13.61700", "2018-12-31": "12.17600", "2017-12-31": "13.85400", "2016-12-31": "10.04300", "2015-12-31": "8.16100", "2014-12-31": "7.16400", "2013-12-31": "6.62500", "2012-12-31": "5.35000", "2011-12-31": "4.36700", "2010-12-31": "3.74500", "2009-12-31": "2.81100", "2008-12-31": "2.09900", "2007-12-31": "4.96200", "2006-12-31": "0.71000", "2005-12-31": "0.36900"}, "Common Stock Dividends Paid": {"2019-12-31": "-268.10700", "2018-12-31": "-404.36200", "2017-12-31": "-313.78800", "2016-12-31": "-221.21400", "2015-12-31": "-181.47000", "2014-12-31": "-160.77200", "2013-12-31": "-152.07300", "2012-12-31": "-121.70300", "2011-12-31": "-95.56300", "2010-12-31": "-78.58800", "2009-12-31": "-67.17500", "2008-12-31": "-52.83200", "2007-12-31": "-35.77500", "2006-12-31": "-27.41500", "2005-12-31": "-20.34300"}}, "cash flow statement, quarterly": {"Net Income/Loss": {"2020-09-30": -21.424, "2020-06-30": -15.422, "2020-03-31": "82.06100", "2019-12-31": 25.848, "2019-09-30": 19.336, "2019-06-30": 10.21, "2019-03-31": "31.36800", "2018-12-31": 49.621, "2018-09-30": -2.737, "2018-06-30": 45.99, "2018-03-31": "26.25000", "2017-12-31": 39.558, "2017-09-30": -1.233, "2017-06-30": -2.653, "2017-03-31": "34.44900", "2016-12-31": 25.804, "2016-09-30": 9.845, "2016-06-30": 18.765, "2016-03-31": "46.20900", "2015-12-31": 28.86, "2015-09-30": 2.016, "2015-06-30": 15.918, "2015-03-31": "71.26700", "2014-12-31": 27.291, "2014-09-30": -5.785, "2014-06-30": 13.731, "2014-03-31": "28.86700", "2013-12-31": 28.312, "2013-09-30": 47.832, "2013-06-30": 8.666, "2013-03-31": "22.38100", "2012-12-31": 25.404, "2012-09-30": 1.022, "2012-06-30": 13.007, "2012-03-31": "20.80500", "2011-12-31": 16.119, "2011-09-30": 1.792, "2011-06-30": 22.181, "2011-03-31": "17.88000", "2010-12-31": 14.13, "2010-09-30": 4.086, "2010-06-30": 0.937, "2010-03-31": "-2.05500", "2009-12-31": -1.623, "2009-09-30": -5.804, "2009-06-30": -5.31, "2009-03-31": "0.27700", "2008-12-31": -3.606, "2008-09-30": -13.062, "2008-06-30": -1.398, "2008-03-31": "5.01100", "2007-12-31": 6.146, "2007-09-30": -2.369, "2007-06-30": -0.785, "2007-03-31": "-4.67800", "2006-12-31": 22.611, "2006-09-30": -1.611, "2006-06-30": -2.067, "2006-03-31": "3.66400", "2005-12-31": 3.858, "2005-09-30": -0.596, "2005-06-30": -1.792, "2005-03-31": "8.19200"}, "Total Depreciation And Amortization - Cash Flow": {"2020-09-30": 68.33, "2020-06-30": 67.25, "2020-03-31": "66.59400", "2019-12-31": 69.227, "2019-09-30": 69.599, "2019-06-30": 69.053, "2019-03-31": "68.83800", "2018-12-31": 68.791, "2018-09-30": 66.21, "2018-06-30": 64.634, "2018-03-31": "64.86500", "2017-12-31": 65.488, "2017-09-30": 60.344, "2017-06-30": 55.14, "2017-03-31": "51.52400", "2016-12-31": 51.113, "2016-09-30": 50.49, "2016-06-30": 52.048, "2016-03-31": "53.20400", "2015-12-31": 53.235, "2015-09-30": 50.606, "2015-06-30": 50.244, "2015-03-31": "48.83500", "2014-12-31": 49.696, "2014-09-30": 47.959, "2014-06-30": 46.784, "2014-03-31": "46.55600", "2013-12-31": 45.525, "2013-09-30": 43.343, "2013-06-30": 45.632, "2013-03-31": "44.68700", "2012-12-31": 38.495, "2012-09-30": 28.986, "2012-06-30": 25.22, "2012-03-31": "25.10500", "2011-12-31": 22.955, "2011-09-30": 22.685, "2011-06-30": 21.992, "2011-03-31": "21.96500", "2010-12-31": 21.738, "2010-09-30": 20.778, "2010-06-30": 18.806, "2010-03-31": "18.93100", "2009-12-31": 19.324, "2009-09-30": 19.512, "2009-06-30": 21.101, "2009-03-31": "20.84100", "2008-12-31": 21.1, "2008-09-30": 18.879, "2008-06-30": 11.2, "2008-03-31": "7.89900", "2007-12-31": 7.887, "2007-09-30": 7.694, "2007-06-30": 7.655, "2007-03-31": "6.87000", "2006-12-31": 6.122, "2006-09-30": 6.822, "2006-06-30": 7.2, "2006-03-31": "5.38100", "2005-12-31": 4.462, "2005-09-30": 4.39, "2005-06-30": 4.531, "2005-03-31": "3.55100"}, "Other Non-Cash Items": {"2020-09-30": 3.502, "2020-06-30": 4.439, "2020-03-31": "-39.71000", "2019-12-31": 16.787, "2019-09-30": -17.887, "2019-06-30": -9.133, "2019-03-31": "6.96600", "2018-12-31": -7.642, "2018-09-30": 2.875, "2018-06-30": -37.926, "2018-03-31": "3.44300", "2017-12-31": 2.453, "2017-09-30": 2.499, "2017-06-30": 20.595, "2017-03-31": "4.25600", "2016-12-31": 16.171, "2016-09-30": 2.328, "2016-06-30": 2.841, "2016-03-31": "-14.75800", "2015-12-31": 1.826, "2015-09-30": -1.404, "2015-06-30": -1.387, "2015-03-31": "-42.19100", "2014-12-31": 1.832, "2014-09-30": 4.094, "2014-06-30": 1.999, "2014-03-31": "-0.97900", "2013-12-31": -0.483, "2013-09-30": -51.217, "2013-06-30": -0.984, "2013-03-31": "4.37800", "2012-12-31": -1.236, "2012-09-30": 1.325, "2012-06-30": 1.243, "2012-03-31": "0.97500", "2011-12-31": 1.989, "2011-09-30": 1.13, "2011-06-30": -13.357, "2011-03-31": "0.99900", "2010-12-31": -0.993, "2010-09-30": -3.006, "2010-06-30": 1.789, "2010-03-31": "10.02500", "2009-12-31": 9.918, "2009-09-30": 1.684, "2009-06-30": 1.271, "2009-03-31": "1.36900", "2008-12-31": 1.249, "2008-09-30": 1.071, "2008-06-30": 0.791, "2008-03-31": "0.84300", "2007-12-31": 0.972, "2007-09-30": 3.922, "2007-06-30": 0.46, "2007-03-31": "-0.02900", "2006-12-31": -16.266, "2006-09-30": -0.001, "2006-06-30": 0.118, "2006-03-31": "0.24900", "2005-12-31": -0.724, "2005-09-30": 0.087, "2005-06-30": 0.21, "2005-03-31": "-5.77200"}, "Total Non-Cash Items": {"2020-09-30": 71.832, "2020-06-30": 71.689, "2020-03-31": "26.88400", "2019-12-31": 86.014, "2019-09-30": 51.712, "2019-06-30": 59.92, "2019-03-31": "75.80400", "2018-12-31": 61.149, "2018-09-30": 69.085, "2018-06-30": 26.708, "2018-03-31": "68.30800", "2017-12-31": 67.941, "2017-09-30": 62.843, "2017-06-30": 75.735, "2017-03-31": "55.78000", "2016-12-31": 67.284, "2016-09-30": 52.818, "2016-06-30": 54.889, "2016-03-31": "38.44600", "2015-12-31": 55.061, "2015-09-30": 49.202, "2015-06-30": 48.857, "2015-03-31": "6.64400", "2014-12-31": 51.528, "2014-09-30": 52.053, "2014-06-30": 48.783, "2014-03-31": "45.57700", "2013-12-31": 45.042, "2013-09-30": -7.874, "2013-06-30": 44.648, "2013-03-31": "49.06500", "2012-12-31": 37.259, "2012-09-30": 30.311, "2012-06-30": 26.463, "2012-03-31": "26.08000", "2011-12-31": 24.944, "2011-09-30": 23.815, "2011-06-30": 8.635, "2011-03-31": "22.96400", "2010-12-31": 20.745, "2010-09-30": 17.772, "2010-06-30": 20.595, "2010-03-31": "28.95600", "2009-12-31": 29.242, "2009-09-30": 21.196, "2009-06-30": 22.372, "2009-03-31": "22.21000", "2008-12-31": 22.349, "2008-09-30": 19.95, "2008-06-30": 11.991, "2008-03-31": "8.74200", "2007-12-31": 8.859, "2007-09-30": 11.616, "2007-06-30": 8.115, "2007-03-31": "6.84100", "2006-12-31": -10.144, "2006-09-30": 6.821, "2006-06-30": 7.318, "2006-03-31": "5.63000", "2005-12-31": 3.738, "2005-09-30": 4.477, "2005-06-30": 4.741, "2005-03-31": "-2.22100"}, "Change In Accounts Receivable": {"2020-09-30": -12.814, "2020-06-30": 3.093, "2020-03-31": "1.14300", "2019-12-31": 13.805, "2019-09-30": -18.242, "2019-06-30": 4.521, "2019-03-31": "-5.49100", "2018-12-31": 36.732, "2018-09-30": -37.47, "2018-06-30": 1.442, "2018-03-31": "-0.55600", "2017-12-31": 6.361, "2017-09-30": -8.014, "2017-06-30": 0.592, "2017-03-31": "0.64700", "2016-12-31": 6.959, "2016-09-30": -9.533, "2016-06-30": -0.093, "2016-03-31": "11.37600", "2015-12-31": 5.654, "2015-09-30": -16.264, "2015-06-30": -0.372, "2015-03-31": "1.58500", "2014-12-31": 4.515, "2014-09-30": -5.742, "2014-06-30": -0.943, "2014-03-31": "1.21100", "2013-12-31": 7.954, "2013-09-30": -9.132, "2013-06-30": -1.848, "2013-03-31": "7.64700", "2012-12-31": -4.645, "2012-09-30": -5.575, "2012-06-30": -0.763, "2012-03-31": "2.25000", "2011-12-31": 1.951, "2011-09-30": -3.677, "2011-06-30": 0.523, "2011-03-31": "1.59700", "2010-12-31": 3.873, "2010-09-30": -4.901, "2010-06-30": 0.271, "2010-03-31": "0.99100", "2009-12-31": 1.583, "2009-09-30": -2.167, "2009-06-30": -0.778, "2009-03-31": "1.07200", "2008-12-31": -0.37, "2008-09-30": -1.474, "2008-06-30": 0.794, "2008-03-31": "1.01600", "2007-12-31": 0.659, "2007-09-30": -1.956, "2007-06-30": 4.139, "2007-03-31": "-3.32000", "2006-12-31": -0.132, "2006-09-30": -1.32, "2006-06-30": 0.196, "2006-03-31": "0.70600", "2005-12-31": -0.326, "2005-09-30": -1.225, "2005-06-30": 1.954, "2005-03-31": "-0.84900"}, "Change In Inventories": {"2020-09-30": 0, "2020-06-30": 0, "2020-03-31": "", "2019-12-31": 0, "2019-09-30": 0, "2019-06-30": 0, "2019-03-31": "", "2018-12-31": 0, "2018-09-30": 0, "2018-06-30": 0, "2018-03-31": "", "2017-12-31": 0, "2017-09-30": 0, "2017-06-30": 0, "2017-03-31": "", "2016-12-31": 0, "2016-09-30": 0, "2016-06-30": 0, "2016-03-31": "", "2015-12-31": 0, "2015-09-30": 0, "2015-06-30": 0, "2015-03-31": "", "2014-12-31": 0, "2014-09-30": 0, "2014-06-30": 0, "2014-03-31": "", "2013-12-31": 0, "2013-09-30": 0, "2013-06-30": 0, "2013-03-31": "", "2012-12-31": 0, "2012-09-30": 0, "2012-06-30": 0, "2012-03-31": "", "2011-12-31": 0, "2011-09-30": 0, "2011-06-30": 0, "2011-03-31": "", "2010-12-31": 0, "2010-09-30": 0, "2010-06-30": 0, "2010-03-31": "", "2009-12-31": 0, "2009-09-30": 0, "2009-06-30": 0, "2009-03-31": "", "2008-12-31": 0, "2008-09-30": 0, "2008-06-30": 0, "2008-03-31": "", "2007-12-31": 0, "2007-09-30": 0, "2007-06-30": 0, "2007-03-31": "", "2006-12-31": 0, "2006-09-30": 0, "2006-06-30": 0, "2006-03-31": "", "2005-12-31": 0, "2005-09-30": 0, "2005-06-30": 0, "2005-03-31": ""}, "Change In Accounts Payable": {"2020-09-30": 0, "2020-06-30": 0, "2020-03-31": "", "2019-12-31": 0, "2019-09-30": 0, "2019-06-30": 0, "2019-03-31": "", "2018-12-31": 0, "2018-09-30": 0, "2018-06-30": 0, "2018-03-31": "", "2017-12-31": 0, "2017-09-30": 0, "2017-06-30": 0, "2017-03-31": "", "2016-12-31": 0, "2016-09-30": 0, "2016-06-30": 0, "2016-03-31": "", "2015-12-31": 0, "2015-09-30": 0, "2015-06-30": 0, "2015-03-31": "", "2014-12-31": 0, "2014-09-30": 0, "2014-06-30": 0, "2014-03-31": "", "2013-12-31": 0, "2013-09-30": 0, "2013-06-30": 0, "2013-03-31": "", "2012-12-31": 0, "2012-09-30": 0, "2012-06-30": 0, "2012-03-31": "", "2011-12-31": 0, "2011-09-30": 0, "2011-06-30": 0, "2011-03-31": "", "2010-12-31": 0, "2010-09-30": 0, "2010-06-30": 0, "2010-03-31": "", "2009-12-31": 0, "2009-09-30": 0, "2009-06-30": 0, "2009-03-31": "", "2008-12-31": 0, "2008-09-30": 0, "2008-06-30": 0, "2008-03-31": "", "2007-12-31": 0, "2007-09-30": 0, "2007-06-30": 0, "2007-03-31": "", "2006-12-31": 0, "2006-09-30": 0, "2006-06-30": 0, "2006-03-31": "", "2005-12-31": 0, "2005-09-30": 0, "2005-06-30": 0, "2005-03-31": ""}, "Change In Assets/Liabilities": {"2020-09-30": 48.323, "2020-06-30": -26.258, "2020-03-31": "16.48900", "2019-12-31": -31.193, "2019-09-30": 53.007, "2019-06-30": -15.377, "2019-03-31": "9.16200", "2018-12-31": -39.181, "2018-09-30": 48.662, "2018-06-30": -26.055, "2018-03-31": "14.94500", "2017-12-31": -14.645, "2017-09-30": 45.272, "2017-06-30": -21.423, "2017-03-31": "3.19600", "2016-12-31": -34.09, "2016-09-30": 23.449, "2016-06-30": 2.015, "2016-03-31": "-9.15300", "2015-12-31": -12.999, "2015-09-30": 11.633, "2015-06-30": -19.253, "2015-03-31": "15.93600", "2014-12-31": -21.753, "2014-09-30": 27.996, "2014-06-30": -15.303, "2014-03-31": "5.11100", "2013-12-31": -13.143, "2013-09-30": 27.504, "2013-06-30": -11.468, "2013-03-31": "-4.96400", "2012-12-31": 7.097, "2012-09-30": 12.993, "2012-06-30": -12.729, "2012-03-31": "10.06500", "2011-12-31": -13.933, "2011-09-30": 16.77, "2011-06-30": -11.029, "2011-03-31": "-4.57900", "2010-12-31": -2.995, "2010-09-30": 13.215, "2010-06-30": -5.922, "2010-03-31": "2.62700", "2009-12-31": 2.104, "2009-09-30": 13.785, "2009-06-30": -14.501, "2009-03-31": "5.63200", "2008-12-31": -0.853, "2008-09-30": 2.005, "2008-06-30": -7.787, "2008-03-31": "-4.11100", "2007-12-31": 1.835, "2007-09-30": 1.785, "2007-06-30": -8.301, "2007-03-31": "-0.07300", "2006-12-31": 5.805, "2006-09-30": 1.73, "2006-06-30": -3.956, "2006-03-31": "-4.28700", "2005-12-31": -2.444, "2005-09-30": 5.595, "2005-06-30": -6.016, "2005-03-31": "0.90300"}, "Total Change In Assets/Liabilities": {"2020-09-30": 50.772, "2020-06-30": -3.916, "2020-03-31": "-18.16100", "2019-12-31": -15.209, "2019-09-30": 54.299, "2019-06-30": -2.363, "2019-03-31": "-26.56000", "2018-12-31": -1.082, "2018-09-30": 31.127, "2018-06-30": -11.38, "2018-03-31": "13.58200", "2017-12-31": -34.511, "2017-09-30": 53.252, "2017-06-30": -8.219, "2017-03-31": "-24.26500", "2016-12-31": -29.868, "2016-09-30": 28.879, "2016-06-30": 13.574, "2016-03-31": "-20.58800", "2015-12-31": 0.928, "2015-09-30": -2.411, "2015-06-30": -11.757, "2015-03-31": "-0.79900", "2014-12-31": -17.622, "2014-09-30": 41.503, "2014-06-30": -10.305, "2014-03-31": "-13.37800", "2013-12-31": -3.475, "2013-09-30": 32.122, "2013-06-30": -5.584, "2013-03-31": "-14.45700", "2012-12-31": -0.884, "2012-09-30": 20.66, "2012-06-30": -7.667, "2012-03-31": "2.67100", "2011-12-31": -12.472, "2011-09-30": 19.793, "2011-06-30": -5.649, "2011-03-31": "-13.25800", "2010-12-31": 0.654, "2010-09-30": 12.649, "2010-06-30": -0.871, "2010-03-31": "-1.64900", "2009-12-31": -1.086, "2009-09-30": 14.131, "2009-06-30": -12.578, "2009-03-31": "-2.58400", "2008-12-31": -5.308, "2008-09-30": 4.477, "2008-06-30": -6.798, "2008-03-31": "-5.95300", "2007-12-31": 2.34, "2007-09-30": -7.114, "2007-06-30": -0.981, "2007-03-31": "1.05700", "2006-12-31": 3.429, "2006-09-30": 2.736, "2006-06-30": 0.064, "2006-03-31": "-3.21400", "2005-12-31": -3.113, "2005-09-30": 6.205, "2005-06-30": -2.802, "2005-03-31": "-0.25800"}, "Cash Flow From Operating Activities": {"2020-09-30": 101.18, "2020-06-30": 52.351, "2020-03-31": "90.78400", "2019-12-31": 96.653, "2019-09-30": 125.347, "2019-06-30": 67.767, "2019-03-31": "80.61200", "2018-12-31": 109.688, "2018-09-30": 97.475, "2018-06-30": 61.318, "2018-03-31": "108.14000", "2017-12-31": 72.988, "2017-09-30": 114.862, "2017-06-30": 64.863, "2017-03-31": "65.96400", "2016-12-31": 63.22, "2016-09-30": 91.542, "2016-06-30": 87.228, "2016-03-31": "64.06700", "2015-12-31": 84.849, "2015-09-30": 48.807, "2015-06-30": 53.018, "2015-03-31": "77.11200", "2014-12-31": 61.197, "2014-09-30": 87.771, "2014-06-30": 52.209, "2014-03-31": "61.06600", "2013-12-31": 69.879, "2013-09-30": 72.08, "2013-06-30": 47.73, "2013-03-31": "56.98900", "2012-12-31": 61.779, "2012-09-30": 51.993, "2012-06-30": 31.803, "2012-03-31": "49.55600", "2011-12-31": 28.591, "2011-09-30": 45.4, "2011-06-30": 25.167, "2011-03-31": "27.58600", "2010-12-31": 35.529, "2010-09-30": 34.507, "2010-06-30": 20.661, "2010-03-31": "25.25200", "2009-12-31": 26.533, "2009-09-30": 29.523, "2009-06-30": 4.484, "2009-03-31": "19.90300", "2008-12-31": 13.435, "2008-09-30": 11.365, "2008-06-30": 3.795, "2008-03-31": "7.80000", "2007-12-31": 17.345, "2007-09-30": 2.133, "2007-06-30": 6.349, "2007-03-31": "3.22000", "2006-12-31": 15.896, "2006-09-30": 7.946, "2006-06-30": 5.315, "2006-03-31": "6.08000", "2005-12-31": 4.483, "2005-09-30": 10.086, "2005-06-30": 0.147, "2005-03-31": "5.71300"}, "Net Change In Property, Plant, And Equipment": {"2020-09-30": -129.865, "2020-06-30": -86.222, "2020-03-31": "49.36800", "2019-12-31": -13.689, "2019-09-30": -167.149, "2019-06-30": -121.516, "2019-03-31": "-115.74900", "2018-12-31": -118.91, "2018-09-30": -172.838, "2018-06-30": 93.001, "2018-03-31": "-135.39600", "2017-12-31": -203.878, "2017-09-30": -336.666, "2017-06-30": -288.052, "2017-03-31": "-143.56800", "2016-12-31": 341.037, "2016-09-30": -161.811, "2016-06-30": -182.887, "2016-03-31": "-17.24500", "2015-12-31": -104.44, "2015-09-30": -98.874, "2015-06-30": -22.695, "2015-03-31": "-10.99800", "2014-12-31": -143.699, "2014-09-30": -109.971, "2014-06-30": -89.107, "2014-03-31": "-92.71700", "2013-12-31": -218.134, "2013-09-30": -51.556, "2013-06-30": -93.43, "2013-03-31": "-84.19600", "2012-12-31": -529.406, "2012-09-30": -674.076, "2012-06-30": -127.349, "2012-03-31": "-119.00700", "2011-12-31": -269.206, "2011-09-30": -111.081, "2011-06-30": 27.826, "2011-03-31": "-38.29500", "2010-12-31": -100.579, "2010-09-30": -115.609, "2010-06-30": -17.334, "2010-03-31": "-13.44700", "2009-12-31": -20.062, "2009-09-30": -32.818, "2009-06-30": -36.358, "2009-03-31": "-35.99700", "2008-12-31": 250.66, "2008-09-30": -38.616, "2008-06-30": -314.759, "2008-03-31": "-49.84700", "2007-12-31": -49.196, "2007-09-30": -53.931, "2007-06-30": -27.121, "2007-03-31": "-55.74300", "2006-12-31": 33.961, "2006-09-30": -27.006, "2006-06-30": -25.56, "2006-03-31": "-84.11300", "2005-12-31": -11.183, "2005-09-30": -19.202, "2005-06-30": -22.517, "2005-03-31": "-58.85300"}, "Net Change In Intangible Assets": {"2020-09-30": 0, "2020-06-30": 0, "2020-03-31": "", "2019-12-31": 0, "2019-09-30": 0, "2019-06-30": 0, "2019-03-31": "", "2018-12-31": 0, "2018-09-30": 0, "2018-06-30": 0, "2018-03-31": "", "2017-12-31": 0, "2017-09-30": 0, "2017-06-30": 0, "2017-03-31": "", "2016-12-31": 0, "2016-09-30": 0, "2016-06-30": 0, "2016-03-31": "", "2015-12-31": 0, "2015-09-30": 0, "2015-06-30": 0, "2015-03-31": "", "2014-12-31": 0, "2014-09-30": 0, "2014-06-30": 0, "2014-03-31": "", "2013-12-31": 0, "2013-09-30": 0, "2013-06-30": 0, "2013-03-31": "", "2012-12-31": 0, "2012-09-30": 0, "2012-06-30": 0, "2012-03-31": "", "2011-12-31": 0, "2011-09-30": 0, "2011-06-30": 0, "2011-03-31": "", "2010-12-31": 0, "2010-09-30": 0, "2010-06-30": 0, "2010-03-31": "", "2009-12-31": 0, "2009-09-30": 0, "2009-06-30": 0, "2009-03-31": "", "2008-12-31": 0, "2008-09-30": 0, "2008-06-30": 0, "2008-03-31": "", "2007-12-31": 0, "2007-09-30": 0, "2007-06-30": 0, "2007-03-31": "", "2006-12-31": 0, "2006-09-30": 0, "2006-06-30": 0, "2006-03-31": "", "2005-12-31": 0, "2005-09-30": 0, "2005-06-30": 0, "2005-03-31": ""}, "Net Acquisitions/Divestitures": {"2020-09-30": 0, "2020-06-30": 0, "2020-03-31": "", "2019-12-31": 0, "2019-09-30": 0, "2019-06-30": 0, "2019-03-31": "", "2018-12-31": 0, "2018-09-30": 0, "2018-06-30": 0, "2018-03-31": "", "2017-12-31": 0, "2017-09-30": 0, "2017-06-30": 0, "2017-03-31": "", "2016-12-31": 0, "2016-09-30": 0, "2016-06-30": 0, "2016-03-31": "", "2015-12-31": 0, "2015-09-30": 0, "2015-06-30": 0, "2015-03-31": "", "2014-12-31": 0, "2014-09-30": 0, "2014-06-30": 0, "2014-03-31": "", "2013-12-31": 0, "2013-09-30": 0, "2013-06-30": 0, "2013-03-31": "", "2012-12-31": 0, "2012-09-30": 0, "2012-06-30": 0, "2012-03-31": "", "2011-12-31": 0, "2011-09-30": 0, "2011-06-30": 0, "2011-03-31": "", "2010-12-31": 0, "2010-09-30": 0, "2010-06-30": 0, "2010-03-31": "", "2009-12-31": 0, "2009-09-30": 0, "2009-06-30": 0, "2009-03-31": "", "2008-12-31": -269.358, "2008-09-30": 0, "2008-06-30": 0, "2008-03-31": "", "2007-12-31": 0, "2007-09-30": 0, "2007-06-30": 0, "2007-03-31": "", "2006-12-31": 0, "2006-09-30": 0, "2006-06-30": 0, "2006-03-31": "", "2005-12-31": 0, "2005-09-30": 0, "2005-06-30": 0, "2005-03-31": ""}, "Net Change In Short-term Investments": {"2020-09-30": 0, "2020-06-30": 0, "2020-03-31": "", "2019-12-31": 0, "2019-09-30": 0, "2019-06-30": 0, "2019-03-31": "", "2018-12-31": 0, "2018-09-30": 0, "2018-06-30": 0, "2018-03-31": "", "2017-12-31": 0, "2017-09-30": 0, "2017-06-30": 0, "2017-03-31": "", "2016-12-31": 0, "2016-09-30": 0, "2016-06-30": 0, "2016-03-31": "", "2015-12-31": 0, "2015-09-30": 0, "2015-06-30": 0, "2015-03-31": "", "2014-12-31": 0, "2014-09-30": 0, "2014-06-30": 0, "2014-03-31": "", "2013-12-31": 0, "2013-09-30": 0, "2013-06-30": 0, "2013-03-31": "", "2012-12-31": 0, "2012-09-30": 0, "2012-06-30": 0, "2012-03-31": "", "2011-12-31": 0, "2011-09-30": 0, "2011-06-30": 0, "2011-03-31": "", "2010-12-31": 0, "2010-09-30": 0, "2010-06-30": 0, "2010-03-31": "", "2009-12-31": 0, "2009-09-30": 0, "2009-06-30": 0, "2009-03-31": "", "2008-12-31": 0, "2008-09-30": 0, "2008-06-30": 0, "2008-03-31": "", "2007-12-31": 0, "2007-09-30": 0, "2007-06-30": 0, "2007-03-31": "", "2006-12-31": 0, "2006-09-30": 0, "2006-06-30": 0, "2006-03-31": "", "2005-12-31": 0, "2005-09-30": 0, "2005-06-30": 0, "2005-03-31": ""}, "Net Change In Long-Term Investments": {"2020-09-30": 0, "2020-06-30": 0, "2020-03-31": "", "2019-12-31": 0, "2019-09-30": 0, "2019-06-30": 0, "2019-03-31": "", "2018-12-31": 0, "2018-09-30": 0, "2018-06-30": 0, "2018-03-31": "", "2017-12-31": 0.759, "2017-09-30": -0.759, "2017-06-30": 0, "2017-03-31": "", "2016-12-31": 7.837, "2016-09-30": -7.837, "2016-06-30": 0, "2016-03-31": "", "2015-12-31": 0, "2015-09-30": 0, "2015-06-30": 1.708, "2015-03-31": "-1.70800", "2014-12-31": 0, "2014-09-30": 0, "2014-06-30": 0, "2014-03-31": "", "2013-12-31": 8.75, "2013-09-30": -8.75, "2013-06-30": 0, "2013-03-31": "", "2012-12-31": -2, "2012-09-30": -2, "2012-06-30": 0, "2012-03-31": "4.00000", "2011-12-31": -20.408, "2011-09-30": -11.6, "2011-06-30": -0.125, "2011-03-31": "-3.15000", "2010-12-31": 0, "2010-09-30": 0, "2010-06-30": 0, "2010-03-31": "", "2009-12-31": 0, "2009-09-30": 0, "2009-06-30": 0, "2009-03-31": "", "2008-12-31": 0, "2008-09-30": 0, "2008-06-30": 0, "2008-03-31": "", "2007-12-31": 0, "2007-09-30": 0, "2007-06-30": 0, "2007-03-31": "", "2006-12-31": 0, "2006-09-30": 0, "2006-06-30": 0, "2006-03-31": "", "2005-12-31": 0, "2005-09-30": 0, "2005-06-30": 0, "2005-03-31": ""}, "Net Change In Investments - Total": {"2020-09-30": 0, "2020-06-30": 0, "2020-03-31": "", "2019-12-31": 0, "2019-09-30": 0, "2019-06-30": 0, "2019-03-31": "", "2018-12-31": 0, "2018-09-30": 0, "2018-06-30": 0, "2018-03-31": "", "2017-12-31": 0.759, "2017-09-30": -0.759, "2017-06-30": 0, "2017-03-31": "", "2016-12-31": 7.837, "2016-09-30": -7.837, "2016-06-30": 0, "2016-03-31": "", "2015-12-31": 0, "2015-09-30": 0, "2015-06-30": 1.708, "2015-03-31": "-1.70800", "2014-12-31": 0, "2014-09-30": 0, "2014-06-30": 0, "2014-03-31": "", "2013-12-31": 8.75, "2013-09-30": -8.75, "2013-06-30": 0, "2013-03-31": "", "2012-12-31": -2, "2012-09-30": -2, "2012-06-30": 0, "2012-03-31": "4.00000", "2011-12-31": -20.408, "2011-09-30": -11.6, "2011-06-30": -0.125, "2011-03-31": "-3.15000", "2010-12-31": 0, "2010-09-30": 0, "2010-06-30": 0, "2010-03-31": "", "2009-12-31": 0, "2009-09-30": 0, "2009-06-30": 0, "2009-03-31": "", "2008-12-31": 0, "2008-09-30": 0, "2008-06-30": 0, "2008-03-31": "", "2007-12-31": 0, "2007-09-30": 0, "2007-06-30": 0, "2007-03-31": "", "2006-12-31": 0, "2006-09-30": 0, "2006-06-30": 0, "2006-03-31": "", "2005-12-31": 0, "2005-09-30": 0, "2005-06-30": 0, "2005-03-31": ""}, "Investing Activities - Other": {"2020-09-30": 11.615, "2020-06-30": -13.288, "2020-03-31": "-1.34700", "2019-12-31": 4.674, "2019-09-30": -0.369, "2019-06-30": -1.219, "2019-03-31": "-1.12300", "2018-12-31": -0.791, "2018-09-30": 1.129, "2018-06-30": -0.693, "2018-03-31": "-1.31400", "2017-12-31": -5.608, "2017-09-30": 0, "2017-06-30": 0, "2017-03-31": "", "2016-12-31": -21.601, "2016-09-30": -0.48, "2016-06-30": 4.969, "2016-03-31": "-0.44700", "2015-12-31": -4.371, "2015-09-30": 7.137, "2015-06-30": -6.591, "2015-03-31": "1.37700", "2014-12-31": -0.065, "2014-09-30": -0.487, "2014-06-30": 4.083, "2014-03-31": "2.72800", "2013-12-31": -7.625, "2013-09-30": -4.741, "2013-06-30": -49.831, "2013-03-31": "-0.48600", "2012-12-31": 21.812, "2012-09-30": 0.17, "2012-06-30": -11.564, "2012-03-31": "-8.14200", "2011-12-31": -0.483, "2011-09-30": 0.757, "2011-06-30": 1.388, "2011-03-31": "0.79300", "2010-12-31": 2.158, "2010-09-30": 2.649, "2010-06-30": -2.422, "2010-03-31": "0.09200", "2009-12-31": 1.962, "2009-09-30": -0.255, "2009-06-30": 0, "2009-03-31": "", "2008-12-31": -2.76, "2008-09-30": -2.402, "2008-06-30": -8.193, "2008-03-31": "", "2007-12-31": -1.6, "2007-09-30": 0, "2007-06-30": 0, "2007-03-31": "", "2006-12-31": 0, "2006-09-30": 0, "2006-06-30": 0, "2006-03-31": "", "2005-12-31": 0, "2005-09-30": 0, "2005-06-30": 0, "2005-03-31": ""}, "Cash Flow From Investing Activities": {"2020-09-30": -118.25, "2020-06-30": -99.51, "2020-03-31": "48.02100", "2019-12-31": -9.015, "2019-09-30": -167.518, "2019-06-30": -122.735, "2019-03-31": "-116.87200", "2018-12-31": -119.701, "2018-09-30": -171.709, "2018-06-30": 92.308, "2018-03-31": "-136.71000", "2017-12-31": -208.727, "2017-09-30": -337.425, "2017-06-30": -288.052, "2017-03-31": "-143.56800", "2016-12-31": 327.273, "2016-09-30": -170.128, "2016-06-30": -177.918, "2016-03-31": "-17.69200", "2015-12-31": -108.811, "2015-09-30": -91.737, "2015-06-30": -27.578, "2015-03-31": "-11.32900", "2014-12-31": -143.764, "2014-09-30": -110.458, "2014-06-30": -85.024, "2014-03-31": "-89.98900", "2013-12-31": -217.009, "2013-09-30": -65.047, "2013-06-30": -143.261, "2013-03-31": "-84.68200", "2012-12-31": -509.594, "2012-09-30": -675.906, "2012-06-30": -138.913, "2012-03-31": "-123.14900", "2011-12-31": -290.097, "2011-09-30": -121.924, "2011-06-30": 29.089, "2011-03-31": "-40.65200", "2010-12-31": -98.421, "2010-09-30": -112.96, "2010-06-30": -19.756, "2010-03-31": "-13.35500", "2009-12-31": -18.1, "2009-09-30": -33.073, "2009-06-30": -36.358, "2009-03-31": "-35.99700", "2008-12-31": -21.458, "2008-09-30": -41.018, "2008-06-30": -322.952, "2008-03-31": "-49.84700", "2007-12-31": -50.796, "2007-09-30": -53.931, "2007-06-30": -27.121, "2007-03-31": "-55.74300", "2006-12-31": 33.961, "2006-09-30": -27.006, "2006-06-30": -25.56, "2006-03-31": "-84.11300", "2005-12-31": -11.183, "2005-09-30": -19.202, "2005-06-30": -22.517, "2005-03-31": "-58.85300"}, "Net Long-Term Debt": {"2020-09-30": 84.1201, "2020-06-30": -459.3621, "2020-03-31": "181.96000", "2019-12-31": 32.811, "2019-09-30": 145.55, "2019-06-30": -273.777, "2019-03-31": "68.06000", "2018-12-31": 78.242, "2018-09-30": 119.8551, "2018-06-30": -334.2251, "2018-03-31": "77.77700", "2017-12-31": -189.852, "2017-09-30": 319.302, "2017-06-30": 158.52, "2017-03-31": "79.55100", "2016-12-31": -346.5969, "2016-09-30": -102.114, "2016-06-30": -38.08, "2016-03-31": "-322.81700", "2015-12-31": 46.5771, "2015-09-30": -268.692, "2015-06-30": 10.515, "2015-03-31": "-239.81100", "2014-12-31": 47.292, "2014-09-30": 6.806, "2014-06-30": -292.27, "2014-03-31": "48.20500", "2013-12-31": 193.65, "2013-09-30": 27.182, "2013-06-30": -250.519, "2013-03-31": "58.74800", "2012-12-31": -38.858, "2012-09-30": -83.736, "2012-06-30": 88.336, "2012-03-31": "8.15400", "2011-12-31": 181.516, "2011-09-30": 31.995, "2011-06-30": -78.514, "2011-03-31": "-56.43800", "2010-12-31": -2.667, "2010-09-30": -83.993, "2010-06-30": 9.453, "2010-03-31": "-38.09100", "2009-12-31": 69.835, "2009-09-30": -19.546, "2009-06-30": -123.545, "2009-03-31": "31.16600", "2008-12-31": 11.246, "2008-09-30": -13.851, "2008-06-30": 47.054, "2008-03-31": "25.40300", "2007-12-31": -83.703, "2007-09-30": 44.752, "2007-06-30": -1.534, "2007-03-31": "-1.56900", "2006-12-31": -1.374, "2006-09-30": -84.032, "2006-06-30": 12.977, "2006-03-31": "65.90200", "2005-12-31": -0.652, "2005-09-30": -52.284, "2005-06-30": 17.448, "2005-03-31": "58.71600"}, "Net Current Debt": {"2020-09-30": 0, "2020-06-30": 430.787, "2020-03-31": "-34.97900", "2019-12-31": 1.718, "2019-09-30": 3.842, "2019-06-30": 410.693, "2019-03-31": "14.17400", "2018-12-31": 12.878, "2018-09-30": 26.454, "2018-06-30": 28.584, "2018-03-31": "32.96600", "2017-12-31": 429.006, "2017-09-30": 9.775, "2017-06-30": 1.037, "2017-03-31": "", "2016-12-31": 4.454, "2016-09-30": 0, "2016-06-30": 4.39, "2016-03-31": "-4.39000", "2015-12-31": 0, "2015-09-30": 399.244, "2015-06-30": 0, "2015-03-31": "0.25800", "2014-12-31": 1.848, "2014-09-30": 6.006, "2014-06-30": 407.537, "2014-03-31": "12.16200", "2013-12-31": 11.916, "2013-09-30": 3.917, "2013-06-30": 398.636, "2013-03-31": "", "2012-12-31": 2.809, "2012-09-30": 10.526, "2012-06-30": 30.814, "2012-03-31": "31.24300", "2011-12-31": 24.43, "2011-09-30": 0, "2011-06-30": 0, "2011-03-31": "", "2010-12-31": 0, "2010-09-30": 0, "2010-06-30": 0, "2010-03-31": "", "2009-12-31": -79.3, "2009-09-30": 79.3, "2009-06-30": 2.306, "2009-03-31": "3.02800", "2008-12-31": 10.538, "2008-09-30": 25.178, "2008-06-30": 16.033, "2008-03-31": "29.41800", "2007-12-31": 35.515, "2007-09-30": 4.143, "2007-06-30": 16.824, "2007-03-31": "9.64600", "2006-12-31": 8.605, "2006-09-30": -1.175, "2006-06-30": 8.784, "2006-03-31": "5.70800", "2005-12-31": 0.736, "2005-09-30": 6.858, "2005-06-30": 5.749, "2005-03-31": "2.52800"}, "Debt Issuance/Retirement Net - Total": {"2020-09-30": 84.1201, "2020-06-30": -28.5751, "2020-03-31": "146.98100", "2019-12-31": 34.529, "2019-09-30": 149.392, "2019-06-30": 136.916, "2019-03-31": "82.23400", "2018-12-31": 91.1201, "2018-09-30": 146.3091, "2018-06-30": -305.6411, "2018-03-31": "110.74300", "2017-12-31": 239.1539, "2017-09-30": 329.0771, "2017-06-30": 159.557, "2017-03-31": "79.55100", "2016-12-31": -342.1429, "2016-09-30": -102.114, "2016-06-30": -33.69, "2016-03-31": "-327.20700", "2015-12-31": 46.5771, "2015-09-30": 130.552, "2015-06-30": 10.515, "2015-03-31": "-239.55300", "2014-12-31": 49.14, "2014-09-30": 12.812, "2014-06-30": 115.267, "2014-03-31": "60.36700", "2013-12-31": 205.566, "2013-09-30": 31.099, "2013-06-30": 148.117, "2013-03-31": "58.74800", "2012-12-31": -36.049, "2012-09-30": -73.21, "2012-06-30": 119.15, "2012-03-31": "39.39700", "2011-12-31": 205.946, "2011-09-30": 31.995, "2011-06-30": -78.514, "2011-03-31": "-56.43800", "2010-12-31": -2.667, "2010-09-30": -83.993, "2010-06-30": 9.453, "2010-03-31": "-38.09100", "2009-12-31": -9.465, "2009-09-30": 59.754, "2009-06-30": -121.239, "2009-03-31": "34.19400", "2008-12-31": 21.784, "2008-09-30": 11.327, "2008-06-30": 63.087, "2008-03-31": "54.82100", "2007-12-31": -48.188, "2007-09-30": 48.895, "2007-06-30": 15.29, "2007-03-31": "8.07700", "2006-12-31": 7.231, "2006-09-30": -85.207, "2006-06-30": 21.761, "2006-03-31": "71.61000", "2005-12-31": 0.084, "2005-09-30": -45.426, "2005-06-30": 23.197, "2005-03-31": "61.24400"}, "Net Common Equity Issued/Repurchased": {"2020-09-30": 0, "2020-06-30": 0, "2020-03-31": "-77.20000", "2019-12-31": -61, "2019-09-30": -44.109, "2019-06-30": 0, "2019-03-31": "", "2018-12-31": 0, "2018-09-30": -10.486, "2018-06-30": 0, "2018-03-31": "", "2017-12-31": 0, "2017-09-30": 1.155, "2017-06-30": 126.304, "2017-03-31": "63.45300", "2016-12-31": 12.876, "2016-09-30": 63.164, "2016-06-30": 0, "2016-03-31": "740.02500", "2015-12-31": -3.871, "2015-09-30": 0, "2015-06-30": 0, "2015-03-31": "216.66600", "2014-12-31": 83.333, "2014-09-30": 5.984, "2014-06-30": 0, "2014-03-31": "", "2013-12-31": 0, "2013-09-30": 0, "2013-06-30": 0, "2013-03-31": "", "2012-12-31": 553.437, "2012-09-30": 763.313, "2012-06-30": -0.132, "2012-03-31": "75.00000", "2011-12-31": 75.251, "2011-09-30": 49.696, "2011-06-30": 72.336, "2011-03-31": "11.39100", "2010-12-31": -0.123, "2010-09-30": 381.208, "2010-06-30": 7.663, "2010-03-31": "", "2009-12-31": 0, "2009-09-30": 0, "2009-06-30": 207.719, "2009-03-31": "", "2008-12-31": 0, "2008-09-30": 0, "2008-06-30": 264.5, "2008-03-31": "", "2007-12-31": 99.015, "2007-09-30": 0, "2007-06-30": 0, "2007-03-31": "", "2006-12-31": 0, "2006-09-30": 140.036, "2006-06-30": 0, "2006-03-31": "", "2005-12-31": 0, "2005-09-30": 102.938, "2005-06-30": 0, "2005-03-31": ""}, "Net Total Equity Issued/Repurchased": {"2020-09-30": 0, "2020-06-30": 0, "2020-03-31": "-77.20000", "2019-12-31": -61, "2019-09-30": -44.109, "2019-06-30": 0, "2019-03-31": "", "2018-12-31": 0, "2018-09-30": -10.486, "2018-06-30": 0, "2018-03-31": "", "2017-12-31": 0, "2017-09-30": 1.155, "2017-06-30": 126.304, "2017-03-31": "63.45300", "2016-12-31": 12.876, "2016-09-30": 63.164, "2016-06-30": 0, "2016-03-31": "740.02500", "2015-12-31": -3.871, "2015-09-30": 0, "2015-06-30": 0, "2015-03-31": "216.66600", "2014-12-31": 83.333, "2014-09-30": 5.984, "2014-06-30": 0, "2014-03-31": "", "2013-12-31": 0, "2013-09-30": 0, "2013-06-30": 0, "2013-03-31": "", "2012-12-31": 553.437, "2012-09-30": 763.313, "2012-06-30": -0.132, "2012-03-31": "75.00000", "2011-12-31": 75.251, "2011-09-30": 49.696, "2011-06-30": 72.336, "2011-03-31": "11.39100", "2010-12-31": -0.123, "2010-09-30": 381.208, "2010-06-30": 7.663, "2010-03-31": "", "2009-12-31": 0, "2009-09-30": 0, "2009-06-30": 207.719, "2009-03-31": "", "2008-12-31": -0.131, "2008-09-30": 0, "2008-06-30": 264.631, "2008-03-31": "", "2007-12-31": 99.015, "2007-09-30": 0, "2007-06-30": 0, "2007-03-31": "", "2006-12-31": 0, "2006-09-30": 140.036, "2006-06-30": 0, "2006-03-31": "", "2005-12-31": 0, "2005-09-30": 102.938, "2005-06-30": 0, "2005-03-31": ""}, "Total Common And Preferred Stock Dividends Paid": {"2020-09-30": -65.457, "2020-06-30": -67.243, "2020-03-31": "-68.04200", "2019-12-31": -65.606, "2019-09-30": -66.621, "2019-06-30": -68.303, "2019-03-31": "-67.57700", "2018-12-31": -64.621, "2018-09-30": -63.749, "2018-06-30": -214.937, "2018-03-31": "-61.05500", "2017-12-31": -76.358, "2017-09-30": -120.515, "2017-06-30": -59.994, "2017-03-31": "-56.92100", "2016-12-31": -56.304, "2016-09-30": -55.869, "2016-06-30": -55.863, "2016-03-31": "-53.17800", "2015-12-31": -45.788, "2015-09-30": -45.89, "2015-06-30": -45.97, "2015-03-31": "-43.82200", "2014-12-31": -40.676, "2014-09-30": -40.747, "2014-06-30": -40.761, "2014-03-31": "-38.58800", "2013-12-31": -38.352, "2013-09-30": -38.406, "2013-06-30": -38.835, "2013-03-31": "-36.48000", "2012-12-31": -37.291, "2012-09-30": -31.915, "2012-06-30": -26.237, "2012-03-31": "-26.26000", "2011-12-31": -24.434, "2011-09-30": -24.088, "2011-06-30": -23.748, "2011-03-31": "-23.29300", "2010-12-31": -23.139, "2010-09-30": -18.622, "2010-06-30": -18.478, "2010-03-31": "-18.34900", "2009-12-31": -18.469, "2009-09-30": -18.251, "2009-06-30": -15.263, "2009-03-31": "-15.19200", "2008-12-31": -14.988, "2008-09-30": -14.835, "2008-06-30": -13.068, "2008-03-31": "-9.94100", "2007-12-31": -9.824, "2007-09-30": -8.73, "2007-06-30": -8.642, "2007-03-31": "-8.57900", "2006-12-31": -8.551, "2006-09-30": -6.699, "2006-06-30": -6.181, "2006-03-31": "-5.98400", "2005-12-31": -5.837, "2005-09-30": -5.867, "2005-06-30": -4.321, "2005-03-31": "-4.31800"}, "Financial Activities - Other": {"2020-09-30": 5.414, "2020-06-30": -4.941, "2020-03-31": "-13.00400", "2019-12-31": 0, "2019-09-30": 0.57, "2019-06-30": -4.774, "2019-03-31": "-5.05900", "2018-12-31": -0.51, "2018-09-30": 5.497, "2018-06-30": 370.169, "2018-03-31": "-1.90300", "2017-12-31": -4.45, "2017-09-30": 1.216, "2017-06-30": -7.399, "2017-03-31": "3.08000", "2016-12-31": -24.033, "2016-09-30": -0.94, "2016-06-30": -0.292, "2016-03-31": "-35.40100", "2015-12-31": -1.527, "2015-09-30": -5.267, "2015-06-30": 0.968, "2015-03-31": "-6.32400", "2014-12-31": -3.58, "2014-09-30": -0.274, "2014-06-30": -8.578, "2014-03-31": "-0.39600", "2013-12-31": -6.6, "2013-09-30": 0, "2013-06-30": -3.243, "2013-03-31": "-0.99600", "2012-12-31": -28.839, "2012-09-30": -33.87, "2012-06-30": -0.657, "2012-03-31": "-4.35100", "2011-12-31": -1.357, "2011-09-30": -0.843, "2011-06-30": -7.989, "2011-03-31": "-0.17900", "2010-12-31": -1.337, "2010-09-30": -17.407, "2010-06-30": -0.161, "2010-03-31": "", "2009-12-31": -1.159, "2009-09-30": -8.383, "2009-06-30": -8.356, "2009-03-31": "-2.31200", "2008-12-31": -10.342, "2008-09-30": 6.991, "2008-06-30": 54.938, "2008-03-31": "-1.86700", "2007-12-31": -6.331, "2007-09-30": 13.525, "2007-06-30": -1.953, "2007-03-31": "-1.04500", "2006-12-31": -1.675, "2006-09-30": -6.307, "2006-06-30": 3.122, "2006-03-31": "-1.20900", "2005-12-31": -1.052, "2005-09-30": -8.832, "2005-06-30": 0.933, "2005-03-31": "-1.41100"}, "Cash Flow From Financial Activities": {"2020-09-30": 24.077, "2020-06-30": -100.759, "2020-03-31": "-11.26500", "2019-12-31": -92.077, "2019-09-30": 39.232, "2019-06-30": 63.839, "2019-03-31": "9.59800", "2018-12-31": 25.989, "2018-09-30": 77.571, "2018-06-30": -150.409, "2018-03-31": "47.78500", "2017-12-31": 158.346, "2017-09-30": 210.933, "2017-06-30": 218.468, "2017-03-31": "89.16300", "2016-12-31": -409.604, "2016-09-30": -95.759, "2016-06-30": -89.845, "2016-03-31": "324.23900", "2015-12-31": -4.609, "2015-09-30": 79.395, "2015-06-30": -34.487, "2015-03-31": "-73.03300", "2014-12-31": 88.217, "2014-09-30": -22.225, "2014-06-30": 65.928, "2014-03-31": "21.38300", "2013-12-31": 160.614, "2013-09-30": -7.307, "2013-06-30": 106.039, "2013-03-31": "21.27200", "2012-12-31": 451.258, "2012-09-30": 624.318, "2012-06-30": 92.124, "2012-03-31": "83.78600", "2011-12-31": 255.406, "2011-09-30": 56.76, "2011-06-30": -37.915, "2011-03-31": "-68.51900", "2010-12-31": -27.266, "2010-09-30": 261.186, "2010-06-30": -1.523, "2010-03-31": "-56.44000", "2009-12-31": -29.093, "2009-09-30": 33.12, "2009-06-30": 62.861, "2009-03-31": "16.69000", "2008-12-31": -3.677, "2008-09-30": 3.483, "2008-06-30": 369.588, "2008-03-31": "43.01300", "2007-12-31": 34.672, "2007-09-30": 53.69, "2007-06-30": 4.695, "2007-03-31": "-1.54700", "2006-12-31": -2.995, "2006-09-30": 41.823, "2006-06-30": 18.702, "2006-03-31": "64.41700", "2005-12-31": -6.805, "2005-09-30": 42.813, "2005-06-30": 19.809, "2005-03-31": "55.51500"}, "Net Cash Flow": {"2020-09-30": 7.007, "2020-06-30": -147.918, "2020-03-31": "127.54000", "2019-12-31": -4.439, "2019-09-30": -2.939, "2019-06-30": 8.871, "2019-03-31": "-26.66200", "2018-12-31": 15.976, "2018-09-30": 3.337, "2018-06-30": 3.217, "2018-03-31": "19.21500", "2017-12-31": 22.607, "2017-09-30": -11.63, "2017-06-30": -4.721, "2017-03-31": "11.55900", "2016-12-31": -19.111, "2016-09-30": -174.345, "2016-06-30": -180.535, "2016-03-31": "370.61400", "2015-12-31": -28.571, "2015-09-30": 36.465, "2015-06-30": -9.047, "2015-03-31": "-7.25000", "2014-12-31": 5.65, "2014-09-30": -44.912, "2014-06-30": 33.113, "2014-03-31": "-7.54000", "2013-12-31": 13.484, "2013-09-30": -0.274, "2013-06-30": 10.508, "2013-03-31": "-6.42100", "2012-12-31": 3.443, "2012-09-30": 0.405, "2012-06-30": -14.986, "2012-03-31": "10.19300", "2011-12-31": -6.1, "2011-09-30": -19.764, "2011-06-30": 16.341, "2011-03-31": "-81.58500", "2010-12-31": -90.158, "2010-09-30": 182.733, "2010-06-30": -0.618, "2010-03-31": "-44.54300", "2009-12-31": -20.66, "2009-09-30": 29.57, "2009-06-30": 30.987, "2009-03-31": "0.59600", "2008-12-31": -11.7, "2008-09-30": -26.17, "2008-06-30": 50.431, "2008-03-31": "0.96600", "2007-12-31": 1.221, "2007-09-30": 1.892, "2007-06-30": -16.077, "2007-03-31": "-54.07000", "2006-12-31": 46.862, "2006-09-30": 22.763, "2006-06-30": -1.543, "2006-03-31": "-13.61600", "2005-12-31": -13.505, "2005-09-30": 33.697, "2005-06-30": -2.561, "2005-03-31": "2.37500"}, "Stock-Based Compensation": {"2020-09-30": 3.502, "2020-06-30": 4.439, "2020-03-31": "3.98800", "2019-12-31": 3.003, "2019-09-30": 3.105, "2019-06-30": 3.744, "2019-03-31": "3.76500", "2018-12-31": 2.254, "2018-09-30": 2.875, "2018-06-30": 3.604, "2018-03-31": "3.44300", "2017-12-31": 2.453, "2017-09-30": 2.499, "2017-06-30": 4.646, "2017-03-31": "4.25600", "2016-12-31": 2.223, "2016-09-30": 2.328, "2016-06-30": 2.841, "2016-03-31": "2.65100", "2015-12-31": 1.826, "2015-09-30": 1.871, "2015-06-30": 2.403, "2015-03-31": "2.06100", "2014-12-31": 1.651, "2014-09-30": 1.65, "2014-06-30": 1.999, "2014-03-31": "1.86400", "2013-12-31": 1.617, "2013-09-30": 1.614, "2013-06-30": 1.816, "2013-03-31": "1.57800", "2012-12-31": 1.402, "2012-09-30": 1.325, "2012-06-30": 1.326, "2012-03-31": "1.29700", "2011-12-31": 1.088, "2011-09-30": 1.088, "2011-06-30": 1.204, "2011-03-31": "0.98700", "2010-12-31": 0.911, "2010-09-30": 0.886, "2010-06-30": 1.019, "2010-03-31": "0.92900", "2009-12-31": 0.733, "2009-09-30": 0.72, "2009-06-30": 0.775, "2009-03-31": "0.58300", "2008-12-31": 0.587, "2008-09-30": 0.455, "2008-06-30": 0.646, "2008-03-31": "0.41100", "2007-12-31": 0.3, "2007-09-30": 3.999, "2007-06-30": 0.434, "2007-03-31": "0.22900", "2006-12-31": 0.142, "2006-09-30": 0.148, "2006-06-30": 0.299, "2006-03-31": "0.12100", "2005-12-31": 0.046, "2005-09-30": 0.077, "2005-06-30": 0.222, "2005-03-31": "0.02400"}, "Common Stock Dividends Paid": {"2020-09-30": -65.457, "2020-06-30": -67.243, "2020-03-31": "-68.04200", "2019-12-31": -65.606, "2019-09-30": -66.621, "2019-06-30": -68.303, "2019-03-31": "-67.57700", "2018-12-31": -64.621, "2018-09-30": -63.749, "2018-06-30": -214.937, "2018-03-31": "-61.05500", "2017-12-31": -76.358, "2017-09-30": -120.515, "2017-06-30": -59.994, "2017-03-31": "-56.92100", "2016-12-31": -56.304, "2016-09-30": -55.869, "2016-06-30": -55.863, "2016-03-31": "-53.17800", "2015-12-31": -45.788, "2015-09-30": -45.89, "2015-06-30": -45.97, "2015-03-31": "-43.82200", "2014-12-31": -40.676, "2014-09-30": -40.747, "2014-06-30": -40.761, "2014-03-31": "-38.58800", "2013-12-31": -38.352, "2013-09-30": -38.406, "2013-06-30": -38.835, "2013-03-31": "-36.48000", "2012-12-31": -37.291, "2012-09-30": -31.915, "2012-06-30": -26.237, "2012-03-31": "-26.26000", "2011-12-31": -24.434, "2011-09-30": -24.088, "2011-06-30": -23.748, "2011-03-31": "-23.29300", "2010-12-31": -23.139, "2010-09-30": -18.622, "2010-06-30": -18.478, "2010-03-31": "-18.34900", "2009-12-31": -18.469, "2009-09-30": -18.251, "2009-06-30": -15.263, "2009-03-31": "-15.19200", "2008-12-31": -14.988, "2008-09-30": -14.835, "2008-06-30": -13.068, "2008-03-31": "-9.94100", "2007-12-31": -9.824, "2007-09-30": -8.73, "2007-06-30": -8.642, "2007-03-31": "-8.57900", "2006-12-31": -8.551, "2006-09-30": -6.699, "2006-06-30": -6.181, "2006-03-31": "-5.98400", "2005-12-31": -5.837, "2005-09-30": -5.867, "2005-06-30": -4.321, "2005-03-31": "-4.31800"}}, "financial ratios": {"Current Ratio": {"2019-12-31": "", "2018-12-31": "", "2017-12-31": "", "2016-12-31": "", "2015-12-31": "", "2014-12-31": "", "2013-12-31": "", "2012-12-31": "", "2011-12-31": "", "2010-12-31": "", "2009-12-31": "", "2008-12-31": "", "2007-12-31": "", "2006-12-31": "", "2005-12-31": ""}, "Long-term Debt / Capital": {"2019-12-31": "0.50440", "2018-12-31": "0.46050", "2017-12-31": "0.46360", "2016-12-31": "0.38120", "2015-12-31": "0.51450", "2014-12-31": "0.53200", "2013-12-31": "0.50250", "2012-12-31": "0.44160", "2011-12-31": "0.48680", "2010-12-31": "0.50530", "2009-12-31": "0.55580", "2008-12-31": "0.61800", "2007-12-31": "0.55000", "2006-12-31": "0.53920", "2005-12-31": "0.56640"}, "Debt/Equity Ratio": {"2019-12-31": "1.01770", "2018-12-31": "0.85360", "2017-12-31": "0.86440", "2016-12-31": "0.61590", "2015-12-31": "1.05990", "2014-12-31": "1.13670", "2013-12-31": "1.00990", "2012-12-31": "0.79080", "2011-12-31": "0.94850", "2010-12-31": "1.02150", "2009-12-31": "1.25110", "2008-12-31": "1.61800", "2007-12-31": "1.22200", "2006-12-31": "1.17000", "2005-12-31": "1.30650"}, "Gross Margin": {"2019-12-31": "", "2018-12-31": "", "2017-12-31": "", "2016-12-31": "", "2015-12-31": "", "2014-12-31": "", "2013-12-31": "", "2012-12-31": "", "2011-12-31": "", "2010-12-31": "", "2009-12-31": "", "2008-12-31": "", "2007-12-31": "", "2006-12-31": "", "2005-12-31": ""}, "Operating Margin": {"2019-12-31": "19.07550", "2018-12-31": "24.13630", "2017-12-31": "17.81740", "2016-12-31": "24.71390", "2015-12-31": "20.82670", "2014-12-31": "21.11770", "2013-12-31": "20.03960", "2012-12-31": "22.73060", "2011-12-31": "24.63020", "2010-12-31": "25.35100", "2009-12-31": "21.97380", "2008-12-31": "17.40090", "2007-12-31": "18.46400", "2006-12-31": "25.05190", "2005-12-31": "22.46800"}, "EBIT Margin": {"2019-12-31": "19.07550", "2018-12-31": "24.13630", "2017-12-31": "17.81740", "2016-12-31": "24.71390", "2015-12-31": "20.82670", "2014-12-31": "21.11770", "2013-12-31": "20.03960", "2012-12-31": "22.73060", "2011-12-31": "24.63020", "2010-12-31": "25.35100", "2009-12-31": "21.97380", "2008-12-31": "17.40090", "2007-12-31": "18.46400", "2006-12-31": "25.05190", "2005-12-31": "22.46800"}, "EBITDA Margin": {"2019-12-31": "48.41850", "2018-12-31": "54.16550", "2017-12-31": "47.00900", "2016-12-31": "51.01920", "2015-12-31": "47.76120", "2014-12-31": "47.14180", "2013-12-31": "47.29400", "2012-12-31": "48.02960", "2011-12-31": "49.38690", "2010-12-31": "49.96010", "2009-12-31": "49.82130", "2008-12-31": "42.95860", "2007-12-31": "38.92550", "2006-12-31": "46.51000", "2005-12-31": "42.98850"}, "Pre-Tax Profit Margin": {"2019-12-31": "9.36000", "2018-12-31": "13.80010", "2017-12-31": "8.92840", "2016-12-31": "12.94230", "2015-12-31": "15.83570", "2014-12-31": "8.54210", "2013-12-31": "7.37020", "2012-12-31": "10.63320", "2011-12-31": "9.51730", "2010-12-31": "6.92370", "2009-12-31": "0.25170", "2008-12-31": "-4.73880", "2007-12-31": "-0.45880", "2006-12-31": "3.13400", "2005-12-31": "2.54600"}, "Net Profit Margin": {"2019-12-31": "9.01010", "2018-12-31": "13.29400", "2017-12-31": "8.66820", "2016-12-31": "12.59740", "2015-12-31": "15.39610", "2014-12-31": "8.56220", "2013-12-31": "15.91640", "2012-12-31": "12.16270", "2011-12-31": "15.64730", "2010-12-31": "4.97070", "2009-12-31": "-4.42650", "2008-12-31": "-5.64770", "2007-12-31": "-1.14590", "2006-12-31": "18.99660", "2005-12-31": "11.70840"}, "Asset Turnover": {"2019-12-31": "0.12470", "2018-12-31": "0.12510", "2017-12-31": "0.11550", "2016-12-31": "0.13410", "2015-12-31": "0.12540", "2014-12-31": "0.12580", "2013-12-31": "0.11740", "2012-12-31": "0.09100", "2011-12-31": "0.12030", "2010-12-31": "0.12110", "2009-12-31": "0.12980", "2008-12-31": "0.10580", "2007-12-31": "0.13670", "2006-12-31": "0.13450", "2005-12-31": "0.14980"}, "Inventory Turnover Ratio": {"2019-12-31": "", "2018-12-31": "", "2017-12-31": "", "2016-12-31": "", "2015-12-31": "", "2014-12-31": "", "2013-12-31": "", "2012-12-31": "", "2011-12-31": "", "2010-12-31": "", "2009-12-31": "", "2008-12-31": "", "2007-12-31": "", "2006-12-31": "", "2005-12-31": ""}, "Receiveable Turnover": {"2019-12-31": "", "2018-12-31": "", "2017-12-31": "", "2016-12-31": "", "2015-12-31": "", "2014-12-31": "", "2013-12-31": "", "2012-12-31": "", "2011-12-31": "", "2010-12-31": "", "2009-12-31": "", "2008-12-31": "", "2007-12-31": "", "2006-12-31": "", "2005-12-31": ""}, "Days Sales In Receivables": {"2019-12-31": "", "2018-12-31": "", "2017-12-31": "", "2016-12-31": "", "2015-12-31": "", "2014-12-31": "", "2013-12-31": "", "2012-12-31": "", "2011-12-31": "", "2010-12-31": "", "2009-12-31": "", "2008-12-31": "", "2007-12-31": "", "2006-12-31": "", "2005-12-31": ""}, "ROE - Return On Equity": {"2019-12-31": "2.59870", "2018-12-31": "3.35860", "2017-12-31": "2.00410", "2016-12-31": "2.91620", "2015-12-31": "4.24430", "2014-12-31": "2.34710", "2013-12-31": "1.80330", "2012-12-31": "1.82250", "2011-12-31": "2.42280", "2010-12-31": "1.80710", "2009-12-31": "0.02100", "2008-12-31": "-1.43710", "2007-12-31": "-0.32200", "2006-12-31": "0.44980", "2005-12-31": "0.78440"}, "Return On Tangible Equity": {"2019-12-31": "2.59870", "2018-12-31": "3.35860", "2017-12-31": "2.00410", "2016-12-31": "2.91620", "2015-12-31": "4.24430", "2014-12-31": "2.34710", "2013-12-31": "1.80330", "2012-12-31": "1.82250", "2011-12-31": "2.42280", "2010-12-31": "1.80710", "2009-12-31": "0.02100", "2008-12-31": "-1.43710", "2007-12-31": "-0.32200", "2006-12-31": "0.44980", "2005-12-31": "0.78440"}, "ROA - Return On Assets": {"2019-12-31": "1.14770", "2018-12-31": "1.69240", "2017-12-31": "1.01660", "2016-12-31": "1.71540", "2015-12-31": "1.96560", "2014-12-31": "1.05200", "2013-12-31": "0.84740", "2012-12-31": "0.95310", "2011-12-31": "1.13050", "2010-12-31": "0.81710", "2009-12-31": "0.00850", "2008-12-31": "-0.51930", "2007-12-31": "-0.13300", "2006-12-31": "0.18790", "2005-12-31": "0.31790"}, "ROI - Return On Investment": {"2019-12-31": "1.28790", "2018-12-31": "1.81190", "2017-12-31": "1.07490", "2016-12-31": "1.80460", "2015-12-31": "2.06040", "2014-12-31": "1.09850", "2013-12-31": "0.89720", "2012-12-31": "1.01770", "2011-12-31": "1.24340", "2010-12-31": "0.89390", "2009-12-31": "0.00930", "2008-12-31": "-0.54890", "2007-12-31": "-0.14490", "2006-12-31": "0.20730", "2005-12-31": "0.34010"}, "Book Value Per Share": {"2019-12-31": "24.32570", "2018-12-31": "25.90840", "2017-12-31": "25.67120", "2016-12-31": "26.09950", "2015-12-31": "24.76090", "2014-12-31": "24.40200", "2013-12-31": "25.10490", "2012-12-31": "25.57740", "2011-12-31": "19.29360", "2010-12-31": "18.21120", "2009-12-31": "17.29320", "2008-12-31": "18.63370", "2007-12-31": "16.29190", "2006-12-31": "16.13210", "2005-12-31": "12.98590"}, "Operating Cash Flow Per Share": {"2019-12-31": -0.0563, "2018-12-31": 0.3914, "2017-12-31": -0.0107, "2016-12-31": 0.0406, "2015-12-31": -0.1674, "2014-12-31": 0.1399, "2013-12-31": 0.0535, "2012-12-31": 0.4717, "2011-12-31": -0.1384, "2010-12-31": 0.3024, "2009-12-31": 0.6666, "2008-12-31": -0.216, "2007-12-31": -0.4795, "2006-12-31": 0.3228, "2005-12-31": 1.3577}, "Free Cash Flow Per Share": {"2019-12-31": -0.6535, "2018-12-31": 5.1134, "2017-12-31": -6.9982, "2016-12-31": 1.9584, "2015-12-31": 1.8737, "2014-12-31": 0.265, "2013-12-31": 12.8039, "2012-12-31": -10.9258, "2011-12-31": -1.574, "2010-12-31": -1.2884, "2009-12-31": 2.2245, "2008-12-31": 3.3449, "2007-12-31": -3.2707, "2006-12-31": 2.8511, "2005-12-31": -6.0694}}, "financial ratios, quarterly": {"Current Ratio": {"2020-09-30": "", "2020-06-30": "", "2020-03-31": "", "2019-12-31": "", "2019-09-30": "", "2019-06-30": "", "2019-03-31": "", "2018-12-31": "", "2018-09-30": "", "2018-06-30": "", "2018-03-31": "", "2017-12-31": "", "2017-09-30": "", "2017-06-30": "", "2017-03-31": "", "2016-12-31": "", "2016-09-30": "", "2016-06-30": "", "2016-03-31": "", "2015-12-31": "", "2015-09-30": "", "2015-06-30": "", "2015-03-31": "", "2014-12-31": "", "2014-09-30": "", "2014-06-30": "", "2014-03-31": "", "2013-12-31": "", "2013-09-30": "", "2013-06-30": "", "2013-03-31": "", "2012-12-31": "", "2012-09-30": "", "2012-06-30": "", "2012-03-31": "", "2011-12-31": "", "2011-09-30": "", "2011-06-30": "", "2011-03-31": "", "2010-12-31": "", "2010-09-30": "", "2010-06-30": "", "2010-03-31": "", "2009-12-31": "", "2009-09-30": "", "2009-06-30": "", "2009-03-31": "", "2008-12-31": "", "2008-09-30": "", "2008-06-30": "", "2008-03-31": "", "2007-12-31": "", "2007-09-30": "", "2007-06-30": "", "2007-03-31": "", "2006-12-31": "", "2006-09-30": "", "2006-06-30": "", "2006-03-31": "", "2005-12-31": "", "2005-09-30": "", "2005-06-30": "", "2005-03-31": ""}, "Long-term Debt / Capital": {"2020-09-30": "0.52910", "2020-06-30": "0.51740", "2020-03-31": "0.51360", "2019-12-31": "0.50440", "2019-09-30": "0.49880", "2019-06-30": "0.48510", "2019-03-31": "0.47020", "2018-12-31": "0.46050", "2018-09-30": "0.45500", "2018-06-30": "0.43420", "2018-03-31": "0.47390", "2017-12-31": "0.46360", "2017-09-30": "0.44050", "2017-06-30": "0.39810", "2017-03-31": "0.38680", "2016-12-31": "0.38120", "2016-09-30": "0.41830", "2016-06-30": "0.43070", "2016-03-31": "0.43030", "2015-12-31": "0.51450", "2015-09-30": "0.51090", "2015-06-30": "0.49120", "2015-03-31": "0.48860", "2014-12-31": "0.53200", "2014-09-30": "0.53420", "2014-06-30": "0.52210", "2014-03-31": "0.50830", "2013-12-31": "0.50250", "2013-09-30": "0.47010", "2013-06-30": "0.47020", "2013-03-31": "0.45100", "2012-12-31": "0.44160", "2012-09-30": "0.44270", "2012-06-30": "0.50920", "2012-03-31": "0.48230", "2011-12-31": "0.48680", "2011-09-30": "0.46000", "2011-06-30": "0.46290", "2011-03-31": "0.49260", "2010-12-31": "0.50530", "2010-09-30": "0.51530", "2010-06-30": "0.55210", "2010-03-31": "0.54910", "2009-12-31": "0.55580", "2009-09-30": "0.55590", "2009-06-30": "0.55530", "2009-03-31": "0.62830", "2008-12-31": "0.61800", "2008-09-30": "0.60840", "2008-06-30": "0.60730", "2008-03-31": "0.57900", "2007-12-31": "0.55000", "2007-09-30": "0.62870", "2007-06-30": "0.60360", "2007-03-31": "0.59480", "2006-12-31": "0.53920", "2006-09-30": "0.54550", "2006-06-30": "0.68590", "2006-03-31": "0.66990", "2005-12-31": "0.56640", "2005-09-30": "0.56450", "2005-06-30": "0.71650", "2005-03-31": "0.68980"}, "Debt/Equity Ratio": {"2020-09-30": "1.12370", "2020-06-30": "1.07200", "2020-03-31": "1.05610", "2019-12-31": "1.01770", "2019-09-30": "0.99500", "2019-06-30": "0.94200", "2019-03-31": "0.88760", "2018-12-31": "0.85360", "2018-09-30": "0.83480", "2018-06-30": "0.76740", "2018-03-31": "0.90060", "2017-12-31": "0.86440", "2017-09-30": "0.78730", "2017-06-30": "0.66150", "2017-03-31": "0.63070", "2016-12-31": "0.61590", "2016-09-30": "0.71920", "2016-06-30": "0.75650", "2016-03-31": "0.75520", "2015-12-31": "1.05990", "2015-09-30": "1.04470", "2015-06-30": "0.96550", "2015-03-31": "0.95530", "2014-12-31": "1.13670", "2014-09-30": "1.14700", "2014-06-30": "1.09270", "2014-03-31": "1.03390", "2013-12-31": "1.00990", "2013-09-30": "0.88720", "2013-06-30": "0.88740", "2013-03-31": "0.82140", "2012-12-31": "0.79080", "2012-09-30": "0.79430", "2012-06-30": "1.03730", "2012-03-31": "0.93170", "2011-12-31": "0.94850", "2011-09-30": "0.85180", "2011-06-30": "0.86180", "2011-03-31": "0.97070", "2010-12-31": "1.02150", "2010-09-30": "1.06300", "2010-06-30": "1.23280", "2010-03-31": "1.21790", "2009-12-31": "1.25110", "2009-09-30": "1.25170", "2009-06-30": "1.24880", "2009-03-31": "1.69030", "2008-12-31": "1.61800", "2008-09-30": "1.55350", "2008-06-30": "1.54660", "2008-03-31": "1.37550", "2007-12-31": "1.22200", "2007-09-30": "1.69310", "2007-06-30": "1.52270", "2007-03-31": "1.46810", "2006-12-31": "1.17000", "2006-09-30": "1.20040", "2006-06-30": "2.18340", "2006-03-31": "2.02980", "2005-12-31": "1.30650", "2005-09-30": "1.29640", "2005-06-30": "2.52760", "2005-03-31": "2.22370"}, "Gross Margin": {"2020-09-30": "", "2020-06-30": "", "2020-03-31": "", "2019-12-31": "", "2019-09-30": "", "2019-06-30": "", "2019-03-31": "", "2018-12-31": "", "2018-09-30": "", "2018-06-30": "", "2018-03-31": "", "2017-12-31": "", "2017-09-30": "", "2017-06-30": "", "2017-03-31": "", "2016-12-31": "", "2016-09-30": "", "2016-06-30": "", "2016-03-31": "", "2015-12-31": "", "2015-09-30": "", "2015-06-30": "", "2015-03-31": "", "2014-12-31": "", "2014-09-30": "", "2014-06-30": "", "2014-03-31": "", "2013-12-31": "", "2013-09-30": "", "2013-06-30": "", "2013-03-31": "", "2012-12-31": "", "2012-09-30": "", "2012-06-30": "", "2012-03-31": "", "2011-12-31": "", "2011-09-30": "", "2011-06-30": "", "2011-03-31": "", "2010-12-31": "", "2010-09-30": "", "2010-06-30": "", "2010-03-31": "", "2009-12-31": "", "2009-09-30": "", "2009-06-30": "", "2009-03-31": "", "2008-12-31": "", "2008-09-30": "", "2008-06-30": "", "2008-03-31": "", "2007-12-31": "", "2007-09-30": "", "2007-06-30": "", "2007-03-31": "", "2006-12-31": "", "2006-09-30": "", "2006-06-30": "", "2006-03-31": "", "2005-12-31": "", "2005-09-30": "", "2005-06-30": "", "2005-03-31": ""}, "Operating Margin": {"2020-09-30": "4.06320", "2020-06-30": "6.74330", "2020-03-31": "46.30480", "2019-12-31": "21.78870", "2019-09-30": "11.99230", "2019-06-30": "17.40850", "2019-03-31": "24.36660", "2018-12-31": "27.46140", "2018-09-30": "10.07220", "2018-06-30": "36.39130", "2018-03-31": "22.86930", "2017-12-31": "27.46580", "2017-09-30": "8.92410", "2017-06-30": "7.04440", "2017-03-31": "25.51030", "2016-12-31": "35.75050", "2016-09-30": "14.90650", "2016-06-30": "21.02670", "2016-03-31": "26.51820", "2015-12-31": "26.57050", "2015-09-30": "10.25960", "2015-06-30": "19.36880", "2015-03-31": "26.06640", "2014-12-31": "26.77790", "2014-09-30": "10.36300", "2014-06-30": "20.60330", "2014-03-31": "26.20060", "2013-12-31": "26.80330", "2013-09-30": "9.53380", "2013-06-30": "16.97000", "2013-03-31": "25.54760", "2012-12-31": "25.42590", "2012-09-30": "11.85200", "2012-06-30": "23.65750", "2012-03-31": "29.66880", "2011-12-31": "26.03570", "2011-09-30": "16.63760", "2011-06-30": "23.36890", "2011-03-31": "32.31790", "2010-12-31": "29.87500", "2010-09-30": "19.09020", "2010-06-30": "23.19100", "2010-03-31": "29.16600", "2009-12-31": "34.47690", "2009-09-30": "15.88530", "2009-06-30": "15.45090", "2009-03-31": "23.25500", "2008-12-31": "20.80720", "2008-09-30": "6.82620", "2008-06-30": "16.68040", "2008-03-31": "30.47950", "2007-12-31": "33.04410", "2007-09-30": "15.86340", "2007-06-30": "18.64470", "2007-03-31": "3.36200", "2006-12-31": "33.90220", "2006-09-30": "17.65120", "2006-06-30": "15.84920", "2006-03-31": "32.08740", "2005-12-31": "26.84170", "2005-09-30": "17.15270", "2005-06-30": "14.79480", "2005-03-31": "31.04240"}, "EBIT Margin": {"2020-09-30": "4.06320", "2020-06-30": "6.74330", "2020-03-31": "46.30480", "2019-12-31": "21.78870", "2019-09-30": "11.99230", "2019-06-30": "17.40850", "2019-03-31": "24.36660", "2018-12-31": "27.46140", "2018-09-30": "10.07220", "2018-06-30": "36.39130", "2018-03-31": "22.86930", "2017-12-31": "27.46580", "2017-09-30": "8.92410", "2017-06-30": "7.04440", "2017-03-31": "25.51030", "2016-12-31": "35.75050", "2016-09-30": "14.90650", "2016-06-30": "21.02670", "2016-03-31": "26.51820", "2015-12-31": "26.57050", "2015-09-30": "10.25960", "2015-06-30": "19.36880", "2015-03-31": "26.06640", "2014-12-31": "26.77790", "2014-09-30": "10.36300", "2014-06-30": "20.60330", "2014-03-31": "26.20060", "2013-12-31": "26.80330", "2013-09-30": "9.53380", "2013-06-30": "16.97000", "2013-03-31": "25.54760", "2012-12-31": "25.42590", "2012-09-30": "11.85200", "2012-06-30": "23.65750", "2012-03-31": "29.66880", "2011-12-31": "26.03570", "2011-09-30": "16.63760", "2011-06-30": "23.36890", "2011-03-31": "32.31790", "2010-12-31": "29.87500", "2010-09-30": "19.09020", "2010-06-30": "23.19100", "2010-03-31": "29.16600", "2009-12-31": "34.47690", "2009-09-30": "15.88530", "2009-06-30": "15.45090", "2009-03-31": "23.25500", "2008-12-31": "20.80720", "2008-09-30": "6.82620", "2008-06-30": "16.68040", "2008-03-31": "30.47950", "2007-12-31": "33.04410", "2007-09-30": "15.86340", "2007-06-30": "18.64470", "2007-03-31": "3.36200", "2006-12-31": "33.90220", "2006-09-30": "17.65120", "2006-06-30": "15.84920", "2006-03-31": "32.08740", "2005-12-31": "26.84170", "2005-09-30": "17.15270", "2005-06-30": "14.79480", "2005-03-31": "31.04240"}, "EBITDA Margin": {"2020-09-30": "", "2020-06-30": "", "2020-03-31": "", "2019-12-31": "", "2019-09-30": "", "2019-06-30": "", "2019-03-31": "", "2018-12-31": "", "2018-09-30": "", "2018-06-30": "", "2018-03-31": "", "2017-12-31": "", "2017-09-30": "", "2017-06-30": "", "2017-03-31": "", "2016-12-31": "", "2016-09-30": "", "2016-06-30": "", "2016-03-31": "", "2015-12-31": "", "2015-09-30": "", "2015-06-30": "", "2015-03-31": "", "2014-12-31": "", "2014-09-30": "", "2014-06-30": "", "2014-03-31": "", "2013-12-31": "", "2013-09-30": "", "2013-06-30": "", "2013-03-31": "", "2012-12-31": "", "2012-09-30": "", "2012-06-30": "", "2012-03-31": "", "2011-12-31": "", "2011-09-30": "", "2011-06-30": "", "2011-03-31": "", "2010-12-31": "", "2010-09-30": "", "2010-06-30": "", "2010-03-31": "", "2009-12-31": "", "2009-09-30": "", "2009-06-30": "", "2009-03-31": "", "2008-12-31": "", "2008-09-30": "", "2008-06-30": "", "2008-03-31": "", "2007-12-31": "", "2007-09-30": "", "2007-06-30": "", "2007-03-31": "", "2006-12-31": "", "2006-09-30": "", "2006-06-30": "", "2006-03-31": "", "2005-12-31": "", "2005-09-30": "", "2005-06-30": "", "2005-03-31": ""}, "Pre-Tax Profit Margin": {"2020-09-30": "-10.38660", "2020-06-30": "-8.10630", "2020-03-31": "33.05480", "2019-12-31": "10.30820", "2019-09-30": "8.62560", "2019-06-30": "4.84150", "2019-03-31": "13.10530", "2018-12-31": "20.29630", "2018-09-30": "-1.38470", "2018-06-30": "23.91090", "2018-03-31": "12.03720", "2017-12-31": "17.47030", "2017-09-30": "-0.49050", "2017-06-30": "-1.33290", "2017-03-31": "17.98820", "2016-12-31": "12.70710", "2016-09-30": "5.18810", "2016-06-30": "10.27510", "2016-03-31": "23.27760", "2015-12-31": "14.42650", "2015-09-30": "1.28690", "2015-06-30": "9.12330", "2015-03-31": "37.18470", "2014-12-31": "14.08910", "2014-09-30": "-3.02030", "2014-06-30": "8.15230", "2014-03-31": "14.43200", "2013-12-31": "14.59820", "2013-09-30": "-3.13590", "2013-06-30": "4.02380", "2013-03-31": "12.61810", "2012-12-31": "14.12220", "2012-09-30": "-0.58710", "2012-06-30": "10.85210", "2012-03-31": "17.52370", "2011-12-31": "10.73900", "2011-09-30": "1.78050", "2011-06-30": "8.37220", "2011-03-31": "17.00060", "2010-12-31": "14.23980", "2010-09-30": "4.45680", "2010-06-30": "0.65890", "2010-03-31": "7.44530", "2009-12-31": "13.55870", "2009-09-30": "-6.19580", "2009-06-30": "-6.47530", "2009-03-31": "1.37970", "2008-12-31": "-2.43270", "2008-09-30": "-18.19670", "2008-06-30": "-3.22400", "2008-03-31": "12.97510", "2007-12-31": "16.00440", "2007-09-30": "-5.12080", "2007-06-30": "-2.09490", "2007-03-31": "-13.95140", "2006-12-31": "16.68710", "2006-09-30": "-6.60420", "2006-06-30": "-10.40220", "2006-03-31": "11.48650", "2005-12-31": "9.81650", "2005-09-30": "-3.18980", "2005-06-30": "-9.52670", "2005-03-31": "12.79360"}, "Net Profit Margin": {"2020-09-30": "-9.62870", "2020-06-30": "-7.19170", "2020-03-31": "32.41930", "2019-12-31": "9.66250", "2019-09-30": "8.88120", "2019-06-30": "4.77800", "2019-03-31": "12.24130", "2018-12-31": "19.32050", "2018-09-30": "-1.09850", "2018-06-30": "22.88330", "2018-03-31": "11.76310", "2017-12-31": "17.16540", "2017-09-30": "-0.66620", "2017-06-30": "-1.54290", "2017-03-31": "17.64820", "2016-12-31": "12.44880", "2016-09-30": "4.91010", "2016-06-30": "9.91380", "2016-03-31": "22.79410", "2015-12-31": "14.02540", "2015-09-30": "1.02590", "2015-06-30": "8.75900", "2015-03-31": "36.46730", "2014-12-31": "13.64200", "2014-09-30": "-3.21380", "2014-06-30": "7.81380", "2014-03-31": "15.50250", "2013-12-31": "15.23260", "2013-09-30": "29.78400", "2013-06-30": "5.25350", "2013-03-31": "13.23230", "2012-12-31": "16.31310", "2012-09-30": "0.55610", "2012-06-30": "12.21670", "2012-03-31": "18.71920", "2011-12-31": "20.21060", "2011-09-30": "1.72370", "2011-06-30": "24.40150", "2011-03-31": "17.54160", "2010-12-31": "15.86880", "2010-09-30": "4.55470", "2010-06-30": "1.03910", "2010-03-31": "-2.73730", "2009-12-31": "-3.00590", "2009-09-30": "-7.59460", "2009-06-30": "-7.45040", "2009-03-31": "0.36570", "2008-12-31": "-4.61960", "2008-09-30": "-18.15230", "2008-06-30": "-3.32970", "2008-03-31": "11.84580", "2007-12-31": "14.52920", "2007-09-30": "-6.48720", "2007-06-30": "-2.35270", "2007-03-31": "-13.38480", "2006-12-31": "67.46130", "2006-09-30": "-5.22050", "2006-06-30": "-7.42190", "2006-03-31": "13.70900", "2005-12-31": "17.43650", "2005-09-30": "-2.85880", "2005-06-30": "-8.95690", "2005-03-31": "41.92210"}, "Asset Turnover": {"2020-09-30": "0.02670", "2020-06-30": "0.02470", "2020-03-31": "0.03270", "2019-12-31": "0.03380", "2019-09-30": "0.02970", "2019-06-30": "0.02940", "2019-03-31": "0.03310", "2018-12-31": "0.03490", "2018-09-30": "0.03030", "2018-06-30": "0.02910", "2018-03-31": "0.03150", "2017-12-31": "0.03300", "2017-09-30": "0.02950", "2017-06-30": "0.02880", "2017-03-31": "0.03220", "2016-12-31": "0.03480", "2016-09-30": "0.03130", "2016-06-30": "0.02950", "2016-03-31": "0.03140", "2015-12-31": "0.03370", "2015-09-30": "0.03000", "2015-06-30": "0.03060", "2015-03-31": "0.03310", "2014-12-31": "0.03370", "2014-09-30": "0.03160", "2014-06-30": "0.03010", "2014-03-31": "0.03260", "2013-12-31": "0.03260", "2013-09-30": "0.02980", "2013-06-30": "0.02900", "2013-03-31": "0.03160", "2012-12-31": "0.02830", "2012-09-30": "0.02680", "2012-06-30": "0.03110", "2012-03-31": "0.03430", "2011-12-31": "0.02600", "2011-09-30": "0.03520", "2011-06-30": "0.03400", "2011-03-31": "0.03780", "2010-12-31": "0.03210", "2010-09-30": "0.03220", "2010-06-30": "0.03440", "2010-03-31": "0.03710", "2009-12-31": "0.02980", "2009-09-30": "0.03320", "2009-06-30": "0.03170", "2009-03-31": "0.03460", "2008-12-31": "0.03390", "2008-09-30": "0.03290", "2008-06-30": "0.01940", "2008-03-31": "0.03670", "2007-12-31": "0.03930", "2007-09-30": "0.03540", "2007-06-30": "0.03370", "2007-03-31": "0.03580", "2006-12-31": "0.03790", "2006-09-30": "0.03570", "2006-06-30": "0.03390", "2006-03-31": "0.03330", "2005-12-31": "0.04020", "2005-09-30": "0.03760", "2005-06-30": "0.03940", "2005-03-31": "0.04020"}, "Inventory Turnover Ratio": {"2020-09-30": "", "2020-06-30": "", "2020-03-31": "", "2019-12-31": "", "2019-09-30": "", "2019-06-30": "", "2019-03-31": "", "2018-12-31": "", "2018-09-30": "", "2018-06-30": "", "2018-03-31": "", "2017-12-31": "", "2017-09-30": "", "2017-06-30": "", "2017-03-31": "", "2016-12-31": "", "2016-09-30": "", "2016-06-30": "", "2016-03-31": "", "2015-12-31": "", "2015-09-30": "", "2015-06-30": "", "2015-03-31": "", "2014-12-31": "", "2014-09-30": "", "2014-06-30": "", "2014-03-31": "", "2013-12-31": "", "2013-09-30": "", "2013-06-30": "", "2013-03-31": "", "2012-12-31": "", "2012-09-30": "", "2012-06-30": "", "2012-03-31": "", "2011-12-31": "", "2011-09-30": "", "2011-06-30": "", "2011-03-31": "", "2010-12-31": "", "2010-09-30": "", "2010-06-30": "", "2010-03-31": "", "2009-12-31": "", "2009-09-30": "", "2009-06-30": "", "2009-03-31": "", "2008-12-31": "", "2008-09-30": "", "2008-06-30": "", "2008-03-31": "", "2007-12-31": "", "2007-09-30": "", "2007-06-30": "", "2007-03-31": "", "2006-12-31": "", "2006-09-30": "", "2006-06-30": "", "2006-03-31": "", "2005-12-31": "", "2005-09-30": "", "2005-06-30": "", "2005-03-31": ""}, "Receiveable Turnover": {"2020-09-30": "", "2020-06-30": "", "2020-03-31": "", "2019-12-31": "", "2019-09-30": "", "2019-06-30": "", "2019-03-31": "", "2018-12-31": "", "2018-09-30": "", "2018-06-30": "", "2018-03-31": "", "2017-12-31": "", "2017-09-30": "", "2017-06-30": "", "2017-03-31": "", "2016-12-31": "", "2016-09-30": "", "2016-06-30": "", "2016-03-31": "", "2015-12-31": "", "2015-09-30": "", "2015-06-30": "", "2015-03-31": "", "2014-12-31": "", "2014-09-30": "", "2014-06-30": "", "2014-03-31": "", "2013-12-31": "", "2013-09-30": "", "2013-06-30": "", "2013-03-31": "", "2012-12-31": "", "2012-09-30": "", "2012-06-30": "", "2012-03-31": "", "2011-12-31": "", "2011-09-30": "", "2011-06-30": "", "2011-03-31": "", "2010-12-31": "", "2010-09-30": "", "2010-06-30": "", "2010-03-31": "", "2009-12-31": "", "2009-09-30": "", "2009-06-30": "", "2009-03-31": "", "2008-12-31": "", "2008-09-30": "", "2008-06-30": "", "2008-03-31": "", "2007-12-31": "", "2007-09-30": "", "2007-06-30": "", "2007-03-31": "", "2006-12-31": "", "2006-09-30": "", "2006-06-30": "", "2006-03-31": "", "2005-12-31": "", "2005-09-30": "", "2005-06-30": "", "2005-03-31": ""}, "Days Sales In Receivables": {"2020-09-30": "", "2020-06-30": "", "2020-03-31": "", "2019-12-31": "", "2019-09-30": "", "2019-06-30": "", "2019-03-31": "", "2018-12-31": "", "2018-09-30": "", "2018-06-30": "", "2018-03-31": "", "2017-12-31": "", "2017-09-30": "", "2017-06-30": "", "2017-03-31": "", "2016-12-31": "", "2016-09-30": "", "2016-06-30": "", "2016-03-31": "", "2015-12-31": "", "2015-09-30": "", "2015-06-30": "", "2015-03-31": "", "2014-12-31": "", "2014-09-30": "", "2014-06-30": "", "2014-03-31": "", "2013-12-31": "", "2013-09-30": "", "2013-06-30": "", "2013-03-31": "", "2012-12-31": "", "2012-09-30": "", "2012-06-30": "", "2012-03-31": "", "2011-12-31": "", "2011-09-30": "", "2011-06-30": "", "2011-03-31": "", "2010-12-31": "", "2010-09-30": "", "2010-06-30": "", "2010-03-31": "", "2009-12-31": "", "2009-09-30": "", "2009-06-30": "", "2009-03-31": "", "2008-12-31": "", "2008-09-30": "", "2008-06-30": "", "2008-03-31": "", "2007-12-31": "", "2007-09-30": "", "2007-06-30": "", "2007-03-31": "", "2006-12-31": "", "2006-09-30": "", "2006-06-30": "", "2006-03-31": "", "2005-12-31": "", "2005-09-30": "", "2005-06-30": "", "2005-03-31": ""}, "ROE - Return On Equity": {"2020-09-30": "-0.67040", "2020-06-30": "-0.47150", "2020-03-31": "2.44800", "2019-12-31": "0.77420", "2019-09-30": "0.57200", "2019-06-30": "0.29670", "2019-03-31": "0.89540", "2018-12-31": "1.39900", "2018-09-30": "-0.07680", "2018-06-30": "1.24830", "2018-03-31": "0.75430", "2017-12-31": "1.13060", "2017-09-30": "-0.03510", "2017-06-30": "-0.07440", "2017-03-31": "0.98380", "2016-12-31": "0.74780", "2016-09-30": "0.28500", "2016-06-30": "0.54800", "2016-03-31": "1.33020", "2015-12-31": "1.03750", "2015-09-30": "0.07210", "2015-06-30": "0.56230", "2015-03-31": "2.49850", "2014-12-31": "1.04350", "2014-09-30": "-0.22690", "2014-06-30": "0.53140", "2014-03-31": "1.00020", "2013-12-31": "1.00420", "2013-09-30": "-0.19810", "2013-06-30": "0.22350", "2013-03-31": "0.76350", "2012-12-31": "0.75630", "2012-09-30": "-0.03910", "2012-06-30": "0.74120", "2012-03-31": "1.26320", "2011-12-31": "0.59510", "2011-09-30": "0.12210", "2011-06-30": "0.56730", "2011-03-31": "1.36960", "2010-12-31": "0.99970", "2010-09-30": "0.30070", "2010-06-30": "0.03950", "2010-03-31": "0.65860", "2009-12-31": "0.98590", "2009-09-30": "-0.52750", "2009-06-30": "-0.49860", "2009-03-31": "0.11730", "2008-12-31": "-0.24280", "2008-09-30": "-1.60370", "2008-06-30": "-0.17860", "2008-03-31": "1.13970", "2007-12-31": "1.44040", "2007-09-30": "-0.67800", "2007-06-30": "-0.22010", "2007-03-31": "-1.30040", "2006-12-31": "0.89990", "2006-09-30": "-0.53300", "2006-06-30": "-1.16050", "2006-03-31": "1.21970", "2005-12-31": "0.85700", "2005-09-30": "-0.30260", "2005-06-30": "-1.34250", "2005-03-31": "1.63460"}, "Return On Tangible Equity": {"2020-09-30": "-0.67040", "2020-06-30": "-0.47150", "2020-03-31": "2.44800", "2019-12-31": "0.77420", "2019-09-30": "0.57200", "2019-06-30": "0.29670", "2019-03-31": "0.89540", "2018-12-31": "1.39900", "2018-09-30": "-0.07680", "2018-06-30": "1.24830", "2018-03-31": "0.75430", "2017-12-31": "1.13060", "2017-09-30": "-0.03510", "2017-06-30": "-0.07440", "2017-03-31": "0.98380", "2016-12-31": "0.74780", "2016-09-30": "0.28500", "2016-06-30": "0.54800", "2016-03-31": "1.33020", "2015-12-31": "1.03750", "2015-09-30": "0.07210", "2015-06-30": "0.56230", "2015-03-31": "2.49850", "2014-12-31": "1.04350", "2014-09-30": "-0.22690", "2014-06-30": "0.53140", "2014-03-31": "1.00020", "2013-12-31": "1.00420", "2013-09-30": "-0.19810", "2013-06-30": "0.22350", "2013-03-31": "0.76350", "2012-12-31": "0.75630", "2012-09-30": "-0.03910", "2012-06-30": "0.74120", "2012-03-31": "1.26320", "2011-12-31": "0.59510", "2011-09-30": "0.12210", "2011-06-30": "0.56730", "2011-03-31": "1.36960", "2010-12-31": "0.99970", "2010-09-30": "0.30070", "2010-06-30": "0.03950", "2010-03-31": "0.65860", "2009-12-31": "0.98590", "2009-09-30": "-0.52750", "2009-06-30": "-0.49860", "2009-03-31": "0.11730", "2008-12-31": "-0.24280", "2008-09-30": "-1.60350", "2008-06-30": "-0.17860", "2008-03-31": "1.13970", "2007-12-31": "1.44040", "2007-09-30": "-0.67800", "2007-06-30": "-0.22010", "2007-03-31": "-1.30040", "2006-12-31": "0.89990", "2006-09-30": "-0.53300", "2006-06-30": "-1.16050", "2006-03-31": "1.21970", "2005-12-31": "0.85700", "2005-09-30": "-0.30260", "2005-06-30": "-1.34250", "2005-03-31": "1.63460"}, "ROA - Return On Assets": {"2020-09-30": "-0.28260", "2020-06-30": "-0.20520", "2020-03-31": "1.07700", "2019-12-31": "0.34190", "2019-09-30": "0.25210", "2019-06-30": "0.13830", "2019-03-31": "0.42820", "2018-12-31": "0.70500", "2018-09-30": "-0.03880", "2018-06-30": "0.66600", "2018-03-31": "0.37460", "2017-12-31": "0.57350", "2017-09-30": "-0.01840", "2017-06-30": "-0.04260", "2017-03-31": "0.57530", "2016-12-31": "0.43990", "2016-09-30": "0.15680", "2016-06-30": "0.29710", "2016-03-31": "0.72570", "2015-12-31": "0.48050", "2015-09-30": "0.03350", "2015-06-30": "0.27400", "2015-03-31": "1.22460", "2014-12-31": "0.46770", "2014-09-30": "-0.10050", "2014-06-30": "0.24000", "2014-03-31": "0.46520", "2013-12-31": "0.47190", "2013-09-30": "-0.09820", "2013-06-30": "0.11170", "2013-03-31": "0.39400", "2012-12-31": "0.39550", "2012-09-30": "-0.02000", "2012-06-30": "0.33310", "2012-03-31": "0.59660", "2011-12-31": "0.27770", "2011-09-30": "0.05940", "2011-06-30": "0.27920", "2011-03-31": "0.63640", "2010-12-31": "0.45200", "2010-09-30": "0.13820", "2010-06-30": "0.01600", "2010-03-31": "0.26960", "2009-12-31": "0.39820", "2009-09-30": "-0.21180", "2009-06-30": "-0.21120", "2009-03-31": "0.04160", "2008-12-31": "-0.08770", "2008-09-30": "-0.59070", "2008-06-30": "-0.06650", "2008-03-31": "0.44400", "2007-12-31": "0.59470", "2007-09-30": "-0.22950", "2007-06-30": "-0.07940", "2007-03-31": "-0.47920", "2006-12-31": "0.37600", "2006-09-30": "-0.21850", "2006-06-30": "-0.33020", "2006-03-31": "0.36690", "2005-12-31": "0.34730", "2005-09-30": "-0.12280", "2005-06-30": "-0.35330", "2005-03-31": "0.47500"}, "ROI - Return On Investment": {"2020-09-30": "-0.31570", "2020-06-30": "-0.22750", "2020-03-31": "1.19060", "2019-12-31": "0.38370", "2019-09-30": "0.28670", "2019-06-30": "0.15280", "2019-03-31": "0.47440", "2018-12-31": "0.75480", "2018-09-30": "-0.04190", "2018-06-30": "0.70630", "2018-03-31": "0.39690", "2017-12-31": "0.60640", "2017-09-30": "-0.01960", "2017-06-30": "-0.04480", "2017-03-31": "0.60330", "2016-12-31": "0.46280", "2016-09-30": "0.16580", "2016-06-30": "0.31200", "2016-03-31": "0.75790", "2015-12-31": "0.50370", "2015-09-30": "0.03530", "2015-06-30": "0.28610", "2015-03-31": "1.27780", "2014-12-31": "0.48840", "2014-09-30": "-0.10570", "2014-06-30": "0.25390", "2014-03-31": "0.49180", "2013-12-31": "0.49960", "2013-09-30": "-0.10500", "2013-06-30": "0.11840", "2013-03-31": "0.41920", "2012-12-31": "0.42230", "2012-09-30": "-0.02180", "2012-06-30": "0.36380", "2012-03-31": "0.65390", "2011-12-31": "0.30540", "2011-09-30": "0.06590", "2011-06-30": "0.30470", "2011-03-31": "0.69500", "2010-12-31": "0.49450", "2010-09-30": "0.14580", "2010-06-30": "0.01770", "2010-03-31": "0.29700", "2009-12-31": "0.43790", "2009-09-30": "-0.23430", "2009-06-30": "-0.22170", "2009-03-31": "0.04360", "2008-12-31": "-0.09270", "2008-09-30": "-0.62790", "2008-06-30": "-0.07010", "2008-03-31": "0.47980", "2007-12-31": "0.64830", "2007-09-30": "-0.25180", "2007-06-30": "-0.08730", "2007-03-31": "-0.52690", "2006-12-31": "0.41470", "2006-09-30": "-0.24220", "2006-06-30": "-0.36460", "2006-03-31": "0.40260", "2005-12-31": "0.37150", "2005-09-30": "-0.13180", "2005-06-30": "-0.38060", "2005-03-31": "0.50710"}, "Book Value Per Share": {"2020-09-30": "23.23420", "2020-06-30": "23.79820", "2020-03-31": "24.38950", "2019-12-31": "24.31190", "2019-09-30": "24.62870", "2019-06-30": "25.09310", "2019-03-31": "25.54830", "2018-12-31": "25.90840", "2018-09-30": "26.02240", "2018-06-30": "26.96730", "2018-03-31": "25.48780", "2017-12-31": "25.67120", "2017-09-30": "25.78010", "2017-06-30": "26.18450", "2017-03-31": "26.20530", "2016-12-31": "26.09950", "2016-09-30": "26.20670", "2016-06-30": "26.25660", "2016-03-31": "26.63490", "2015-12-31": "24.76090", "2015-09-30": "24.89500", "2015-06-30": "25.20580", "2015-03-31": "25.39960", "2014-12-31": "24.40200", "2014-09-30": "24.26200", "2014-06-30": "24.62680", "2014-03-31": "24.91970", "2013-12-31": "25.10490", "2013-09-30": "25.15980", "2013-06-30": "25.23230", "2013-03-31": "25.41600", "2012-12-31": "25.57740", "2012-09-30": "23.45030", "2012-06-30": "19.48980", "2012-03-31": "19.70870", "2011-12-31": "19.29360", "2011-09-30": "18.57670", "2011-06-30": "18.54900", "2011-03-31": "18.12670", "2010-12-31": "18.21120", "2010-09-30": "18.31860", "2010-06-30": "16.61150", "2010-03-31": "16.87160", "2009-12-31": "17.29320", "2009-09-30": "17.68860", "2009-06-30": "18.25510", "2009-03-31": "18.29130", "2008-12-31": "18.63370", "2008-09-30": "19.08550", "2008-06-30": "19.73150", "2008-03-31": "16.06900", "2007-12-31": "16.29190", "2007-09-30": "14.81350", "2007-06-30": "15.57220", "2007-03-31": "15.70720", "2006-12-31": "16.13210", "2006-09-30": "20.61730", "2006-06-30": "13.61440", "2006-03-31": "14.03180", "2005-12-31": "12.98590", "2005-09-30": "17.84000", "2005-06-30": "10.58110", "2005-03-31": "11.20730"}, "Operating Cash Flow Per Share": {"2020-09-30": 0.735, "2020-06-30": 0.385, "2020-03-31": "0.65510", "2019-12-31": 0.7002, "2019-09-30": 0.9048, "2019-06-30": 0.4898, "2019-03-31": "0.58350", "2018-12-31": 0.7865, "2018-09-30": 0.7164, "2018-06-30": 0.4452, "2018-03-31": "0.78650", "2017-12-31": 0.5422, "2017-09-30": 0.8291, "2017-06-30": 0.4796, "2017-03-31": "0.49230", "2016-12-31": 0.5082, "2016-09-30": 0.6929, "2016-06-30": 0.6372, "2016-03-31": "0.51560", "2015-12-31": 0.7295, "2015-09-30": 0.432, "2015-06-30": 0.4692, "2015-03-31": "0.68260", "2014-12-31": 0.5654, "2014-09-30": 0.8427, "2014-06-30": 0.4941, "2014-03-31": "0.57850", "2013-12-31": 0.6535, "2013-09-30": 0.6937, "2013-06-30": 0.4527, "2013-03-31": "0.54090", "2012-12-31": 0.7918, "2012-09-30": 0.4151, "2012-06-30": 0.4185, "2012-03-31": "0.66190", "2011-12-31": 0.4246, "2011-09-30": 0.6288, "2011-06-30": 0.3539, "2011-03-31": "0.40830", "2010-12-31": 0.6312, "2010-09-30": 0.4541, "2010-06-30": 0.3905, "2010-03-31": "0.47820", "2009-12-31": 0.6188, "2009-09-30": 0.5236, "2009-06-30": 0.0444, "2009-03-31": "0.46480", "2008-12-31": 0.4581, "2008-09-30": 0.2144, "2008-06-30": 0.045, "2008-03-31": "0.26750", "2007-12-31": 0.7388, "2007-09-30": 0.0834, "2007-06-30": 0.2512, "2007-03-31": "0.12760", "2006-12-31": 0.7386, "2006-09-30": 0.3588, "2006-06-30": 0.2486, "2006-03-31": "0.33450", "2005-12-31": 0.4266, "2005-09-30": 0.4714, "2005-06-30": 0.0123, "2005-03-31": "0.44740"}, "Free Cash Flow Per Share": {"2020-09-30": -0.2085, "2020-06-30": -0.239, "2020-03-31": "1.01130", "2019-12-31": 0.5993, "2019-09-30": -0.3014, "2019-06-30": -0.3887, "2019-03-31": "-0.25430", "2018-12-31": -0.0689, "2018-09-30": -0.5463, "2018-06-30": 1.1218, "2018-03-31": "-0.19820", "2017-12-31": -0.9742, "2017-09-30": -1.5963, "2017-06-30": -1.6553, "2017-03-31": "-0.57920", "2016-12-31": 3.0985, "2016-09-30": -0.5332, "2016-06-30": -0.7489, "2016-03-31": "0.37680", "2015-12-31": -0.1756, "2015-09-30": -0.4431, "2015-06-30": 0.2683, "2015-03-31": "0.58520", "2014-12-31": -0.7744, "2014-09-30": -0.2154, "2014-06-30": -0.3493, "2014-03-31": "-0.29980", "2013-12-31": -1.404, "2013-09-30": 0.1919, "2013-06-30": -0.4336, "2013-03-31": "-0.25820", "2012-12-31": -5.8811, "2012-09-30": -6.6357, "2012-06-30": -1.2633, "2012-03-31": "-0.92770", "2011-12-31": -3.4504, "2011-09-30": -0.9425, "2011-06-30": 0.7694, "2011-03-31": "-0.15850", "2010-12-31": -1.1229, "2010-09-30": -1.3714, "2010-06-30": 0.0627, "2010-03-31": "0.22360", "2009-12-31": 0.0625, "2009-09-30": 0.0194, "2009-06-30": -0.6257, "2009-03-31": "-0.37580", "2008-12-31": 5.5821, "2008-09-30": 0.7892, "2008-06-30": -8.0735, "2008-03-31": "-1.44190", "2007-12-31": -1.5485, "2007-09-30": -2.0388, "2007-06-30": -0.8208, "2007-03-31": "-2.08090", "2006-12-31": 2.4958, "2006-09-30": -0.685, "2006-06-30": -0.7359, "2006-03-31": "-4.29320", "2005-12-31": -1.128, "2005-09-30": 0.9823, "2005-06-30": -1.7624, "2005-03-31": "-4.16130"}}, "revenue": {"American Campus Communities Inc Annual Revenue (Millions of US $)": {"2019": "$943", "2018": "$881", "2017": "$796", "2016": "$786", "2015": "$753", "2014": "$734", "2013": "$657", "2012": "$466", "2011": "$362", "2010": "$326", "2009": "$290", "2008": "$231", "2007": "$147", "2006": "$119", "2005": "$83"}, "American Campus Communities Inc Quarterly Revenue (Millions of US $)": {"2020-09-30": "$203", "2020-06-30": "$186", "2020-03-31": "$249", "2019-12-31": "$256", "2019-09-30": "$228", "2019-06-30": "$217", "2019-03-31": "$242", "2018-12-31": "$246", "2018-09-30": "$213", "2018-06-30": "$201", "2018-03-31": "$220", "2017-12-31": "$228", "2017-09-30": "$197", "2017-06-30": "$179", "2017-03-31": "$193", "2016-12-31": "$204", "2016-09-30": "$196", "2016-06-30": "$186", "2016-03-31": "$200", "2015-12-31": "$202", "2015-09-30": "$181", "2015-06-30": "$178", "2015-03-31": "$192", "2014-12-31": "$197", "2014-09-30": "$182", "2014-06-30": "$172", "2014-03-31": "$183", "2013-12-31": "$183", "2013-09-30": "$158", "2013-06-30": "$153", "2013-03-31": "$163", "2012-12-31": "$145", "2012-09-30": "$113", "2012-06-30": "$101", "2012-03-31": "$107", "2011-12-31": "$78", "2011-09-30": "$95", "2011-06-30": "$89", "2011-03-31": "$99", "2010-12-31": "$86", "2010-09-30": "$86", "2010-06-30": "$74", "2010-03-31": "$80", "2009-12-31": "$67", "2009-09-30": "$76", "2009-06-30": "$71", "2009-03-31": "$76", "2008-12-31": "$74", "2008-09-30": "$72", "2008-06-30": "$44", "2008-03-31": "$41", "2007-12-31": "$42", "2007-09-30": "$37", "2007-06-30": "$33", "2007-03-31": "$35", "2006-12-31": "$34", "2006-09-30": "$31", "2006-06-30": "$28", "2006-03-31": "$27", "2005-12-31": "$22", "2005-09-30": "$21", "2005-06-30": "$20", "2005-03-31": "$20"}}, "gross-profit": {"American Campus Communities Inc Annual Gross Profit (Millions of US $)": {"2019": "$517", "2018": "$477", "2017": "$434", "2016": "$421", "2015": "$395", "2014": "$381", "2013": "$339", "2012": "$244", "2011": "$186", "2010": "$170", "2009": "$147", "2008": "$109", "2007": "$77", "2006": "$62", "2005": "$42"}, "American Campus Communities Inc Quarterly Gross Profit (Millions of US $)": {"2020-09-30": "$87", "2020-06-30": "$92", "2020-03-31": "$147", "2019-12-31": "$151", "2019-09-30": "$107", "2019-06-30": "$118", "2019-03-31": "$142", "2018-12-31": "$147", "2018-09-30": "$98", "2018-06-30": "$108", "2018-03-31": "$125", "2017-12-31": "$138", "2017-09-30": "$90", "2017-06-30": "$96", "2017-03-31": "$111", "2016-12-31": "$117", "2016-09-30": "$89", "2016-06-30": "$101", "2016-03-31": "$114", "2015-12-31": "$116", "2015-09-30": "$77", "2015-06-30": "$94", "2015-03-31": "$108", "2014-12-31": "$111", "2014-09-30": "$78", "2014-06-30": "$90", "2014-03-31": "$102", "2013-12-31": "$102", "2013-09-30": "$65", "2013-06-30": "$79", "2013-03-31": "$92", "2012-12-31": "$82", "2012-09-30": "$49", "2012-06-30": "$53", "2012-03-31": "$60", "2011-12-31": "$42", "2011-09-30": "$41", "2011-06-30": "$46", "2011-03-31": "$57", "2010-12-31": "$48", "2010-09-30": "$40", "2010-06-30": "$38", "2010-03-31": "$44", "2009-12-31": "$39", "2009-09-30": "$33", "2009-06-30": "$34", "2009-03-31": "$40", "2008-12-31": "$37", "2008-09-30": "$27", "2008-06-30": "$22", "2008-03-31": "$23", "2007-12-31": "$24", "2007-09-30": "$16", "2007-06-30": "$17", "2007-03-31": "$20", "2006-12-31": "$19", "2006-09-30": "$14", "2006-06-30": "$13", "2006-03-31": "$15", "2005-12-31": "$12", "2005-09-30": "$9", "2005-06-30": "$10", "2005-03-31": "$11"}}, "operating-income": {"American Campus Communities Inc Annual Operating Income (Millions of US $)": {"2019": "$180", "2018": "$213", "2017": "$142", "2016": "$194", "2015": "$157", "2014": "$155", "2013": "$132", "2012": "$106", "2011": "$89", "2010": "$83", "2009": "$64", "2008": "$40", "2007": "$27", "2006": "$30", "2005": "$19"}, "American Campus Communities Inc Quarterly Operating Income (Millions of US $)": {"2020-09-30": "$8", "2020-06-30": "$13", "2020-03-31": "$115", "2019-12-31": "$56", "2019-09-30": "$27", "2019-06-30": "$38", "2019-03-31": "$59", "2018-12-31": "$68", "2018-09-30": "$22", "2018-06-30": "$73", "2018-03-31": "$50", "2017-12-31": "$63", "2017-09-30": "$18", "2017-06-30": "$13", "2017-03-31": "$49", "2016-12-31": "$73", "2016-09-30": "$29", "2016-06-30": "$39", "2016-03-31": "$53", "2015-12-31": "$54", "2015-09-30": "$19", "2015-06-30": "$34", "2015-03-31": "$50", "2014-12-31": "$53", "2014-09-30": "$19", "2014-06-30": "$35", "2014-03-31": "$48", "2013-12-31": "$49", "2013-09-30": "$15", "2013-06-30": "$26", "2013-03-31": "$42", "2012-12-31": "$37", "2012-09-30": "$13", "2012-06-30": "$24", "2012-03-31": "$32", "2011-12-31": "$20", "2011-09-30": "$16", "2011-06-30": "$21", "2011-03-31": "$32", "2010-12-31": "$26", "2010-09-30": "$16", "2010-06-30": "$17", "2010-03-31": "$23", "2009-12-31": "$23", "2009-09-30": "$12", "2009-06-30": "$11", "2009-03-31": "$18", "2008-12-31": "$15", "2008-09-30": "$5", "2008-06-30": "$7", "2008-03-31": "$13", "2007-12-31": "$14", "2007-09-30": "$6", "2007-06-30": "$6", "2007-03-31": "$1", "2006-12-31": "$11", "2006-09-30": "$5", "2006-06-30": "$4", "2006-03-31": "$9", "2005-12-31": "$6", "2005-09-30": "$4", "2005-06-30": "$3", "2005-03-31": "$6"}}, "ebitda": {"American Campus Communities Inc Annual EBITDA (Millions of US $)": {"2019": "$457", "2018": "$477", "2017": "$374", "2016": "$401", "2015": "$360", "2014": "$346", "2013": "$311", "2012": "$224", "2011": "$179", "2010": "$163", "2009": "$145", "2008": "$99", "2007": "$57", "2006": "$55", "2005": "$35"}, "American Campus Communities Inc Quarterly EBITDA (Millions of US $)": {"2020-09-30": "$77", "2020-06-30": "$80", "2020-03-31": "$182", "2019-12-31": "$125", "2019-09-30": "$97", "2019-06-30": "$107", "2019-03-31": "$128", "2018-12-31": "$136", "2018-09-30": "$88", "2018-06-30": "$138", "2018-03-31": "$115", "2017-12-31": "$128", "2017-09-30": "$78", "2017-06-30": "$68", "2017-03-31": "$101", "2016-12-31": "$124", "2016-09-30": "$80", "2016-06-30": "$91", "2016-03-31": "$106", "2015-12-31": "$107", "2015-09-30": "$69", "2015-06-30": "$85", "2015-03-31": "$99", "2014-12-31": "$102", "2014-09-30": "$67", "2014-06-30": "$82", "2014-03-31": "$95", "2013-12-31": "$94", "2013-09-30": "$58", "2013-06-30": "$72", "2013-03-31": "$86", "2012-12-31": "$75", "2012-09-30": "$42", "2012-06-30": "$49", "2012-03-31": "$57", "2011-12-31": "$43", "2011-09-30": "$39", "2011-06-30": "$43", "2011-03-31": "$54", "2010-12-31": "$48", "2010-09-30": "$37", "2010-06-30": "$36", "2010-03-31": "$42", "2009-12-31": "$42", "2009-09-30": "$32", "2009-06-30": "$32", "2009-03-31": "$38", "2008-12-31": "$37", "2008-09-30": "$24", "2008-06-30": "$18", "2008-03-31": "$21", "2007-12-31": "$22", "2007-09-30": "$13", "2007-06-30": "$14", "2007-03-31": "$8", "2006-12-31": "$17", "2006-09-30": "$12", "2006-06-30": "$12", "2006-03-31": "$14", "2005-12-31": "$10", "2005-09-30": "$8", "2005-06-30": "$7", "2005-03-31": "$10"}}, "net-income": {"American Campus Communities Inc Annual Net Income (Millions of US $)": {"2019": "$85", "2018": "$117", "2017": "$69", "2016": "$99", "2015": "$116", "2014": "$63", "2013": "$105", "2012": "$57", "2011": "$57", "2010": "$16", "2009": "$-13", "2008": "$-13", "2007": "$-2", "2006": "$23", "2005": "$10"}, "American Campus Communities Inc Quarterly Net Income (Millions of US $)": {"2020-09-30": "$-20", "2020-06-30": "$-13", "2020-03-31": "$81", "2019-12-31": "$25", "2019-09-30": "$20", "2019-06-30": "$10", "2019-03-31": "$30", "2018-12-31": "$48", "2018-09-30": "$-2", "2018-06-30": "$46", "2018-03-31": "$26", "2017-12-31": "$39", "2017-09-30": "$-1", "2017-06-30": "$-3", "2017-03-31": "$34", "2016-12-31": "$25", "2016-09-30": "$10", "2016-06-30": "$18", "2016-03-31": "$46", "2015-12-31": "$28", "2015-09-30": "$2", "2015-06-30": "$16", "2015-03-31": "$70", "2014-12-31": "$27", "2014-09-30": "$-6", "2014-06-30": "$13", "2014-03-31": "$28", "2013-12-31": "$28", "2013-09-30": "$47", "2013-06-30": "$8", "2013-03-31": "$22", "2012-12-31": "$24", "2012-09-30": "$1", "2012-06-30": "$12", "2012-03-31": "$20", "2011-12-31": "$16", "2011-09-30": "$2", "2011-06-30": "$22", "2011-03-31": "$17", "2010-12-31": "$14", "2010-09-30": "$4", "2010-06-30": "$1", "2010-03-31": "$-2", "2009-12-31": "$-2", "2009-09-30": "$-6", "2009-06-30": "$-5", "2009-03-31": "$0", "2008-12-31": "$-3", "2008-09-30": "$-13", "2008-06-30": "$-1", "2008-03-31": "$5", "2007-12-31": "$6", "2007-09-30": "$-2", "2007-06-30": "$-1", "2007-03-31": "$-5", "2006-12-31": "$23", "2006-09-30": "$-2", "2006-06-30": "$-2", "2006-03-31": "$4", "2005-12-31": "$4", "2005-09-30": "$-1", "2005-06-30": "$-2", "2005-03-31": "$8"}}, "eps-earnings-per-share-diluted": {"American Campus Communities Inc Annual EPS": {"2019": "$0.60", "2018": "$0.84", "2017": "$0.50", "2016": "$0.75", "2015": "$1.02", "2014": "$0.58", "2013": "$0.98", "2012": "$0.65", "2011": "$0.80", "2010": "$0.26", "2009": "$-0.28", "2008": "$-0.36", "2007": "$-0.08", "2006": "$1.17", "2005": "$0.65"}, "American Campus Communities Inc Quarterly EPS": {"2020-09-30": "$-0.15", "2020-06-30": "$-0.10", "2020-03-31": "$0.58", "2019-12-31": "$0.18", "2019-09-30": "$0.14", "2019-06-30": "$0.07", "2019-03-31": "$0.21", "2018-12-31": "$0.35", "2018-09-30": "$-0.02", "2018-06-30": "$0.33", "2018-03-31": "$0.18", "2017-12-31": "$0.28", "2017-09-30": "$-0.01", "2017-06-30": "$-0.02", "2017-03-31": "$0.25", "2016-12-31": "$0.18", "2016-09-30": "$0.07", "2016-06-30": "$0.14", "2016-03-31": "$0.36", "2015-12-31": "$0.25", "2015-09-30": "$0.01", "2015-06-30": "$0.14", "2015-03-31": "$0.62", "2014-12-31": "$0.25", "2014-09-30": "$-0.06", "2014-06-30": "$0.12", "2014-03-31": "$0.27", "2013-12-31": "$0.26", "2013-09-30": "$0.45", "2013-06-30": "$0.07", "2013-03-31": "$0.20", "2012-12-31": "$0.22", "2012-09-30": "$0.01", "2012-06-30": "$0.16", "2012-03-31": "$0.26", "2011-12-31": "$0.22", "2011-09-30": "$0.02", "2011-06-30": "$0.31", "2011-03-31": "$0.25", "2010-12-31": "$0.24", "2010-09-30": "$0.06", "2010-06-30": "$0.01", "2010-03-31": "$-0.05", "2009-12-31": "$-0.06", "2009-09-30": "$-0.11", "2009-06-30": "$-0.11", "2009-03-31": "$0.00", "2008-12-31": "$-0.19", "2008-09-30": "$-0.31", "2008-06-30": "$-0.04", "2008-03-31": "$0.18", "2007-12-31": "$0.25", "2007-09-30": "$-0.10", "2007-06-30": "$-0.03", "2007-03-31": "$-0.20", "2006-12-31": "$1.17", "2006-09-30": "$-0.09", "2006-06-30": "$-0.12", "2006-03-31": "$0.21", "2005-12-31": "$0.17", "2005-09-30": "$-0.03", "2005-06-30": "$-0.14", "2005-03-31": "$0.65"}}, "shares-outstanding": {"American Campus Communities Inc Annual Shares Outstanding (Millions of Shares)": {"2019": "138", "2018": "138", "2017": "136", "2016": "130", "2015": "114", "2014": "106", "2013": "105", "2012": "85", "2011": "70", "2010": "59", "2009": "49", "2008": "37", "2007": "24", "2006": "21", "2005": "15"}, "American Campus Communities Inc Quarterly Shares Outstanding (Millions of Shares)": {"2020-09-30": "138", "2020-06-30": "138", "2020-03-31": "139", "2019-12-31": "138", "2019-09-30": "138", "2019-06-30": "138", "2019-03-31": "138", "2018-12-31": "138", "2018-09-30": "137", "2018-06-30": "138", "2018-03-31": "138", "2017-12-31": "136", "2017-09-30": "136", "2017-06-30": "135", "2017-03-31": "134", "2016-12-31": "130", "2016-09-30": "132", "2016-06-30": "131", "2016-03-31": "124", "2015-12-31": "114", "2015-09-30": "113", "2015-06-30": "113", "2015-03-31": "113", "2014-12-31": "106", "2014-09-30": "105", "2014-06-30": "106", "2014-03-31": "106", "2013-12-31": "105", "2013-09-30": "105", "2013-06-30": "105", "2013-03-31": "105", "2012-12-31": "85", "2012-09-30": "89", "2012-06-30": "75", "2012-03-31": "75", "2011-12-31": "70", "2011-09-30": "71", "2011-06-30": "69", "2011-03-31": "68", "2010-12-31": "59", "2010-09-30": "61", "2010-06-30": "53", "2010-03-31": "53", "2009-12-31": "49", "2009-09-30": "52", "2009-06-30": "48", "2009-03-31": "43", "2008-12-31": "37", "2008-09-30": "44", "2008-06-30": "37", "2008-03-31": "29", "2007-12-31": "24", "2007-09-30": "25", "2007-06-30": "25", "2007-03-31": "25", "2006-12-31": "21", "2006-09-30": "21", "2006-06-30": "20", "2006-03-31": "18", "2005-12-31": "15", "2005-09-30": "17", "2005-06-30": "13", "2005-03-31": "13"}}, "total-assets": {"American Campus Communities Inc Annual Total Assets (Millions of US $)": {"2019": "$7,560", "2018": "$7,039", "2017": "$6,897", "2016": "$5,866", "2015": "$6,006", "2014": "$5,835", "2013": "$5,598", "2012": "$5,119", "2011": "$3,009", "2010": "$2,693", "2009": "$2,235", "2008": "$2,184", "2007": "$1,076", "2006": "$884", "2005": "$551"}, "American Campus Communities Inc Quarterly Total Assets (Millions of US $)": {"2020-09-30": "$7,582", "2020-06-30": "$7,515", "2020-03-31": "$7,620", "2019-12-31": "$7,560", "2019-09-30": "$7,669", "2019-06-30": "$7,383", "2019-03-31": "$7,325", "2018-12-31": "$7,039", "2018-09-30": "$7,046", "2018-06-30": "$6,905", "2018-03-31": "$7,007", "2017-12-31": "$6,897", "2017-09-30": "$6,687", "2017-06-30": "$6,225", "2017-03-31": "$5,988", "2016-12-31": "$5,866", "2016-09-30": "$6,279", "2016-06-30": "$6,315", "2016-03-31": "$6,368", "2015-12-31": "$6,006", "2015-09-30": "$6,026", "2015-06-30": "$5,810", "2015-03-31": "$5,820", "2014-12-31": "$5,835", "2014-09-30": "$5,754", "2014-06-30": "$5,721", "2014-03-31": "$5,621", "2013-12-31": "$5,598", "2013-09-30": "$5,320", "2013-06-30": "$5,292", "2013-03-31": "$5,160", "2012-12-31": "$5,119", "2012-09-30": "$4,215", "2012-06-30": "$3,241", "2012-03-31": "$3,116", "2011-12-31": "$3,009", "2011-09-30": "$2,705", "2011-06-30": "$2,621", "2011-03-31": "$2,629", "2010-12-31": "$2,693", "2010-09-30": "$2,661", "2010-06-30": "$2,151", "2010-03-31": "$2,156", "2009-12-31": "$2,235", "2009-09-30": "$2,300", "2009-06-30": "$2,249", "2009-03-31": "$2,190", "2008-12-31": "$2,184", "2008-09-30": "$2,192", "2008-06-30": "$2,239", "2008-03-31": "$1,129", "2007-12-31": "$1,076", "2007-09-30": "$1,032", "2007-06-30": "$989", "2007-03-31": "$976", "2006-12-31": "$884", "2006-09-30": "$864", "2006-06-30": "$823", "2006-03-31": "$802", "2005-12-31": "$551", "2005-09-30": "$554", "2005-06-30": "$507", "2005-03-31": "$486"}}, "cash-on-hand": {"American Campus Communities Inc Annual Cash on Hand (Millions of US $)": {"2019": "$81", "2018": "$107", "2017": "$65", "2016": "$47", "2015": "$50", "2014": "$57", "2013": "$74", "2012": "$58", "2011": "$45", "2010": "$140", "2009": "$96", "2008": "$58", "2007": "$26", "2006": "$90", "2005": "$34"}, "American Campus Communities Inc Quarterly Cash on Hand (Millions of US $)": {"2020-09-30": "$68", "2020-06-30": "$61", "2020-03-31": "$209", "2019-12-31": "$81", "2019-09-30": "$86", "2019-06-30": "$89", "2019-03-31": "$80", "2018-12-31": "$107", "2018-09-30": "$91", "2018-06-30": "$87", "2018-03-31": "$84", "2017-12-31": "$65", "2017-09-30": "$42", "2017-06-30": "$54", "2017-03-31": "$59", "2016-12-31": "$47", "2016-09-30": "$62", "2016-06-30": "$242", "2016-03-31": "$428", "2015-12-31": "$50", "2015-09-30": "$82", "2015-06-30": "$49", "2015-03-31": "$52", "2014-12-31": "$57", "2014-09-30": "$51", "2014-06-30": "$99", "2014-03-31": "$67", "2013-12-31": "$74", "2013-09-30": "$63", "2013-06-30": "$65", "2013-03-31": "$54", "2012-12-31": "$58", "2012-09-30": "$69", "2012-06-30": "$57", "2012-03-31": "$54", "2011-12-31": "$45", "2011-09-30": "$53", "2011-06-30": "$75", "2011-03-31": "$59", "2010-12-31": "$140", "2010-09-30": "$230", "2010-06-30": "$53", "2010-03-31": "$50", "2009-12-31": "$96", "2009-09-30": "$116", "2009-06-30": "$89", "2009-03-31": "$56", "2008-12-31": "$58", "2008-09-30": "$67", "2008-06-30": "$96", "2008-03-31": "$29", "2007-12-31": "$26", "2007-09-30": "$25", "2007-06-30": "$25", "2007-03-31": "$35", "2006-12-31": "$90", "2006-09-30": "$45", "2006-06-30": "$23", "2006-03-31": "$24", "2005-12-31": "$34", "2005-09-30": "$14", "2005-06-30": "$17", "2005-03-31": "$14"}}, "long-term-debt": {"American Campus Communities Inc Annual Long Term Debt (Millions of US $)": {"2019": "$3,398", "2018": "$3,028", "2017": "$3,025", "2016": "$2,125", "2015": "$2,948", "2014": "$2,973", "2013": "$2,657", "2012": "$2,117", "2011": "$1,332", "2010": "$1,244", "2009": "$1,129", "2008": "$1,277", "2007": "$543", "2006": "$432", "2005": "$292"}, "American Campus Communities Inc Quarterly Long Term Debt (Millions of US $)": {"2020-09-30": "$3,591", "2020-06-30": "$3,507", "2020-03-31": "$3,540", "2019-12-31": "$3,398", "2019-09-30": "$3,363", "2019-06-30": "$3,241", "2019-03-31": "$3,109", "2018-12-31": "$3,028", "2018-09-30": "$2,974", "2018-06-30": "$2,827", "2018-03-31": "$3,134", "2017-12-31": "$3,025", "2017-09-30": "$2,766", "2017-06-30": "$2,360", "2017-03-31": "$2,208", "2016-12-31": "$2,125", "2016-09-30": "$2,484", "2016-06-30": "$2,591", "2016-03-31": "$2,623", "2015-12-31": "$2,948", "2015-09-30": "$2,921", "2015-06-30": "$2,733", "2015-03-31": "$2,725", "2014-12-31": "$2,973", "2014-09-30": "$2,924", "2014-06-30": "$2,824", "2014-03-31": "$2,703", "2013-12-31": "$2,657", "2013-09-30": "$2,339", "2013-06-30": "$2,346", "2013-03-31": "$2,187", "2012-12-31": "$2,117", "2012-09-30": "$1,713", "2012-06-30": "$1,511", "2012-03-31": "$1,371", "2011-12-31": "$1,332", "2011-09-30": "$1,121", "2011-06-30": "$1,112", "2011-03-31": "$1,186", "2010-12-31": "$1,244", "2010-09-30": "$1,300", "2010-06-30": "$1,077", "2010-03-31": "$1,075", "2009-12-31": "$1,129", "2009-09-30": "$1,156", "2009-06-30": "$1,190", "2009-03-31": "$1,311", "2008-12-31": "$1,277", "2008-09-30": "$1,254", "2008-06-30": "$1,291", "2008-03-31": "$605", "2007-12-31": "$543", "2007-09-30": "$592", "2007-06-30": "$543", "2007-03-31": "$528", "2006-12-31": "$432", "2006-09-30": "$425", "2006-06-30": "$511", "2006-03-31": "$490", "2005-12-31": "$292", "2005-09-30": "$292", "2005-06-30": "$337", "2005-03-31": "$314"}}, "total-liabilities": {"American Campus Communities Inc Annual Total Liabilities (Millions of US $)": {"2019": "$4,221", "2018": "$3,492", "2017": "$3,398", "2016": "$2,415", "2015": "$3,225", "2014": "$3,219", "2013": "$2,967", "2012": "$2,442", "2011": "$1,605", "2010": "$1,476", "2009": "$1,332", "2008": "$1,395", "2007": "$632", "2006": "$515", "2005": "$328"}, "American Campus Communities Inc Quarterly Total Liabilities (Millions of US $)": {"2020-09-30": "$4,386", "2020-06-30": "$4,243", "2020-03-31": "$4,268", "2019-12-31": "$4,221", "2019-09-30": "$4,289", "2019-06-30": "$3,942", "2019-03-31": "$3,822", "2018-12-31": "$3,492", "2018-09-30": "$3,484", "2018-06-30": "$3,221", "2018-03-31": "$3,527", "2017-12-31": "$3,398", "2017-09-30": "$3,173", "2017-06-30": "$2,657", "2017-03-31": "$2,486", "2016-12-31": "$2,415", "2016-09-30": "$2,825", "2016-06-30": "$2,891", "2016-03-31": "$2,894", "2015-12-31": "$3,225", "2015-09-30": "$3,230", "2015-06-30": "$2,979", "2015-03-31": "$2,967", "2014-12-31": "$3,219", "2014-09-30": "$3,204", "2014-06-30": "$3,137", "2014-03-31": "$3,006", "2013-12-31": "$2,967", "2013-09-30": "$2,684", "2013-06-30": "$2,648", "2013-03-31": "$2,497", "2012-12-31": "$2,442", "2012-09-30": "$2,058", "2012-06-30": "$1,784", "2012-03-31": "$1,644", "2011-12-31": "$1,605", "2011-09-30": "$1,389", "2011-06-30": "$1,331", "2011-03-31": "$1,408", "2010-12-31": "$1,476", "2010-09-30": "$1,438", "2010-06-30": "$1,277", "2010-03-31": "$1,273", "2009-12-31": "$1,332", "2009-09-30": "$1,377", "2009-06-30": "$1,296", "2009-03-31": "$1,414", "2008-12-31": "$1,395", "2008-09-30": "$1,384", "2008-06-30": "$1,405", "2008-03-31": "$689", "2007-12-31": "$632", "2007-09-30": "$683", "2007-06-30": "$633", "2007-03-31": "$616", "2006-12-31": "$515", "2006-09-30": "$510", "2006-06-30": "$589", "2006-03-31": "$561", "2005-12-31": "$328", "2005-09-30": "$329", "2005-06-30": "$374", "2005-03-31": "$345"}}, "total-share-holder-equity": {"American Campus Communities Inc Annual Share Holder Equity (Millions of US $)": {"2019": "$3,339", "2018": "$3,547", "2017": "$3,499", "2016": "$3,450", "2015": "$2,782", "2014": "$2,615", "2013": "$2,631", "2012": "$2,677", "2011": "$1,404", "2010": "$1,218", "2009": "$903", "2008": "$789", "2007": "$444", "2006": "$369", "2005": "$223"}, "American Campus Communities Inc Quarterly Share Holder Equity (Millions of US $)": {"2020-09-30": "$3,196", "2020-06-30": "$3,271", "2020-03-31": "$3,352", "2019-12-31": "$3,339", "2019-09-30": "$3,380", "2019-06-30": "$3,441", "2019-03-31": "$3,503", "2018-12-31": "$3,547", "2018-09-30": "$3,562", "2018-06-30": "$3,684", "2018-03-31": "$3,480", "2017-12-31": "$3,499", "2017-09-30": "$3,514", "2017-06-30": "$3,568", "2017-03-31": "$3,502", "2016-12-31": "$3,450", "2016-09-30": "$3,454", "2016-06-30": "$3,425", "2016-03-31": "$3,474", "2015-12-31": "$2,782", "2015-09-30": "$2,796", "2015-06-30": "$2,831", "2015-03-31": "$2,852", "2014-12-31": "$2,615", "2014-09-30": "$2,550", "2014-06-30": "$2,584", "2014-03-31": "$2,614", "2013-12-31": "$2,631", "2013-09-30": "$2,636", "2013-06-30": "$2,644", "2013-03-31": "$2,663", "2012-12-31": "$2,677", "2012-09-30": "$2,157", "2012-06-30": "$1,457", "2012-03-31": "$1,472", "2011-12-31": "$1,404", "2011-09-30": "$1,316", "2011-06-30": "$1,290", "2011-03-31": "$1,222", "2010-12-31": "$1,218", "2010-09-30": "$1,223", "2010-06-30": "$874", "2010-03-31": "$882", "2009-12-31": "$903", "2009-09-30": "$923", "2009-06-30": "$953", "2009-03-31": "$776", "2008-12-31": "$789", "2008-09-30": "$807", "2008-06-30": "$834", "2008-03-31": "$440", "2007-12-31": "$444", "2007-09-30": "$349", "2007-06-30": "$357", "2007-03-31": "$360", "2006-12-31": "$369", "2006-09-30": "$354", "2006-06-30": "$234", "2006-03-31": "$241", "2005-12-31": "$223", "2005-09-30": "$225", "2005-06-30": "$133", "2005-03-31": "$141"}}, "profit-margins": {"current": "8.14%"}, "gross margin": {"2020-09-30": "53.36%", "2020-06-30": "54.08%", "2020-03-31": "55.05%", "2019-12-31": "54.93%", "2019-09-30": "55.09%", "2019-06-30": "55.01%", "2019-03-31": "54.88%", "2018-12-31": "54.32%", "2018-09-30": "54.41%", "2018-06-30": "54.49%", "2018-03-31": "54.49%", "2017-12-31": "54.58%", "2017-09-30": "53.56%", "2017-06-30": "53.50%", "2017-03-31": "53.66%", "2016-12-31": "53.56%", "2016-09-30": "53.57%", "2016-06-30": "53.06%", "2016-03-31": "52.69%", "2015-12-31": "52.46%", "2015-09-30": "52.14%", "2015-06-30": "52.20%", "2015-03-31": "52.09%", "2014-12-31": "51.91%", "2014-09-30": "51.67%", "2014-06-30": "51.58%", "2014-03-31": "51.40%", "2013-12-31": "51.45%", "2013-09-30": "51.37%", "2013-06-30": "52.61%", "2013-03-31": "52.87%", "2012-12-31": "52.36%", "2012-09-30": "51.13%", "2012-06-30": "51.44%", "2012-03-31": "51.22%", "2011-12-31": "51.52%", "2011-09-30": "52.03%", "2011-06-30": "53.06%", "2011-03-31": "53.04%", "2010-12-31": "52.15%", "2010-09-30": "52.44%", "2010-06-30": "51.85%", "2010-03-31": "51.02%", "2009-12-31": "50.34%", "2009-09-30": "48.48%", "2009-06-30": "47.10%", "2009-03-31": "47.37%", "2008-12-31": "47.19%", "2008-09-30": "48.24%", "2008-06-30": "51.83%", "2008-03-31": "52.29%", "2007-12-31": "52.38%", "2007-09-30": "51.80%", "2007-06-30": "52.63%", "2007-03-31": "51.56%", "2006-12-31": "50.83%", "2006-09-30": "50.00%", "2006-06-30": "50.00%", "2006-03-31": "51.11%", "2005-12-31": "50.60%"}, "operating margin": {"2020-09-30": "21.48%", "2020-06-30": "22.96%", "2020-03-31": "24.84%", "2019-12-31": "19.09%", "2019-09-30": "20.58%", "2019-06-30": "20.37%", "2019-03-31": "24.61%", "2018-12-31": "24.20%", "2018-09-30": "24.13%", "2018-06-30": "24.11%", "2018-03-31": "17.48%", "2017-12-31": "17.94%", "2017-09-30": "19.79%", "2017-06-30": "21.24%", "2017-03-31": "24.39%", "2016-12-31": "24.68%", "2016-09-30": "22.32%", "2016-06-30": "21.46%", "2016-03-31": "21.02%", "2015-12-31": "20.85%", "2015-09-30": "20.86%", "2015-06-30": "20.83%", "2015-03-31": "21.13%", "2014-12-31": "21.12%", "2014-09-30": "20.97%", "2014-06-30": "21.12%", "2014-03-31": "20.38%", "2013-12-31": "20.09%", "2013-09-30": "19.39%", "2013-06-30": "20.56%", "2013-03-31": "22.22%", "2012-12-31": "22.75%", "2012-09-30": "22.31%", "2012-06-30": "24.15%", "2012-03-31": "24.12%", "2011-12-31": "24.65%", "2011-09-30": "25.75%", "2011-06-30": "26.39%", "2011-03-31": "26.38%", "2010-12-31": "25.15%", "2010-09-30": "25.73%", "2010-06-30": "25.25%", "2010-03-31": "23.47%", "2009-12-31": "22.07%", "2009-09-30": "18.86%", "2009-06-30": "16.72%", "2009-03-31": "16.92%", "2008-12-31": "17.32%", "2008-09-30": "19.60%", "2008-06-30": "24.39%", "2008-03-31": "25.49%", "2007-12-31": "18.37%", "2007-09-30": "17.27%", "2007-06-30": "17.29%", "2007-03-31": "16.41%", "2006-12-31": "24.17%", "2006-09-30": "22.22%", "2006-06-30": "23.47%", "2006-03-31": "24.44%", "2005-12-31": "22.89%"}, "ebitda margin": {"2020-09-30": "51.90%", "2020-06-30": "52.67%", "2020-03-31": "53.79%", "2019-12-31": "48.46%", "2019-09-30": "50.16%", "2019-06-30": "50.00%", "2019-03-31": "54.32%", "2018-12-31": "54.20%", "2018-09-30": "54.41%", "2018-06-30": "54.26%", "2018-03-31": "47.21%", "2017-12-31": "47.05%", "2017-09-30": "47.99%", "2017-06-30": "48.32%", "2017-03-31": "50.83%", "2016-12-31": "51.02%", "2016-09-30": "48.98%", "2016-06-30": "48.50%", "2016-03-31": "48.23%", "2015-12-31": "47.81%", "2015-09-30": "47.46%", "2015-06-30": "47.13%", "2015-03-31": "47.11%", "2014-12-31": "47.14%", "2014-09-30": "46.94%", "2014-06-30": "47.27%", "2014-03-31": "47.12%", "2013-12-31": "47.18%", "2013-09-30": "47.01%", "2013-06-30": "47.91%", "2013-03-31": "48.28%", "2012-12-31": "47.85%", "2012-09-30": "47.87%", "2012-06-30": "49.34%", "2012-03-31": "49.32%", "2011-12-31": "49.58%", "2011-09-30": "49.86%", "2011-06-30": "50.56%", "2011-03-31": "50.72%", "2010-12-31": "50.00%", "2010-09-30": "51.14%", "2010-06-30": "51.18%", "2010-03-31": "50.34%", "2009-12-31": "49.66%", "2009-09-30": "46.80%", "2009-06-30": "44.71%", "2009-03-31": "43.98%", "2008-12-31": "43.29%", "2008-09-30": "42.71%", "2008-06-30": "45.12%", "2008-03-31": "45.75%", "2007-12-31": "38.78%", "2007-09-30": "37.41%", "2007-06-30": "38.35%", "2007-03-31": "38.28%", "2006-12-31": "45.83%", "2006-09-30": "44.44%", "2006-06-30": "44.90%", "2006-03-31": "43.33%", "2005-12-31": "42.17%"}, "pre tax profit margin": {"2020-09-30": "8.05%", "2020-06-30": "12.30%", "2020-03-31": "14.63%", "2019-12-31": "9.44%", "2019-09-30": "12.11%", "2019-06-30": "9.80%", "2019-03-31": "14.08%", "2018-12-31": "13.86%", "2018-09-30": "12.99%", "2018-06-30": "13.48%", "2018-03-31": "7.77%", "2017-12-31": "9.03%", "2017-09-30": "7.50%", "2017-06-30": "8.94%", "2017-03-31": "11.55%", "2016-12-31": "12.98%", "2016-09-30": "13.39%", "2016-06-30": "12.61%", "2016-03-31": "12.35%", "2015-12-31": "15.80%", "2015-09-30": "15.78%", "2015-06-30": "14.82%", "2015-03-31": "14.67%", "2014-12-31": "8.58%", "2014-09-30": "8.61%", "2014-06-30": "8.91%", "2014-03-31": "7.98%", "2013-12-31": "7.46%", "2013-09-30": "6.79%", "2013-06-30": "8.01%", "2013-03-31": "9.77%", "2012-12-31": "10.52%", "2012-09-30": "9.27%", "2012-06-30": "10.50%", "2012-03-31": "9.76%", "2011-12-31": "9.42%", "2011-09-30": "10.30%", "2011-06-30": "11.11%", "2011-03-31": "9.57%", "2010-12-31": "6.75%", "2010-09-30": "6.19%", "2010-06-30": "3.37%", "2010-03-31": "1.70%", "2009-12-31": "0.00%", "2009-09-30": "-3.70%", "2009-06-30": "-6.48%", "2009-03-31": "-5.64%", "2008-12-31": "-4.76%", "2008-09-30": "-1.01%", "2008-06-30": "5.49%", "2008-03-31": "5.88%", "2007-12-31": "-0.68%", "2007-09-30": "-1.44%", "2007-06-30": "-1.50%", "2007-03-31": "-3.13%", "2006-12-31": "3.33%", "2006-09-30": "0.00%", "2006-06-30": "1.02%", "2006-03-31": "2.22%", "2005-12-31": "2.41%"}, "net profit margin": {"2020-09-30": "8.17%", "2020-06-30": "12.30%", "2020-03-31": "14.32%", "2019-12-31": "9.01%", "2019-09-30": "11.58%", "2019-06-30": "9.37%", "2019-03-31": "13.53%", "2018-12-31": "13.41%", "2018-09-30": "12.65%", "2018-06-30": "13.00%", "2018-03-31": "7.40%", "2017-12-31": "8.66%", "2017-09-30": "7.12%", "2017-06-30": "8.55%", "2017-03-31": "11.17%", "2016-12-31": "12.60%", "2016-09-30": "13.01%", "2016-06-30": "12.22%", "2016-03-31": "12.09%", "2015-12-31": "15.41%", "2015-09-30": "15.37%", "2015-06-30": "14.29%", "2015-03-31": "14.00%", "2014-12-31": "8.45%", "2014-09-30": "8.75%", "2014-06-30": "16.67%", "2014-03-31": "16.40%", "2013-12-31": "15.98%", "2013-09-30": "16.32%", "2013-06-30": "9.58%", "2013-03-31": "11.30%", "2012-12-31": "12.23%", "2012-09-30": "12.28%", "2012-06-30": "13.12%", "2012-03-31": "16.26%", "2011-12-31": "15.79%", "2011-09-30": "14.91%", "2011-06-30": "15.83%", "2011-03-31": "10.43%", "2010-12-31": "5.21%", "2010-09-30": "0.33%", "2010-06-30": "-3.03%", "2010-03-31": "-5.10%", "2009-12-31": "-4.48%", "2009-09-30": "-4.71%", "2009-06-30": "-7.17%", "2009-03-31": "-6.39%", "2008-12-31": "-5.19%", "2008-09-30": "-1.51%", "2008-06-30": "4.88%", "2008-03-31": "5.23%", "2007-12-31": "-1.36%", "2007-09-30": "10.79%", "2007-06-30": "11.28%", "2007-03-31": "10.94%", "2006-12-31": "19.17%", "2006-09-30": "3.70%", "2006-06-30": "5.10%", "2006-03-31": "5.56%", "2005-12-31": "10.84%"}, "pe ratio": {"current": "20.33", "2021-02-05": "84.10", "2020-09-30": "66.91", "2020-06-30": "42.14", "2020-03-31": "27.17", "2019-12-31": "73.70", "2019-09-30": "58.89", "2019-06-30": "70.91", "2019-03-31": "50.48", "2018-12-31": "45.05", "2018-09-30": "47.75", "2018-06-30": "48.56", "2018-03-31": "78.43", "2017-12-31": "70.82", "2017-09-30": "91.97", "2017-06-30": "81.67", "2017-03-31": "61.35", "2016-12-31": "54.40", "2016-09-30": "51.08", "2016-06-30": "56.08", "2016-03-31": "49.51", "2015-12-31": "32.19", "2015-09-30": "27.94", "2015-06-30": "31.16", "2015-03-31": "35.85", "2014-12-31": "54.99", "2014-09-30": "47.19", "2014-06-30": "26.29", "2014-03-31": "26.64", "2013-12-31": "24.35", "2013-09-30": "26.35", "2013-06-30": "59.01", "2013-03-31": "55.32", "2012-12-31": "50.72", "2012-09-30": "48.64", "2012-06-30": "47.99", "2012-03-31": "38.59", "2011-12-31": "36.38", "2011-09-30": "32.80", "2011-06-30": "29.51", "2011-03-31": "42.81", "2010-12-31": "96.37", "2010-09-30": "0.00", "2010-06-30": "0.00", "2010-03-31": "0.00", "2009-12-31": "0.00", "2009-09-30": "0.00", "2009-06-30": "0.00", "2009-03-31": "0.00", "2008-12-31": "0.00", "2008-09-30": "286.34", "2008-06-30": "60.32", "2008-03-31": "56.53", "2007-12-31": "0.00", "2007-09-30": "24.66", "2007-06-30": "23.19", "2007-03-31": "28.27", "2006-12-31": "15.99"}, "price sales": {"2021-02-05": "6.63", "2020-09-30": "5.27", "2020-06-30": "5.07", "2020-03-31": "3.84", "2019-12-31": "6.48", "2019-09-30": "6.63", "2019-06-30": "6.38", "2019-03-31": "6.62", "2018-12-31": "5.83", "2018-09-30": "5.84", "2018-06-30": "6.13", "2018-03-31": "5.57", "2017-12-31": "6.02", "2017-09-30": "6.52", "2017-06-30": "6.86", "2017-03-31": "6.74", "2016-12-31": "6.79", "2016-09-30": "6.66", "2016-06-30": "6.75", "2016-03-31": "5.81", "2015-12-31": "4.99", "2015-09-30": "4.27", "2015-06-30": "4.31", "2015-03-31": "4.81", "2014-12-31": "4.58", "2014-09-30": "4.08", "2014-06-30": "4.38", "2014-03-31": "4.35", "2013-12-31": "3.82", "2013-09-30": "4.03", "2013-06-30": "4.95", "2013-03-31": "5.58", "2012-12-31": "5.75", "2012-09-30": "6.04", "2012-06-30": "6.04", "2012-03-31": "6.03", "2011-12-31": "5.57", "2011-09-30": "4.60", "2011-06-30": "4.30", "2011-03-31": "3.88", "2010-12-31": "3.67", "2010-09-30": "3.53", "2010-06-30": "3.10", "2010-03-31": "3.06", "2009-12-31": "2.93", "2009-09-30": "2.51", "2009-06-30": "1.99", "2009-03-31": "1.60", "2008-12-31": "1.97", "2008-09-30": "3.34", "2008-06-30": "2.81", "2008-03-31": "2.67", "2007-12-31": "2.60", "2007-09-30": "2.88", "2007-06-30": "2.72", "2007-03-31": "2.82", "2006-12-31": "2.59"}, "price book": {"current": "1.85", "2021-02-05": "1.85", "2020-09-30": "1.47", "2020-06-30": "1.42", "2020-03-31": "1.08", "2019-12-31": "1.82", "2019-09-30": "1.82", "2019-06-30": "1.70", "2019-03-31": "1.70", "2018-12-31": "1.44", "2018-09-30": "1.41", "2018-06-30": "1.40", "2018-03-31": "1.32", "2017-12-31": "1.38", "2017-09-30": "1.46", "2017-06-30": "1.53", "2017-03-31": "1.52", "2016-12-31": "1.58", "2016-09-30": "1.60", "2016-06-30": "1.64", "2016-03-31": "1.43", "2015-12-31": "1.34", "2015-09-30": "1.16", "2015-06-30": "1.17", "2015-03-31": "1.31", "2014-12-31": "1.31", "2014-09-30": "1.15", "2014-06-30": "1.17", "2014-03-31": "1.12", "2013-12-31": "0.95", "2013-09-30": "0.99", "2013-06-30": "1.17", "2013-03-31": "1.28", "2012-12-31": "1.29", "2012-09-30": "1.33", "2012-06-30": "1.63", "2012-03-31": "1.59", "2011-12-31": "1.51", "2011-09-30": "1.38", "2011-06-30": "1.30", "2011-03-31": "1.23", "2010-12-31": "1.16", "2010-09-30": "1.10", "2010-06-30": "1.07", "2010-03-31": "1.06", "2009-12-31": "1.03", "2009-09-30": "0.95", "2009-06-30": "0.75", "2009-03-31": "0.58", "2008-12-31": "0.66", "2008-09-30": "1.05", "2008-06-30": "0.83", "2008-03-31": "0.99", "2007-12-31": "0.94", "2007-09-30": "1.12", "2007-06-30": "1.01", "2007-03-31": "1.06", "2006-12-31": "0.96", "2006-09-30": "0.67", "2006-06-30": "0.97", "2006-03-31": "0.97"}, "price fcf": {"2021-02-05": "", "2020-09-30": "$1.16", "2020-06-30": "$1.07", "2020-03-31": "$0.92", "2019-12-31": "$-0.35", "2019-09-30": "$-1.01", "2019-06-30": "$-1.26", "2019-03-31": "$0.25", "2018-12-31": "$0.31", "2018-09-30": "$-0.60", "2018-06-30": "$-1.65", "2018-03-31": "$-4.42", "2017-12-31": "$-4.81", "2017-09-30": "$-0.73", "2017-06-30": "$0.33", "2017-03-31": "$1.24", "2016-12-31": "$2.19", "2016-09-30": "$-1.08", "2016-06-30": "$-0.99", "2016-03-31": "$0.03", "2015-12-31": "$0.23", "2015-09-30": "$-0.36", "2015-06-30": "$-0.14", "2015-03-31": "$-0.75", "2014-12-31": "$-1.64", "2014-09-30": "$-2.27", "2014-06-30": "$-1.86", "2014-03-31": "$-1.95", "2013-12-31": "$-1.90", "2013-09-30": "$-6.38", "2013-06-30": "$-13.21", "2013-03-31": "$-14.04", "2012-12-31": "$-14.71", "2012-09-30": "$-12.28", "2012-06-30": "$-6.58", "2012-03-31": "$-4.55", "2011-12-31": "$-3.78", "2011-09-30": "$-1.45", "2011-06-30": "$-1.88", "2011-03-31": "$-2.59", "2010-12-31": "$-2.21", "2010-09-30": "$-1.02", "2010-06-30": "$0.37", "2010-03-31": "$-0.32", "2009-12-31": "$-0.92", "2009-09-30": "$4.60", "2009-06-30": "$5.37", "2009-03-31": "$-2.08", "2008-12-31": "$-3.14", "2008-09-30": "$-10.27", "2008-06-30": "$-13.10", "2008-03-31": "$-5.85", "2007-12-31": "$-6.49", "2007-09-30": "$-2.44", "2007-06-30": "$-1.09", "2007-03-31": "$-1.01", "2006-12-31": "$-3.22"}, "net worth": {"value": "$5.9B"}, "current ratio": {"2020-09-30": "1.03", "2020-06-30": "0.97", "2020-03-31": "4.17", "2019-12-31": "1.07", "2019-09-30": "1.31", "2019-06-30": "1.46", "2019-03-31": "1.61", "2018-12-31": "1.30", "2018-09-30": "1.57", "2018-06-30": "1.43", "2018-03-31": "1.77", "2017-12-31": "1.38", "2017-09-30": "0.73", "2017-06-30": "0.98", "2017-03-31": "1.37", "2016-12-31": "0.72", "2016-09-30": "1.02", "2016-06-30": "4.04", "2016-03-31": "8.82", "2015-12-31": "0.96", "2015-09-30": "1.31", "2015-06-30": "0.84", "2015-03-31": "1.16", "2014-12-31": "0.95", "2014-09-30": "0.89", "2014-06-30": "1.86", "2014-03-31": "1.51", "2013-12-31": "1.28", "2013-09-30": "1.25", "2013-06-30": "1.48", "2013-03-31": "1.35", "2012-12-31": "1.29", "2012-09-30": "1.36", "2012-06-30": "1.61", "2012-03-31": "1.92", "2011-12-31": "1.37", "2011-09-30": "1.61", "2011-06-30": "2.59", "2011-03-31": "2.47", "2010-12-31": "4.20", "2010-09-30": "7.02", "2010-06-30": "2.11", "2010-03-31": "2.45", "2009-12-31": "3.82", "2009-09-30": "3.88", "2009-06-30": "3.21", "2009-03-31": "2.27", "2008-12-31": "1.79", "2008-09-30": "1.84", "2008-06-30": "2.81", "2008-03-31": "2.65", "2007-12-31": "2.06", "2007-09-30": "2.02", "2007-06-30": "1.24", "2007-03-31": "2.23", "2006-12-31": "6.87", "2006-09-30": "2.97", "2006-06-30": "1.80", "2006-03-31": "2.60", "2005-12-31": "4.60", "2005-09-30": "1.95", "2005-06-30": "2.34", "2005-03-31": "3.19"}, "quick ratio": {"2020-09-30": "0.00", "2020-06-30": "0.00", "2020-03-31": "0.00", "2019-12-31": "0.00", "2019-09-30": "0.00", "2019-06-30": "0.00", "2019-03-31": "0.00", "2018-12-31": "0.00", "2018-09-30": "0.00", "2018-06-30": "0.00", "2018-03-31": "0.00", "2017-12-31": "0.00", "2017-09-30": "0.00", "2017-06-30": "0.00", "2017-03-31": "0.00", "2016-12-31": "0.00", "2016-09-30": "0.00", "2016-06-30": "0.00", "2016-03-31": "0.00", "2015-12-31": "0.00", "2015-09-30": "0.00", "2015-06-30": "0.00", "2015-03-31": "0.00", "2014-12-31": "0.00", "2014-09-30": "0.00", "2014-06-30": "0.00", "2014-03-31": "0.00", "2013-12-31": "0.00", "2013-09-30": "0.00", "2013-06-30": "0.00", "2013-03-31": "0.00", "2012-12-31": "0.00", "2012-09-30": "0.00", "2012-06-30": "0.00", "2012-03-31": "0.00", "2011-12-31": "0.00", "2011-09-30": "0.00", "2011-06-30": "0.00", "2011-03-31": "0.00", "2010-12-31": "0.00", "2010-09-30": "0.00", "2010-06-30": "0.00", "2010-03-31": "0.00", "2009-12-31": "0.00", "2009-09-30": "0.00", "2009-06-30": "0.00", "2009-03-31": "0.00", "2008-12-31": "0.00", "2008-09-30": "0.00", "2008-06-30": "0.00", "2008-03-31": "0.00", "2007-12-31": "0.00", "2007-09-30": "0.00", "2007-06-30": "0.00", "2007-03-31": "0.00", "2006-12-31": "0.00", "2006-09-30": "0.00", "2006-06-30": "0.00", "2006-03-31": "0.00", "2005-12-31": "0.00", "2005-09-30": "0.00", "2005-06-30": "0.00", "2005-03-31": "0.00"}, "debt equity ratio": {"current": "1.12", "2020-09-30": "1.37", "2020-06-30": "1.30", "2020-03-31": "1.27", "2019-12-31": "1.26", "2019-09-30": "1.27", "2019-06-30": "1.15", "2019-03-31": "1.09", "2018-12-31": "0.99", "2018-09-30": "0.98", "2018-06-30": "0.87", "2018-03-31": "1.01", "2017-12-31": "0.97", "2017-09-30": "0.90", "2017-06-30": "0.75", "2017-03-31": "0.71", "2016-12-31": "0.70", "2016-09-30": "0.82", "2016-06-30": "0.84", "2016-03-31": "0.83", "2015-12-31": "1.16", "2015-09-30": "1.16", "2015-06-30": "1.05", "2015-03-31": "1.04", "2014-12-31": "1.23", "2014-09-30": "1.26", "2014-06-30": "1.21", "2014-03-31": "1.15", "2013-12-31": "1.13", "2013-09-30": "1.02", "2013-06-30": "1.00", "2013-03-31": "0.94", "2012-12-31": "0.91", "2012-09-30": "0.95", "2012-06-30": "1.23", "2012-03-31": "1.12", "2011-12-31": "1.14", "2011-09-30": "1.06", "2011-06-30": "1.03", "2011-03-31": "1.15", "2010-12-31": "1.21", "2010-09-30": "1.18", "2010-06-30": "1.46", "2010-03-31": "1.44", "2009-12-31": "1.48", "2009-09-30": "1.49", "2009-06-30": "1.36", "2009-03-31": "1.82", "2008-12-31": "1.77", "2008-09-30": "1.72", "2008-06-30": "1.68", "2008-03-31": "1.57", "2007-12-31": "1.42", "2007-09-30": "1.96", "2007-06-30": "1.77", "2007-03-31": "1.71", "2006-12-31": "1.39", "2006-09-30": "1.44", "2006-06-30": "2.52", "2006-03-31": "2.33", "2005-12-31": "1.47", "2005-09-30": "1.46", "2005-06-30": "2.80", "2005-03-31": "2.44"}, "return on equity": {"2020-09-30": "2.22%", "2020-06-30": "3.39%", "2020-03-31": "4.03%", "2019-12-31": "2.49%", "2019-09-30": "3.11%", "2019-06-30": "2.45%", "2019-03-31": "3.41%", "2018-12-31": "3.31%", "2018-09-30": "3.07%", "2018-06-30": "3.10%", "2018-03-31": "1.74%", "2017-12-31": "1.96%", "2017-09-30": "1.57%", "2017-06-30": "1.89%", "2017-03-31": "2.52%", "2016-12-31": "2.87%", "2016-09-30": "3.11%", "2016-06-30": "3.01%", "2016-03-31": "3.10%", "2015-12-31": "4.12%", "2015-09-30": "4.15%", "2015-06-30": "3.95%", "2015-03-31": "3.92%", "2014-12-31": "2.39%", "2014-09-30": "2.43%", "2014-06-30": "4.43%", "2014-03-31": "4.22%", "2013-12-31": "3.97%", "2013-09-30": "3.80%", "2013-06-30": "2.17%", "2013-03-31": "2.64%", "2012-12-31": "2.94%", "2012-09-30": "3.02%", "2012-06-30": "3.54%", "2012-03-31": "4.38%", "2011-12-31": "4.36%", "2011-09-30": "4.36%", "2011-06-30": "4.60%", "2011-03-31": "3.17%", "2010-12-31": "1.62%", "2010-09-30": "0.10%", "2010-06-30": "-1.01%", "2010-03-31": "-1.64%", "2009-12-31": "-1.46%", "2009-09-30": "-1.63%", "2009-06-30": "-2.53%", "2009-03-31": "-2.12%", "2008-12-31": "-1.67%", "2008-09-30": "-0.48%", "2008-06-30": "1.55%", "2008-03-31": "2.01%", "2007-12-31": "-0.53%", "2007-09-30": "4.18%", "2007-06-30": "4.17%", "2007-03-31": "4.25%", "2006-12-31": "7.68%", "2006-09-30": "1.52%", "2006-06-30": "2.17%", "2006-03-31": "2.43%", "2005-12-31": "4.99%"}, "return on assets": {"2020-09-30": "0.96%", "2020-06-30": "1.49%", "2020-03-31": "1.80%", "2019-12-31": "1.14%", "2019-09-30": "1.47%", "2019-06-30": "1.19%", "2019-03-31": "1.72%", "2018-12-31": "1.69%", "2018-09-30": "1.57%", "2018-06-30": "1.60%", "2018-03-31": "0.91%", "2017-12-31": "1.07%", "2017-09-30": "0.89%", "2017-06-30": "1.08%", "2017-03-31": "1.42%", "2016-12-31": "1.59%", "2016-09-30": "1.63%", "2016-06-30": "1.52%", "2016-03-31": "1.52%", "2015-12-31": "1.96%", "2015-09-30": "1.96%", "2015-06-30": "1.84%", "2015-03-31": "1.80%", "2014-12-31": "1.08%", "2014-09-30": "1.11%", "2014-06-30": "2.08%", "2014-03-31": "2.03%", "2013-12-31": "1.97%", "2013-09-30": "1.93%", "2013-06-30": "1.11%", "2013-03-31": "1.33%", "2012-12-31": "1.45%", "2012-09-30": "1.44%", "2012-06-30": "1.66%", "2012-03-31": "2.10%", "2011-12-31": "2.08%", "2011-09-30": "2.07%", "2011-06-30": "2.15%", "2011-03-31": "1.42%", "2010-12-31": "0.70%", "2010-09-30": "0.04%", "2010-06-30": "-0.41%", "2010-03-31": "-0.67%", "2009-12-31": "-0.58%", "2009-09-30": "-0.63%", "2009-06-30": "-0.95%", "2009-03-31": "-0.77%", "2008-12-31": "-0.62%", "2008-09-30": "-0.18%", "2008-06-30": "0.58%", "2008-03-31": "0.76%", "2007-12-31": "-0.20%", "2007-09-30": "1.55%", "2007-06-30": "1.62%", "2007-03-31": "1.58%", "2006-12-31": "2.73%", "2006-09-30": "0.53%", "2006-06-30": "0.73%", "2006-03-31": "0.83%", "2005-12-31": "1.72%"}, "return on investments": {"2020-09-30": "2.82%", "2020-06-30": "3.11%", "2020-03-31": "3.49%", "2019-12-31": "2.69%", "2019-09-30": "2.89%", "2019-06-30": "2.83%", "2019-03-31": "3.38%", "2018-12-31": "3.25%", "2018-09-30": "3.18%", "2018-06-30": "3.15%", "2018-03-31": "2.27%", "2017-12-31": "2.34%", "2017-09-30": "2.60%", "2017-06-30": "2.83%", "2017-03-31": "3.27%", "2016-12-31": "3.28%", "2016-09-30": "2.94%", "2016-06-30": "2.80%", "2016-03-31": "2.77%", "2015-12-31": "2.78%", "2015-09-30": "2.78%", "2015-06-30": "2.81%", "2015-03-31": "2.85%", "2014-12-31": "2.85%", "2014-09-30": "2.81%", "2014-06-30": "2.80%", "2014-03-31": "2.68%", "2013-12-31": "2.63%", "2013-09-30": "2.45%", "2013-06-30": "2.55%", "2013-03-31": "2.82%", "2012-12-31": "2.93%", "2012-09-30": "2.87%", "2012-06-30": "3.35%", "2012-03-31": "3.42%", "2011-12-31": "3.57%", "2011-09-30": "3.91%", "2011-06-30": "3.88%", "2011-03-31": "3.90%", "2010-12-31": "3.69%", "2010-09-30": "3.73%", "2010-06-30": "3.74%", "2010-03-31": "3.36%", "2009-12-31": "3.07%", "2009-09-30": "2.67%", "2009-06-30": "2.35%", "2009-03-31": "2.16%", "2008-12-31": "2.19%", "2008-09-30": "2.51%", "2008-06-30": "3.14%", "2008-03-31": "4.03%", "2007-12-31": "2.91%", "2007-09-30": "2.72%", "2007-06-30": "2.73%", "2007-03-31": "2.61%", "2006-12-31": "3.79%", "2006-09-30": "3.46%", "2006-06-30": "3.67%", "2006-03-31": "3.94%", "2005-12-31": "3.88%"}, "return on tangible equity": {"2020-09-30": "2.22%", "2020-06-30": "3.39%", "2020-03-31": "4.03%", "2019-12-31": "2.49%", "2019-09-30": "3.11%", "2019-06-30": "2.45%", "2019-03-31": "3.41%", "2018-12-31": "3.31%", "2018-09-30": "3.07%", "2018-06-30": "3.10%", "2018-03-31": "1.74%", "2017-12-31": "1.96%", "2017-09-30": "1.57%", "2017-06-30": "1.89%", "2017-03-31": "2.52%", "2016-12-31": "2.87%", "2016-09-30": "3.11%", "2016-06-30": "3.01%", "2016-03-31": "3.10%", "2015-12-31": "4.12%", "2015-09-30": "4.15%", "2015-06-30": "3.95%", "2015-03-31": "3.92%", "2014-12-31": "2.39%", "2014-09-30": "2.43%", "2014-06-30": "4.43%", "2014-03-31": "4.22%", "2013-12-31": "3.97%", "2013-09-30": "3.80%", "2013-06-30": "2.17%", "2013-03-31": "2.64%", "2012-12-31": "2.94%", "2012-09-30": "3.02%", "2012-06-30": "3.54%", "2012-03-31": "4.38%", "2011-12-31": "4.36%", "2011-09-30": "4.36%", "2011-06-30": "4.60%", "2011-03-31": "3.17%", "2010-12-31": "1.62%", "2010-09-30": "0.10%", "2010-06-30": "-1.01%", "2010-03-31": "-1.64%", "2009-12-31": "-1.46%", "2009-09-30": "-1.63%", "2009-06-30": "-2.53%", "2009-03-31": "-2.12%", "2008-12-31": "-1.67%", "2008-09-30": "-0.48%", "2008-06-30": "1.55%", "2008-03-31": "2.01%", "2007-12-31": "-0.53%", "2007-09-30": "4.18%", "2007-06-30": "4.17%", "2007-03-31": "4.25%", "2006-12-31": "7.68%", "2006-09-30": "1.52%", "2006-06-30": "2.17%", "2006-03-31": "2.43%", "2005-12-31": "4.99%"}, "dividend yield history": {"last payout": "$1.88", "last yield": "4.38%"}}