{"ticker": "AMP", "price": {"title": "Ameriprise Financial Historical Annual Stock Price Data", "value": 211.06, "historical": {"2020": {"Average Stock Price": "152.4694", "Year Open": "169.2300", "Year High": "196.2800", "Year Low": "82.8800", "Year Close": "194.3300", "Annual % Change": "16.66%"}, "2019": {"Average Stock Price": "141.1230", "Year Open": "107.9600", "Year High": "168.4300", "Year Low": "105.1000", "Year Close": "166.5800", "Annual % Change": "59.61%"}, "2018": {"Average Stock Price": "143.2194", "Year Open": "169.9100", "Year High": "182.0400", "Year Low": "97.5800", "Year Close": "104.3700", "Annual % Change": "-38.41%"}, "2017": {"Average Stock Price": "137.7069", "Year Open": "111.8500", "Year High": "171.7000", "Year Low": "111.5500", "Year Close": "169.4700", "Annual % Change": "52.76%"}, "2016": {"Average Stock Price": "97.2475", "Year Open": "104.2500", "Year High": "118.9000", "Year Low": "76.2700", "Year Close": "110.9400", "Annual % Change": "4.25%"}, "2015": {"Average Stock Price": "122.0958", "Year Open": "132.0900", "Year High": "137.8100", "Year Low": "103.0800", "Year Close": "106.4200", "Annual % Change": "-19.53%"}, "2014": {"Average Stock Price": "117.7642", "Year Open": "113.8800", "Year High": "136.7600", "Year Low": "101.4700", "Year Close": "132.2500", "Annual % Change": "14.95%"}, "2013": {"Average Stock Price": "84.7133", "Year Open": "65.2800", "Year High": "115.0500", "Year Low": "63.9800", "Year Close": "115.0500", "Annual % Change": "83.70%"}, "2012": {"Average Stock Price": "54.8078", "Year Open": "51.4500", "Year High": "63.5200", "Year Low": "45.4600", "Year Close": "62.6300", "Annual % Change": "26.17%"}, "2011": {"Average Stock Price": "53.3351", "Year Open": "59.3400", "Year High": "64.7300", "Year Low": "37.3400", "Year Close": "49.6400", "Annual % Change": "-13.74%"}, "2010": {"Average Stock Price": "45.1142", "Year Open": "39.8800", "Year High": "57.9700", "Year Low": "35.8300", "Year Close": "57.5500", "Annual % Change": "48.25%"}, "2009": {"Average Stock Price": "27.8827", "Year Open": "24.0000", "Year High": "39.5200", "Year Low": "13.8000", "Year Close": "38.8200", "Annual % Change": "66.18%"}, "2008": {"Average Stock Price": "40.7910", "Year Open": "55.5000", "Year High": "57.1200", "Year Low": "12.3700", "Year Close": "23.3600", "Annual % Change": "-57.61%"}, "2007": {"Average Stock Price": "60.3153", "Year Open": "55.2200", "Year High": "66.9500", "Year Low": "54.1000", "Year Close": "55.1100", "Annual % Change": "1.12%"}, "2006": {"Average Stock Price": "46.5485", "Year Open": "42.1000", "Year High": "55.3000", "Year Low": "40.6900", "Year Close": "54.5000", "Annual % Change": "32.93%"}, "2005": {"Average Stock Price": "38.4656", "Year Open": "37.0100", "Year High": "43.9000", "Year Low": "32.3900", "Year Close": "41.0000", "Annual % Change": "0.00%"}}}, "market cap": {"value": "$24.9B"}, "income statement": {"Revenue": {"2020-12-31": "11899.00000", "2019-12-31": "12967.00000", "2018-12-31": "12835.00000", "2017-12-31": "12132.00000", "2016-12-31": "11800.00000", "2015-12-31": "12170.00000", "2014-12-31": "12268.00000", "2013-12-31": "11199.00000", "2012-12-31": "10217.00000", "2011-12-31": "10192.00000", "2010-12-31": "9512.00000", "2009-12-31": "7397.00000", "2008-12-31": "6918.00000", "2007-12-31": "8506.00000", "2006-12-31": "8026.00000", "2005-12-31": "7396.00000"}, "Cost Of Goods Sold": {"2020-12-31": "", "2019-12-31": "", "2018-12-31": "", "2017-12-31": "", "2016-12-31": "", "2015-12-31": "", "2014-12-31": "", "2013-12-31": "", "2012-12-31": "", "2011-12-31": "", "2010-12-31": "", "2009-12-31": "", "2008-12-31": "", "2007-12-31": "", "2006-12-31": "", "2005-12-31": ""}, "Gross Profit": {"2020-12-31": "11899.00000", "2019-12-31": "12967.00000", "2018-12-31": "12835.00000", "2017-12-31": "12132.00000", "2016-12-31": "11800.00000", "2015-12-31": "12170.00000", "2014-12-31": "12268.00000", "2013-12-31": "11199.00000", "2012-12-31": "10217.00000", "2011-12-31": "10192.00000", "2010-12-31": "9512.00000", "2009-12-31": "7397.00000", "2008-12-31": "6918.00000", "2007-12-31": "8506.00000", "2006-12-31": "8026.00000", "2005-12-31": "7396.00000"}, "Research And Development Expenses": {"2020-12-31": "", "2019-12-31": "", "2018-12-31": "", "2017-12-31": "", "2016-12-31": "", "2015-12-31": "", "2014-12-31": "", "2013-12-31": "", "2012-12-31": "", "2011-12-31": "", "2010-12-31": "", "2009-12-31": "", "2008-12-31": "", "2007-12-31": "", "2006-12-31": "", "2005-12-31": ""}, "SG&A Expenses": {"2020-12-31": "7179.00000", "2019-12-31": "7097.00000", "2018-12-31": "6808.00000", "2017-12-31": "6555.00000", "2016-12-31": "6284.00000", "2015-12-31": "6358.00000", "2014-12-31": "6331.00000", "2013-12-31": "5981.00000", "2012-12-31": "5687.00000", "2011-12-31": "5569.00000", "2010-12-31": "4980.00000", "2009-12-31": "3896.00000", "2008-12-31": "4384.00000", "2007-12-31": "4573.00000", "2006-12-31": "4208.00000", "2005-12-31": "3758.00000"}, "Other Operating Income Or Expenses": {"2020-12-31": "-1806.00000", "2019-12-31": "-2576.00000", "2018-12-31": "-2302.00000", "2017-12-31": "-2233.00000", "2016-12-31": "-2646.00000", "2015-12-31": "-2261.00000", "2014-12-31": "-1982.00000", "2013-12-31": "-1954.00000", "2012-12-31": "-1899.00000", "2011-12-31": "-1606.00000", "2010-12-31": "-1750.00000", "2009-12-31": "-1334.00000", "2008-12-31": "-1125.00000", "2007-12-31": "-1179.00000", "2006-12-31": "-1132.00000", "2005-12-31": "-1083.00000"}, "Operating Expenses": {"2020-12-31": "9906.00000", "2019-12-31": "10521.00000", "2018-12-31": "10106.00000", "2017-12-31": "9711.00000", "2016-12-31": "9968.00000", "2015-12-31": "9641.00000", "2014-12-31": "9393.00000", "2013-12-31": "8948.00000", "2012-12-31": "8703.00000", "2011-12-31": "8428.00000", "2010-12-31": "7753.00000", "2009-12-31": "6350.00000", "2008-12-31": "7232.00000", "2007-12-31": "7150.00000", "2006-12-31": "6767.00000", "2005-12-31": "6291.00000"}, "Operating Income": {"2020-12-31": "1993.00000", "2019-12-31": "2446.00000", "2018-12-31": "2729.00000", "2017-12-31": "2421.00000", "2016-12-31": "1832.00000", "2015-12-31": "2529.00000", "2014-12-31": "2875.00000", "2013-12-31": "2251.00000", "2012-12-31": "1514.00000", "2011-12-31": "1764.00000", "2010-12-31": "1759.00000", "2009-12-31": "1047.00000", "2008-12-31": "-314.00000", "2007-12-31": "1356.00000", "2006-12-31": "1259.00000", "2005-12-31": "1105.00000"}, "Total Non-Operating Income/Expense": {"2020-12-31": "-162.00000", "2019-12-31": "-214.00000", "2018-12-31": "-245.00000", "2017-12-31": "-207.00000", "2016-12-31": "-241.00000", "2015-12-31": "-387.00000", "2014-12-31": "-328.00000", "2013-12-31": "-281.00000", "2012-12-31": "-276.00000", "2011-12-31": "-317.00000", "2010-12-31": "-290.00000", "2009-12-31": "-127.00000", "2008-12-31": "-109.00000", "2007-12-31": "-348.00000", "2006-12-31": "-462.00000", "2005-12-31": "-360.00000"}, "Pre-Tax Income": {"2020-12-31": "1831.00000", "2019-12-31": "2232.00000", "2018-12-31": "2484.00000", "2017-12-31": "2214.00000", "2016-12-31": "1591.00000", "2015-12-31": "2142.00000", "2014-12-31": "2547.00000", "2013-12-31": "1970.00000", "2012-12-31": "1238.00000", "2011-12-31": "1447.00000", "2010-12-31": "1469.00000", "2009-12-31": "920.00000", "2008-12-31": "-423.00000", "2007-12-31": "1008.00000", "2006-12-31": "797.00000", "2005-12-31": "745.00000"}, "Income Taxes": {"2020-12-31": "297.00000", "2019-12-31": "339.00000", "2018-12-31": "386.00000", "2017-12-31": "734.00000", "2016-12-31": "278.00000", "2015-12-31": "455.00000", "2014-12-31": "545.00000", "2013-12-31": "492.00000", "2012-12-31": "335.00000", "2011-12-31": "377.00000", "2010-12-31": "293.00000", "2009-12-31": "184.00000", "2008-12-31": "-333.00000", "2007-12-31": "202.00000", "2006-12-31": "166.00000", "2005-12-31": "187.00000"}, "Income After Taxes": {"2020-12-31": "1534.00000", "2019-12-31": "1893.00000", "2018-12-31": "2098.00000", "2017-12-31": "1480.00000", "2016-12-31": "1313.00000", "2015-12-31": "1687.00000", "2014-12-31": "2002.00000", "2013-12-31": "1478.00000", "2012-12-31": "903.00000", "2011-12-31": "1070.00000", "2010-12-31": "1176.00000", "2009-12-31": "736.00000", "2008-12-31": "-90.00000", "2007-12-31": "806.00000", "2006-12-31": "631.00000", "2005-12-31": "558.00000"}, "Other Income": {"2020-12-31": "", "2019-12-31": "", "2018-12-31": "", "2017-12-31": "", "2016-12-31": "", "2015-12-31": "", "2014-12-31": "", "2013-12-31": "", "2012-12-31": "", "2011-12-31": "", "2010-12-31": "", "2009-12-31": "", "2008-12-31": "", "2007-12-31": "", "2006-12-31": "", "2005-12-31": ""}, "Income From Continuous Operations": {"2020-12-31": "1534.00000", "2019-12-31": "1893.00000", "2018-12-31": "2098.00000", "2017-12-31": "1480.00000", "2016-12-31": "1313.00000", "2015-12-31": "1687.00000", "2014-12-31": "2002.00000", "2013-12-31": "1478.00000", "2012-12-31": "903.00000", "2011-12-31": "1070.00000", "2010-12-31": "1176.00000", "2009-12-31": "736.00000", "2008-12-31": "-90.00000", "2007-12-31": "806.00000", "2006-12-31": "631.00000", "2005-12-31": "558.00000"}, "Income From Discontinued Operations": {"2020-12-31": "", "2019-12-31": "", "2018-12-31": "", "2017-12-31": "", "2016-12-31": "", "2015-12-31": "", "2014-12-31": "-2.00000", "2013-12-31": "-3.00000", "2012-12-31": "-2.00000", "2011-12-31": "-60.00000", "2010-12-31": "-24.00000", "2009-12-31": "1.00000", "2008-12-31": "", "2007-12-31": "", "2006-12-31": "", "2005-12-31": "16.00000"}, "Net Income": {"2020-12-31": "1534.00000", "2019-12-31": "1893.00000", "2018-12-31": "2098.00000", "2017-12-31": "1480.00000", "2016-12-31": "1313.00000", "2015-12-31": "1562.00000", "2014-12-31": "1619.00000", "2013-12-31": "1334.00000", "2012-12-31": "1029.00000", "2011-12-31": "1116.00000", "2010-12-31": "989.00000", "2009-12-31": "722.00000", "2008-12-31": "-36.00000", "2007-12-31": "814.00000", "2006-12-31": "631.00000", "2005-12-31": "574.00000"}, "EBITDA": {"2020-12-31": "2637.00000", "2019-12-31": "3298.00000", "2018-12-31": "3601.00000", "2017-12-31": "3311.00000", "2016-12-31": "2703.00000", "2015-12-31": "3445.00000", "2014-12-31": "3842.00000", "2013-12-31": "3296.00000", "2012-12-31": "2570.00000", "2011-12-31": "2730.00000", "2010-12-31": "2778.00000", "2009-12-31": "2070.00000", "2008-12-31": "1797.00000", "2007-12-31": "3092.00000", "2006-12-31": "3007.00000", "2005-12-31": "2920.00000"}, "EBIT": {"2020-12-31": "2637.00000", "2019-12-31": "3115.00000", "2018-12-31": "3403.00000", "2017-12-31": "3077.00000", "2016-12-31": "2455.00000", "2015-12-31": "3197.00000", "2014-12-31": "3588.00000", "2013-12-31": "3057.00000", "2012-12-31": "2345.00000", "2011-12-31": "2620.00000", "2010-12-31": "2668.00000", "2009-12-31": "1950.00000", "2008-12-31": "476.00000", "2007-12-31": "2203.00000", "2006-12-31": "2214.00000", "2005-12-31": "2124.00000"}, "Basic Shares Outstanding": {"2020-12-31": "123.80000", "2019-12-31": "134.10000", "2018-12-31": "145.60000", "2017-12-31": "154.10000", "2016-12-31": "166.30000", "2015-12-31": "181.70000", "2014-12-31": "191.60000", "2013-12-31": "203.20000", "2012-12-31": "218.70000", "2011-12-31": "241.40000", "2010-12-31": "257.40000", "2009-12-31": "242.20000", "2008-12-31": "222.30000", "2007-12-31": "236.20000", "2006-12-31": "246.50000", "2005-12-31": "247.10000"}, "Shares Outstanding": {"2020-12-31": "125.70000", "2019-12-31": "136.00000", "2018-12-31": "147.70000", "2017-12-31": "156.70000", "2016-12-31": "168.20000", "2015-12-31": "184.20000", "2014-12-31": "195.00000", "2013-12-31": "207.10000", "2012-12-31": "222.80000", "2011-12-31": "246.30000", "2010-12-31": "262.30000", "2009-12-31": "244.40000", "2008-12-31": "224.90000", "2007-12-31": "239.90000", "2006-12-31": "248.50000", "2005-12-31": "247.20000"}, "Basic EPS": {"2020-12-31": "12.39000", "2019-12-31": "14.12000", "2018-12-31": "14.41000", "2017-12-31": "9.60000", "2016-12-31": "7.90000", "2015-12-31": "8.60000", "2014-12-31": "8.45000", "2013-12-31": "6.56000", "2012-12-31": "4.70000", "2011-12-31": "4.62000", "2010-12-31": "3.84000", "2009-12-31": "2.98000", "2008-12-31": "-0.16000", "2007-12-31": "3.45000", "2006-12-31": "2.56000", "2005-12-31": "2.32000"}, "EPS - Earnings Per Share": {"2020-12-31": "12.20000", "2019-12-31": "13.92000", "2018-12-31": "14.20000", "2017-12-31": "9.44000", "2016-12-31": "7.81000", "2015-12-31": "8.48000", "2014-12-31": "8.30000", "2013-12-31": "6.44000", "2012-12-31": "4.62000", "2011-12-31": "4.53000", "2010-12-31": "3.77000", "2009-12-31": "2.95000", "2008-12-31": "-0.16000", "2007-12-31": "3.39000", "2006-12-31": "2.54000", "2005-12-31": "2.32000"}}, "income statement, quarterly": {"Revenue": {"2020-12-31": "3183.00000", "2020-09-30": "3003.00000", "2020-06-30": "2712.00000", "2020-03-31": "3001.00000", "2019-12-31": "3287.00000", "2019-09-30": "3317.00000", "2019-06-30": "3245.00000", "2019-03-31": "3118.00000", "2018-12-31": "3179.00000", "2018-09-30": "3292.00000", "2018-06-30": "3196.00000", "2018-03-31": "3168.00000", "2017-12-31": "3180.00000", "2017-09-30": "3014.00000", "2017-06-30": "3012.00000", "2017-03-31": "2926.00000", "2016-12-31": "3166.00000", "2016-09-30": "2998.00000", "2016-06-30": "2871.00000", "2016-03-31": "2765.00000", "2015-12-31": "3103.00000", "2015-09-30": "2886.00000", "2015-06-30": "3128.00000", "2015-03-31": "3053.00000", "2014-12-31": "3089.00000", "2014-09-30": "3111.00000", "2014-06-30": "3072.00000", "2014-03-31": "2996.00000", "2013-12-31": "2946.00000", "2013-09-30": "2813.00000", "2013-06-30": "2749.00000", "2013-03-31": "2691.00000", "2012-12-31": "2674.00000", "2012-09-30": "2468.00000", "2012-06-30": "2514.00000", "2012-03-31": "2561.00000", "2011-12-31": "2582.00000", "2011-09-30": "2455.00000", "2011-06-30": "2623.00000", "2011-03-31": "2532.00000", "2010-12-31": "2445.00000", "2010-09-30": "2334.00000", "2010-06-30": "2462.00000", "2010-03-31": "2271.00000", "2009-12-31": "1861.00000", "2009-09-30": "1946.00000", "2009-06-30": "1874.00000", "2009-03-31": "1716.00000", "2008-12-31": "1330.00000", "2008-09-30": "1629.00000", "2008-06-30": "1968.00000", "2008-03-31": "1991.00000", "2007-12-31": "2215.00000", "2007-09-30": "2111.00000", "2007-06-30": "2153.00000", "2007-03-31": "2027.00000", "2006-12-31": "2047.00000", "2006-09-30": "1977.00000", "2006-06-30": "2053.00000", "2006-03-31": "1949.00000", "2005-12-31": "1781.00000", "2005-09-30": "1873.00000", "2005-06-30": "1895.00000", "2005-03-31": "1847.00000"}, "Cost Of Goods Sold": {"2020-12-31": "", "2020-09-30": "", "2020-06-30": "", "2020-03-31": "", "2019-12-31": "", "2019-09-30": "", "2019-06-30": "", "2019-03-31": "", "2018-12-31": "", "2018-09-30": "", "2018-06-30": "", "2018-03-31": "", "2017-12-31": "", "2017-09-30": "", "2017-06-30": "", "2017-03-31": "", "2016-12-31": "", "2016-09-30": "", "2016-06-30": "", "2016-03-31": "", "2015-12-31": "", "2015-09-30": "", "2015-06-30": "", "2015-03-31": "", "2014-12-31": "", "2014-09-30": "", "2014-06-30": "", "2014-03-31": "", "2013-12-31": "", "2013-09-30": "", "2013-06-30": "", "2013-03-31": "", "2012-12-31": "", "2012-09-30": "", "2012-06-30": "", "2012-03-31": "", "2011-12-31": "", "2011-09-30": "", "2011-06-30": "", "2011-03-31": "", "2010-12-31": "", "2010-09-30": "", "2010-06-30": "", "2010-03-31": "", "2009-12-31": "", "2009-09-30": "", "2009-06-30": "", "2009-03-31": "", "2008-12-31": "", "2008-09-30": "", "2008-06-30": "", "2008-03-31": "", "2007-12-31": "", "2007-09-30": "", "2007-06-30": "", "2007-03-31": "", "2006-12-31": "", "2006-09-30": "", "2006-06-30": "", "2006-03-31": "", "2005-12-31": "", "2005-09-30": "", "2005-06-30": "", "2005-03-31": ""}, "Gross Profit": {"2020-12-31": "3183.00000", "2020-09-30": "3003.00000", "2020-06-30": "2712.00000", "2020-03-31": "3001.00000", "2019-12-31": "3287.00000", "2019-09-30": "3317.00000", "2019-06-30": "3245.00000", "2019-03-31": "3118.00000", "2018-12-31": "3179.00000", "2018-09-30": "3292.00000", "2018-06-30": "3196.00000", "2018-03-31": "3168.00000", "2017-12-31": "3180.00000", "2017-09-30": "3014.00000", "2017-06-30": "3012.00000", "2017-03-31": "2926.00000", "2016-12-31": "3166.00000", "2016-09-30": "2998.00000", "2016-06-30": "2871.00000", "2016-03-31": "2765.00000", "2015-12-31": "3103.00000", "2015-09-30": "2886.00000", "2015-06-30": "3128.00000", "2015-03-31": "3053.00000", "2014-12-31": "3089.00000", "2014-09-30": "3111.00000", "2014-06-30": "3072.00000", "2014-03-31": "2996.00000", "2013-12-31": "2946.00000", "2013-09-30": "2813.00000", "2013-06-30": "2749.00000", "2013-03-31": "2691.00000", "2012-12-31": "2674.00000", "2012-09-30": "2468.00000", "2012-06-30": "2514.00000", "2012-03-31": "2561.00000", "2011-12-31": "2582.00000", "2011-09-30": "2455.00000", "2011-06-30": "2623.00000", "2011-03-31": "2532.00000", "2010-12-31": "2445.00000", "2010-09-30": "2334.00000", "2010-06-30": "2462.00000", "2010-03-31": "2271.00000", "2009-12-31": "1861.00000", "2009-09-30": "1946.00000", "2009-06-30": "1874.00000", "2009-03-31": "1716.00000", "2008-12-31": "1330.00000", "2008-09-30": "1629.00000", "2008-06-30": "1968.00000", "2008-03-31": "1991.00000", "2007-12-31": "2215.00000", "2007-09-30": "2111.00000", "2007-06-30": "2153.00000", "2007-03-31": "2027.00000", "2006-12-31": "2047.00000", "2006-09-30": "1977.00000", "2006-06-30": "2053.00000", "2006-03-31": "1949.00000", "2005-12-31": "1781.00000", "2005-09-30": "1873.00000", "2005-06-30": "1895.00000", "2005-03-31": "1847.00000"}, "Research And Development Expenses": {"2020-12-31": "", "2020-09-30": "", "2020-06-30": "", "2020-03-31": "", "2019-12-31": "", "2019-09-30": "", "2019-06-30": "", "2019-03-31": "", "2018-12-31": "", "2018-09-30": "", "2018-06-30": "", "2018-03-31": "", "2017-12-31": "", "2017-09-30": "", "2017-06-30": "", "2017-03-31": "", "2016-12-31": "", "2016-09-30": "", "2016-06-30": "", "2016-03-31": "", "2015-12-31": "", "2015-09-30": "", "2015-06-30": "", "2015-03-31": "", "2014-12-31": "", "2014-09-30": "", "2014-06-30": "", "2014-03-31": "", "2013-12-31": "", "2013-09-30": "", "2013-06-30": "", "2013-03-31": "", "2012-12-31": "", "2012-09-30": "", "2012-06-30": "", "2012-03-31": "", "2011-12-31": "", "2011-09-30": "", "2011-06-30": "", "2011-03-31": "", "2010-12-31": "", "2010-09-30": "", "2010-06-30": "", "2010-03-31": "", "2009-12-31": "", "2009-09-30": "", "2009-06-30": "", "2009-03-31": "", "2008-12-31": "", "2008-09-30": "", "2008-06-30": "", "2008-03-31": "", "2007-12-31": "", "2007-09-30": "", "2007-06-30": "", "2007-03-31": "", "2006-12-31": "", "2006-09-30": "", "2006-06-30": "", "2006-03-31": "", "2005-12-31": "", "2005-09-30": "", "2005-06-30": "", "2005-03-31": ""}, "SG&A Expenses": {"2020-12-31": "1924.00000", "2020-09-30": "1791.00000", "2020-06-30": "1716.00000", "2020-03-31": "1748.00000", "2019-12-31": "1830.00000", "2019-09-30": "1791.00000", "2019-06-30": "1771.00000", "2019-03-31": "1705.00000", "2018-12-31": "1702.00000", "2018-09-30": "1722.00000", "2018-06-30": "1690.00000", "2018-03-31": "1694.00000", "2017-12-31": "1726.00000", "2017-09-30": "1631.00000", "2017-06-30": "1598.00000", "2017-03-31": "1600.00000", "2016-12-31": "1692.00000", "2016-09-30": "1529.00000", "2016-06-30": "1566.00000", "2016-03-31": "1497.00000", "2015-12-31": "1610.00000", "2015-09-30": "1550.00000", "2015-06-30": "1627.00000", "2015-03-31": "1571.00000", "2014-12-31": "1602.00000", "2014-09-30": "1570.00000", "2014-06-30": "1615.00000", "2014-03-31": "1544.00000", "2013-12-31": "1557.00000", "2013-09-30": "1461.00000", "2013-06-30": "1507.00000", "2013-03-31": "1456.00000", "2012-12-31": "1448.00000", "2012-09-30": "1385.00000", "2012-06-30": "1426.00000", "2012-03-31": "1428.00000", "2011-12-31": "1347.00000", "2011-09-30": "1384.00000", "2011-06-30": "1433.00000", "2011-03-31": "1405.00000", "2010-12-31": "1410.00000", "2010-09-30": "1197.00000", "2010-06-30": "1227.00000", "2010-03-31": "1146.00000", "2009-12-31": "812.00000", "2009-09-30": "1087.00000", "2009-06-30": "1032.00000", "2009-03-31": "965.00000", "2008-12-31": "1042.00000", "2008-09-30": "1142.00000", "2008-06-30": "1078.00000", "2008-03-31": "1122.00000", "2007-12-31": "1183.00000", "2007-09-30": "1107.00000", "2007-06-30": "1188.00000", "2007-03-31": "1095.00000", "2006-12-31": "1947.00000", "2006-09-30": "756.00000", "2006-06-30": "766.00000", "2006-03-31": "739.00000", "2005-12-31": "1763.00000", "2005-09-30": "703.00000", "2005-06-30": "651.00000", "2005-03-31": "641.00000"}, "Other Operating Income Or Expenses": {"2020-12-31": "-982.00000", "2020-09-30": "-1104.00000", "2020-06-30": "-1467.00000", "2020-03-31": "1747.00000", "2019-12-31": "-728.00000", "2019-09-30": "-594.00000", "2019-06-30": "-584.00000", "2019-03-31": "-670.00000", "2018-12-31": "-444.00000", "2018-09-30": "-729.00000", "2018-06-30": "-635.00000", "2018-03-31": "-494.00000", "2017-12-31": "-581.00000", "2017-09-30": "-474.00000", "2017-06-30": "-611.00000", "2017-03-31": "-567.00000", "2016-12-31": "-712.00000", "2016-09-30": "-855.00000", "2016-06-30": "-597.00000", "2016-03-31": "-482.00000", "2015-12-31": "-714.00000", "2015-09-30": "-471.00000", "2015-06-30": "-543.00000", "2015-03-31": "-533.00000", "2014-12-31": "-568.00000", "2014-09-30": "-458.00000", "2014-06-30": "-506.00000", "2014-03-31": "-450.00000", "2013-12-31": "-563.00000", "2013-09-30": "-492.00000", "2013-06-30": "-490.00000", "2013-03-31": "-409.00000", "2012-12-31": "-443.00000", "2012-09-30": "-542.00000", "2012-06-30": "-409.00000", "2012-03-31": "-505.00000", "2011-12-31": "-560.00000", "2011-09-30": "-258.00000", "2011-06-30": "-405.00000", "2011-03-31": "-383.00000", "2010-12-31": "-463.00000", "2010-09-30": "-636.00000", "2010-06-30": "-297.00000", "2010-03-31": "-354.00000", "2009-12-31": "-341.00000", "2009-09-30": "-306.00000", "2009-06-30": "-587.00000", "2009-03-31": "-100.00000", "2008-12-31": "-331.00000", "2008-09-30": "-196.00000", "2008-06-30": "-294.00000", "2008-03-31": "-304.00000", "2007-12-31": "-280.00000", "2007-09-30": "-360.00000", "2007-06-30": "-288.00000", "2007-03-31": "-251.00000", "2006-12-31": "-447.00000", "2006-09-30": "-233.00000", "2006-06-30": "-225.00000", "2006-03-31": "-227.00000", "2005-12-31": "-437.00000", "2005-09-30": "-190.00000", "2005-06-30": "-238.00000", "2005-03-31": "-218.00000"}, "Operating Expenses": {"2020-12-31": "2955.00000", "2020-09-30": "3150.00000", "2020-06-30": "3197.00000", "2020-03-31": "604.00000", "2019-12-31": "2703.00000", "2019-09-30": "2624.00000", "2019-06-30": "2599.00000", "2019-03-31": "2595.00000", "2018-12-31": "2463.00000", "2018-09-30": "2654.00000", "2018-06-30": "2568.00000", "2018-03-31": "2421.00000", "2017-12-31": "2532.00000", "2017-09-30": "2329.00000", "2017-06-30": "2449.00000", "2017-03-31": "2401.00000", "2016-12-31": "2617.00000", "2016-09-30": "2708.00000", "2016-06-30": "2408.00000", "2016-03-31": "2235.00000", "2015-12-31": "2541.00000", "2015-09-30": "2325.00000", "2015-06-30": "2424.00000", "2015-03-31": "2351.00000", "2014-12-31": "2440.00000", "2014-09-30": "2312.00000", "2014-06-30": "2374.00000", "2014-03-31": "2267.00000", "2013-12-31": "2380.00000", "2013-09-30": "2143.00000", "2013-06-30": "2287.00000", "2013-03-31": "2138.00000", "2012-12-31": "2189.00000", "2012-09-30": "2201.00000", "2012-06-30": "2143.00000", "2012-03-31": "2170.00000", "2011-12-31": "2160.00000", "2011-09-30": "2058.00000", "2011-06-30": "2139.00000", "2011-03-31": "2071.00000", "2010-12-31": "2167.00000", "2010-09-30": "1814.00000", "2010-06-30": "1926.00000", "2010-03-31": "1846.00000", "2009-12-31": "1502.00000", "2009-09-30": "1561.00000", "2009-06-30": "1731.00000", "2009-03-31": "1556.00000", "2008-12-31": "1971.00000", "2008-09-30": "1778.00000", "2008-06-30": "1708.00000", "2008-03-31": "1775.00000", "2007-12-31": "1830.00000", "2007-09-30": "1807.00000", "2007-06-30": "1816.00000", "2007-03-31": "1697.00000", "2006-12-31": "2505.00000", "2006-09-30": "1393.00000", "2006-06-30": "1451.00000", "2006-03-31": "1418.00000", "2005-12-31": "2355.00000", "2005-09-30": "1279.00000", "2005-06-30": "1351.00000", "2005-03-31": "1306.00000"}, "Operating Income": {"2020-12-31": "228.00000", "2020-09-30": "-147.00000", "2020-06-30": "-485.00000", "2020-03-31": "2397.00000", "2019-12-31": "584.00000", "2019-09-30": "693.00000", "2019-06-30": "646.00000", "2019-03-31": "523.00000", "2018-12-31": "716.00000", "2018-09-30": "638.00000", "2018-06-30": "628.00000", "2018-03-31": "747.00000", "2017-12-31": "648.00000", "2017-09-30": "685.00000", "2017-06-30": "563.00000", "2017-03-31": "525.00000", "2016-12-31": "549.00000", "2016-09-30": "290.00000", "2016-06-30": "463.00000", "2016-03-31": "530.00000", "2015-12-31": "562.00000", "2015-09-30": "561.00000", "2015-06-30": "704.00000", "2015-03-31": "702.00000", "2014-12-31": "649.00000", "2014-09-30": "799.00000", "2014-06-30": "698.00000", "2014-03-31": "729.00000", "2013-12-31": "566.00000", "2013-09-30": "670.00000", "2013-06-30": "462.00000", "2013-03-31": "553.00000", "2012-12-31": "485.00000", "2012-09-30": "267.00000", "2012-06-30": "371.00000", "2012-03-31": "391.00000", "2011-12-31": "422.00000", "2011-09-30": "397.00000", "2011-06-30": "484.00000", "2011-03-31": "461.00000", "2010-12-31": "278.00000", "2010-09-30": "520.00000", "2010-06-30": "536.00000", "2010-03-31": "425.00000", "2009-12-31": "359.00000", "2009-09-30": "385.00000", "2009-06-30": "143.00000", "2009-03-31": "160.00000", "2008-12-31": "-641.00000", "2008-09-30": "-149.00000", "2008-06-30": "260.00000", "2008-03-31": "216.00000", "2007-12-31": "385.00000", "2007-09-30": "304.00000", "2007-06-30": "337.00000", "2007-03-31": "330.00000", "2006-12-31": "-458.00000", "2006-09-30": "584.00000", "2006-06-30": "602.00000", "2006-03-31": "531.00000", "2005-12-31": "-574.00000", "2005-09-30": "594.00000", "2005-06-30": "544.00000", "2005-03-31": "541.00000"}, "Total Non-Operating Income/Expense": {"2020-12-31": "-38.00000", "2020-09-30": "-37.00000", "2020-06-30": "-41.00000", "2020-03-31": "-46.00000", "2019-12-31": "-50.00000", "2019-09-30": "-52.00000", "2019-06-30": "-59.00000", "2019-03-31": "-53.00000", "2018-12-31": "-64.00000", "2018-09-30": "-50.00000", "2018-06-30": "-80.00000", "2018-03-31": "-51.00000", "2017-12-31": "-53.00000", "2017-09-30": "-52.00000", "2017-06-30": "-52.00000", "2017-03-31": "-50.00000", "2016-12-31": "-81.00000", "2016-09-30": "-52.00000", "2016-06-30": "-53.00000", "2016-03-31": "-55.00000", "2015-12-31": "-116.00000", "2015-09-30": "-98.00000", "2015-06-30": "-89.00000", "2015-03-31": "-84.00000", "2014-12-31": "-91.00000", "2014-09-30": "-79.00000", "2014-06-30": "-79.00000", "2014-03-31": "-79.00000", "2013-12-31": "-87.00000", "2013-09-30": "-68.00000", "2013-06-30": "-60.00000", "2013-03-31": "-66.00000", "2012-12-31": "-67.00000", "2012-09-30": "-68.00000", "2012-06-30": "-72.00000", "2012-03-31": "-69.00000", "2011-12-31": "-96.00000", "2011-09-30": "-71.00000", "2011-06-30": "-75.00000", "2011-03-31": "-75.00000", "2010-12-31": "-78.00000", "2010-09-30": "-74.00000", "2010-06-30": "-74.00000", "2010-03-31": "-64.00000", "2009-12-31": "-28.00000", "2009-09-30": "-45.00000", "2009-06-30": "-28.00000", "2009-03-31": "-26.00000", "2008-12-31": "-28.00000", "2008-09-30": "-27.00000", "2008-06-30": "-28.00000", "2008-03-31": "-26.00000", "2007-12-31": "-55.00000", "2007-09-30": "-87.00000", "2007-06-30": "-92.00000", "2007-03-31": "-114.00000", "2006-12-31": "661.00000", "2006-09-30": "-367.00000", "2006-06-30": "-416.00000", "2006-03-31": "-340.00000", "2005-12-31": "701.00000", "2005-09-30": "-413.00000", "2005-06-30": "-353.00000", "2005-03-31": "-295.00000"}, "Pre-Tax Income": {"2020-12-31": "190.00000", "2020-09-30": "-184.00000", "2020-06-30": "-526.00000", "2020-03-31": "2351.00000", "2019-12-31": "534.00000", "2019-09-30": "641.00000", "2019-06-30": "587.00000", "2019-03-31": "470.00000", "2018-12-31": "652.00000", "2018-09-30": "588.00000", "2018-06-30": "548.00000", "2018-03-31": "696.00000", "2017-12-31": "595.00000", "2017-09-30": "633.00000", "2017-06-30": "511.00000", "2017-03-31": "475.00000", "2016-12-31": "468.00000", "2016-09-30": "238.00000", "2016-06-30": "410.00000", "2016-03-31": "475.00000", "2015-12-31": "446.00000", "2015-09-30": "463.00000", "2015-06-30": "615.00000", "2015-03-31": "618.00000", "2014-12-31": "558.00000", "2014-09-30": "720.00000", "2014-06-30": "619.00000", "2014-03-31": "650.00000", "2013-12-31": "479.00000", "2013-09-30": "602.00000", "2013-06-30": "402.00000", "2013-03-31": "487.00000", "2012-12-31": "418.00000", "2012-09-30": "199.00000", "2012-06-30": "299.00000", "2012-03-31": "322.00000", "2011-12-31": "326.00000", "2011-09-30": "326.00000", "2011-06-30": "409.00000", "2011-03-31": "386.00000", "2010-12-31": "200.00000", "2010-09-30": "446.00000", "2010-06-30": "462.00000", "2010-03-31": "361.00000", "2009-12-31": "331.00000", "2009-09-30": "340.00000", "2009-06-30": "115.00000", "2009-03-31": "134.00000", "2008-12-31": "-669.00000", "2008-09-30": "-176.00000", "2008-06-30": "232.00000", "2008-03-31": "190.00000", "2007-12-31": "330.00000", "2007-09-30": "217.00000", "2007-06-30": "245.00000", "2007-03-31": "216.00000", "2006-12-31": "203.00000", "2006-09-30": "217.00000", "2006-06-30": "186.00000", "2006-03-31": "191.00000", "2005-12-31": "127.00000", "2005-09-30": "181.00000", "2005-06-30": "191.00000", "2005-03-31": "246.00000"}, "Income Taxes": {"2020-12-31": "13.00000", "2020-09-30": "-44.00000", "2020-06-30": "13.00000", "2020-03-31": "315.00000", "2019-12-31": "71.00000", "2019-09-30": "98.00000", "2019-06-30": "95.00000", "2019-03-31": "75.00000", "2018-12-31": "113.00000", "2018-09-30": "85.00000", "2018-06-30": "86.00000", "2018-03-31": "102.00000", "2017-12-31": "418.00000", "2017-09-30": "126.00000", "2017-06-30": "118.00000", "2017-03-31": "72.00000", "2016-12-31": "69.00000", "2016-09-30": "23.00000", "2016-06-30": "75.00000", "2016-03-31": "111.00000", "2015-12-31": "66.00000", "2015-09-30": "111.00000", "2015-06-30": "139.00000", "2015-03-31": "139.00000", "2014-12-31": "104.00000", "2014-09-30": "155.00000", "2014-06-30": "152.00000", "2014-03-31": "134.00000", "2013-12-31": "97.00000", "2013-09-30": "154.00000", "2013-06-30": "120.00000", "2013-03-31": "121.00000", "2012-12-31": "87.00000", "2012-09-30": "47.00000", "2012-06-30": "128.00000", "2012-03-31": "73.00000", "2011-12-31": "58.00000", "2011-09-30": "109.00000", "2011-06-30": "118.00000", "2011-03-31": "92.00000", "2010-12-31": "30.00000", "2010-09-30": "132.00000", "2010-06-30": "66.00000", "2010-03-31": "65.00000", "2009-12-31": "58.00000", "2009-09-30": "80.00000", "2009-06-30": "28.00000", "2009-03-31": "18.00000", "2008-12-31": "-272.00000", "2008-09-30": "-92.00000", "2008-06-30": "27.00000", "2008-03-31": "4.00000", "2007-12-31": "83.00000", "2007-09-30": "19.00000", "2007-06-30": "49.00000", "2007-03-31": "51.00000", "2006-12-31": "32.00000", "2006-09-30": "43.00000", "2006-06-30": "45.00000", "2006-03-31": "46.00000", "2005-12-31": "16.00000", "2005-09-30": "58.00000", "2005-06-30": "42.00000", "2005-03-31": "71.00000"}, "Income After Taxes": {"2020-12-31": "177.00000", "2020-09-30": "-140.00000", "2020-06-30": "-539.00000", "2020-03-31": "2036.00000", "2019-12-31": "463.00000", "2019-09-30": "543.00000", "2019-06-30": "492.00000", "2019-03-31": "395.00000", "2018-12-31": "539.00000", "2018-09-30": "503.00000", "2018-06-30": "462.00000", "2018-03-31": "594.00000", "2017-12-31": "177.00000", "2017-09-30": "507.00000", "2017-06-30": "393.00000", "2017-03-31": "403.00000", "2016-12-31": "399.00000", "2016-09-30": "215.00000", "2016-06-30": "335.00000", "2016-03-31": "364.00000", "2015-12-31": "380.00000", "2015-09-30": "352.00000", "2015-06-30": "476.00000", "2015-03-31": "479.00000", "2014-12-31": "454.00000", "2014-09-30": "565.00000", "2014-06-30": "467.00000", "2014-03-31": "516.00000", "2013-12-31": "382.00000", "2013-09-30": "448.00000", "2013-06-30": "282.00000", "2013-03-31": "366.00000", "2012-12-31": "331.00000", "2012-09-30": "152.00000", "2012-06-30": "171.00000", "2012-03-31": "249.00000", "2011-12-31": "268.00000", "2011-09-30": "217.00000", "2011-06-30": "291.00000", "2011-03-31": "294.00000", "2010-12-31": "170.00000", "2010-09-30": "314.00000", "2010-06-30": "396.00000", "2010-03-31": "296.00000", "2009-12-31": "273.00000", "2009-09-30": "260.00000", "2009-06-30": "87.00000", "2009-03-31": "116.00000", "2008-12-31": "-397.00000", "2008-09-30": "-84.00000", "2008-06-30": "205.00000", "2008-03-31": "186.00000", "2007-12-31": "247.00000", "2007-09-30": "198.00000", "2007-06-30": "196.00000", "2007-03-31": "165.00000", "2006-12-31": "171.00000", "2006-09-30": "174.00000", "2006-06-30": "141.00000", "2006-03-31": "145.00000", "2005-12-31": "111.00000", "2005-09-30": "123.00000", "2005-06-30": "149.00000", "2005-03-31": "175.00000"}, "Other Income": {"2020-12-31": "", "2020-09-30": "", "2020-06-30": "", "2020-03-31": "", "2019-12-31": "", "2019-09-30": "", "2019-06-30": "", "2019-03-31": "", "2018-12-31": "", "2018-09-30": "", "2018-06-30": "", "2018-03-31": "", "2017-12-31": "", "2017-09-30": "", "2017-06-30": "", "2017-03-31": "", "2016-12-31": "", "2016-09-30": "", "2016-06-30": "", "2016-03-31": "", "2015-12-31": "", "2015-09-30": "", "2015-06-30": "", "2015-03-31": "", "2014-12-31": "", "2014-09-30": "", "2014-06-30": "", "2014-03-31": "", "2013-12-31": "", "2013-09-30": "", "2013-06-30": "", "2013-03-31": "", "2012-12-31": "", "2012-09-30": "", "2012-06-30": "", "2012-03-31": "", "2011-12-31": "", "2011-09-30": "", "2011-06-30": "", "2011-03-31": "", "2010-12-31": "", "2010-09-30": "", "2010-06-30": "", "2010-03-31": "", "2009-12-31": "", "2009-09-30": "", "2009-06-30": "", "2009-03-31": "", "2008-12-31": "", "2008-09-30": "", "2008-06-30": "", "2008-03-31": "", "2007-12-31": "", "2007-09-30": "", "2007-06-30": "", "2007-03-31": "", "2006-12-31": "", "2006-09-30": "", "2006-06-30": "", "2006-03-31": "", "2005-12-31": "", "2005-09-30": "", "2005-06-30": "", "2005-03-31": ""}, "Income From Continuous Operations": {"2020-12-31": "177.00000", "2020-09-30": "-140.00000", "2020-06-30": "-539.00000", "2020-03-31": "2036.00000", "2019-12-31": "463.00000", "2019-09-30": "543.00000", "2019-06-30": "492.00000", "2019-03-31": "395.00000", "2018-12-31": "539.00000", "2018-09-30": "503.00000", "2018-06-30": "462.00000", "2018-03-31": "594.00000", "2017-12-31": "177.00000", "2017-09-30": "507.00000", "2017-06-30": "393.00000", "2017-03-31": "403.00000", "2016-12-31": "399.00000", "2016-09-30": "215.00000", "2016-06-30": "335.00000", "2016-03-31": "364.00000", "2015-12-31": "380.00000", "2015-09-30": "352.00000", "2015-06-30": "476.00000", "2015-03-31": "479.00000", "2014-12-31": "454.00000", "2014-09-30": "565.00000", "2014-06-30": "467.00000", "2014-03-31": "516.00000", "2013-12-31": "382.00000", "2013-09-30": "448.00000", "2013-06-30": "282.00000", "2013-03-31": "366.00000", "2012-12-31": "331.00000", "2012-09-30": "152.00000", "2012-06-30": "171.00000", "2012-03-31": "249.00000", "2011-12-31": "268.00000", "2011-09-30": "217.00000", "2011-06-30": "291.00000", "2011-03-31": "294.00000", "2010-12-31": "170.00000", "2010-09-30": "314.00000", "2010-06-30": "396.00000", "2010-03-31": "296.00000", "2009-12-31": "273.00000", "2009-09-30": "260.00000", "2009-06-30": "87.00000", "2009-03-31": "116.00000", "2008-12-31": "-397.00000", "2008-09-30": "-84.00000", "2008-06-30": "205.00000", "2008-03-31": "186.00000", "2007-12-31": "247.00000", "2007-09-30": "198.00000", "2007-06-30": "196.00000", "2007-03-31": "165.00000", "2006-12-31": "171.00000", "2006-09-30": "174.00000", "2006-06-30": "141.00000", "2006-03-31": "145.00000", "2005-12-31": "111.00000", "2005-09-30": "123.00000", "2005-06-30": "149.00000", "2005-03-31": "175.00000"}, "Income From Discontinued Operations": {"2020-12-31": "", "2020-09-30": "", "2020-06-30": "", "2020-03-31": "", "2019-12-31": "", "2019-09-30": "", "2019-06-30": "", "2019-03-31": "", "2018-12-31": "", "2018-09-30": "", "2018-06-30": "", "2018-03-31": "", "2017-12-31": "", "2017-09-30": "", "2017-06-30": "", "2017-03-31": "", "2016-12-31": "", "2016-09-30": "", "2016-06-30": "", "2016-03-31": "", "2015-12-31": "", "2015-09-30": "", "2015-06-30": "", "2015-03-31": "", "2014-12-31": "-1.00000", "2014-09-30": "0.00000", "2014-06-30": "", "2014-03-31": "-1.00000", "2013-12-31": "-2.00000", "2013-09-30": "1.00000", "2013-06-30": "-1.00000", "2013-03-31": "-1.00000", "2012-12-31": "1.00000", "2012-09-30": "-1.00000", "2012-06-30": "-1.00000", "2012-03-31": "-1.00000", "2011-12-31": "13.00000", "2011-09-30": "2.00000", "2011-06-30": "-4.00000", "2011-03-31": "-71.00000", "2010-12-31": "-24.00000", "2010-09-30": "-2.00000", "2010-06-30": "2.00000", "2010-03-31": "", "2009-12-31": "", "2009-09-30": "", "2009-06-30": "", "2009-03-31": "", "2008-12-31": "", "2008-09-30": "", "2008-06-30": "", "2008-03-31": "", "2007-12-31": "", "2007-09-30": "", "2007-06-30": "", "2007-03-31": "", "2006-12-31": "", "2006-09-30": "", "2006-06-30": "", "2006-03-31": "", "2005-12-31": "", "2005-09-30": "2.00000", "2005-06-30": "6.00000", "2005-03-31": "8.00000"}, "Net Income": {"2020-12-31": "177.00000", "2020-09-30": "-140.00000", "2020-06-30": "-539.00000", "2020-03-31": "2036.00000", "2019-12-31": "463.00000", "2019-09-30": "543.00000", "2019-06-30": "492.00000", "2019-03-31": "395.00000", "2018-12-31": "539.00000", "2018-09-30": "503.00000", "2018-06-30": "462.00000", "2018-03-31": "594.00000", "2017-12-31": "177.00000", "2017-09-30": "507.00000", "2017-06-30": "393.00000", "2017-03-31": "403.00000", "2016-12-31": "399.00000", "2016-09-30": "215.00000", "2016-06-30": "335.00000", "2016-03-31": "364.00000", "2015-12-31": "357.00000", "2015-09-30": "397.00000", "2015-06-30": "415.00000", "2015-03-31": "393.00000", "2014-12-31": "425.00000", "2014-09-30": "420.00000", "2014-06-30": "374.00000", "2014-03-31": "400.00000", "2013-12-31": "296.00000", "2013-09-30": "382.00000", "2013-06-30": "321.00000", "2013-03-31": "335.00000", "2012-12-31": "389.00000", "2012-09-30": "173.00000", "2012-06-30": "223.00000", "2012-03-31": "244.00000", "2011-12-31": "236.00000", "2011-09-30": "324.00000", "2011-06-30": "315.00000", "2011-03-31": "241.00000", "2010-12-31": "172.00000", "2010-09-30": "344.00000", "2010-06-30": "259.00000", "2010-03-31": "214.00000", "2009-12-31": "237.00000", "2009-09-30": "260.00000", "2009-06-30": "95.00000", "2009-03-31": "130.00000", "2008-12-31": "-367.00000", "2008-09-30": "-70.00000", "2008-06-30": "210.00000", "2008-03-31": "191.00000", "2007-12-31": "255.00000", "2007-09-30": "198.00000", "2007-06-30": "196.00000", "2007-03-31": "165.00000", "2006-12-31": "171.00000", "2006-09-30": "174.00000", "2006-06-30": "141.00000", "2006-03-31": "145.00000", "2005-12-31": "111.00000", "2005-09-30": "125.00000", "2005-06-30": "155.00000", "2005-03-31": "183.00000"}, "EBITDA": {"2020-12-31": "", "2020-09-30": "77.00000", "2020-06-30": "-174.00000", "2020-03-31": "2535.00000", "2019-12-31": "787.00000", "2019-09-30": "861.00000", "2019-06-30": "877.00000", "2019-03-31": "773.00000", "2018-12-31": "937.00000", "2018-09-30": "861.00000", "2018-06-30": "859.00000", "2018-03-31": "944.00000", "2017-12-31": "853.00000", "2017-09-30": "916.00000", "2017-06-30": "792.00000", "2017-03-31": "750.00000", "2016-12-31": "768.00000", "2016-09-30": "511.00000", "2016-06-30": "683.00000", "2016-03-31": "741.00000", "2015-12-31": "752.00000", "2015-09-30": "832.00000", "2015-06-30": "921.00000", "2015-03-31": "940.00000", "2014-12-31": "894.00000", "2014-09-30": "1031.00000", "2014-06-30": "939.00000", "2014-03-31": "978.00000", "2013-12-31": "836.00000", "2013-09-30": "933.00000", "2013-06-30": "718.00000", "2013-03-31": "809.00000", "2012-12-31": "751.00000", "2012-09-30": "532.00000", "2012-06-30": "634.00000", "2012-03-31": "653.00000", "2011-12-31": "693.00000", "2011-09-30": "612.00000", "2011-06-30": "733.00000", "2011-03-31": "692.00000", "2010-12-31": "532.00000", "2010-09-30": "454.00000", "2010-06-30": "987.00000", "2010-03-31": "805.00000", "2009-12-31": "512.00000", "2009-09-30": "565.00000", "2009-06-30": "237.00000", "2009-03-31": "756.00000", "2008-12-31": "70.00000", "2008-09-30": "388.00000", "2008-06-30": "687.00000", "2008-03-31": "652.00000", "2007-12-31": "845.00000", "2007-09-30": "716.00000", "2007-06-30": "764.00000", "2007-03-31": "767.00000", "2006-12-31": "-292.00000", "2006-09-30": "1071.00000", "2006-06-30": "1162.00000", "2006-03-31": "1066.00000", "2005-12-31": "-336.00000", "2005-09-30": "1074.00000", "2005-06-30": "1103.00000", "2005-03-31": "1079.00000"}, "EBIT": {"2020-12-31": "349.00000", "2020-09-30": "23.00000", "2020-06-30": "-223.00000", "2020-03-31": "2488.00000", "2019-12-31": "736.00000", "2019-09-30": "820.00000", "2019-06-30": "832.00000", "2019-03-31": "727.00000", "2018-12-31": "891.00000", "2018-09-30": "816.00000", "2018-06-30": "808.00000", "2018-03-31": "888.00000", "2017-12-31": "795.00000", "2017-09-30": "861.00000", "2017-06-30": "734.00000", "2017-03-31": "687.00000", "2016-12-31": "707.00000", "2016-09-30": "451.00000", "2016-06-30": "621.00000", "2016-03-31": "676.00000", "2015-12-31": "727.00000", "2015-09-30": "732.00000", "2015-06-30": "864.00000", "2015-03-31": "874.00000", "2014-12-31": "833.00000", "2014-09-30": "967.00000", "2014-06-30": "873.00000", "2014-03-31": "915.00000", "2013-12-31": "772.00000", "2013-09-30": "874.00000", "2013-06-30": "660.00000", "2013-03-31": "751.00000", "2012-12-31": "694.00000", "2012-09-30": "474.00000", "2012-06-30": "580.00000", "2012-03-31": "597.00000", "2011-12-31": "644.00000", "2011-09-30": "611.00000", "2011-06-30": "696.00000", "2011-03-31": "669.00000", "2010-12-31": "501.00000", "2010-09-30": "747.00000", "2010-06-30": "767.00000", "2010-03-31": "653.00000", "2009-12-31": "588.00000", "2009-09-30": "617.00000", "2009-06-30": "380.00000", "2009-03-31": "365.00000", "2008-12-31": "-438.00000", "2008-09-30": "51.00000", "2008-06-30": "452.00000", "2008-03-31": "411.00000", "2007-12-31": "588.00000", "2007-09-30": "516.00000", "2007-06-30": "552.00000", "2007-03-31": "547.00000", "2006-12-31": "-451.00000", "2006-09-30": "901.00000", "2006-06-30": "909.00000", "2006-03-31": "855.00000", "2005-12-31": "-531.00000", "2005-09-30": "931.00000", "2005-06-30": "872.00000", "2005-03-31": "852.00000"}, "Basic Shares Outstanding": {"2020-12-31": "120.90000", "2020-09-30": "123.00000", "2020-06-30": "125.00000", "2020-03-31": "126.40000", "2019-12-31": "134.10000", "2019-09-30": "132.70000", "2019-06-30": "136.10000", "2019-03-31": "138.80000", "2018-12-31": "145.60000", "2018-09-30": "144.40000", "2018-06-30": "147.00000", "2018-03-31": "149.50000", "2017-12-31": "154.10000", "2017-09-30": "153.00000", "2017-06-30": "155.10000", "2017-03-31": "157.50000", "2016-12-31": "166.30000", "2016-09-30": "164.00000", "2016-06-30": "168.30000", "2016-03-31": "172.60000", "2015-12-31": "181.70000", "2015-09-30": "180.40000", "2015-06-30": "183.80000", "2015-03-31": "186.30000", "2014-12-31": "191.60000", "2014-09-30": "190.30000", "2014-06-30": "192.70000", "2014-03-31": "195.50000", "2013-12-31": "203.20000", "2013-09-30": "201.30000", "2013-06-30": "204.90000", "2013-03-31": "208.40000", "2012-12-31": "218.70000", "2012-09-30": "215.00000", "2012-06-30": "221.70000", "2012-03-31": "227.30000", "2011-12-31": "241.40000", "2011-09-30": "238.00000", "2011-06-30": "245.50000", "2011-03-31": "251.60000", "2010-12-31": "257.40000", "2010-09-30": "255.30000", "2010-06-30": "261.10000", "2010-03-31": "260.80000", "2009-12-31": "242.20000", "2009-09-30": "258.70000", "2009-06-30": "228.80000", "2009-03-31": "222.30000", "2008-12-31": "222.30000", "2008-09-30": "219.10000", "2008-06-30": "223.20000", "2008-03-31": "228.40000", "2007-12-31": "236.20000", "2007-09-30": "235.40000", "2007-06-30": "237.40000", "2007-03-31": "240.70000", "2006-12-31": "246.50000", "2006-09-30": "244.50000", "2006-06-30": "246.30000", "2006-03-31": "252.30000", "2005-12-31": "247.10000", "2005-09-30": "246.20000", "2005-06-30": "246.20000", "2005-03-31": "246.20000"}, "Shares Outstanding": {"2020-12-31": "123.40000", "2020-09-30": "124.90000", "2020-06-30": "126.20000", "2020-03-31": "128.20000", "2019-12-31": "136.00000", "2019-09-30": "134.50000", "2019-06-30": "138.00000", "2019-03-31": "140.10000", "2018-12-31": "147.70000", "2018-09-30": "146.50000", "2018-06-30": "149.00000", "2018-03-31": "152.10000", "2017-12-31": "156.70000", "2017-09-30": "155.40000", "2017-06-30": "157.50000", "2017-03-31": "160.10000", "2016-12-31": "168.20000", "2016-09-30": "165.80000", "2016-06-30": "170.10000", "2016-03-31": "174.40000", "2015-12-31": "184.20000", "2015-09-30": "182.70000", "2015-06-30": "186.40000", "2015-03-31": "189.10000", "2014-12-31": "195.00000", "2014-09-30": "193.70000", "2014-06-30": "196.20000", "2014-03-31": "199.10000", "2013-12-31": "207.10000", "2013-09-30": "205.10000", "2013-06-30": "208.60000", "2013-03-31": "212.30000", "2012-12-31": "222.80000", "2012-09-30": "219.10000", "2012-06-30": "225.60000", "2012-03-31": "231.70000", "2011-12-31": "246.30000", "2011-09-30": "242.00000", "2011-06-30": "251.00000", "2011-03-31": "257.70000", "2010-12-31": "262.30000", "2010-09-30": "259.90000", "2010-06-30": "265.30000", "2010-03-31": "265.00000", "2009-12-31": "244.40000", "2009-09-30": "260.70000", "2009-06-30": "230.00000", "2009-03-31": "223.50000", "2008-12-31": "224.90000", "2008-09-30": "221.70000", "2008-06-30": "226.00000", "2008-03-31": "231.50000", "2007-12-31": "239.90000", "2007-09-30": "239.20000", "2007-06-30": "241.00000", "2007-03-31": "244.10000", "2006-12-31": "248.50000", "2006-09-30": "246.40000", "2006-06-30": "248.00000", "2006-03-31": "253.50000", "2005-12-31": "247.20000", "2005-09-30": "246.20000", "2005-06-30": "246.20000", "2005-03-31": "246.20000"}, "Basic EPS": {"2020-12-31": "1.46000", "2020-09-30": "-1.14000", "2020-06-30": "-4.31000", "2020-03-31": "16.11000", "2019-12-31": "3.57000", "2019-09-30": "4.09000", "2019-06-30": "3.61000", "2019-03-31": "2.85000", "2018-12-31": "3.82000", "2018-09-30": "3.48000", "2018-06-30": "3.14000", "2018-03-31": "3.97000", "2017-12-31": "1.20000", "2017-09-30": "3.31000", "2017-06-30": "2.53000", "2017-03-31": "2.56000", "2016-12-31": "2.49000", "2016-09-30": "1.31000", "2016-06-30": "1.99000", "2016-03-31": "2.11000", "2015-12-31": "2.03000", "2015-09-30": "2.20000", "2015-06-30": "2.26000", "2015-03-31": "2.11000", "2014-12-31": "2.25000", "2014-09-30": "2.21000", "2014-06-30": "1.94000", "2014-03-31": "2.05000", "2013-12-31": "1.48000", "2013-09-30": "1.90000", "2013-06-30": "1.57000", "2013-03-31": "1.61000", "2012-12-31": "1.82000", "2012-09-30": "0.80000", "2012-06-30": "1.01000", "2012-03-31": "1.07000", "2011-12-31": "1.02000", "2011-09-30": "1.36000", "2011-06-30": "1.28000", "2011-03-31": "0.96000", "2010-12-31": "0.68000", "2010-09-30": "1.35000", "2010-06-30": "0.99000", "2010-03-31": "0.82000", "2009-12-31": "0.99000", "2009-09-30": "1.00000", "2009-06-30": "0.41000", "2009-03-31": "0.58000", "2008-12-31": "-1.62000", "2008-09-30": "-0.32000", "2008-06-30": "0.94000", "2008-03-31": "0.84000", "2007-12-31": "1.09000", "2007-09-30": "0.84000", "2007-06-30": "0.83000", "2007-03-31": "0.69000", "2006-12-31": "0.71000", "2006-09-30": "0.71000", "2006-06-30": "0.57000", "2006-03-31": "0.57000", "2005-12-31": "0.45000", "2005-09-30": "0.50000", "2005-06-30": "0.63000", "2005-03-31": "0.74000"}, "EPS - Earnings Per Share": {"2020-12-31": "1.43000", "2020-09-30": "-1.14000", "2020-06-30": "-4.31000", "2020-03-31": "15.88000", "2019-12-31": "3.49000", "2019-09-30": "4.04000", "2019-06-30": "3.57000", "2019-03-31": "2.82000", "2018-12-31": "3.76000", "2018-09-30": "3.43000", "2018-06-30": "3.10000", "2018-03-31": "3.91000", "2017-12-31": "1.16000", "2017-09-30": "3.26000", "2017-06-30": "2.50000", "2017-03-31": "2.52000", "2016-12-31": "2.45000", "2016-09-30": "1.30000", "2016-06-30": "1.97000", "2016-03-31": "2.09000", "2015-12-31": "2.00000", "2015-09-30": "2.17000", "2015-06-30": "2.23000", "2015-03-31": "2.08000", "2014-12-31": "2.21000", "2014-09-30": "2.17000", "2014-06-30": "1.91000", "2014-03-31": "2.01000", "2013-12-31": "1.46000", "2013-09-30": "1.86000", "2013-06-30": "1.54000", "2013-03-31": "1.58000", "2012-12-31": "1.79000", "2012-09-30": "0.79000", "2012-06-30": "0.99000", "2012-03-31": "1.05000", "2011-12-31": "1.00000", "2011-09-30": "1.34000", "2011-06-30": "1.25000", "2011-03-31": "0.94000", "2010-12-31": "0.66000", "2010-09-30": "1.32000", "2010-06-30": "0.98000", "2010-03-31": "0.81000", "2009-12-31": "0.96000", "2009-09-30": "1.00000", "2009-06-30": "0.41000", "2009-03-31": "0.58000", "2008-12-31": "-1.59000", "2008-09-30": "-0.32000", "2008-06-30": "0.93000", "2008-03-31": "0.82000", "2007-12-31": "1.07000", "2007-09-30": "0.83000", "2007-06-30": "0.81000", "2007-03-31": "0.68000", "2006-12-31": "0.69000", "2006-09-30": "0.71000", "2006-06-30": "0.57000", "2006-03-31": "0.57000", "2005-12-31": "0.45000", "2005-09-30": "0.50000", "2005-06-30": "0.63000", "2005-03-31": "0.74000"}}, "balance sheet": {"Cash On Hand": {"2020-12-31": "6845.00000", "2019-12-31": "3827.00000", "2018-12-31": "3097.00000", "2017-12-31": "2620.00000", "2016-12-31": "2486.00000", "2015-12-31": "2859.00000", "2014-12-31": "3028.00000", "2013-12-31": "3051.00000", "2012-12-31": "2950.00000", "2011-12-31": "3251.00000", "2010-12-31": "3310.00000", "2009-12-31": "3278.00000", "2008-12-31": "6228.00000", "2007-12-31": "3836.00000", "2006-12-31": "2760.00000", "2005-12-31": "2474.00000"}, "Receivables": {"2020-12-31": "7835.00000", "2019-12-31": "7210.00000", "2018-12-31": "6185.00000", "2017-12-31": "5787.00000", "2016-12-31": "5310.00000", "2015-12-31": "5274.00000", "2014-12-31": "5027.00000", "2013-12-31": "4610.00000", "2012-12-31": "4315.00000", "2011-12-31": "4440.00000", "2010-12-31": "4909.00000", "2009-12-31": "4484.00000", "2008-12-31": "3887.00000", "2007-12-31": "3441.00000", "2006-12-31": "3161.00000", "2005-12-31": "2172.00000"}, "Inventory": {"2020-12-31": "", "2019-12-31": "", "2018-12-31": "", "2017-12-31": "", "2016-12-31": "", "2015-12-31": "", "2014-12-31": "", "2013-12-31": "", "2012-12-31": "", "2011-12-31": "", "2010-12-31": "", "2009-12-31": "", "2008-12-31": "", "2007-12-31": "", "2006-12-31": "", "2005-12-31": ""}, "Pre-Paid Expenses": {"2020-12-31": "", "2019-12-31": "", "2018-12-31": "", "2017-12-31": "", "2016-12-31": "", "2015-12-31": "", "2014-12-31": "", "2013-12-31": "", "2012-12-31": "", "2011-12-31": "", "2010-12-31": "", "2009-12-31": "", "2008-12-31": "", "2007-12-31": "", "2006-12-31": "", "2005-12-31": ""}, "Other Current Assets": {"2020-12-31": "", "2019-12-31": "", "2018-12-31": "", "2017-12-31": "", "2016-12-31": "", "2015-12-31": "", "2014-12-31": "", "2013-12-31": "", "2012-12-31": "", "2011-12-31": "", "2010-12-31": "", "2009-12-31": "", "2008-12-31": "", "2007-12-31": "", "2006-12-31": "", "2005-12-31": ""}, "Total Current Assets": {"2020-12-31": "14680.00000", "2019-12-31": "11037.00000", "2018-12-31": "9282.00000", "2017-12-31": "8407.00000", "2016-12-31": "7796.00000", "2015-12-31": "8133.00000", "2014-12-31": "8055.00000", "2013-12-31": "7661.00000", "2012-12-31": "7265.00000", "2011-12-31": "7691.00000", "2010-12-31": "8219.00000", "2009-12-31": "7762.00000", "2008-12-31": "10115.00000", "2007-12-31": "7277.00000", "2006-12-31": "5921.00000", "2005-12-31": "4646.00000"}, "Property, Plant, And Equipment": {"2020-12-31": "", "2019-12-31": "", "2018-12-31": "", "2017-12-31": "", "2016-12-31": "", "2015-12-31": "", "2014-12-31": "", "2013-12-31": "", "2012-12-31": "", "2011-12-31": "", "2010-12-31": "", "2009-12-31": "", "2008-12-31": "", "2007-12-31": "", "2006-12-31": "", "2005-12-31": ""}, "Long-Term Investments": {"2020-12-31": "42949.00000", "2019-12-31": "39521.00000", "2018-12-31": "37531.00000", "2017-12-31": "38056.00000", "2016-12-31": "38088.00000", "2015-12-31": "40714.00000", "2014-12-31": "41730.00000", "2013-12-31": "40737.00000", "2012-12-31": "41247.00000", "2011-12-31": "44742.00000", "2010-12-31": "42199.00000", "2009-12-31": "36974.00000", "2008-12-31": "27522.00000", "2007-12-31": "30625.00000", "2006-12-31": "35504.00000", "2005-12-31": "39100.00000"}, "Goodwill And Intangible Assets": {"2020-12-31": "", "2019-12-31": "", "2018-12-31": "", "2017-12-31": "", "2016-12-31": "", "2015-12-31": "", "2014-12-31": "", "2013-12-31": "", "2012-12-31": "", "2011-12-31": "", "2010-12-31": "", "2009-12-31": "", "2008-12-31": "", "2007-12-31": "", "2006-12-31": "", "2005-12-31": ""}, "Other Long-Term Assets": {"2020-12-31": "105720.00000", "2019-12-31": "98572.00000", "2018-12-31": "87627.00000", "2017-12-31": "98341.00000", "2016-12-31": "91289.00000", "2015-12-31": "93762.00000", "2014-12-31": "96417.00000", "2013-12-31": "93515.00000", "2012-12-31": "83818.00000", "2011-12-31": "77434.00000", "2010-12-31": "76177.00000", "2009-12-31": "64700.00000", "2008-12-31": "53557.00000", "2007-12-31": "66825.00000", "2006-12-31": "58557.00000", "2005-12-31": "45193.00000"}, "Total Long-Term Assets": {"2020-12-31": "151201.00000", "2019-12-31": "140791.00000", "2018-12-31": "127934.00000", "2017-12-31": "139073.00000", "2016-12-31": "132025.00000", "2015-12-31": "137206.00000", "2014-12-31": "140755.00000", "2013-12-31": "136915.00000", "2012-12-31": "127464.00000", "2011-12-31": "124616.00000", "2010-12-31": "122995.00000", "2009-12-31": "106008.00000", "2008-12-31": "85462.00000", "2007-12-31": "101953.00000", "2006-12-31": "98560.00000", "2005-12-31": "88475.00000"}, "Total Assets": {"2020-12-31": "165883.00000", "2019-12-31": "151828.00000", "2018-12-31": "137216.00000", "2017-12-31": "147480.00000", "2016-12-31": "139821.00000", "2015-12-31": "145339.00000", "2014-12-31": "148810.00000", "2013-12-31": "144576.00000", "2012-12-31": "134729.00000", "2011-12-31": "132307.00000", "2010-12-31": "131214.00000", "2009-12-31": "113770.00000", "2008-12-31": "95577.00000", "2007-12-31": "109230.00000", "2006-12-31": "104481.00000", "2005-12-31": "93121.00000"}, "Total Current Liabilities": {"2020-12-31": "19839.00000", "2019-12-31": "16515.00000", "2018-12-31": "13608.00000", "2017-12-31": "12478.00000", "2016-12-31": "11963.00000", "2015-12-31": "10486.00000", "2014-12-31": "9387.00000", "2013-12-31": "8991.00000", "2012-12-31": "8351.00000", "2011-12-31": "11419.00000", "2010-12-31": "10310.00000", "2009-12-31": "9500.00000", "2008-12-31": "9116.00000", "2007-12-31": "7393.00000", "2006-12-31": "7916.00000", "2005-12-31": "8398.00000"}, "Long Term Debt": {"2020-12-31": "4744.00000", "2019-12-31": "4725.00000", "2018-12-31": "4610.00000", "2017-12-31": "5097.00000", "2016-12-31": "5236.00000", "2015-12-31": "10223.00000", "2014-12-31": "9929.00000", "2013-12-31": "8456.00000", "2012-12-31": "7384.00000", "2011-12-31": "7571.00000", "2010-12-31": "7852.00000", "2009-12-31": "2249.00000", "2008-12-31": "2027.00000", "2007-12-31": "2018.00000", "2006-12-31": "2244.00000", "2005-12-31": "1833.00000"}, "Other Non-Current Liabilities": {"2020-12-31": "135433.00000", "2019-12-31": "124859.00000", "2018-12-31": "113410.00000", "2017-12-31": "123910.00000", "2016-12-31": "116330.00000", "2015-12-31": "116251.00000", "2014-12-31": "120189.00000", "2013-12-31": "117897.00000", "2012-12-31": "109282.00000", "2011-12-31": "103623.00000", "2010-12-31": "101767.00000", "2009-12-31": "92149.00000", "2008-12-31": "77967.00000", "2007-12-31": "92009.00000", "2006-12-31": "86396.00000", "2005-12-31": "75203.00000"}, "Total Long Term Liabilities": {"2020-12-31": "140177.00000", "2019-12-31": "129584.00000", "2018-12-31": "118020.00000", "2017-12-31": "129007.00000", "2016-12-31": "121566.00000", "2015-12-31": "126474.00000", "2014-12-31": "130118.00000", "2013-12-31": "126353.00000", "2012-12-31": "116666.00000", "2011-12-31": "111194.00000", "2010-12-31": "109619.00000", "2009-12-31": "94398.00000", "2008-12-31": "79994.00000", "2007-12-31": "94027.00000", "2006-12-31": "88640.00000", "2005-12-31": "77036.00000"}, "Total Liabilities": {"2020-12-31": "160016.00000", "2019-12-31": "146099.00000", "2018-12-31": "131628.00000", "2017-12-31": "141485.00000", "2016-12-31": "133529.00000", "2015-12-31": "136960.00000", "2014-12-31": "139505.00000", "2013-12-31": "135344.00000", "2012-12-31": "125017.00000", "2011-12-31": "122613.00000", "2010-12-31": "119929.00000", "2009-12-31": "103898.00000", "2008-12-31": "89110.00000", "2007-12-31": "101420.00000", "2006-12-31": "96556.00000", "2005-12-31": "85434.00000"}, "Common Stock Net": {"2020-12-31": "3.00000", "2019-12-31": "3.00000", "2018-12-31": "3.00000", "2017-12-31": "3.00000", "2016-12-31": "3.00000", "2015-12-31": "3.00000", "2014-12-31": "3.00000", "2013-12-31": "3.00000", "2012-12-31": "3.00000", "2011-12-31": "3.00000", "2010-12-31": "3.00000", "2009-12-31": "3.00000", "2008-12-31": "3.00000", "2007-12-31": "3.00000", "2006-12-31": "3.00000", "2005-12-31": "2.00000"}, "Retained Earnings (Accumulated Deficit)": {"2020-12-31": "15292.00000", "2019-12-31": "14279.00000", "2018-12-31": "12909.00000", "2017-12-31": "11326.00000", "2016-12-31": "10351.00000", "2015-12-31": "9662.00000", "2014-12-31": "8703.00000", "2013-12-31": "7626.00000", "2012-12-31": "6717.00000", "2011-12-31": "6031.00000", "2010-12-31": "6748.00000", "2009-12-31": "5276.00000", "2008-12-31": "4592.00000", "2007-12-31": "4811.00000", "2006-12-31": "4268.00000", "2005-12-31": "3745.00000"}, "Comprehensive Income": {"2020-12-31": "629.00000", "2019-12-31": "262.00000", "2018-12-31": "-291.00000", "2017-12-31": "229.00000", "2016-12-31": "200.00000", "2015-12-31": "253.00000", "2014-12-31": "662.00000", "2013-12-31": "595.00000", "2012-12-31": "1194.00000", "2011-12-31": "751.00000", "2010-12-31": "565.00000", "2009-12-31": "265.00000", "2008-12-31": "-1093.00000", "2007-12-31": "-167.00000", "2006-12-31": "-209.00000", "2005-12-31": "-151.00000"}, "Other Share Holders Equity": {"2020-12-31": "", "2019-12-31": "", "2018-12-31": "", "2017-12-31": "", "2016-12-31": "", "2015-12-31": "0.00000", "2014-12-31": "0.00000", "2013-12-31": "0.00000", "2012-12-31": "0.00000", "2011-12-31": "0.00000", "2010-12-31": "0.00000", "2009-12-31": "0.00000", "2008-12-31": "0.00000", "2007-12-31": "", "2006-12-31": "", "2005-12-31": ""}, "Share Holder Equity": {"2020-12-31": "5867.00000", "2019-12-31": "5729.00000", "2018-12-31": "5588.00000", "2017-12-31": "5995.00000", "2016-12-31": "6292.00000", "2015-12-31": "8379.00000", "2014-12-31": "9305.00000", "2013-12-31": "9232.00000", "2012-12-31": "9712.00000", "2011-12-31": "9694.00000", "2010-12-31": "11285.00000", "2009-12-31": "9872.00000", "2008-12-31": "6467.00000", "2007-12-31": "7810.00000", "2006-12-31": "7925.00000", "2005-12-31": "7687.00000"}, "Total Liabilities And Share Holders Equity": {"2020-12-31": "165883.00000", "2019-12-31": "151828.00000", "2018-12-31": "137216.00000", "2017-12-31": "147480.00000", "2016-12-31": "139821.00000", "2015-12-31": "145339.00000", "2014-12-31": "148810.00000", "2013-12-31": "144576.00000", "2012-12-31": "134729.00000", "2011-12-31": "132307.00000", "2010-12-31": "131214.00000", "2009-12-31": "113770.00000", "2008-12-31": "95577.00000", "2007-12-31": "109230.00000", "2006-12-31": "104481.00000", "2005-12-31": "93121.00000"}}, "balance sheet, quarterly": {"Cash On Hand": {"2020-12-31": "6845.00000", "2020-09-30": "7668.00000", "2020-06-30": "7703.00000", "2020-03-31": "8829.00000", "2019-12-31": "3827.00000", "2019-09-30": "5392.00000", "2019-06-30": "4361.00000", "2019-03-31": "3347.00000", "2018-12-31": "3097.00000", "2018-09-30": "2478.00000", "2018-06-30": "2582.00000", "2018-03-31": "2201.00000", "2017-12-31": "2620.00000", "2017-09-30": "2504.00000", "2017-06-30": "2563.00000", "2017-03-31": "2177.00000", "2016-12-31": "2486.00000", "2016-09-30": "3329.00000", "2016-06-30": "3050.00000", "2016-03-31": "2795.00000", "2015-12-31": "2859.00000", "2015-09-30": "3570.00000", "2015-06-30": "3041.00000", "2015-03-31": "3147.00000", "2014-12-31": "3028.00000", "2014-09-30": "3155.00000", "2014-06-30": "2859.00000", "2014-03-31": "2899.00000", "2013-12-31": "3051.00000", "2013-09-30": "3465.00000", "2013-06-30": "3377.00000", "2013-03-31": "3041.00000", "2012-12-31": "2950.00000", "2012-09-30": "3932.00000", "2012-06-30": "3272.00000", "2012-03-31": "2874.00000", "2011-12-31": "3251.00000", "2011-09-30": "3093.00000", "2011-06-30": "3007.00000", "2011-03-31": "3366.00000", "2010-12-31": "3310.00000", "2010-09-30": "4088.00000", "2010-06-30": "4397.00000", "2010-03-31": "5429.00000", "2009-12-31": "3278.00000", "2009-09-30": "3580.00000", "2009-06-30": "4469.00000", "2009-03-31": "5796.00000", "2008-12-31": "6228.00000", "2008-09-30": "4043.00000", "2008-06-30": "3373.00000", "2008-03-31": "3904.00000", "2007-12-31": "3836.00000", "2007-09-30": "3972.00000", "2007-06-30": "3303.00000", "2007-03-31": "2413.00000", "2006-12-31": "2760.00000", "2006-09-30": "3309.00000", "2006-06-30": "2101.00000", "2006-03-31": "1650.00000", "2005-12-31": "2474.00000", "2005-09-30": "2620.00000", "2005-06-30": "", "2005-03-31": ""}, "Receivables": {"2020-12-31": "7835.00000", "2020-09-30": "7392.00000", "2020-06-30": "7295.00000", "2020-03-31": "7188.00000", "2019-12-31": "7210.00000", "2019-09-30": "7348.00000", "2019-06-30": "7435.00000", "2019-03-31": "7462.00000", "2018-12-31": "6185.00000", "2018-09-30": "6047.00000", "2018-06-30": "5930.00000", "2018-03-31": "5880.00000", "2017-12-31": "5787.00000", "2017-09-30": "5751.00000", "2017-06-30": "5519.00000", "2017-03-31": "5372.00000", "2016-12-31": "5310.00000", "2016-09-30": "5336.00000", "2016-06-30": "5190.00000", "2016-03-31": "5295.00000", "2015-12-31": "5274.00000", "2015-09-30": "5289.00000", "2015-06-30": "5267.00000", "2015-03-31": "5140.00000", "2014-12-31": "5027.00000", "2014-09-30": "4895.00000", "2014-06-30": "4909.00000", "2014-03-31": "4714.00000", "2013-12-31": "4610.00000", "2013-09-30": "4503.00000", "2013-06-30": "4651.00000", "2013-03-31": "4383.00000", "2012-12-31": "4315.00000", "2012-09-30": "5584.00000", "2012-06-30": "5537.00000", "2012-03-31": "5516.00000", "2011-12-31": "4440.00000", "2011-09-30": "5364.00000", "2011-06-30": "5335.00000", "2011-03-31": "5589.00000", "2010-12-31": "4909.00000", "2010-09-30": "4969.00000", "2010-06-30": "4998.00000", "2010-03-31": "4848.00000", "2009-12-31": "4484.00000", "2009-09-30": "4247.00000", "2009-06-30": "4067.00000", "2009-03-31": "3579.00000", "2008-12-31": "3887.00000", "2008-09-30": "3921.00000", "2008-06-30": "3614.00000", "2008-03-31": "3441.00000", "2007-12-31": "3441.00000", "2007-09-30": "3079.00000", "2007-06-30": "3207.00000", "2007-03-31": "3022.00000", "2006-12-31": "3161.00000", "2006-09-30": "2504.00000", "2006-06-30": "2441.00000", "2006-03-31": "2382.00000", "2005-12-31": "2172.00000", "2005-09-30": "2837.00000", "2005-06-30": "", "2005-03-31": ""}, "Inventory": {"2020-12-31": "", "2020-09-30": "", "2020-06-30": "", "2020-03-31": "", "2019-12-31": "", "2019-09-30": "", "2019-06-30": "", "2019-03-31": "", "2018-12-31": "", "2018-09-30": "", "2018-06-30": "", "2018-03-31": "", "2017-12-31": "", "2017-09-30": "", "2017-06-30": "", "2017-03-31": "", "2016-12-31": "", "2016-09-30": "", "2016-06-30": "", "2016-03-31": "", "2015-12-31": "", "2015-09-30": "", "2015-06-30": "", "2015-03-31": "", "2014-12-31": "", "2014-09-30": "", "2014-06-30": "", "2014-03-31": "", "2013-12-31": "", "2013-09-30": "", "2013-06-30": "", "2013-03-31": "", "2012-12-31": "", "2012-09-30": "", "2012-06-30": "", "2012-03-31": "", "2011-12-31": "", "2011-09-30": "", "2011-06-30": "", "2011-03-31": "", "2010-12-31": "", "2010-09-30": "", "2010-06-30": "", "2010-03-31": "", "2009-12-31": "", "2009-09-30": "", "2009-06-30": "", "2009-03-31": "", "2008-12-31": "", "2008-09-30": "", "2008-06-30": "", "2008-03-31": "", "2007-12-31": "", "2007-09-30": "", "2007-06-30": "", "2007-03-31": "", "2006-12-31": "", "2006-09-30": "", "2006-06-30": "", "2006-03-31": "", "2005-12-31": "", "2005-09-30": "", "2005-06-30": "", "2005-03-31": ""}, "Pre-Paid Expenses": {"2020-12-31": "", "2020-09-30": "", "2020-06-30": "", "2020-03-31": "", "2019-12-31": "", "2019-09-30": "", "2019-06-30": "", "2019-03-31": "", "2018-12-31": "", "2018-09-30": "", "2018-06-30": "", "2018-03-31": "", "2017-12-31": "", "2017-09-30": "", "2017-06-30": "", "2017-03-31": "", "2016-12-31": "", "2016-09-30": "", "2016-06-30": "", "2016-03-31": "", "2015-12-31": "", "2015-09-30": "", "2015-06-30": "", "2015-03-31": "", "2014-12-31": "", "2014-09-30": "", "2014-06-30": "", "2014-03-31": "", "2013-12-31": "", "2013-09-30": "", "2013-06-30": "", "2013-03-31": "", "2012-12-31": "", "2012-09-30": "", "2012-06-30": "", "2012-03-31": "", "2011-12-31": "", "2011-09-30": "", "2011-06-30": "", "2011-03-31": "", "2010-12-31": "", "2010-09-30": "", "2010-06-30": "", "2010-03-31": "", "2009-12-31": "", "2009-09-30": "", "2009-06-30": "", "2009-03-31": "", "2008-12-31": "", "2008-09-30": "", "2008-06-30": "", "2008-03-31": "", "2007-12-31": "", "2007-09-30": "", "2007-06-30": "", "2007-03-31": "", "2006-12-31": "", "2006-09-30": "", "2006-06-30": "", "2006-03-31": "", "2005-12-31": "", "2005-09-30": "", "2005-06-30": "", "2005-03-31": ""}, "Other Current Assets": {"2020-12-31": "", "2020-09-30": "", "2020-06-30": "", "2020-03-31": "", "2019-12-31": "", "2019-09-30": "", "2019-06-30": "", "2019-03-31": "", "2018-12-31": "", "2018-09-30": "", "2018-06-30": "", "2018-03-31": "", "2017-12-31": "", "2017-09-30": "", "2017-06-30": "", "2017-03-31": "", "2016-12-31": "", "2016-09-30": "", "2016-06-30": "", "2016-03-31": "", "2015-12-31": "", "2015-09-30": "", "2015-06-30": "", "2015-03-31": "", "2014-12-31": "", "2014-09-30": "", "2014-06-30": "", "2014-03-31": "", "2013-12-31": "", "2013-09-30": "", "2013-06-30": "", "2013-03-31": "", "2012-12-31": "", "2012-09-30": "", "2012-06-30": "", "2012-03-31": "", "2011-12-31": "", "2011-09-30": "", "2011-06-30": "", "2011-03-31": "", "2010-12-31": "", "2010-09-30": "", "2010-06-30": "", "2010-03-31": "", "2009-12-31": "", "2009-09-30": "", "2009-06-30": "", "2009-03-31": "", "2008-12-31": "", "2008-09-30": "", "2008-06-30": "", "2008-03-31": "", "2007-12-31": "", "2007-09-30": "", "2007-06-30": "", "2007-03-31": "", "2006-12-31": "", "2006-09-30": "", "2006-06-30": "", "2006-03-31": "", "2005-12-31": "", "2005-09-30": "", "2005-06-30": "", "2005-03-31": ""}, "Total Current Assets": {"2020-12-31": "14680.00000", "2020-09-30": "15060.00000", "2020-06-30": "14998.00000", "2020-03-31": "16017.00000", "2019-12-31": "11037.00000", "2019-09-30": "12740.00000", "2019-06-30": "11796.00000", "2019-03-31": "10809.00000", "2018-12-31": "9282.00000", "2018-09-30": "8525.00000", "2018-06-30": "8512.00000", "2018-03-31": "8081.00000", "2017-12-31": "8407.00000", "2017-09-30": "8255.00000", "2017-06-30": "8082.00000", "2017-03-31": "7549.00000", "2016-12-31": "7796.00000", "2016-09-30": "8665.00000", "2016-06-30": "8240.00000", "2016-03-31": "8090.00000", "2015-12-31": "8133.00000", "2015-09-30": "8859.00000", "2015-06-30": "8308.00000", "2015-03-31": "8287.00000", "2014-12-31": "8055.00000", "2014-09-30": "8050.00000", "2014-06-30": "7768.00000", "2014-03-31": "7613.00000", "2013-12-31": "7661.00000", "2013-09-30": "7968.00000", "2013-06-30": "8028.00000", "2013-03-31": "7424.00000", "2012-12-31": "7265.00000", "2012-09-30": "9516.00000", "2012-06-30": "8809.00000", "2012-03-31": "8390.00000", "2011-12-31": "7691.00000", "2011-09-30": "8457.00000", "2011-06-30": "8342.00000", "2011-03-31": "8955.00000", "2010-12-31": "8219.00000", "2010-09-30": "9057.00000", "2010-06-30": "9395.00000", "2010-03-31": "10277.00000", "2009-12-31": "7762.00000", "2009-09-30": "7827.00000", "2009-06-30": "8536.00000", "2009-03-31": "9375.00000", "2008-12-31": "10115.00000", "2008-09-30": "7964.00000", "2008-06-30": "6987.00000", "2008-03-31": "7345.00000", "2007-12-31": "7277.00000", "2007-09-30": "7051.00000", "2007-06-30": "6510.00000", "2007-03-31": "5435.00000", "2006-12-31": "5921.00000", "2006-09-30": "5813.00000", "2006-06-30": "4542.00000", "2006-03-31": "4032.00000", "2005-12-31": "4646.00000", "2005-09-30": "5457.00000", "2005-06-30": "", "2005-03-31": ""}, "Property, Plant, And Equipment": {"2020-12-31": "", "2020-09-30": "", "2020-06-30": "", "2020-03-31": "", "2019-12-31": "", "2019-09-30": "", "2019-06-30": "", "2019-03-31": "", "2018-12-31": "", "2018-09-30": "", "2018-06-30": "", "2018-03-31": "", "2017-12-31": "", "2017-09-30": "", "2017-06-30": "", "2017-03-31": "", "2016-12-31": "", "2016-09-30": "", "2016-06-30": "", "2016-03-31": "", "2015-12-31": "", "2015-09-30": "", "2015-06-30": "", "2015-03-31": "", "2014-12-31": "", "2014-09-30": "", "2014-06-30": "", "2014-03-31": "", "2013-12-31": "", "2013-09-30": "", "2013-06-30": "", "2013-03-31": "", "2012-12-31": "", "2012-09-30": "", "2012-06-30": "", "2012-03-31": "", "2011-12-31": "", "2011-09-30": "", "2011-06-30": "", "2011-03-31": "", "2010-12-31": "", "2010-09-30": "", "2010-06-30": "", "2010-03-31": "", "2009-12-31": "", "2009-09-30": "", "2009-06-30": "", "2009-03-31": "", "2008-12-31": "", "2008-09-30": "", "2008-06-30": "", "2008-03-31": "", "2007-12-31": "", "2007-09-30": "", "2007-06-30": "", "2007-03-31": "", "2006-12-31": "", "2006-09-30": "", "2006-06-30": "", "2006-03-31": "", "2005-12-31": "", "2005-09-30": "", "2005-06-30": "", "2005-03-31": ""}, "Long-Term Investments": {"2020-12-31": "42949.00000", "2020-09-30": "42640.00000", "2020-06-30": "40703.00000", "2020-03-31": "38024.00000", "2019-12-31": "39521.00000", "2019-09-30": "37375.00000", "2019-06-30": "37007.00000", "2019-03-31": "35203.00000", "2018-12-31": "37531.00000", "2018-09-30": "36920.00000", "2018-06-30": "36594.00000", "2018-03-31": "37431.00000", "2017-12-31": "38056.00000", "2017-09-30": "38417.00000", "2017-06-30": "38192.00000", "2017-03-31": "38020.00000", "2016-12-31": "38088.00000", "2016-09-30": "38448.00000", "2016-06-30": "37870.00000", "2016-03-31": "37154.00000", "2015-12-31": "40714.00000", "2015-09-30": "41723.00000", "2015-06-30": "41490.00000", "2015-03-31": "41816.00000", "2014-12-31": "41730.00000", "2014-09-30": "41560.00000", "2014-06-30": "41584.00000", "2014-03-31": "41303.00000", "2013-12-31": "40737.00000", "2013-09-30": "40040.00000", "2013-06-30": "39967.00000", "2013-03-31": "40804.00000", "2012-12-31": "41247.00000", "2012-09-30": "43289.00000", "2012-06-30": "43564.00000", "2012-03-31": "43919.00000", "2011-12-31": "44742.00000", "2011-09-30": "43750.00000", "2011-06-30": "43363.00000", "2011-03-31": "42820.00000", "2010-12-31": "42199.00000", "2010-09-30": "43355.00000", "2010-06-30": "41963.00000", "2010-03-31": "41114.00000", "2009-12-31": "36974.00000", "2009-09-30": "36847.00000", "2009-06-30": "34793.00000", "2009-03-31": "30738.00000", "2008-12-31": "27522.00000", "2008-09-30": "28101.00000", "2008-06-30": "29506.00000", "2008-03-31": "29808.00000", "2007-12-31": "30625.00000", "2007-09-30": "31161.00000", "2007-06-30": "31704.00000", "2007-03-31": "34446.00000", "2006-12-31": "35504.00000", "2006-09-30": "36198.00000", "2006-06-30": "37027.00000", "2006-03-31": "38100.00000", "2005-12-31": "39100.00000", "2005-09-30": "39454.00000", "2005-06-30": "", "2005-03-31": ""}, "Goodwill And Intangible Assets": {"2020-12-31": "", "2020-09-30": "", "2020-06-30": "", "2020-03-31": "", "2019-12-31": "", "2019-09-30": "", "2019-06-30": "", "2019-03-31": "", "2018-12-31": "", "2018-09-30": "", "2018-06-30": "", "2018-03-31": "", "2017-12-31": "", "2017-09-30": "", "2017-06-30": "", "2017-03-31": "", "2016-12-31": "", "2016-09-30": "", "2016-06-30": "", "2016-03-31": "", "2015-12-31": "", "2015-09-30": "", "2015-06-30": "", "2015-03-31": "", "2014-12-31": "", "2014-09-30": "", "2014-06-30": "", "2014-03-31": "", "2013-12-31": "", "2013-09-30": "", "2013-06-30": "", "2013-03-31": "", "2012-12-31": "", "2012-09-30": "", "2012-06-30": "", "2012-03-31": "", "2011-12-31": "", "2011-09-30": "", "2011-06-30": "", "2011-03-31": "", "2010-12-31": "", "2010-09-30": "", "2010-06-30": "", "2010-03-31": "", "2009-12-31": "", "2009-09-30": "", "2009-06-30": "", "2009-03-31": "", "2008-12-31": "", "2008-09-30": "", "2008-06-30": "", "2008-03-31": "", "2007-12-31": "", "2007-09-30": "", "2007-06-30": "", "2007-03-31": "", "2006-12-31": "", "2006-09-30": "", "2006-06-30": "", "2006-03-31": "", "2005-12-31": "", "2005-09-30": "", "2005-06-30": "", "2005-03-31": ""}, "Other Long-Term Assets": {"2020-12-31": "105720.00000", "2020-09-30": "98537.00000", "2020-06-30": "96702.00000", "2020-03-31": "89277.00000", "2019-12-31": "98572.00000", "2019-09-30": "96772.00000", "2019-06-30": "97162.00000", "2019-03-31": "95634.00000", "2018-12-31": "87627.00000", "2018-09-30": "96914.00000", "2018-06-30": "95394.00000", "2018-03-31": "96532.00000", "2017-12-31": "98341.00000", "2017-09-30": "96153.00000", "2017-06-30": "94233.00000", "2017-03-31": "92645.00000", "2016-12-31": "91289.00000", "2016-09-30": "93976.00000", "2016-06-30": "93974.00000", "2016-03-31": "92356.00000", "2015-12-31": "93762.00000", "2015-09-30": "92104.00000", "2015-06-30": "96350.00000", "2015-03-31": "98743.00000", "2014-12-31": "96417.00000", "2014-09-30": "94978.00000", "2014-06-30": "97196.00000", "2014-03-31": "94418.00000", "2013-12-31": "93515.00000", "2013-09-30": "89590.00000", "2013-06-30": "86757.00000", "2013-03-31": "86633.00000", "2012-12-31": "83818.00000", "2012-09-30": "83362.00000", "2012-06-30": "80466.00000", "2012-03-31": "81976.00000", "2011-12-31": "77434.00000", "2011-09-30": "73849.00000", "2011-06-30": "78851.00000", "2011-03-31": "77419.00000", "2010-12-31": "76177.00000", "2010-09-30": "72195.00000", "2010-06-30": "65629.00000", "2010-03-31": "66743.00000", "2009-12-31": "64700.00000", "2009-09-30": "62204.00000", "2009-06-30": "55524.00000", "2009-03-31": "50231.00000", "2008-12-31": "53557.00000", "2008-09-30": "58612.00000", "2008-06-30": "63163.00000", "2008-03-31": "63200.00000", "2007-12-31": "66825.00000", "2007-09-30": "67140.00000", "2007-06-30": "65456.00000", "2007-03-31": "60942.00000", "2006-12-31": "58557.00000", "2006-09-30": "53070.00000", "2006-06-30": "50138.00000", "2006-03-31": "49409.00000", "2005-12-31": "45193.00000", "2005-09-30": "43275.00000", "2005-06-30": "", "2005-03-31": ""}, "Total Long-Term Assets": {"2020-12-31": "151201.00000", "2020-09-30": "143627.00000", "2020-06-30": "139904.00000", "2020-03-31": "129665.00000", "2019-12-31": "140791.00000", "2019-09-30": "136773.00000", "2019-06-30": "136882.00000", "2019-03-31": "133594.00000", "2018-12-31": "127934.00000", "2018-09-30": "136666.00000", "2018-06-30": "134756.00000", "2018-03-31": "136681.00000", "2017-12-31": "139073.00000", "2017-09-30": "137231.00000", "2017-06-30": "135062.00000", "2017-03-31": "133308.00000", "2016-12-31": "132025.00000", "2016-09-30": "134958.00000", "2016-06-30": "134444.00000", "2016-03-31": "132160.00000", "2015-12-31": "137206.00000", "2015-09-30": "136461.00000", "2015-06-30": "140498.00000", "2015-03-31": "143161.00000", "2014-12-31": "140755.00000", "2014-09-30": "139143.00000", "2014-06-30": "141392.00000", "2014-03-31": "138351.00000", "2013-12-31": "136915.00000", "2013-09-30": "132240.00000", "2013-06-30": "129230.00000", "2013-03-31": "129872.00000", "2012-12-31": "127464.00000", "2012-09-30": "129048.00000", "2012-06-30": "126461.00000", "2012-03-31": "128367.00000", "2011-12-31": "124616.00000", "2011-09-30": "121923.00000", "2011-06-30": "126796.00000", "2011-03-31": "124877.00000", "2010-12-31": "122995.00000", "2010-09-30": "119987.00000", "2010-06-30": "111715.00000", "2010-03-31": "112100.00000", "2009-12-31": "106008.00000", "2009-09-30": "103374.00000", "2009-06-30": "94678.00000", "2009-03-31": "85206.00000", "2008-12-31": "85462.00000", "2008-09-30": "91186.00000", "2008-06-30": "97280.00000", "2008-03-31": "97557.00000", "2007-12-31": "101953.00000", "2007-09-30": "102803.00000", "2007-06-30": "101622.00000", "2007-03-31": "99725.00000", "2006-12-31": "98560.00000", "2006-09-30": "93691.00000", "2006-06-30": "91507.00000", "2006-03-31": "91789.00000", "2005-12-31": "88475.00000", "2005-09-30": "86817.00000", "2005-06-30": "", "2005-03-31": ""}, "Total Assets": {"2020-12-31": "165883.00000", "2020-09-30": "158687.00000", "2020-06-30": "154902.00000", "2020-03-31": "145682.00000", "2019-12-31": "151828.00000", "2019-09-30": "149513.00000", "2019-06-30": "148678.00000", "2019-03-31": "144403.00000", "2018-12-31": "137216.00000", "2018-09-30": "145191.00000", "2018-06-30": "143268.00000", "2018-03-31": "144762.00000", "2017-12-31": "147480.00000", "2017-09-30": "145486.00000", "2017-06-30": "143144.00000", "2017-03-31": "140857.00000", "2016-12-31": "139821.00000", "2016-09-30": "143623.00000", "2016-06-30": "142684.00000", "2016-03-31": "140250.00000", "2015-12-31": "145339.00000", "2015-09-30": "145320.00000", "2015-06-30": "148806.00000", "2015-03-31": "151448.00000", "2014-12-31": "148810.00000", "2014-09-30": "147193.00000", "2014-06-30": "149160.00000", "2014-03-31": "145964.00000", "2013-12-31": "144576.00000", "2013-09-30": "140208.00000", "2013-06-30": "137258.00000", "2013-03-31": "137296.00000", "2012-12-31": "134729.00000", "2012-09-30": "138564.00000", "2012-06-30": "135270.00000", "2012-03-31": "136757.00000", "2011-12-31": "132307.00000", "2011-09-30": "130380.00000", "2011-06-30": "135138.00000", "2011-03-31": "133832.00000", "2010-12-31": "131214.00000", "2010-09-30": "129044.00000", "2010-06-30": "121110.00000", "2010-03-31": "122377.00000", "2009-12-31": "113770.00000", "2009-09-30": "111201.00000", "2009-06-30": "103214.00000", "2009-03-31": "94581.00000", "2008-12-31": "95577.00000", "2008-09-30": "99150.00000", "2008-06-30": "104267.00000", "2008-03-31": "104902.00000", "2007-12-31": "109230.00000", "2007-09-30": "109854.00000", "2007-06-30": "108132.00000", "2007-03-31": "105160.00000", "2006-12-31": "104481.00000", "2006-09-30": "99504.00000", "2006-06-30": "96049.00000", "2006-03-31": "95821.00000", "2005-12-31": "93121.00000", "2005-09-30": "92274.00000", "2005-06-30": "0.00000", "2005-03-31": "0.00000"}, "Total Current Liabilities": {"2020-12-31": "19839.00000", "2020-09-30": "18788.00000", "2020-06-30": "17920.00000", "2020-03-31": "18637.00000", "2019-12-31": "16515.00000", "2019-09-30": "15420.00000", "2019-06-30": "15160.00000", "2019-03-31": "13317.00000", "2018-12-31": "13608.00000", "2018-09-30": "12826.00000", "2018-06-30": "12378.00000", "2018-03-31": "12050.00000", "2017-12-31": "12478.00000", "2017-09-30": "12356.00000", "2017-06-30": "12000.00000", "2017-03-31": "11986.00000", "2016-12-31": "11963.00000", "2016-09-30": "11140.00000", "2016-06-30": "10669.00000", "2016-03-31": "10330.00000", "2015-12-31": "10486.00000", "2015-09-30": "9743.00000", "2015-06-30": "9414.00000", "2015-03-31": "9399.00000", "2014-12-31": "9387.00000", "2014-09-30": "9174.00000", "2014-06-30": "8806.00000", "2014-03-31": "8739.00000", "2013-12-31": "8991.00000", "2013-09-30": "8661.00000", "2013-06-30": "8385.00000", "2013-03-31": "8047.00000", "2012-12-31": "8351.00000", "2012-09-30": "11718.00000", "2012-06-30": "11579.00000", "2012-03-31": "11372.00000", "2011-12-31": "11419.00000", "2011-09-30": "11158.00000", "2011-06-30": "11007.00000", "2011-03-31": "10315.00000", "2010-12-31": "10310.00000", "2010-09-30": "10467.00000", "2010-06-30": "9976.00000", "2010-03-31": "9397.00000", "2009-12-31": "9500.00000", "2009-09-30": "9793.00000", "2009-06-30": "10041.00000", "2009-03-31": "9178.00000", "2008-12-31": "9116.00000", "2008-09-30": "8485.00000", "2008-06-30": "7272.00000", "2008-03-31": "7143.00000", "2007-12-31": "7393.00000", "2007-09-30": "7717.00000", "2007-06-30": "7905.00000", "2007-03-31": "8155.00000", "2006-12-31": "7916.00000", "2006-09-30": "8343.00000", "2006-06-30": "2975.00000", "2006-03-31": "2780.00000", "2005-12-31": "8398.00000", "2005-09-30": "3969.00000", "2005-06-30": "", "2005-03-31": ""}, "Long Term Debt": {"2020-12-31": "4744.00000", "2020-09-30": "4734.00000", "2020-06-30": "4324.00000", "2020-03-31": "3720.00000", "2019-12-31": "4725.00000", "2019-09-30": "4771.00000", "2019-06-30": "4811.00000", "2019-03-31": "5125.00000", "2018-12-31": "4610.00000", "2018-09-30": "4240.00000", "2018-06-30": "4291.00000", "2018-03-31": "5055.00000", "2017-12-31": "5097.00000", "2017-09-30": "5169.00000", "2017-06-30": "5216.00000", "2017-03-31": "5252.00000", "2016-12-31": "5236.00000", "2016-09-30": "5644.00000", "2016-06-30": "5201.00000", "2016-03-31": "5356.00000", "2015-12-31": "10223.00000", "2015-09-30": "10945.00000", "2015-06-30": "10408.00000", "2015-03-31": "9845.00000", "2014-12-31": "9929.00000", "2014-09-30": "9453.00000", "2014-06-30": "9195.00000", "2014-03-31": "8866.00000", "2013-12-31": "8456.00000", "2013-09-30": "8189.00000", "2013-06-30": "7649.00000", "2013-03-31": "7537.00000", "2012-12-31": "7384.00000", "2012-09-30": "7634.00000", "2012-06-30": "7616.00000", "2012-03-31": "7612.00000", "2011-12-31": "7571.00000", "2011-09-30": "7933.00000", "2011-06-30": "8034.00000", "2011-03-31": "8010.00000", "2010-12-31": "7852.00000", "2010-09-30": "8191.00000", "2010-06-30": "7980.00000", "2010-03-31": "8114.00000", "2009-12-31": "2249.00000", "2009-09-30": "2076.00000", "2009-06-30": "2435.00000", "2009-03-31": "1922.00000", "2008-12-31": "2027.00000", "2008-09-30": "2080.00000", "2008-06-30": "2018.00000", "2008-03-31": "2018.00000", "2007-12-31": "2018.00000", "2007-09-30": "2197.00000", "2007-06-30": "2197.00000", "2007-03-31": "2225.00000", "2006-12-31": "2244.00000", "2006-09-30": "2254.00000", "2006-06-30": "2419.00000", "2006-03-31": "1921.00000", "2005-12-31": "1833.00000", "2005-09-30": "360.00000", "2005-06-30": "", "2005-03-31": ""}, "Other Non-Current Liabilities": {"2020-12-31": "135433.00000", "2020-09-30": "129098.00000", "2020-06-30": "126158.00000", "2020-03-31": "116632.00000", "2019-12-31": "124859.00000", "2019-09-30": "123325.00000", "2019-06-30": "122677.00000", "2019-03-31": "120118.00000", "2018-12-31": "113410.00000", "2018-09-30": "122507.00000", "2018-06-30": "120967.00000", "2018-03-31": "121817.00000", "2017-12-31": "123910.00000", "2017-09-30": "121656.00000", "2017-06-30": "119678.00000", "2017-03-31": "117392.00000", "2016-12-31": "116330.00000", "2016-09-30": "120043.00000", "2016-06-30": "119725.00000", "2016-03-31": "117471.00000", "2015-12-31": "116251.00000", "2015-09-30": "115811.00000", "2015-06-30": "119988.00000", "2015-03-31": "122945.00000", "2014-12-31": "120189.00000", "2014-09-30": "119226.00000", "2014-06-30": "121482.00000", "2014-03-31": "118914.00000", "2013-12-31": "117897.00000", "2013-09-30": "114189.00000", "2013-06-30": "112242.00000", "2013-03-31": "112095.00000", "2012-12-31": "109282.00000", "2012-09-30": "109391.00000", "2012-06-30": "106462.00000", "2012-03-31": "108024.00000", "2011-12-31": "103623.00000", "2011-09-30": "100302.00000", "2011-06-30": "104869.00000", "2011-03-31": "104318.00000", "2010-12-31": "101767.00000", "2010-09-30": "98882.00000", "2010-06-30": "92035.00000", "2010-03-31": "94166.00000", "2009-12-31": "92149.00000", "2009-09-30": "89938.00000", "2009-06-30": "82364.00000", "2009-03-31": "76844.00000", "2008-12-31": "77967.00000", "2008-09-30": "81868.00000", "2008-06-30": "87663.00000", "2008-03-31": "88160.00000", "2007-12-31": "92009.00000", "2007-09-30": "92182.00000", "2007-06-30": "90430.00000", "2007-03-31": "87049.00000", "2006-12-31": "86396.00000", "2006-09-30": "81154.00000", "2006-06-30": "83420.00000", "2006-03-31": "83779.00000", "2005-12-31": "75203.00000", "2005-09-30": "80208.00000", "2005-06-30": "", "2005-03-31": ""}, "Total Long Term Liabilities": {"2020-12-31": "140177.00000", "2020-09-30": "133832.00000", "2020-06-30": "130482.00000", "2020-03-31": "120352.00000", "2019-12-31": "129584.00000", "2019-09-30": "128096.00000", "2019-06-30": "127488.00000", "2019-03-31": "125243.00000", "2018-12-31": "118020.00000", "2018-09-30": "126747.00000", "2018-06-30": "125258.00000", "2018-03-31": "126872.00000", "2017-12-31": "129007.00000", "2017-09-30": "126825.00000", "2017-06-30": "124894.00000", "2017-03-31": "122644.00000", "2016-12-31": "121566.00000", "2016-09-30": "125687.00000", "2016-06-30": "124926.00000", "2016-03-31": "122827.00000", "2015-12-31": "126474.00000", "2015-09-30": "126756.00000", "2015-06-30": "130396.00000", "2015-03-31": "132790.00000", "2014-12-31": "130118.00000", "2014-09-30": "128679.00000", "2014-06-30": "130677.00000", "2014-03-31": "127780.00000", "2013-12-31": "126353.00000", "2013-09-30": "122378.00000", "2013-06-30": "119891.00000", "2013-03-31": "119632.00000", "2012-12-31": "116666.00000", "2012-09-30": "117025.00000", "2012-06-30": "114078.00000", "2012-03-31": "115636.00000", "2011-12-31": "111194.00000", "2011-09-30": "108235.00000", "2011-06-30": "112903.00000", "2011-03-31": "112328.00000", "2010-12-31": "109619.00000", "2010-09-30": "107073.00000", "2010-06-30": "100015.00000", "2010-03-31": "102280.00000", "2009-12-31": "94398.00000", "2009-09-30": "92014.00000", "2009-06-30": "84799.00000", "2009-03-31": "78766.00000", "2008-12-31": "79994.00000", "2008-09-30": "83948.00000", "2008-06-30": "89681.00000", "2008-03-31": "90178.00000", "2007-12-31": "94027.00000", "2007-09-30": "94379.00000", "2007-06-30": "92627.00000", "2007-03-31": "89274.00000", "2006-12-31": "88640.00000", "2006-09-30": "83408.00000", "2006-06-30": "85839.00000", "2006-03-31": "85700.00000", "2005-12-31": "77036.00000", "2005-09-30": "80568.00000", "2005-06-30": "", "2005-03-31": ""}, "Total Liabilities": {"2020-12-31": "160016.00000", "2020-09-30": "152620.00000", "2020-06-30": "148402.00000", "2020-03-31": "138989.00000", "2019-12-31": "146099.00000", "2019-09-30": "143516.00000", "2019-06-30": "142648.00000", "2019-03-31": "138560.00000", "2018-12-31": "131628.00000", "2018-09-30": "139573.00000", "2018-06-30": "137636.00000", "2018-03-31": "138922.00000", "2017-12-31": "141485.00000", "2017-09-30": "139181.00000", "2017-06-30": "136894.00000", "2017-03-31": "134630.00000", "2016-12-31": "133529.00000", "2016-09-30": "136827.00000", "2016-06-30": "135595.00000", "2016-03-31": "133157.00000", "2015-12-31": "136960.00000", "2015-09-30": "136499.00000", "2015-06-30": "139810.00000", "2015-03-31": "142189.00000", "2014-12-31": "139505.00000", "2014-09-30": "137853.00000", "2014-06-30": "139483.00000", "2014-03-31": "136519.00000", "2013-12-31": "135344.00000", "2013-09-30": "131039.00000", "2013-06-30": "128276.00000", "2013-03-31": "127679.00000", "2012-12-31": "125017.00000", "2012-09-30": "128743.00000", "2012-06-30": "125657.00000", "2012-03-31": "127008.00000", "2011-12-31": "122613.00000", "2011-09-30": "119393.00000", "2011-06-30": "123910.00000", "2011-03-31": "122643.00000", "2010-12-31": "119929.00000", "2010-09-30": "117540.00000", "2010-06-30": "109991.00000", "2010-03-31": "111677.00000", "2009-12-31": "103898.00000", "2009-09-30": "101807.00000", "2009-06-30": "94840.00000", "2009-03-31": "87944.00000", "2008-12-31": "89110.00000", "2008-09-30": "92433.00000", "2008-06-30": "96953.00000", "2008-03-31": "97321.00000", "2007-12-31": "101420.00000", "2007-09-30": "102096.00000", "2007-06-30": "100532.00000", "2007-03-31": "97429.00000", "2006-12-31": "96556.00000", "2006-09-30": "91751.00000", "2006-06-30": "88814.00000", "2006-03-31": "88480.00000", "2005-12-31": "85434.00000", "2005-09-30": "84537.00000", "2005-06-30": "", "2005-03-31": ""}, "Common Stock Net": {"2020-12-31": "3.00000", "2020-09-30": "3.00000", "2020-06-30": "3.00000", "2020-03-31": "3.00000", "2019-12-31": "3.00000", "2019-09-30": "3.00000", "2019-06-30": "3.00000", "2019-03-31": "3.00000", "2018-12-31": "3.00000", "2018-09-30": "3.00000", "2018-06-30": "3.00000", "2018-03-31": "3.00000", "2017-12-31": "3.00000", "2017-09-30": "3.00000", "2017-06-30": "3.00000", "2017-03-31": "3.00000", "2016-12-31": "3.00000", "2016-09-30": "3.00000", "2016-06-30": "3.00000", "2016-03-31": "3.00000", "2015-12-31": "3.00000", "2015-09-30": "3.00000", "2015-06-30": "3.00000", "2015-03-31": "3.00000", "2014-12-31": "3.00000", "2014-09-30": "3.00000", "2014-06-30": "3.00000", "2014-03-31": "3.00000", "2013-12-31": "3.00000", "2013-09-30": "3.00000", "2013-06-30": "3.00000", "2013-03-31": "3.00000", "2012-12-31": "3.00000", "2012-09-30": "3.00000", "2012-06-30": "3.00000", "2012-03-31": "3.00000", "2011-12-31": "3.00000", "2011-09-30": "3.00000", "2011-06-30": "3.00000", "2011-03-31": "3.00000", "2010-12-31": "3.00000", "2010-09-30": "3.00000", "2010-06-30": "3.00000", "2010-03-31": "3.00000", "2009-12-31": "3.00000", "2009-09-30": "3.00000", "2009-06-30": "3.00000", "2009-03-31": "3.00000", "2008-12-31": "3.00000", "2008-09-30": "3.00000", "2008-06-30": "3.00000", "2008-03-31": "3.00000", "2007-12-31": "3.00000", "2007-09-30": "3.00000", "2007-06-30": "3.00000", "2007-03-31": "3.00000", "2006-12-31": "3.00000", "2006-09-30": "3.00000", "2006-06-30": "3.00000", "2006-03-31": "3.00000", "2005-12-31": "2.00000", "2005-09-30": "2.00000", "2005-06-30": "", "2005-03-31": ""}, "Retained Earnings (Accumulated Deficit)": {"2020-12-31": "15292.00000", "2020-09-30": "15241.00000", "2020-06-30": "15510.00000", "2020-03-31": "16180.00000", "2019-12-31": "14279.00000", "2019-09-30": "13944.00000", "2019-06-30": "13530.00000", "2019-03-31": "13172.00000", "2018-12-31": "12909.00000", "2018-09-30": "12498.00000", "2018-06-30": "12126.00000", "2018-03-31": "11796.00000", "2017-12-31": "11326.00000", "2017-09-30": "11271.00000", "2017-06-30": "10897.00000", "2017-03-31": "10633.00000", "2016-12-31": "10351.00000", "2016-09-30": "10098.00000", "2016-06-30": "10007.00000", "2016-03-31": "9799.00000", "2015-12-31": "9662.00000", "2015-09-30": "9493.00000", "2015-06-30": "9300.00000", "2015-03-31": "9031.00000", "2014-12-31": "8703.00000", "2014-09-30": "8460.00000", "2014-06-30": "8163.00000", "2014-03-31": "7938.00000", "2013-12-31": "7626.00000", "2013-09-30": "7442.00000", "2013-06-30": "7130.00000", "2013-03-31": "6978.00000", "2012-12-31": "6717.00000", "2012-09-30": "6477.00000", "2012-06-30": "6384.00000", "2012-03-31": "6285.00000", "2011-12-31": "6031.00000", "2011-09-30": "7222.00000", "2011-06-30": "7123.00000", "2011-03-31": "6915.00000", "2010-12-31": "6748.00000", "2010-09-30": "6545.00000", "2010-06-30": "6278.00000", "2010-03-31": "5959.00000", "2009-12-31": "5276.00000", "2009-09-30": "5091.00000", "2009-06-30": "4875.00000", "2009-03-31": "4817.00000", "2008-12-31": "4592.00000", "2008-09-30": "5004.00000", "2008-06-30": "5111.00000", "2008-03-31": "4938.00000", "2007-12-31": "4811.00000", "2007-09-30": "4591.00000", "2007-06-30": "4428.00000", "2007-03-31": "4268.00000", "2006-12-31": "4268.00000", "2006-09-30": "4123.00000", "2006-06-30": "3976.00000", "2006-03-31": "3862.00000", "2005-12-31": "3745.00000", "2005-09-30": "3661.00000", "2005-06-30": "", "2005-03-31": ""}, "Comprehensive Income": {"2020-12-31": "629.00000", "2020-09-30": "516.00000", "2020-06-30": "394.00000", "2020-03-31": "-295.00000", "2019-12-31": "262.00000", "2019-09-30": "337.00000", "2019-06-30": "269.00000", "2019-03-31": "35.00000", "2018-12-31": "-291.00000", "2018-09-30": "-244.00000", "2018-06-30": "-179.00000", "2018-03-31": "-5.00000", "2017-12-31": "229.00000", "2017-09-30": "312.00000", "2017-06-30": "299.00000", "2017-03-31": "219.00000", "2016-12-31": "200.00000", "2016-09-30": "595.00000", "2016-06-30": "638.00000", "2016-03-31": "442.00000", "2015-12-31": "253.00000", "2015-09-30": "461.00000", "2015-06-30": "500.00000", "2015-03-31": "704.00000", "2014-12-31": "662.00000", "2014-09-30": "746.00000", "2014-06-30": "920.00000", "2014-03-31": "746.00000", "2013-12-31": "595.00000", "2013-09-30": "605.00000", "2013-06-30": "625.00000", "2013-03-31": "1084.00000", "2012-12-31": "1194.00000", "2012-09-30": "1267.00000", "2012-06-30": "942.00000", "2012-03-31": "851.00000", "2011-12-31": "751.00000", "2011-09-30": "636.00000", "2011-06-30": "633.00000", "2011-03-31": "542.00000", "2010-12-31": "565.00000", "2010-09-30": "897.00000", "2010-06-30": "607.00000", "2010-03-31": "365.00000", "2009-12-31": "265.00000", "2009-09-30": "277.00000", "2009-06-30": "-388.00000", "2009-03-31": "-1134.00000", "2008-12-31": "-1093.00000", "2008-09-30": "-973.00000", "2008-06-30": "-522.00000", "2008-03-31": "-287.00000", "2007-12-31": "-167.00000", "2007-09-30": "-249.00000", "2007-06-30": "-355.00000", "2007-03-31": "-143.00000", "2006-12-31": "-209.00000", "2006-09-30": "-226.00000", "2006-06-30": "-666.00000", "2006-03-31": "-442.00000", "2005-12-31": "-151.00000", "2005-09-30": "-20.00000", "2005-06-30": "", "2005-03-31": ""}, "Other Share Holders Equity": {"2020-12-31": "", "2020-09-30": "", "2020-06-30": "", "2020-03-31": "", "2019-12-31": "", "2019-09-30": "", "2019-06-30": "", "2019-03-31": "", "2018-12-31": "", "2018-09-30": "", "2018-06-30": "", "2018-03-31": "", "2017-12-31": "", "2017-09-30": "", "2017-06-30": "", "2017-03-31": "", "2016-12-31": "", "2016-09-30": "", "2016-06-30": "", "2016-03-31": "", "2015-12-31": "", "2015-09-30": "0.00000", "2015-06-30": "0.00000", "2015-03-31": "0.00000", "2014-12-31": "", "2014-09-30": "0.00000", "2014-06-30": "0.00000", "2014-03-31": "0.00000", "2013-12-31": "", "2013-09-30": "0.00000", "2013-06-30": "0.00000", "2013-03-31": "0.00000", "2012-12-31": "", "2012-09-30": "0.00000", "2012-06-30": "0.00000", "2012-03-31": "0.00000", "2011-12-31": "", "2011-09-30": "0.00000", "2011-06-30": "0.00000", "2011-03-31": "0.00000", "2010-12-31": "", "2010-09-30": "0.00000", "2010-06-30": "0.00000", "2010-03-31": "0.00000", "2009-12-31": "", "2009-09-30": "0.00000", "2009-06-30": "0.00000", "2009-03-31": "0.00000", "2008-12-31": "", "2008-09-30": "", "2008-06-30": "", "2008-03-31": "", "2007-12-31": "", "2007-09-30": "", "2007-06-30": "", "2007-03-31": "", "2006-12-31": "", "2006-09-30": "", "2006-06-30": "", "2006-03-31": "", "2005-12-31": "", "2005-09-30": "", "2005-06-30": "", "2005-03-31": ""}, "Share Holder Equity": {"2020-12-31": "5867.00000", "2020-09-30": "6067.00000", "2020-06-30": "6500.00000", "2020-03-31": "6693.00000", "2019-12-31": "5729.00000", "2019-09-30": "5997.00000", "2019-06-30": "6030.00000", "2019-03-31": "5843.00000", "2018-12-31": "5588.00000", "2018-09-30": "5618.00000", "2018-06-30": "5632.00000", "2018-03-31": "5840.00000", "2017-12-31": "5995.00000", "2017-09-30": "6305.00000", "2017-06-30": "6250.00000", "2017-03-31": "6227.00000", "2016-12-31": "6292.00000", "2016-09-30": "6796.00000", "2016-06-30": "7089.00000", "2016-03-31": "7093.00000", "2015-12-31": "8379.00000", "2015-09-30": "8821.00000", "2015-06-30": "8996.00000", "2015-03-31": "9259.00000", "2014-12-31": "9305.00000", "2014-09-30": "9340.00000", "2014-06-30": "9677.00000", "2014-03-31": "9445.00000", "2013-12-31": "9232.00000", "2013-09-30": "9169.00000", "2013-06-30": "8982.00000", "2013-03-31": "9617.00000", "2012-12-31": "9712.00000", "2012-09-30": "9821.00000", "2012-06-30": "9613.00000", "2012-03-31": "9749.00000", "2011-12-31": "9694.00000", "2011-09-30": "10987.00000", "2011-06-30": "11228.00000", "2011-03-31": "11189.00000", "2010-12-31": "11285.00000", "2010-09-30": "11504.00000", "2010-06-30": "11119.00000", "2010-03-31": "10700.00000", "2009-12-31": "9872.00000", "2009-09-30": "9394.00000", "2009-06-30": "8374.00000", "2009-03-31": "6637.00000", "2008-12-31": "6467.00000", "2008-09-30": "6717.00000", "2008-06-30": "7314.00000", "2008-03-31": "7581.00000", "2007-12-31": "7810.00000", "2007-09-30": "7758.00000", "2007-06-30": "7600.00000", "2007-03-31": "7731.00000", "2006-12-31": "7925.00000", "2006-09-30": "7753.00000", "2006-06-30": "7235.00000", "2006-03-31": "7341.00000", "2005-12-31": "7687.00000", "2005-09-30": "7737.00000", "2005-06-30": "", "2005-03-31": ""}, "Total Liabilities And Share Holders Equity": {"2020-12-31": "165883.00000", "2020-09-30": "158687.00000", "2020-06-30": "154902.00000", "2020-03-31": "145682.00000", "2019-12-31": "151828.00000", "2019-09-30": "149513.00000", "2019-06-30": "148678.00000", "2019-03-31": "144403.00000", "2018-12-31": "137216.00000", "2018-09-30": "145191.00000", "2018-06-30": "143268.00000", "2018-03-31": "144762.00000", "2017-12-31": "147480.00000", "2017-09-30": "145486.00000", "2017-06-30": "143144.00000", "2017-03-31": "140857.00000", "2016-12-31": "139821.00000", "2016-09-30": "143623.00000", "2016-06-30": "142684.00000", "2016-03-31": "140250.00000", "2015-12-31": "145339.00000", "2015-09-30": "145320.00000", "2015-06-30": "148806.00000", "2015-03-31": "151448.00000", "2014-12-31": "148810.00000", "2014-09-30": "147193.00000", "2014-06-30": "149160.00000", "2014-03-31": "145964.00000", "2013-12-31": "144576.00000", "2013-09-30": "140208.00000", "2013-06-30": "137258.00000", "2013-03-31": "137296.00000", "2012-12-31": "134729.00000", "2012-09-30": "138564.00000", "2012-06-30": "135270.00000", "2012-03-31": "136757.00000", "2011-12-31": "132307.00000", "2011-09-30": "130380.00000", "2011-06-30": "135138.00000", "2011-03-31": "133832.00000", "2010-12-31": "131214.00000", "2010-09-30": "129044.00000", "2010-06-30": "121110.00000", "2010-03-31": "122377.00000", "2009-12-31": "113770.00000", "2009-09-30": "111201.00000", "2009-06-30": "103214.00000", "2009-03-31": "94581.00000", "2008-12-31": "95577.00000", "2008-09-30": "99150.00000", "2008-06-30": "104267.00000", "2008-03-31": "104902.00000", "2007-12-31": "109230.00000", "2007-09-30": "109854.00000", "2007-06-30": "108132.00000", "2007-03-31": "105160.00000", "2006-12-31": "104481.00000", "2006-09-30": "99504.00000", "2006-06-30": "96049.00000", "2006-03-31": "95821.00000", "2005-12-31": "93121.00000", "2005-09-30": "92274.00000", "2005-06-30": "", "2005-03-31": ""}}, "cash flow statement": {"Net Income/Loss": {"2020-12-31": "0.00000", "2019-12-31": "1893.00000", "2018-12-31": "2098.00000", "2017-12-31": "1480.00000", "2016-12-31": "1313.00000", "2015-12-31": "1687.00000", "2014-12-31": "2000.00000", "2013-12-31": "1475.00000", "2012-12-31": "901.00000", "2011-12-31": "1010.00000", "2010-12-31": "1152.00000", "2009-12-31": "737.00000", "2008-12-31": "-90.00000", "2007-12-31": "806.00000", "2006-12-31": "631.00000", "2005-12-31": "574.00000"}, "Total Depreciation And Amortization - Cash Flow": {"2020-12-31": "", "2019-12-31": "183.00000", "2018-12-31": "198.00000", "2017-12-31": "234.00000", "2016-12-31": "248.00000", "2015-12-31": "248.00000", "2014-12-31": "254.00000", "2013-12-31": "239.00000", "2012-12-31": "225.00000", "2011-12-31": "110.00000", "2010-12-31": "110.00000", "2009-12-31": "120.00000", "2008-12-31": "1321.00000", "2007-12-31": "889.00000", "2006-12-31": "793.00000", "2005-12-31": "796.00000"}, "Other Non-Cash Items": {"2020-12-31": "", "2019-12-31": "-386.00000", "2018-12-31": "164.00000", "2017-12-31": "325.00000", "2016-12-31": "98.00000", "2015-12-31": "-116.00000", "2014-12-31": "-54.00000", "2013-12-31": "-157.00000", "2012-12-31": "356.00000", "2011-12-31": "395.00000", "2010-12-31": "478.00000", "2009-12-31": "-291.00000", "2008-12-31": "-150.00000", "2007-12-31": "-784.00000", "2006-12-31": "-781.00000", "2005-12-31": "-766.00000"}, "Total Non-Cash Items": {"2020-12-31": "", "2019-12-31": "-203.00000", "2018-12-31": "362.00000", "2017-12-31": "559.00000", "2016-12-31": "346.00000", "2015-12-31": "132.00000", "2014-12-31": "200.00000", "2013-12-31": "82.00000", "2012-12-31": "581.00000", "2011-12-31": "505.00000", "2010-12-31": "588.00000", "2009-12-31": "-171.00000", "2008-12-31": "1171.00000", "2007-12-31": "105.00000", "2006-12-31": "12.00000", "2005-12-31": "30.00000"}, "Change In Accounts Receivable": {"2020-12-31": "", "2019-12-31": "324.00000", "2018-12-31": "-398.00000", "2017-12-31": "-457.00000", "2016-12-31": "-150.00000", "2015-12-31": "-277.00000", "2014-12-31": "-423.00000", "2013-12-31": "-267.00000", "2012-12-31": "-130.00000", "2011-12-31": "-260.00000", "2010-12-31": "-441.00000", "2009-12-31": "-186.00000", "2008-12-31": "-200.00000", "2007-12-31": "-288.00000", "2006-12-31": "-270.00000", "2005-12-31": "-83.00000"}, "Change In Inventories": {"2020-12-31": "", "2019-12-31": "", "2018-12-31": "", "2017-12-31": "", "2016-12-31": "", "2015-12-31": "81.00000", "2014-12-31": "-37.00000", "2013-12-31": "-6.00000", "2012-12-31": "11.00000", "2011-12-31": "5.00000", "2010-12-31": "18.00000", "2009-12-31": "301.00000", "2008-12-31": "-157.00000", "2007-12-31": "18.00000", "2006-12-31": "158.00000", "2005-12-31": "179.00000"}, "Change In Accounts Payable": {"2020-12-31": "", "2019-12-31": "46.00000", "2018-12-31": "-100.00000", "2017-12-31": "206.00000", "2016-12-31": "174.00000", "2015-12-31": "82.00000", "2014-12-31": "137.00000", "2013-12-31": "134.00000", "2012-12-31": "171.00000", "2011-12-31": "-80.00000", "2010-12-31": "195.00000", "2009-12-31": "26.00000", "2008-12-31": "-507.00000", "2007-12-31": "-12.00000", "2006-12-31": "112.00000", "2005-12-31": "21.00000"}, "Change In Assets/Liabilities": {"2020-12-31": "", "2019-12-31": "281.00000", "2018-12-31": "635.00000", "2017-12-31": "-265.00000", "2016-12-31": "648.00000", "2015-12-31": "986.00000", "2014-12-31": "522.00000", "2013-12-31": "-54.00000", "2012-12-31": "-29.00000", "2011-12-31": "998.00000", "2010-12-31": "335.00000", "2009-12-31": "-2025.00000", "2008-12-31": "1844.00000", "2007-12-31": "137.00000", "2006-12-31": "158.00000", "2005-12-31": "135.00000"}, "Total Change In Assets/Liabilities": {"2020-12-31": "", "2019-12-31": "651.00000", "2018-12-31": "137.00000", "2017-12-31": "-516.00000", "2016-12-31": "672.00000", "2015-12-31": "872.00000", "2014-12-31": "199.00000", "2013-12-31": "-193.00000", "2012-12-31": "23.00000", "2011-12-31": "663.00000", "2010-12-31": "107.00000", "2009-12-31": "-1884.00000", "2008-12-31": "980.00000", "2007-12-31": "-145.00000", "2006-12-31": "158.00000", "2005-12-31": "252.00000"}, "Cash Flow From Operating Activities": {"2020-12-31": "", "2019-12-31": "2341.00000", "2018-12-31": "2597.00000", "2017-12-31": "1523.00000", "2016-12-31": "2331.00000", "2015-12-31": "2691.00000", "2014-12-31": "2399.00000", "2013-12-31": "1364.00000", "2012-12-31": "1505.00000", "2011-12-31": "2178.00000", "2010-12-31": "1847.00000", "2009-12-31": "-1318.00000", "2008-12-31": "2061.00000", "2007-12-31": "766.00000", "2006-12-31": "801.00000", "2005-12-31": "856.00000"}, "Net Change In Property, Plant, And Equipment": {"2020-12-31": "", "2019-12-31": "-143.00000", "2018-12-31": "-162.00000", "2017-12-31": "-162.00000", "2016-12-31": "-92.00000", "2015-12-31": "-133.00000", "2014-12-31": "-113.00000", "2013-12-31": "-105.00000", "2012-12-31": "-137.00000", "2011-12-31": "-100.00000", "2010-12-31": "-131.00000", "2009-12-31": "-83.00000", "2008-12-31": "-125.00000", "2007-12-31": "-306.00000", "2006-12-31": "-187.00000", "2005-12-31": "-141.00000"}, "Net Change In Intangible Assets": {"2020-12-31": "", "2019-12-31": "", "2018-12-31": "", "2017-12-31": "", "2016-12-31": "", "2015-12-31": "", "2014-12-31": "", "2013-12-31": "", "2012-12-31": "", "2011-12-31": "", "2010-12-31": "", "2009-12-31": "", "2008-12-31": "", "2007-12-31": "", "2006-12-31": "", "2005-12-31": ""}, "Net Acquisitions/Divestitures": {"2020-12-31": "", "2019-12-31": "934.00000", "2018-12-31": "", "2017-12-31": "", "2016-12-31": "", "2015-12-31": "", "2014-12-31": "", "2013-12-31": "", "2012-12-31": "", "2011-12-31": "", "2010-12-31": "-866.00000", "2009-12-31": "", "2008-12-31": "-563.00000", "2007-12-31": "115.00000", "2006-12-31": "437.00000", "2005-12-31": "88.00000"}, "Net Change In Short-term Investments": {"2020-12-31": "", "2019-12-31": "", "2018-12-31": "", "2017-12-31": "", "2016-12-31": "", "2015-12-31": "", "2014-12-31": "", "2013-12-31": "", "2012-12-31": "", "2011-12-31": "", "2010-12-31": "", "2009-12-31": "", "2008-12-31": "", "2007-12-31": "", "2006-12-31": "", "2005-12-31": "-26.00000"}, "Net Change In Long-Term Investments": {"2020-12-31": "", "2019-12-31": "-3439.00000", "2018-12-31": "-429.00000", "2017-12-31": "-117.00000", "2016-12-31": "-1602.00000", "2015-12-31": "-1023.00000", "2014-12-31": "-641.00000", "2013-12-31": "-824.00000", "2012-12-31": "4264.00000", "2011-12-31": "-676.00000", "2010-12-31": "424.00000", "2009-12-31": "-6373.00000", "2008-12-31": "433.00000", "2007-12-31": "4417.00000", "2006-12-31": "2695.00000", "2005-12-31": "-737.00000"}, "Net Change In Investments - Total": {"2020-12-31": "", "2019-12-31": "-3439.00000", "2018-12-31": "-429.00000", "2017-12-31": "-117.00000", "2016-12-31": "-1602.00000", "2015-12-31": "-1023.00000", "2014-12-31": "-641.00000", "2013-12-31": "-824.00000", "2012-12-31": "4264.00000", "2011-12-31": "-676.00000", "2010-12-31": "424.00000", "2009-12-31": "-6373.00000", "2008-12-31": "433.00000", "2007-12-31": "4417.00000", "2006-12-31": "2695.00000", "2005-12-31": "-763.00000"}, "Investing Activities - Other": {"2020-12-31": "", "2019-12-31": "-586.00000", "2018-12-31": "4.00000", "2017-12-31": "108.00000", "2016-12-31": "911.00000", "2015-12-31": "647.00000", "2014-12-31": "39.00000", "2013-12-31": "127.00000", "2012-12-31": "290.00000", "2011-12-31": "-370.00000", "2010-12-31": "-161.00000", "2009-12-31": "83.00000", "2008-12-31": "115.00000", "2007-12-31": "402.00000", "2006-12-31": "543.00000", "2005-12-31": "543.00000"}, "Cash Flow From Investing Activities": {"2020-12-31": "", "2019-12-31": "-3234.00000", "2018-12-31": "-587.00000", "2017-12-31": "-171.00000", "2016-12-31": "-783.00000", "2015-12-31": "-509.00000", "2014-12-31": "-715.00000", "2013-12-31": "-802.00000", "2012-12-31": "4417.00000", "2011-12-31": "-1146.00000", "2010-12-31": "-734.00000", "2009-12-31": "-6373.00000", "2008-12-31": "-140.00000", "2007-12-31": "4628.00000", "2006-12-31": "3488.00000", "2005-12-31": "-273.00000"}, "Net Long-Term Debt": {"2020-12-31": "", "2019-12-31": "-1714.00000", "2018-12-31": "-2584.00000", "2017-12-31": "-2179.00000", "2016-12-31": "-2083.00000", "2015-12-31": "-2363.00000", "2014-12-31": "-1165.00000", "2013-12-31": "-1037.00000", "2012-12-31": "-2627.00000", "2011-12-31": "-2575.00000", "2010-12-31": "-816.00000", "2009-12-31": "2819.00000", "2008-12-31": "118.00000", "2007-12-31": "-2849.00000", "2006-12-31": "-2496.00000", "2005-12-31": "845.00000"}, "Net Current Debt": {"2020-12-31": "", "2019-12-31": "", "2018-12-31": "", "2017-12-31": "", "2016-12-31": "-1.00000", "2015-12-31": "-1.00000", "2014-12-31": "-301.00000", "2013-12-31": "-2.00000", "2012-12-31": "-5.00000", "2011-12-31": "107.00000", "2010-12-31": "397.00000", "2009-12-31": "", "2008-12-31": "", "2007-12-31": "", "2006-12-31": "", "2005-12-31": "-1578.00000"}, "Debt Issuance/Retirement Net - Total": {"2020-12-31": "", "2019-12-31": "-1714.00000", "2018-12-31": "-2584.00000", "2017-12-31": "-2179.00000", "2016-12-31": "-2084.00000", "2015-12-31": "-2364.00000", "2014-12-31": "-1466.00000", "2013-12-31": "-1039.00000", "2012-12-31": "-2632.00000", "2011-12-31": "-2468.00000", "2010-12-31": "-419.00000", "2009-12-31": "2819.00000", "2008-12-31": "118.00000", "2007-12-31": "-2849.00000", "2006-12-31": "-2496.00000", "2005-12-31": "-733.00000"}, "Net Common Equity Issued/Repurchased": {"2020-12-31": "", "2019-12-31": "-1940.00000", "2018-12-31": "-1628.00000", "2017-12-31": "-1470.00000", "2016-12-31": "-1698.00000", "2015-12-31": "-1725.00000", "2014-12-31": "-1544.00000", "2013-12-31": "-1465.00000", "2012-12-31": "-1221.00000", "2011-12-31": "-1429.00000", "2010-12-31": "-469.00000", "2009-12-31": "864.00000", "2008-12-31": "-629.00000", "2007-12-31": "-952.00000", "2006-12-31": "-458.00000", "2005-12-31": ""}, "Net Total Equity Issued/Repurchased": {"2020-12-31": "", "2019-12-31": "-1940.00000", "2018-12-31": "-1628.00000", "2017-12-31": "-1470.00000", "2016-12-31": "-1698.00000", "2015-12-31": "-1725.00000", "2014-12-31": "-1544.00000", "2013-12-31": "-1465.00000", "2012-12-31": "-1221.00000", "2011-12-31": "-1429.00000", "2010-12-31": "-469.00000", "2009-12-31": "864.00000", "2008-12-31": "-629.00000", "2007-12-31": "-952.00000", "2006-12-31": "-458.00000", "2005-12-31": ""}, "Total Common And Preferred Stock Dividends Paid": {"2020-12-31": "", "2019-12-31": "-504.00000", "2018-12-31": "-506.00000", "2017-12-31": "-491.00000", "2016-12-31": "-479.00000", "2015-12-31": "-465.00000", "2014-12-31": "-426.00000", "2013-12-31": "-401.00000", "2012-12-31": "-305.00000", "2011-12-31": "-212.00000", "2010-12-31": "-183.00000", "2009-12-31": "-164.00000", "2008-12-31": "-143.00000", "2007-12-31": "-133.00000", "2006-12-31": "-108.00000", "2005-12-31": "-27.00000"}, "Financial Activities - Other": {"2020-12-31": "", "2019-12-31": "5372.00000", "2018-12-31": "3455.00000", "2017-12-31": "2355.00000", "2016-12-31": "3119.00000", "2015-12-31": "2158.00000", "2014-12-31": "1779.00000", "2013-12-31": "2599.00000", "2012-12-31": "-2184.00000", "2011-12-31": "2998.00000", "2010-12-31": "-272.00000", "2009-12-31": "1026.00000", "2008-12-31": "1179.00000", "2007-12-31": "-389.00000", "2006-12-31": "-991.00000", "2005-12-31": "1083.00000"}, "Cash Flow From Financial Activities": {"2020-12-31": "", "2019-12-31": "1214.00000", "2018-12-31": "-1263.00000", "2017-12-31": "-1785.00000", "2016-12-31": "-1142.00000", "2015-12-31": "-2396.00000", "2014-12-31": "-1657.00000", "2013-12-31": "-306.00000", "2012-12-31": "-6342.00000", "2011-12-31": "-1111.00000", "2010-12-31": "-1343.00000", "2009-12-31": "4545.00000", "2008-12-31": "525.00000", "2007-12-31": "-4323.00000", "2006-12-31": "-4053.00000", "2005-12-31": "323.00000"}, "Net Cash Flow": {"2020-12-31": "", "2019-12-31": "330.00000", "2018-12-31": "739.00000", "2017-12-31": "-398.00000", "2016-12-31": "-15.00000", "2015-12-31": "-235.00000", "2014-12-31": "6.00000", "2013-12-31": "261.00000", "2012-12-31": "-410.00000", "2011-12-31": "-80.00000", "2010-12-31": "-236.00000", "2009-12-31": "-3131.00000", "2008-12-31": "2392.00000", "2007-12-31": "1076.00000", "2006-12-31": "277.00000", "2005-12-31": "1392.00000"}, "Stock-Based Compensation": {"2020-12-31": "", "2019-12-31": "135.00000", "2018-12-31": "144.00000", "2017-12-31": "121.00000", "2016-12-31": "134.00000", "2015-12-31": "145.00000", "2014-12-31": "130.00000", "2013-12-31": "143.00000", "2012-12-31": "134.00000", "2011-12-31": "145.00000", "2010-12-31": "158.00000", "2009-12-31": "182.00000", "2008-12-31": "148.00000", "2007-12-31": "143.00000", "2006-12-31": "113.00000", "2005-12-31": "55.00000"}, "Common Stock Dividends Paid": {"2020-12-31": "", "2019-12-31": "-504.00000", "2018-12-31": "-506.00000", "2017-12-31": "-491.00000", "2016-12-31": "-479.00000", "2015-12-31": "-465.00000", "2014-12-31": "-426.00000", "2013-12-31": "-401.00000", "2012-12-31": "-305.00000", "2011-12-31": "-212.00000", "2010-12-31": "-183.00000", "2009-12-31": "-164.00000", "2008-12-31": "-143.00000", "2007-12-31": "-133.00000", "2006-12-31": "-108.00000", "2005-12-31": "-27.00000"}}, "cash flow statement, quarterly": {"Net Income/Loss": {"2020-12-31": -1357, "2020-09-30": -140, "2020-06-30": -539, "2020-03-31": "2036.00000", "2019-12-31": 463, "2019-09-30": 543, "2019-06-30": 492, "2019-03-31": "395.00000", "2018-12-31": 539, "2018-09-30": 503, "2018-06-30": 462, "2018-03-31": "594.00000", "2017-12-31": 177, "2017-09-30": 507, "2017-06-30": 393, "2017-03-31": "403.00000", "2016-12-31": 399, "2016-09-30": 215, "2016-06-30": 335, "2016-03-31": "364.00000", "2015-12-31": 380, "2015-09-30": 352, "2015-06-30": 476, "2015-03-31": "479.00000", "2014-12-31": 453, "2014-09-30": 565, "2014-06-30": 467, "2014-03-31": "515.00000", "2013-12-31": 380, "2013-09-30": 449, "2013-06-30": 281, "2013-03-31": "365.00000", "2012-12-31": 332, "2012-09-30": 151, "2012-06-30": 170, "2012-03-31": "248.00000", "2011-12-31": 281, "2011-09-30": 219, "2011-06-30": 287, "2011-03-31": "223.00000", "2010-12-31": 146, "2010-09-30": 312, "2010-06-30": 398, "2010-03-31": "296.00000", "2009-12-31": 274, "2009-09-30": 260, "2009-06-30": 87, "2009-03-31": "116.00000", "2008-12-31": -397, "2008-09-30": -84, "2008-06-30": 205, "2008-03-31": "186.00000", "2007-12-31": 247, "2007-09-30": 198, "2007-06-30": 196, "2007-03-31": "165.00000", "2006-12-31": 171, "2006-09-30": 174, "2006-06-30": 141, "2006-03-31": "145.00000", "2005-12-31": 111, "2005-09-30": 125, "2005-06-30": 155, "2005-03-31": "183.00000"}, "Total Depreciation And Amortization - Cash Flow": {"2020-12-31": -150, "2020-09-30": 54, "2020-06-30": 49, "2020-03-31": "47.00000", "2019-12-31": 51, "2019-09-30": 41, "2019-06-30": 45, "2019-03-31": "46.00000", "2018-12-31": 46, "2018-09-30": 45, "2018-06-30": 51, "2018-03-31": "56.00000", "2017-12-31": 58, "2017-09-30": 55, "2017-06-30": 58, "2017-03-31": "63.00000", "2016-12-31": 61, "2016-09-30": 60, "2016-06-30": 62, "2016-03-31": "65.00000", "2015-12-31": 25, "2015-09-30": 100, "2015-06-30": 57, "2015-03-31": "66.00000", "2014-12-31": 61, "2014-09-30": 64, "2014-06-30": 66, "2014-03-31": "63.00000", "2013-12-31": 64, "2013-09-30": 59, "2013-06-30": 58, "2013-03-31": "58.00000", "2012-12-31": 57, "2012-09-30": 58, "2012-06-30": 54, "2012-03-31": "56.00000", "2011-12-31": 49, "2011-09-30": 1, "2011-06-30": 37, "2011-03-31": "23.00000", "2010-12-31": 31, "2010-09-30": -293, "2010-06-30": 220, "2010-03-31": "152.00000", "2009-12-31": -76, "2009-09-30": -52, "2009-06-30": -143, "2009-03-31": "391.00000", "2008-12-31": 508, "2008-09-30": 337, "2008-06-30": 235, "2008-03-31": "241.00000", "2007-12-31": 257, "2007-09-30": 200, "2007-06-30": 212, "2007-03-31": "220.00000", "2006-12-31": 159, "2006-09-30": 170, "2006-06-30": 253, "2006-03-31": "211.00000", "2005-12-31": 195, "2005-09-30": 143, "2005-06-30": 231, "2005-03-31": "227.00000"}, "Other Non-Cash Items": {"2020-12-31": -352, "2020-09-30": -297, "2020-06-30": -698, "2020-03-31": "1347.00000", "2019-12-31": -306, "2019-09-30": -103, "2019-06-30": -12, "2019-03-31": "35.00000", "2018-12-31": 61, "2018-09-30": 1, "2018-06-30": -38, "2018-03-31": "140.00000", "2017-12-31": 290, "2017-09-30": -17, "2017-06-30": -13, "2017-03-31": "65.00000", "2016-12-31": 0, "2016-09-30": 57, "2016-06-30": -52, "2016-03-31": "93.00000", "2015-12-31": -128, "2015-09-30": -16, "2015-06-30": -56, "2015-03-31": "84.00000", "2014-12-31": 267, "2014-09-30": -127, "2014-06-30": -82, "2014-03-31": "-112.00000", "2013-12-31": -121, "2013-09-30": -91, "2013-06-30": 9, "2013-03-31": "46.00000", "2012-12-31": 82, "2012-09-30": 131, "2012-06-30": 157, "2012-03-31": "-14.00000", "2011-12-31": -67, "2011-09-30": 267, "2011-06-30": 151, "2011-03-31": "44.00000", "2010-12-31": 316, "2010-09-30": 150, "2010-06-30": -265, "2010-03-31": "277.00000", "2009-12-31": 31, "2009-09-30": -100, "2009-06-30": -117, "2009-03-31": "-105.00000", "2008-12-31": 91, "2008-09-30": 36, "2008-06-30": -115, "2008-03-31": "-162.00000", "2007-12-31": -214, "2007-09-30": -150, "2007-06-30": -176, "2007-03-31": "-244.00000", "2006-12-31": -210, "2006-09-30": -154, "2006-06-30": -221, "2006-03-31": "-196.00000", "2005-12-31": -222, "2005-09-30": -143, "2005-06-30": -258, "2005-03-31": "-143.00000"}, "Total Non-Cash Items": {"2020-12-31": -502, "2020-09-30": -243, "2020-06-30": -649, "2020-03-31": "1394.00000", "2019-12-31": -255, "2019-09-30": -62, "2019-06-30": 33, "2019-03-31": "81.00000", "2018-12-31": 107, "2018-09-30": 46, "2018-06-30": 13, "2018-03-31": "196.00000", "2017-12-31": 348, "2017-09-30": 38, "2017-06-30": 45, "2017-03-31": "128.00000", "2016-12-31": 61, "2016-09-30": 117, "2016-06-30": 10, "2016-03-31": "158.00000", "2015-12-31": -103, "2015-09-30": 84, "2015-06-30": 1, "2015-03-31": "150.00000", "2014-12-31": 328, "2014-09-30": -63, "2014-06-30": -16, "2014-03-31": "-49.00000", "2013-12-31": -57, "2013-09-30": -32, "2013-06-30": 67, "2013-03-31": "104.00000", "2012-12-31": 139, "2012-09-30": 189, "2012-06-30": 211, "2012-03-31": "42.00000", "2011-12-31": -18, "2011-09-30": 268, "2011-06-30": 188, "2011-03-31": "67.00000", "2010-12-31": 347, "2010-09-30": -143, "2010-06-30": -45, "2010-03-31": "429.00000", "2009-12-31": -45, "2009-09-30": -152, "2009-06-30": -260, "2009-03-31": "286.00000", "2008-12-31": 599, "2008-09-30": 373, "2008-06-30": 120, "2008-03-31": "79.00000", "2007-12-31": 43, "2007-09-30": 50, "2007-06-30": 36, "2007-03-31": "-24.00000", "2006-12-31": -51, "2006-09-30": 16, "2006-06-30": 32, "2006-03-31": "15.00000", "2005-12-31": -27, "2005-09-30": 0, "2005-06-30": -27, "2005-03-31": "84.00000"}, "Change In Accounts Receivable": {"2020-12-31": 216, "2020-09-30": -85, "2020-06-30": -118, "2020-03-31": "-13.00000", "2019-12-31": 119, "2019-09-30": 85, "2019-06-30": -5, "2019-03-31": "125.00000", "2018-12-31": -134, "2018-09-30": -143, "2018-06-30": -43, "2018-03-31": "-78.00000", "2017-12-31": -12, "2017-09-30": -277, "2017-06-30": -109, "2017-03-31": "-59.00000", "2016-12-31": 27, "2016-09-30": -151, "2016-06-30": 36, "2016-03-31": "-62.00000", "2015-12-31": 17, "2015-09-30": -16, "2015-06-30": -94, "2015-03-31": "-184.00000", "2014-12-31": -77, "2014-09-30": -52, "2014-06-30": -150, "2014-03-31": "-144.00000", "2013-12-31": -129, "2013-09-30": 101, "2013-06-30": -187, "2013-03-31": "-52.00000", "2012-12-31": 9, "2012-09-30": -100, "2012-06-30": -32, "2012-03-31": "-7.00000", "2011-12-31": -121, "2011-09-30": 18, "2011-06-30": -92, "2011-03-31": "-65.00000", "2010-12-31": -215, "2010-09-30": 93, "2010-06-30": -52, "2010-03-31": "-267.00000", "2009-12-31": 21, "2009-09-30": -234, "2009-06-30": -276, "2009-03-31": "303.00000", "2008-12-31": 388, "2008-09-30": -446, "2008-06-30": -47, "2008-03-31": "-95.00000", "2007-12-31": -26, "2007-09-30": 128, "2007-06-30": -299, "2007-03-31": "-91.00000", "2006-12-31": 16, "2006-09-30": -18, "2006-06-30": -85, "2006-03-31": "-183.00000", "2005-12-31": 91, "2005-09-30": 122, "2005-06-30": 62, "2005-03-31": "-358.00000"}, "Change In Inventories": {"2020-12-31": 0, "2020-09-30": 0, "2020-06-30": 0, "2020-03-31": "", "2019-12-31": 0, "2019-09-30": 0, "2019-06-30": 0, "2019-03-31": "", "2018-12-31": 0, "2018-09-30": 0, "2018-06-30": 0, "2018-03-31": "", "2017-12-31": 139, "2017-09-30": -32, "2017-06-30": -9, "2017-03-31": "-98.00000", "2016-12-31": -9, "2016-09-30": 21, "2016-06-30": -8, "2016-03-31": "-4.00000", "2015-12-31": 20, "2015-09-30": 8, "2015-06-30": 108, "2015-03-31": "-55.00000", "2014-12-31": 115, "2014-09-30": -109, "2014-06-30": -43, "2014-03-31": "", "2013-12-31": 24, "2013-09-30": -31, "2013-06-30": 7, "2013-03-31": "-6.00000", "2012-12-31": -17, "2012-09-30": 4, "2012-06-30": 31, "2012-03-31": "-7.00000", "2011-12-31": 21, "2011-09-30": 57, "2011-06-30": -70, "2011-03-31": "-3.00000", "2010-12-31": 28, "2010-09-30": -17, "2010-06-30": 2, "2010-03-31": "5.00000", "2009-12-31": 23, "2009-09-30": 605, "2009-06-30": 9, "2009-03-31": "-336.00000", "2008-12-31": -272, "2008-09-30": -16, "2008-06-30": 50, "2008-03-31": "81.00000", "2007-12-31": 37, "2007-09-30": 63, "2007-06-30": -9, "2007-03-31": "-73.00000", "2006-12-31": 13, "2006-09-30": 118, "2006-06-30": 69, "2006-03-31": "-42.00000", "2005-12-31": 90, "2005-09-30": -48, "2005-06-30": 58, "2005-03-31": "79.00000"}, "Change In Accounts Payable": {"2020-12-31": 94, "2020-09-30": 111, "2020-06-30": 227, "2020-03-31": "-432.00000", "2019-12-31": 89, "2019-09-30": 48, "2019-06-30": 86, "2019-03-31": "-177.00000", "2018-12-31": -2, "2018-09-30": 122, "2018-06-30": 153, "2018-03-31": "-373.00000", "2017-12-31": 225, "2017-09-30": 118, "2017-06-30": 122, "2017-03-31": "-259.00000", "2016-12-31": 198, "2016-09-30": 172, "2016-06-30": 99, "2016-03-31": "-295.00000", "2015-12-31": 123, "2015-09-30": 103, "2015-06-30": 52, "2015-03-31": "-196.00000", "2014-12-31": 85, "2014-09-30": 150, "2014-06-30": 85, "2014-03-31": "-183.00000", "2013-12-31": 72, "2013-09-30": 85, "2013-06-30": 170, "2013-03-31": "-193.00000", "2012-12-31": 81, "2012-09-30": 161, "2012-06-30": 94, "2012-03-31": "-165.00000", "2011-12-31": 31, "2011-09-30": -36, "2011-06-30": 181, "2011-03-31": "-256.00000", "2010-12-31": 89, "2010-09-30": 23, "2010-06-30": 244, "2010-03-31": "-161.00000", "2009-12-31": 166, "2009-09-30": -66, "2009-06-30": 98, "2009-03-31": "-172.00000", "2008-12-31": -94, "2008-09-30": -116, "2008-06-30": 92, "2008-03-31": "-389.00000", "2007-12-31": 118, "2007-09-30": -41, "2007-06-30": 124, "2007-03-31": "-213.00000", "2006-12-31": -76, "2006-09-30": -226, "2006-06-30": 314, "2006-03-31": "100.00000", "2005-12-31": 21, "2005-09-30": 0, "2005-06-30": 0, "2005-03-31": ""}, "Change In Assets/Liabilities": {"2020-12-31": -4190, "2020-09-30": 1011, "2020-06-30": 190, "2020-03-31": "2989.00000", "2019-12-31": -592, "2019-09-30": 744, "2019-06-30": 414, "2019-03-31": "-285.00000", "2018-12-31": 978, "2018-09-30": 83, "2018-06-30": 101, "2018-03-31": "-527.00000", "2017-12-31": -533, "2017-09-30": 89, "2017-06-30": 288, "2017-03-31": "-109.00000", "2016-12-31": -367, "2016-09-30": 131, "2016-06-30": 429, "2016-03-31": "455.00000", "2015-12-31": 351, "2015-09-30": -160, "2015-06-30": 76, "2015-03-31": "719.00000", "2014-12-31": -486, "2014-09-30": 1126, "2014-06-30": -413, "2014-03-31": "295.00000", "2013-12-31": -32, "2013-09-30": 627, "2013-06-30": 35, "2013-03-31": "-684.00000", "2012-12-31": 78, "2012-09-30": 10, "2012-06-30": -181, "2012-03-31": "64.00000", "2011-12-31": 533, "2011-09-30": 267, "2011-06-30": 149, "2011-03-31": "49.00000", "2010-12-31": -371, "2010-09-30": 157, "2010-06-30": 732, "2010-03-31": "-183.00000", "2009-12-31": -835, "2009-09-30": 211, "2009-06-30": -632, "2009-03-31": "-769.00000", "2008-12-31": 1648, "2008-09-30": 276, "2008-06-30": -387, "2008-03-31": "307.00000", "2007-12-31": -35, "2007-09-30": -104, "2007-06-30": 150, "2007-03-31": "126.00000", "2006-12-31": 12, "2006-09-30": 116, "2006-06-30": -42, "2006-03-31": "72.00000", "2005-12-31": 184, "2005-09-30": -209, "2005-06-30": -46, "2005-03-31": "206.00000"}, "Total Change In Assets/Liabilities": {"2020-12-31": -3780, "2020-09-30": 1319, "2020-06-30": 998, "2020-03-31": "1463.00000", "2019-12-31": -441, "2019-09-30": 941, "2019-06-30": 455, "2019-03-31": "-304.00000", "2018-12-31": 842, "2018-09-30": 62, "2018-06-30": 211, "2018-03-31": "-978.00000", "2017-12-31": -181, "2017-09-30": -102, "2017-06-30": 292, "2017-03-31": "-525.00000", "2016-12-31": -151, "2016-09-30": 173, "2016-06-30": 556, "2016-03-31": "94.00000", "2015-12-31": 511, "2015-09-30": -65, "2015-06-30": 142, "2015-03-31": "284.00000", "2014-12-31": -363, "2014-09-30": 1115, "2014-06-30": -521, "2014-03-31": "-32.00000", "2013-12-31": -65, "2013-09-30": 782, "2013-06-30": 25, "2013-03-31": "-935.00000", "2012-12-31": 151, "2012-09-30": 75, "2012-06-30": -88, "2012-03-31": "-115.00000", "2011-12-31": 464, "2011-09-30": 306, "2011-06-30": 168, "2011-03-31": "-275.00000", "2010-12-31": -469, "2010-09-30": 256, "2010-06-30": 926, "2010-03-31": "-606.00000", "2009-12-31": -625, "2009-09-30": 516, "2009-06-30": -801, "2009-03-31": "-974.00000", "2008-12-31": 1670, "2008-09-30": -302, "2008-06-30": -292, "2008-03-31": "-96.00000", "2007-12-31": 94, "2007-09-30": 46, "2007-06-30": -34, "2007-03-31": "-251.00000", "2006-12-31": -35, "2006-09-30": -10, "2006-06-30": 256, "2006-03-31": "-53.00000", "2005-12-31": 386, "2005-09-30": -135, "2005-06-30": 74, "2005-03-31": "-73.00000"}, "Cash Flow From Operating Activities": {"2020-12-31": -5639, "2020-09-30": 936, "2020-06-30": -190, "2020-03-31": "4893.00000", "2019-12-31": -233, "2019-09-30": 1422, "2019-06-30": 980, "2019-03-31": "172.00000", "2018-12-31": 1488, "2018-09-30": 611, "2018-06-30": 686, "2018-03-31": "-188.00000", "2017-12-31": 344, "2017-09-30": 443, "2017-06-30": 730, "2017-03-31": "6.00000", "2016-12-31": 309, "2016-09-30": 505, "2016-06-30": 901, "2016-03-31": "616.00000", "2015-12-31": 788, "2015-09-30": 371, "2015-06-30": 619, "2015-03-31": "913.00000", "2014-12-31": 418, "2014-09-30": 1617, "2014-06-30": -70, "2014-03-31": "434.00000", "2013-12-31": 258, "2013-09-30": 1199, "2013-06-30": 373, "2013-03-31": "-466.00000", "2012-12-31": 622, "2012-09-30": 415, "2012-06-30": 293, "2012-03-31": "175.00000", "2011-12-31": 727, "2011-09-30": 793, "2011-06-30": 643, "2011-03-31": "15.00000", "2010-12-31": 24, "2010-09-30": 425, "2010-06-30": 1279, "2010-03-31": "119.00000", "2009-12-31": -396, "2009-09-30": 624, "2009-06-30": -974, "2009-03-31": "-572.00000", "2008-12-31": 1872, "2008-09-30": -13, "2008-06-30": 33, "2008-03-31": "169.00000", "2007-12-31": 384, "2007-09-30": 294, "2007-06-30": 198, "2007-03-31": "-110.00000", "2006-12-31": 85, "2006-09-30": 180, "2006-06-30": 429, "2006-03-31": "107.00000", "2005-12-31": 470, "2005-09-30": -10, "2005-06-30": 202, "2005-03-31": "194.00000"}, "Net Change In Property, Plant, And Equipment": {"2020-12-31": 107, "2020-09-30": -45, "2020-06-30": -33, "2020-03-31": "-29.00000", "2019-12-31": -43, "2019-09-30": -33, "2019-06-30": -36, "2019-03-31": "-31.00000", "2018-12-31": -45, "2018-09-30": -48, "2018-06-30": -36, "2018-03-31": "-33.00000", "2017-12-31": -37, "2017-09-30": -53, "2017-06-30": -39, "2017-03-31": "-33.00000", "2016-12-31": -26, "2016-09-30": -30, "2016-06-30": -8, "2016-03-31": "-28.00000", "2015-12-31": -24, "2015-09-30": -42, "2015-06-30": -86, "2015-03-31": "19.00000", "2014-12-31": -24, "2014-09-30": -49, "2014-06-30": -20, "2014-03-31": "-20.00000", "2013-12-31": -37, "2013-09-30": -30, "2013-06-30": -24, "2013-03-31": "-14.00000", "2012-12-31": 6, "2012-09-30": -44, "2012-06-30": -38, "2012-03-31": "-61.00000", "2011-12-31": 49, "2011-09-30": -60, "2011-06-30": -42, "2011-03-31": "-47.00000", "2010-12-31": -43, "2010-09-30": -34, "2010-06-30": -33, "2010-03-31": "-21.00000", "2009-12-31": -27, "2009-09-30": -21, "2009-06-30": -20, "2009-03-31": "-15.00000", "2008-12-31": -25, "2008-09-30": -20, "2008-06-30": -36, "2008-03-31": "-44.00000", "2007-12-31": -115, "2007-09-30": -65, "2007-06-30": -75, "2007-03-31": "-51.00000", "2006-12-31": -138, "2006-09-30": -47, "2006-06-30": 32, "2006-03-31": "-34.00000", "2005-12-31": -46, "2005-09-30": -41, "2005-06-30": -27, "2005-03-31": "-27.00000"}, "Net Change In Intangible Assets": {"2020-12-31": 0, "2020-09-30": 0, "2020-06-30": 0, "2020-03-31": "", "2019-12-31": 0, "2019-09-30": 0, "2019-06-30": 0, "2019-03-31": "", "2018-12-31": 0, "2018-09-30": 0, "2018-06-30": 0, "2018-03-31": "", "2017-12-31": 0, "2017-09-30": 0, "2017-06-30": 0, "2017-03-31": "", "2016-12-31": 0, "2016-09-30": 0, "2016-06-30": 0, "2016-03-31": "", "2015-12-31": 0, "2015-09-30": 0, "2015-06-30": 0, "2015-03-31": "", "2014-12-31": 0, "2014-09-30": 0, "2014-06-30": 0, "2014-03-31": "", "2013-12-31": 0, "2013-09-30": 0, "2013-06-30": 0, "2013-03-31": "", "2012-12-31": 0, "2012-09-30": 0, "2012-06-30": 0, "2012-03-31": "", "2011-12-31": 0, "2011-09-30": 0, "2011-06-30": 0, "2011-03-31": "", "2010-12-31": 0, "2010-09-30": 0, "2010-06-30": 0, "2010-03-31": "", "2009-12-31": 0, "2009-09-30": 0, "2009-06-30": 0, "2009-03-31": "", "2008-12-31": 0, "2008-09-30": 0, "2008-06-30": 0, "2008-03-31": "", "2007-12-31": 0, "2007-09-30": 0, "2007-06-30": 0, "2007-03-31": "", "2006-12-31": 0, "2006-09-30": 0, "2006-06-30": 0, "2006-03-31": "", "2005-12-31": 0, "2005-09-30": 0, "2005-06-30": 0, "2005-03-31": ""}, "Net Acquisitions/Divestitures": {"2020-12-31": 0, "2020-09-30": 0, "2020-06-30": 0, "2020-03-31": "", "2019-12-31": 934, "2019-09-30": 0, "2019-06-30": 0, "2019-03-31": "", "2018-12-31": 0, "2018-09-30": 0, "2018-06-30": 0, "2018-03-31": "", "2017-12-31": 0, "2017-09-30": 0, "2017-06-30": 0, "2017-03-31": "", "2016-12-31": 0, "2016-09-30": 0, "2016-06-30": 0, "2016-03-31": "", "2015-12-31": 0, "2015-09-30": 0, "2015-06-30": 0, "2015-03-31": "", "2014-12-31": 0, "2014-09-30": 0, "2014-06-30": 0, "2014-03-31": "", "2013-12-31": 0, "2013-09-30": 0, "2013-06-30": 0, "2013-03-31": "", "2012-12-31": 0, "2012-09-30": 0, "2012-06-30": 0, "2012-03-31": "", "2011-12-31": 0, "2011-09-30": 0, "2011-06-30": 0, "2011-03-31": "", "2010-12-31": 0, "2010-09-30": 0, "2010-06-30": -866, "2010-03-31": "", "2009-12-31": 0, "2009-09-30": 0, "2009-06-30": 0, "2009-03-31": "", "2008-12-31": -563, "2008-09-30": 0, "2008-06-30": 0, "2008-03-31": "", "2007-12-31": 0, "2007-09-30": 115, "2007-06-30": 0, "2007-03-31": "", "2006-12-31": 437, "2006-09-30": 0, "2006-06-30": 0, "2006-03-31": "", "2005-12-31": 0, "2005-09-30": 88, "2005-06-30": 0, "2005-03-31": ""}, "Net Change In Short-term Investments": {"2020-12-31": 0, "2020-09-30": 0, "2020-06-30": 0, "2020-03-31": "", "2019-12-31": 0, "2019-09-30": 0, "2019-06-30": 0, "2019-03-31": "", "2018-12-31": 0, "2018-09-30": 0, "2018-06-30": 0, "2018-03-31": "", "2017-12-31": 0, "2017-09-30": 0, "2017-06-30": 0, "2017-03-31": "", "2016-12-31": 0, "2016-09-30": 0, "2016-06-30": 0, "2016-03-31": "", "2015-12-31": 0, "2015-09-30": 0, "2015-06-30": 0, "2015-03-31": "", "2014-12-31": 0, "2014-09-30": 0, "2014-06-30": 0, "2014-03-31": "", "2013-12-31": 0, "2013-09-30": 0, "2013-06-30": 0, "2013-03-31": "", "2012-12-31": 0, "2012-09-30": 0, "2012-06-30": 0, "2012-03-31": "", "2011-12-31": 0, "2011-09-30": 0, "2011-06-30": 0, "2011-03-31": "", "2010-12-31": 0, "2010-09-30": 0, "2010-06-30": 0, "2010-03-31": "", "2009-12-31": 0, "2009-09-30": 0, "2009-06-30": 0, "2009-03-31": "", "2008-12-31": 0, "2008-09-30": 0, "2008-06-30": 0, "2008-03-31": "", "2007-12-31": 0, "2007-09-30": 0, "2007-06-30": 0, "2007-03-31": "", "2006-12-31": -34, "2006-09-30": -1, "2006-06-30": 31, "2006-03-31": "4.00000", "2005-12-31": 440, "2005-09-30": -660, "2005-06-30": 185, "2005-03-31": "9.00000"}, "Net Change In Long-Term Investments": {"2020-12-31": 2237, "2020-09-30": -1481, "2020-06-30": -793, "2020-03-31": "37.00000", "2019-12-31": -2215, "2019-09-30": 27, "2019-06-30": -1063, "2019-03-31": "-188.00000", "2018-12-31": 204, "2018-09-30": -1038, "2018-06-30": 304, "2018-03-31": "101.00000", "2017-12-31": -144, "2017-09-30": -499, "2017-06-30": 289, "2017-03-31": "237.00000", "2016-12-31": -1232, "2016-09-30": -427, "2016-06-30": 12, "2016-03-31": "45.00000", "2015-12-31": -1083, "2015-09-30": 207, "2015-06-30": -304, "2015-03-31": "157.00000", "2014-12-31": -557, "2014-09-30": -279, "2014-06-30": 197, "2014-03-31": "-2.00000", "2013-12-31": -712, "2013-09-30": -821, "2013-06-30": 304, "2013-03-31": "405.00000", "2012-12-31": 3074, "2012-09-30": 1045, "2012-06-30": 279, "2012-03-31": "-134.00000", "2011-12-31": -2, "2011-09-30": -333, "2011-06-30": -348, "2011-03-31": "7.00000", "2010-12-31": 348, "2010-09-30": -756, "2010-06-30": -53, "2010-03-31": "885.00000", "2009-12-31": -194, "2009-09-30": -868, "2009-06-30": -3243, "2009-03-31": "-2068.00000", "2008-12-31": -49, "2008-09-30": 257, "2008-06-30": -178, "2008-03-31": "403.00000", "2007-12-31": 101, "2007-09-30": 829, "2007-06-30": 2303, "2007-03-31": "1184.00000", "2006-12-31": 258, "2006-09-30": 1356, "2006-06-30": 591, "2006-03-31": "490.00000", "2005-12-31": -518, "2005-09-30": 87, "2005-06-30": 142, "2005-03-31": "-448.00000"}, "Net Change In Investments - Total": {"2020-12-31": 2237, "2020-09-30": -1481, "2020-06-30": -793, "2020-03-31": "37.00000", "2019-12-31": -2215, "2019-09-30": 27, "2019-06-30": -1063, "2019-03-31": "-188.00000", "2018-12-31": 204, "2018-09-30": -1038, "2018-06-30": 304, "2018-03-31": "101.00000", "2017-12-31": -144, "2017-09-30": -499, "2017-06-30": 289, "2017-03-31": "237.00000", "2016-12-31": -1232, "2016-09-30": -427, "2016-06-30": 12, "2016-03-31": "45.00000", "2015-12-31": -1083, "2015-09-30": 207, "2015-06-30": -304, "2015-03-31": "157.00000", "2014-12-31": -557, "2014-09-30": -279, "2014-06-30": 197, "2014-03-31": "-2.00000", "2013-12-31": -712, "2013-09-30": -821, "2013-06-30": 304, "2013-03-31": "405.00000", "2012-12-31": 3074, "2012-09-30": 1045, "2012-06-30": 279, "2012-03-31": "-134.00000", "2011-12-31": -2, "2011-09-30": -333, "2011-06-30": -348, "2011-03-31": "7.00000", "2010-12-31": 348, "2010-09-30": -756, "2010-06-30": -53, "2010-03-31": "885.00000", "2009-12-31": -194, "2009-09-30": -868, "2009-06-30": -3243, "2009-03-31": "-2068.00000", "2008-12-31": -49, "2008-09-30": 257, "2008-06-30": -178, "2008-03-31": "403.00000", "2007-12-31": 101, "2007-09-30": 829, "2007-06-30": 2303, "2007-03-31": "1184.00000", "2006-12-31": 224, "2006-09-30": 1355, "2006-06-30": 622, "2006-03-31": "494.00000", "2005-12-31": -78, "2005-09-30": -573, "2005-06-30": 327, "2005-03-31": "-439.00000"}, "Investing Activities - Other": {"2020-12-31": 77, "2020-09-30": 1, "2020-06-30": -30, "2020-03-31": "-48.00000", "2019-12-31": -174, "2019-09-30": -101, "2019-06-30": -49, "2019-03-31": "-262.00000", "2018-12-31": -397, "2018-09-30": 458, "2018-06-30": -56, "2018-03-31": "-1.00000", "2017-12-31": 116, "2017-09-30": 219, "2017-06-30": -234, "2017-03-31": "7.00000", "2016-12-31": 842, "2016-09-30": 27, "2016-06-30": 58, "2016-03-31": "-16.00000", "2015-12-31": 1045, "2015-09-30": -430, "2015-06-30": 26, "2015-03-31": "6.00000", "2014-12-31": 38, "2014-09-30": -2, "2014-06-30": 126, "2014-03-31": "-123.00000", "2013-12-31": 90, "2013-09-30": 18, "2013-06-30": 21, "2013-03-31": "-2.00000", "2012-12-31": 224, "2012-09-30": -61, "2012-06-30": 166, "2012-03-31": "-39.00000", "2011-12-31": -134, "2011-09-30": -70, "2011-06-30": -133, "2011-03-31": "-33.00000", "2010-12-31": -17, "2010-09-30": -43, "2010-06-30": -88, "2010-03-31": "-13.00000", "2009-12-31": 29, "2009-09-30": -11, "2009-06-30": 51, "2009-03-31": "14.00000", "2008-12-31": -130, "2008-09-30": 28, "2008-06-30": 85, "2008-03-31": "132.00000", "2007-12-31": 364, "2007-09-30": 28, "2007-06-30": -35, "2007-03-31": "45.00000", "2006-12-31": -425, "2006-09-30": 912, "2006-06-30": 28, "2006-03-31": "28.00000", "2005-12-31": 515, "2005-09-30": -398, "2005-06-30": 474, "2005-03-31": "-48.00000"}, "Cash Flow From Investing Activities": {"2020-12-31": 2421, "2020-09-30": -1525, "2020-06-30": -856, "2020-03-31": "-40.00000", "2019-12-31": -1498, "2019-09-30": -107, "2019-06-30": -1148, "2019-03-31": "-481.00000", "2018-12-31": -238, "2018-09-30": -628, "2018-06-30": 212, "2018-03-31": "67.00000", "2017-12-31": -65, "2017-09-30": -333, "2017-06-30": 16, "2017-03-31": "211.00000", "2016-12-31": -416, "2016-09-30": -430, "2016-06-30": 62, "2016-03-31": "1.00000", "2015-12-31": -62, "2015-09-30": -265, "2015-06-30": -364, "2015-03-31": "182.00000", "2014-12-31": -543, "2014-09-30": -330, "2014-06-30": 303, "2014-03-31": "-145.00000", "2013-12-31": -659, "2013-09-30": -833, "2013-06-30": 301, "2013-03-31": "389.00000", "2012-12-31": 3304, "2012-09-30": 940, "2012-06-30": 407, "2012-03-31": "-234.00000", "2011-12-31": -87, "2011-09-30": -463, "2011-06-30": -523, "2011-03-31": "-73.00000", "2010-12-31": 288, "2010-09-30": -833, "2010-06-30": -1040, "2010-03-31": "851.00000", "2009-12-31": -192, "2009-09-30": -900, "2009-06-30": -3212, "2009-03-31": "-2069.00000", "2008-12-31": -767, "2008-09-30": 265, "2008-06-30": -129, "2008-03-31": "491.00000", "2007-12-31": 350, "2007-09-30": 907, "2007-06-30": 2193, "2007-03-31": "1178.00000", "2006-12-31": 98, "2006-09-30": 2220, "2006-06-30": 682, "2006-03-31": "488.00000", "2005-12-31": 391, "2005-09-30": -924, "2005-06-30": 774, "2005-03-31": "-514.00000"}, "Net Long-Term Debt": {"2020-12-31": 1037, "2020-09-30": 1, "2020-06-30": 144, "2020-03-31": "-1182.00000", "2019-12-31": -478, "2019-09-30": -439, "2019-06-30": -802, "2019-03-31": "5.00000", "2018-12-31": -514, "2018-09-30": -510, "2018-06-30": -976, "2018-03-31": "-584.00000", "2017-12-31": -579, "2017-09-30": -513, "2017-06-30": -555, "2017-03-31": "-532.00000", "2016-12-31": -855, "2016-09-30": -11, "2016-06-30": -708, "2016-03-31": "-509.00000", "2015-12-31": -1190, "2015-09-30": -12, "2015-06-30": -324, "2015-03-31": "-837.00000", "2014-12-31": 457, "2014-09-30": -829, "2014-06-30": -469, "2014-03-31": "-324.00000", "2013-12-31": -315, "2013-09-30": 84, "2013-06-30": -434, "2013-03-31": "-372.00000", "2012-12-31": -2571, "2012-09-30": -49, "2012-06-30": 31, "2012-03-31": "-38.00000", "2011-12-31": -2473, "2011-09-30": 108, "2011-06-30": -61, "2011-03-31": "-149.00000", "2010-12-31": -509, "2010-09-30": 204, "2010-06-30": -1287, "2010-03-31": "776.00000", "2009-12-31": -157, "2009-09-30": -210, "2009-06-30": 1359, "2009-03-31": "1827.00000", "2008-12-31": 705, "2008-09-30": 123, "2008-06-30": -270, "2008-03-31": "-440.00000", "2007-12-31": -695, "2007-09-30": -432, "2007-06-30": -851, "2007-03-31": "-871.00000", "2006-12-31": -890, "2006-09-30": -812, "2006-06-30": -196, "2006-03-31": "-598.00000", "2005-12-31": -99, "2005-09-30": 1097, "2005-06-30": -76, "2005-03-31": "-77.00000"}, "Net Current Debt": {"2020-12-31": 0, "2020-09-30": 0, "2020-06-30": 0, "2020-03-31": "", "2019-12-31": 0, "2019-09-30": 0, "2019-06-30": 0, "2019-03-31": "", "2018-12-31": 0, "2018-09-30": 0, "2018-06-30": 0, "2018-03-31": "", "2017-12-31": 0, "2017-09-30": 0, "2017-06-30": 0, "2017-03-31": "", "2016-12-31": -1, "2016-09-30": 0, "2016-06-30": 0, "2016-03-31": "", "2015-12-31": -1, "2015-09-30": 0, "2015-06-30": 0, "2015-03-31": "", "2014-12-31": 0, "2014-09-30": 0, "2014-06-30": -101, "2014-03-31": "-200.00000", "2013-12-31": 0, "2013-09-30": -1, "2013-06-30": 0, "2013-03-31": "-1.00000", "2012-12-31": 0, "2012-09-30": 2, "2012-06-30": -7, "2012-03-31": "", "2011-12-31": 0, "2011-09-30": -1, "2011-06-30": 8, "2011-03-31": "100.00000", "2010-12-31": -472, "2010-09-30": 385, "2010-06-30": 484, "2010-03-31": "", "2009-12-31": 0, "2009-09-30": 0, "2009-06-30": 0, "2009-03-31": "", "2008-12-31": 0, "2008-09-30": 0, "2008-06-30": 0, "2008-03-31": "", "2007-12-31": 0, "2007-09-30": 0, "2007-06-30": 0, "2007-03-31": "", "2006-12-31": 0, "2006-09-30": 0, "2006-06-30": 0, "2006-03-31": "", "2005-12-31": -262, "2005-09-30": -1335, "2005-06-30": -17, "2005-03-31": "36.00000"}, "Debt Issuance/Retirement Net - Total": {"2020-12-31": 1037, "2020-09-30": 1, "2020-06-30": 144, "2020-03-31": "-1182.00000", "2019-12-31": -478, "2019-09-30": -439, "2019-06-30": -802, "2019-03-31": "5.00000", "2018-12-31": -514, "2018-09-30": -510, "2018-06-30": -976, "2018-03-31": "-584.00000", "2017-12-31": -579, "2017-09-30": -513, "2017-06-30": -555, "2017-03-31": "-532.00000", "2016-12-31": -856, "2016-09-30": -11, "2016-06-30": -708, "2016-03-31": "-509.00000", "2015-12-31": -1191, "2015-09-30": -12, "2015-06-30": -324, "2015-03-31": "-837.00000", "2014-12-31": 457, "2014-09-30": -829, "2014-06-30": -570, "2014-03-31": "-524.00000", "2013-12-31": -315, "2013-09-30": 83, "2013-06-30": -434, "2013-03-31": "-373.00000", "2012-12-31": -2571, "2012-09-30": -47, "2012-06-30": 24, "2012-03-31": "-38.00000", "2011-12-31": -2473, "2011-09-30": 107, "2011-06-30": -53, "2011-03-31": "-49.00000", "2010-12-31": -981, "2010-09-30": 589, "2010-06-30": -803, "2010-03-31": "776.00000", "2009-12-31": -157, "2009-09-30": -210, "2009-06-30": 1359, "2009-03-31": "1827.00000", "2008-12-31": 705, "2008-09-30": 123, "2008-06-30": -270, "2008-03-31": "-440.00000", "2007-12-31": -695, "2007-09-30": -432, "2007-06-30": -851, "2007-03-31": "-871.00000", "2006-12-31": -890, "2006-09-30": -812, "2006-06-30": -196, "2006-03-31": "-598.00000", "2005-12-31": -361, "2005-09-30": -238, "2005-06-30": -93, "2005-03-31": "-41.00000"}, "Net Common Equity Issued/Repurchased": {"2020-12-31": 1034, "2020-09-30": -320, "2020-06-30": -235, "2020-03-31": "-479.00000", "2019-12-31": -550, "2019-09-30": -564, "2019-06-30": -442, "2019-03-31": "-384.00000", "2018-12-31": -438, "2018-09-30": -363, "2018-06-30": -404, "2018-03-31": "-423.00000", "2017-12-31": -322, "2017-09-30": -368, "2017-06-30": -350, "2017-03-31": "-430.00000", "2016-12-31": -385, "2016-09-30": -416, "2016-06-30": -418, "2016-03-31": "-479.00000", "2015-12-31": -446, "2015-09-30": -464, "2015-06-30": -427, "2015-03-31": "-388.00000", "2014-12-31": -921, "2014-09-30": 196, "2014-06-30": -373, "2014-03-31": "-446.00000", "2013-12-31": -360, "2013-09-30": -372, "2013-06-30": -375, "2013-03-31": "-358.00000", "2012-12-31": -290, "2012-09-30": -310, "2012-06-30": -369, "2012-03-31": "-252.00000", "2011-12-31": -246, "2011-09-30": -437, "2011-06-30": -392, "2011-03-31": "-354.00000", "2010-12-31": -133, "2010-09-30": -175, "2010-06-30": -178, "2010-03-31": "17.00000", "2009-12-31": 3, "2009-09-30": 1, "2009-06-30": 869, "2009-03-31": "-9.00000", "2008-12-31": -2, "2008-09-30": -95, "2008-06-30": -261, "2008-03-31": "-271.00000", "2007-12-31": -284, "2007-09-30": -169, "2007-06-30": -129, "2007-03-31": "-370.00000", "2006-12-31": -31, "2006-09-30": -105, "2006-06-30": -37, "2006-03-31": "-285.00000", "2005-12-31": 0, "2005-09-30": 0, "2005-06-30": 0, "2005-03-31": ""}, "Net Total Equity Issued/Repurchased": {"2020-12-31": 1034, "2020-09-30": -320, "2020-06-30": -235, "2020-03-31": "-479.00000", "2019-12-31": -550, "2019-09-30": -564, "2019-06-30": -442, "2019-03-31": "-384.00000", "2018-12-31": -438, "2018-09-30": -363, "2018-06-30": -404, "2018-03-31": "-423.00000", "2017-12-31": -322, "2017-09-30": -368, "2017-06-30": -350, "2017-03-31": "-430.00000", "2016-12-31": -385, "2016-09-30": -416, "2016-06-30": -418, "2016-03-31": "-479.00000", "2015-12-31": -446, "2015-09-30": -464, "2015-06-30": -427, "2015-03-31": "-388.00000", "2014-12-31": -921, "2014-09-30": 196, "2014-06-30": -373, "2014-03-31": "-446.00000", "2013-12-31": -360, "2013-09-30": -372, "2013-06-30": -375, "2013-03-31": "-358.00000", "2012-12-31": -290, "2012-09-30": -310, "2012-06-30": -369, "2012-03-31": "-252.00000", "2011-12-31": -246, "2011-09-30": -437, "2011-06-30": -392, "2011-03-31": "-354.00000", "2010-12-31": -133, "2010-09-30": -175, "2010-06-30": -178, "2010-03-31": "17.00000", "2009-12-31": 3, "2009-09-30": 1, "2009-06-30": 869, "2009-03-31": "-9.00000", "2008-12-31": -2, "2008-09-30": -95, "2008-06-30": -261, "2008-03-31": "-271.00000", "2007-12-31": -284, "2007-09-30": -169, "2007-06-30": -129, "2007-03-31": "-370.00000", "2006-12-31": -31, "2006-09-30": -105, "2006-06-30": -37, "2006-03-31": "-285.00000", "2005-12-31": 0, "2005-09-30": 0, "2005-06-30": 0, "2005-03-31": ""}, "Total Common And Preferred Stock Dividends Paid": {"2020-12-31": 375, "2020-09-30": -125, "2020-06-30": -128, "2020-03-31": "-122.00000", "2019-12-31": -124, "2019-09-30": -127, "2019-06-30": -129, "2019-03-31": "-124.00000", "2018-12-31": -126, "2018-09-30": -127, "2018-06-30": -131, "2018-03-31": "-122.00000", "2017-12-31": -123, "2017-09-30": -124, "2017-06-30": -127, "2017-03-31": "-117.00000", "2016-12-31": -118, "2016-09-30": -122, "2016-06-30": -124, "2016-03-31": "-115.00000", "2015-12-31": 225, "2015-09-30": -461, "2015-06-30": -122, "2015-03-31": "-107.00000", "2014-12-31": -107, "2014-09-30": -108, "2014-06-30": -111, "2014-03-31": "-100.00000", "2013-12-31": -101, "2013-09-30": -103, "2013-06-30": -105, "2013-03-31": "-92.00000", "2012-12-31": -93, "2012-09-30": 76, "2012-06-30": -226, "2012-03-31": "-62.00000", "2011-12-31": -54, "2011-09-30": -55, "2011-06-30": -57, "2011-03-31": "-46.00000", "2010-12-31": -45, "2010-09-30": -47, "2010-06-30": -46, "2010-03-31": "-45.00000", "2009-12-31": -4, "2009-09-30": -48, "2009-06-30": -57, "2009-03-31": "-55.00000", "2008-12-31": -5, "2008-09-30": -39, "2008-06-30": -60, "2008-03-31": "-39.00000", "2007-12-31": -35, "2007-09-30": -35, "2007-06-30": -36, "2007-03-31": "-27.00000", "2006-12-31": -26, "2006-09-30": -27, "2006-06-30": -27, "2006-03-31": "-28.00000", "2005-12-31": -27, "2005-09-30": 0, "2005-06-30": 0, "2005-03-31": ""}, "Financial Activities - Other": {"2020-12-31": -3239, "2020-09-30": 1120, "2020-06-30": -292, "2020-03-31": "2411.00000", "2019-12-31": 1302, "2019-09-30": 698, "2019-06-30": 2578, "2019-03-31": "794.00000", "2018-12-31": 1019, "2018-09-30": 943, "2018-06-30": 928, "2018-03-31": "565.00000", "2017-12-31": 525, "2017-09-30": 585, "2017-06-30": 600, "2017-03-31": "645.00000", "2016-12-31": 790, "2016-09-30": 889, "2016-06-30": 659, "2016-03-31": "781.00000", "2015-12-31": 318, "2015-09-30": 1056, "2015-06-30": 357, "2015-03-31": "427.00000", "2014-12-31": 472, "2014-09-30": 210, "2014-06-30": 548, "2014-03-31": "549.00000", "2013-12-31": 677, "2013-09-30": 803, "2013-06-30": 410, "2013-03-31": "709.00000", "2012-12-31": -1927, "2012-09-30": -477, "2012-06-30": 285, "2012-03-31": "-65.00000", "2011-12-31": 2221, "2011-09-30": 200, "2011-06-30": 475, "2011-03-31": "102.00000", "2010-12-31": 24, "2010-09-30": -108, "2010-06-30": -199, "2010-03-31": "11.00000", "2009-12-31": 264, "2009-09-30": -350, "2009-06-30": 664, "2009-03-31": "448.00000", "2008-12-31": 412, "2008-09-30": 453, "2008-06-30": 156, "2008-03-31": "158.00000", "2007-12-31": 122, "2007-09-30": 100, "2007-06-30": -493, "2007-03-31": "-118.00000", "2006-12-31": 186, "2006-09-30": -256, "2006-06-30": -411, "2006-03-31": "-510.00000", "2005-12-31": -605, "2005-09-30": 1130, "2005-06-30": 112, "2005-03-31": "446.00000"}, "Cash Flow From Financial Activities": {"2020-12-31": -793, "2020-09-30": 676, "2020-06-30": -511, "2020-03-31": "628.00000", "2019-12-31": 150, "2019-09-30": -432, "2019-06-30": 1205, "2019-03-31": "291.00000", "2018-12-31": -59, "2018-09-30": -57, "2018-06-30": -583, "2018-03-31": "-564.00000", "2017-12-31": -499, "2017-09-30": -420, "2017-06-30": -432, "2017-03-31": "-434.00000", "2016-12-31": -569, "2016-09-30": 340, "2016-06-30": -591, "2016-03-31": "-322.00000", "2015-12-31": -1094, "2015-09-30": 119, "2015-06-30": -516, "2015-03-31": "-905.00000", "2014-12-31": -99, "2014-09-30": -531, "2014-06-30": -506, "2014-03-31": "-521.00000", "2013-12-31": -99, "2013-09-30": 411, "2013-06-30": -504, "2013-03-31": "-114.00000", "2012-12-31": -4881, "2012-09-30": -758, "2012-06-30": -286, "2012-03-31": "-417.00000", "2011-12-31": -552, "2011-09-30": -185, "2011-06-30": -27, "2011-03-31": "-347.00000", "2010-12-31": -1135, "2010-09-30": 259, "2010-06-30": -1226, "2010-03-31": "759.00000", "2009-12-31": 106, "2009-09-30": -607, "2009-06-30": 2835, "2009-03-31": "2211.00000", "2008-12-31": 1110, "2008-09-30": 442, "2008-06-30": -435, "2008-03-31": "-592.00000", "2007-12-31": -892, "2007-09-30": -536, "2007-06-30": -1509, "2007-03-31": "-1386.00000", "2006-12-31": -761, "2006-09-30": -1200, "2006-06-30": -671, "2006-03-31": "-1421.00000", "2005-12-31": -993, "2005-09-30": 892, "2005-06-30": 19, "2005-03-31": "405.00000"}, "Net Cash Flow": {"2020-12-31": -4006, "2020-09-30": 100, "2020-06-30": -1558, "2020-03-31": "5464.00000", "2019-12-31": -1353, "2019-09-30": 828, "2019-06-30": 977, "2019-03-31": "-122.00000", "2018-12-31": 1186, "2018-09-30": -77, "2018-06-30": 303, "2018-03-31": "-673.00000", "2017-12-31": -217, "2017-09-30": -299, "2017-06-30": 330, "2017-03-31": "-212.00000", "2016-12-31": -698, "2016-09-30": 400, "2016-06-30": 346, "2016-03-31": "-63.00000", "2015-12-31": -377, "2015-09-30": 210, "2015-06-30": -239, "2015-03-31": "171.00000", "2014-12-31": -238, "2014-09-30": 735, "2014-06-30": -262, "2014-03-31": "-229.00000", "2013-12-31": -493, "2013-09-30": 794, "2013-06-30": 171, "2013-03-31": "-211.00000", "2012-12-31": -954, "2012-09-30": 604, "2012-06-30": 409, "2012-03-31": "-469.00000", "2011-12-31": 88, "2011-09-30": 140, "2011-06-30": 93, "2011-03-31": "-401.00000", "2010-12-31": -824, "2010-09-30": -142, "2010-06-30": -989, "2010-03-31": "1719.00000", "2009-12-31": -483, "2009-09-30": -889, "2009-06-30": -1327, "2009-03-31": "-432.00000", "2008-12-31": 2185, "2008-09-30": 670, "2008-06-30": -531, "2008-03-31": "68.00000", "2007-12-31": -166, "2007-09-30": 669, "2007-06-30": 889, "2007-03-31": "-316.00000", "2006-12-31": -558, "2006-09-30": 1208, "2006-06-30": 451, "2006-03-31": "-824.00000", "2005-12-31": -150, "2005-09-30": 110, "2005-06-30": 1176, "2005-03-31": "256.00000"}, "Stock-Based Compensation": {"2020-12-31": -107, "2020-09-30": 35, "2020-06-30": 36, "2020-03-31": "36.00000", "2019-12-31": 35, "2019-09-30": 36, "2019-06-30": 34, "2019-03-31": "30.00000", "2018-12-31": 39, "2018-09-30": 36, "2018-06-30": 37, "2018-03-31": "32.00000", "2017-12-31": 30, "2017-09-30": 30, "2017-06-30": 30, "2017-03-31": "31.00000", "2016-12-31": 33, "2016-09-30": 33, "2016-06-30": 34, "2016-03-31": "34.00000", "2015-12-31": 37, "2015-09-30": 38, "2015-06-30": 35, "2015-03-31": "35.00000", "2014-12-31": 33, "2014-09-30": 34, "2014-06-30": 33, "2014-03-31": "30.00000", "2013-12-31": 37, "2013-09-30": 35, "2013-06-30": 38, "2013-03-31": "33.00000", "2012-12-31": 36, "2012-09-30": 32, "2012-06-30": 34, "2012-03-31": "32.00000", "2011-12-31": 44, "2011-09-30": 21, "2011-06-30": 38, "2011-03-31": "42.00000", "2010-12-31": 47, "2010-09-30": 41, "2010-06-30": 31, "2010-03-31": "39.00000", "2009-12-31": 44, "2009-09-30": 52, "2009-06-30": 46, "2009-03-31": "40.00000", "2008-12-31": 34, "2008-09-30": 39, "2008-06-30": 38, "2008-03-31": "37.00000", "2007-12-31": 33, "2007-09-30": 35, "2007-06-30": 40, "2007-03-31": "35.00000", "2006-12-31": 30, "2006-09-30": 27, "2006-06-30": 32, "2006-03-31": "24.00000", "2005-12-31": 19, "2005-09-30": 14, "2005-06-30": 8, "2005-03-31": "14.00000"}, "Common Stock Dividends Paid": {"2020-12-31": 375, "2020-09-30": -125, "2020-06-30": -128, "2020-03-31": "-122.00000", "2019-12-31": -124, "2019-09-30": -127, "2019-06-30": -129, "2019-03-31": "-124.00000", "2018-12-31": -126, "2018-09-30": -127, "2018-06-30": -131, "2018-03-31": "-122.00000", "2017-12-31": -123, "2017-09-30": -124, "2017-06-30": -127, "2017-03-31": "-117.00000", "2016-12-31": -118, "2016-09-30": -122, "2016-06-30": -124, "2016-03-31": "-115.00000", "2015-12-31": 225, "2015-09-30": -461, "2015-06-30": -122, "2015-03-31": "-107.00000", "2014-12-31": -107, "2014-09-30": -108, "2014-06-30": -111, "2014-03-31": "-100.00000", "2013-12-31": -101, "2013-09-30": -103, "2013-06-30": -105, "2013-03-31": "-92.00000", "2012-12-31": -93, "2012-09-30": 76, "2012-06-30": -226, "2012-03-31": "-62.00000", "2011-12-31": -54, "2011-09-30": -55, "2011-06-30": -57, "2011-03-31": "-46.00000", "2010-12-31": -45, "2010-09-30": -47, "2010-06-30": -46, "2010-03-31": "-45.00000", "2009-12-31": -4, "2009-09-30": -48, "2009-06-30": -57, "2009-03-31": "-55.00000", "2008-12-31": -5, "2008-09-30": -39, "2008-06-30": -60, "2008-03-31": "-39.00000", "2007-12-31": -35, "2007-09-30": -35, "2007-06-30": -36, "2007-03-31": "-27.00000", "2006-12-31": -26, "2006-09-30": -27, "2006-06-30": -27, "2006-03-31": "-28.00000", "2005-12-31": -27, "2005-09-30": 0, "2005-06-30": 0, "2005-03-31": ""}}, "financial ratios": {"Current Ratio": {"2019-12-31": "0.66830", "2018-12-31": "0.68210", "2017-12-31": "0.67370", "2016-12-31": "0.65170", "2015-12-31": "0.77560", "2014-12-31": "0.85810", "2013-12-31": "0.85210", "2012-12-31": "0.87000", "2011-12-31": "0.67350", "2010-12-31": "0.79720", "2009-12-31": "0.81710", "2008-12-31": "1.10960", "2007-12-31": "0.98430", "2006-12-31": "0.74800", "2005-12-31": "0.55320"}, "Long-term Debt / Capital": {"2019-12-31": "0.45200", "2018-12-31": "0.45200", "2017-12-31": "0.45950", "2016-12-31": "0.45420", "2015-12-31": "0.54960", "2014-12-31": "0.51620", "2013-12-31": "0.47810", "2012-12-31": "0.43190", "2011-12-31": "0.43850", "2010-12-31": "0.41030", "2009-12-31": "0.18550", "2008-12-31": "0.23860", "2007-12-31": "0.20530", "2006-12-31": "0.22070", "2005-12-31": "0.19250"}, "Debt/Equity Ratio": {"2019-12-31": "0.85980", "2018-12-31": "0.86100", "2017-12-31": "0.88360", "2016-12-31": "0.86400", "2015-12-31": "1.24390", "2014-12-31": "1.08860", "2013-12-31": "0.97010", "2012-12-31": "0.81190", "2011-12-31": "0.83300", "2010-12-31": "0.73100", "2009-12-31": "0.22780", "2008-12-31": "0.31340", "2007-12-31": "0.25840", "2006-12-31": "0.28320", "2005-12-31": "0.23850"}, "Gross Margin": {"2019-12-31": "100.00000", "2018-12-31": "100.00000", "2017-12-31": "100.00000", "2016-12-31": "100.00000", "2015-12-31": "100.00000", "2014-12-31": "100.00000", "2013-12-31": "100.00000", "2012-12-31": "100.00000", "2011-12-31": "100.00000", "2010-12-31": "100.00000", "2009-12-31": "100.00000", "2008-12-31": "100.00000", "2007-12-31": "100.00000", "2006-12-31": "100.00000", "2005-12-31": "100.00000"}, "Operating Margin": {"2019-12-31": "18.86330", "2018-12-31": "21.26220", "2017-12-31": "19.95550", "2016-12-31": "15.52540", "2015-12-31": "20.78060", "2014-12-31": "23.43500", "2013-12-31": "20.10000", "2012-12-31": "14.81840", "2011-12-31": "17.30770", "2010-12-31": "18.49240", "2009-12-31": "14.15440", "2008-12-31": "-4.53890", "2007-12-31": "15.94170", "2006-12-31": "15.68650", "2005-12-31": "14.94050"}, "EBIT Margin": {"2019-12-31": "24.02250", "2018-12-31": "26.51340", "2017-12-31": "25.36270", "2016-12-31": "20.80510", "2015-12-31": "26.26950", "2014-12-31": "29.24680", "2013-12-31": "27.29710", "2012-12-31": "22.95190", "2011-12-31": "25.70640", "2010-12-31": "28.04880", "2009-12-31": "26.36200", "2008-12-31": "6.88060", "2007-12-31": "25.89940", "2006-12-31": "27.58540", "2005-12-31": "28.71820"}, "EBITDA Margin": {"2019-12-31": "25.43380", "2018-12-31": "28.05610", "2017-12-31": "27.29150", "2016-12-31": "22.90680", "2015-12-31": "28.30730", "2014-12-31": "31.31730", "2013-12-31": "29.43120", "2012-12-31": "25.15420", "2011-12-31": "26.78570", "2010-12-31": "29.20520", "2009-12-31": "27.98430", "2008-12-31": "25.97570", "2007-12-31": "36.35080", "2006-12-31": "37.46570", "2005-12-31": "39.48080"}, "Pre-Tax Profit Margin": {"2019-12-31": "17.21290", "2018-12-31": "19.35330", "2017-12-31": "18.24930", "2016-12-31": "13.48310", "2015-12-31": "17.60070", "2014-12-31": "20.76130", "2013-12-31": "17.59090", "2012-12-31": "12.11710", "2011-12-31": "14.19740", "2010-12-31": "15.44370", "2009-12-31": "12.43750", "2008-12-31": "-6.11450", "2007-12-31": "11.85050", "2006-12-31": "9.93020", "2005-12-31": "10.07300"}, "Net Profit Margin": {"2019-12-31": "14.59860", "2018-12-31": "16.34590", "2017-12-31": "12.19910", "2016-12-31": "11.12710", "2015-12-31": "12.83480", "2014-12-31": "13.19690", "2013-12-31": "11.91180", "2012-12-31": "10.07150", "2011-12-31": "10.94980", "2010-12-31": "10.39740", "2009-12-31": "9.76070", "2008-12-31": "-0.52040", "2007-12-31": "9.56970", "2006-12-31": "7.86190", "2005-12-31": "7.76100"}, "Asset Turnover": {"2019-12-31": "0.08540", "2018-12-31": "0.09350", "2017-12-31": "0.08230", "2016-12-31": "0.08440", "2015-12-31": "0.08370", "2014-12-31": "0.08240", "2013-12-31": "0.07750", "2012-12-31": "0.07580", "2011-12-31": "0.07700", "2010-12-31": "0.07250", "2009-12-31": "0.06500", "2008-12-31": "0.07240", "2007-12-31": "0.07790", "2006-12-31": "0.07680", "2005-12-31": "0.07940"}, "Inventory Turnover Ratio": {"2019-12-31": "", "2018-12-31": "", "2017-12-31": "", "2016-12-31": "", "2015-12-31": "", "2014-12-31": "", "2013-12-31": "", "2012-12-31": "", "2011-12-31": "", "2010-12-31": "", "2009-12-31": "", "2008-12-31": "", "2007-12-31": "", "2006-12-31": "", "2005-12-31": ""}, "Receiveable Turnover": {"2019-12-31": "1.79850", "2018-12-31": "2.07520", "2017-12-31": "2.09640", "2016-12-31": "2.22220", "2015-12-31": "2.30750", "2014-12-31": "2.44040", "2013-12-31": "2.42930", "2012-12-31": "2.36780", "2011-12-31": "2.29550", "2010-12-31": "1.93770", "2009-12-31": "1.64960", "2008-12-31": "1.77980", "2007-12-31": "2.47200", "2006-12-31": "2.53910", "2005-12-31": "3.40520"}, "Days Sales In Receivables": {"2019-12-31": "202.94980", "2018-12-31": "175.88820", "2017-12-31": "174.10610", "2016-12-31": "164.25000", "2015-12-31": "158.17670", "2014-12-31": "149.56430", "2013-12-31": "150.25000", "2012-12-31": "154.15240", "2011-12-31": "159.00710", "2010-12-31": "188.37100", "2009-12-31": "221.26000", "2008-12-31": "205.08170", "2007-12-31": "147.65640", "2006-12-31": "143.75340", "2005-12-31": "107.19040"}, "ROE - Return On Equity": {"2019-12-31": "33.04240", "2018-12-31": "37.54470", "2017-12-31": "24.68720", "2016-12-31": "20.86780", "2015-12-31": "20.13370", "2014-12-31": "21.51530", "2013-12-31": "16.00950", "2012-12-31": "9.29780", "2011-12-31": "11.03780", "2010-12-31": "10.42090", "2009-12-31": "7.45540", "2008-12-31": "-1.39170", "2007-12-31": "10.32010", "2006-12-31": "7.96210", "2005-12-31": "7.25900"}, "Return On Tangible Equity": {"2019-12-31": "33.04240", "2018-12-31": "37.54470", "2017-12-31": "24.68720", "2016-12-31": "20.86780", "2015-12-31": "20.13370", "2014-12-31": "21.51530", "2013-12-31": "16.00950", "2012-12-31": "9.29780", "2011-12-31": "11.03780", "2010-12-31": "10.42090", "2009-12-31": "7.45540", "2008-12-31": "-1.39170", "2007-12-31": "10.32010", "2006-12-31": "7.96210", "2005-12-31": "7.25900"}, "ROA - Return On Assets": {"2019-12-31": "1.24680", "2018-12-31": "1.52900", "2017-12-31": "1.00350", "2016-12-31": "0.93910", "2015-12-31": "1.16070", "2014-12-31": "1.34530", "2013-12-31": "1.02230", "2012-12-31": "0.67020", "2011-12-31": "0.80870", "2010-12-31": "0.89620", "2009-12-31": "0.64690", "2008-12-31": "-0.09420", "2007-12-31": "0.73790", "2006-12-31": "0.60390", "2005-12-31": "0.59920"}, "ROI - Return On Investment": {"2019-12-31": "18.10790", "2018-12-31": "20.57270", "2017-12-31": "13.34300", "2016-12-31": "11.38970", "2015-12-31": "9.06890", "2014-12-31": "10.40870", "2013-12-31": "8.35590", "2012-12-31": "5.28190", "2011-12-31": "6.19750", "2010-12-31": "6.14520", "2009-12-31": "6.07210", "2008-12-31": "-1.05960", "2007-12-31": "8.20110", "2006-12-31": "6.20510", "2005-12-31": "5.86130"}, "Book Value Per Share": {"2019-12-31": "46.22440", "2018-12-31": "40.98850", "2017-12-31": "40.88380", "2016-12-31": "40.65650", "2015-12-31": "48.99050", "2014-12-31": "50.81650", "2013-12-31": "48.05380", "2012-12-31": "47.62120", "2011-12-31": "43.67790", "2010-12-31": "45.74420", "2009-12-31": "38.69930", "2008-12-31": "29.86920", "2007-12-31": "34.29230", "2006-12-31": "32.83060", "2005-12-31": "30.76330"}, "Operating Cash Flow Per Share": {"2019-12-31": -0.3697, "2018-12-31": 7.8637, "2017-12-31": -4.1393, "2016-12-31": -0.7506, "2015-12-31": 2.3065, "2014-12-31": 5.7164, "2013-12-31": -0.1687, "2012-12-31": -2.088, "2011-12-31": 1.8013, "2010-12-31": 12.4344, "2009-12-31": -14.5569, "2008-12-31": 5.9711, "2007-12-31": -0.0303, "2006-12-31": -0.2395, "2005-12-31": 3.4628}, "Free Cash Flow Per Share": {"2019-12-31": -0.3243, "2018-12-31": 7.8007, "2017-12-31": -4.6261, "2016-12-31": -0.5756, "2015-12-31": 2.164, "2014-12-31": 5.6439, "2013-12-31": -0.0608, "2012-12-31": -2.2969, "2011-12-31": 1.8948, "2010-12-31": 12.2745, "2009-12-31": -14.3407, "2008-12-31": 6.6908, "2007-12-31": -0.5533, "2006-12-31": -0.4216, "2005-12-31": 2.8924}}, "financial ratios, quarterly": {"Current Ratio": {"2020-09-30": "0.80160", "2020-06-30": "0.83690", "2020-03-31": "0.85940", "2019-12-31": "0.66830", "2019-09-30": "0.82620", "2019-06-30": "0.77810", "2019-03-31": "0.81170", "2018-12-31": "0.68210", "2018-09-30": "0.66470", "2018-06-30": "0.68770", "2018-03-31": "0.67060", "2017-12-31": "0.67370", "2017-09-30": "0.66810", "2017-06-30": "0.67350", "2017-03-31": "0.62980", "2016-12-31": "0.65170", "2016-09-30": "0.77780", "2016-06-30": "0.77230", "2016-03-31": "0.78320", "2015-12-31": "0.77560", "2015-09-30": "0.90930", "2015-06-30": "0.88250", "2015-03-31": "0.88170", "2014-12-31": "0.85810", "2014-09-30": "0.87750", "2014-06-30": "0.88210", "2014-03-31": "0.87120", "2013-12-31": "0.85210", "2013-09-30": "0.92000", "2013-06-30": "0.95740", "2013-03-31": "0.92260", "2012-12-31": "0.87000", "2012-09-30": "0.81210", "2012-06-30": "0.76080", "2012-03-31": "0.73780", "2011-12-31": "0.67350", "2011-09-30": "0.75790", "2011-06-30": "0.75790", "2011-03-31": "0.86820", "2010-12-31": "0.79720", "2010-09-30": "0.86530", "2010-06-30": "0.94180", "2010-03-31": "1.09360", "2009-12-31": "0.81710", "2009-09-30": "0.79920", "2009-06-30": "0.85010", "2009-03-31": "1.02150", "2008-12-31": "1.10960", "2008-09-30": "0.93860", "2008-06-30": "0.96080", "2008-03-31": "1.02830", "2007-12-31": "0.98430", "2007-09-30": "0.91370", "2007-06-30": "0.82350", "2007-03-31": "0.66650", "2006-12-31": "0.74800", "2006-09-30": "0.69680", "2006-06-30": "1.52670", "2006-03-31": "1.45040", "2005-12-31": "0.55320", "2005-09-30": "1.37490", "2005-06-30": "", "2005-03-31": ""}, "Long-term Debt / Capital": {"2020-09-30": "0.43830", "2020-06-30": "0.39950", "2020-03-31": "0.35720", "2019-12-31": "0.45200", "2019-09-30": "0.44310", "2019-06-30": "0.44380", "2019-03-31": "0.46730", "2018-12-31": "0.45200", "2018-09-30": "0.43010", "2018-06-30": "0.43240", "2018-03-31": "0.46400", "2017-12-31": "0.45950", "2017-09-30": "0.45050", "2017-06-30": "0.45490", "2017-03-31": "0.45750", "2016-12-31": "0.45420", "2016-09-30": "0.45370", "2016-06-30": "0.42320", "2016-03-31": "0.43020", "2015-12-31": "0.54960", "2015-09-30": "0.55370", "2015-06-30": "0.53640", "2015-03-31": "0.51530", "2014-12-31": "0.51620", "2014-09-30": "0.50300", "2014-06-30": "0.48720", "2014-03-31": "0.48420", "2013-12-31": "0.47810", "2013-09-30": "0.47180", "2013-06-30": "0.45990", "2013-03-31": "0.43940", "2012-12-31": "0.43190", "2012-09-30": "0.43740", "2012-06-30": "0.44200", "2012-03-31": "0.43850", "2011-12-31": "0.43850", "2011-09-30": "0.41930", "2011-06-30": "0.41710", "2011-03-31": "0.41720", "2010-12-31": "0.41030", "2010-09-30": "0.41590", "2010-06-30": "0.41780", "2010-03-31": "0.43130", "2009-12-31": "0.18550", "2009-09-30": "0.18100", "2009-06-30": "0.22530", "2009-03-31": "0.22460", "2008-12-31": "0.23860", "2008-09-30": "0.23640", "2008-06-30": "0.21620", "2008-03-31": "0.21020", "2007-12-31": "0.20530", "2007-09-30": "0.22070", "2007-06-30": "0.22430", "2007-03-31": "0.22350", "2006-12-31": "0.22070", "2006-09-30": "0.22520", "2006-06-30": "0.25060", "2006-03-31": "0.20740", "2005-12-31": "0.19250", "2005-09-30": "0.04450", "2005-06-30": "", "2005-03-31": ""}, "Debt/Equity Ratio": {"2020-09-30": "0.81330", "2020-06-30": "0.69600", "2020-03-31": "0.58570", "2019-12-31": "0.85980", "2019-09-30": "0.82910", "2019-06-30": "0.83120", "2019-03-31": "0.91150", "2018-12-31": "0.86100", "2018-09-30": "0.79050", "2018-06-30": "0.79760", "2018-03-31": "0.90000", "2017-12-31": "0.88360", "2017-09-30": "0.85170", "2017-06-30": "0.86660", "2017-03-31": "0.87550", "2016-12-31": "0.86400", "2016-09-30": "0.85990", "2016-06-30": "0.76190", "2016-03-31": "0.78330", "2015-12-31": "1.24390", "2015-09-30": "1.26350", "2015-06-30": "1.17920", "2015-03-31": "1.08490", "2014-12-31": "1.08860", "2014-09-30": "1.03350", "2014-06-30": "0.97090", "2014-03-31": "0.97050", "2013-12-31": "0.97010", "2013-09-30": "0.94760", "2013-06-30": "0.90740", "2013-03-31": "0.83570", "2012-12-31": "0.81190", "2012-09-30": "0.82820", "2012-06-30": "0.84410", "2012-03-31": "0.83250", "2011-12-31": "0.83300", "2011-09-30": "0.76790", "2011-06-30": "0.76050", "2011-03-31": "0.76030", "2010-12-31": "0.73100", "2010-09-30": "0.78760", "2010-06-30": "0.76120", "2010-03-31": "0.75830", "2009-12-31": "0.22780", "2009-09-30": "0.22100", "2009-06-30": "0.29080", "2009-03-31": "0.28960", "2008-12-31": "0.31340", "2008-09-30": "0.30970", "2008-06-30": "0.27590", "2008-03-31": "0.26620", "2007-12-31": "0.25840", "2007-09-30": "0.28320", "2007-06-30": "0.28910", "2007-03-31": "0.28780", "2006-12-31": "0.28320", "2006-09-30": "0.29070", "2006-06-30": "0.33430", "2006-03-31": "0.26170", "2005-12-31": "0.23850", "2005-09-30": "0.22110", "2005-06-30": "", "2005-03-31": ""}, "Gross Margin": {"2020-09-30": "100.00000", "2020-06-30": "100.00000", "2020-03-31": "100.00000", "2019-12-31": "100.00000", "2019-09-30": "100.00000", "2019-06-30": "100.00000", "2019-03-31": "100.00000", "2018-12-31": "100.00000", "2018-09-30": "100.00000", "2018-06-30": "100.00000", "2018-03-31": "100.00000", "2017-12-31": "100.00000", "2017-09-30": "100.00000", "2017-06-30": "100.00000", "2017-03-31": "100.00000", "2016-12-31": "100.00000", "2016-09-30": "100.00000", "2016-06-30": "100.00000", "2016-03-31": "100.00000", "2015-12-31": "100.00000", "2015-09-30": "100.00000", "2015-06-30": "100.00000", "2015-03-31": "100.00000", "2014-12-31": "100.00000", "2014-09-30": "100.00000", "2014-06-30": "100.00000", "2014-03-31": "100.00000", "2013-12-31": "100.00000", "2013-09-30": "100.00000", "2013-06-30": "100.00000", "2013-03-31": "100.00000", "2012-12-31": "100.00000", "2012-09-30": "100.00000", "2012-06-30": "100.00000", "2012-03-31": "100.00000", "2011-12-31": "100.00000", "2011-09-30": "100.00000", "2011-06-30": "100.00000", "2011-03-31": "100.00000", "2010-12-31": "100.00000", "2010-09-30": "100.00000", "2010-06-30": "100.00000", "2010-03-31": "100.00000", "2009-12-31": "100.00000", "2009-09-30": "100.00000", "2009-06-30": "100.00000", "2009-03-31": "100.00000", "2008-12-31": "100.00000", "2008-09-30": "100.00000", "2008-06-30": "100.00000", "2008-03-31": "100.00000", "2007-12-31": "100.00000", "2007-09-30": "100.00000", "2007-06-30": "100.00000", "2007-03-31": "100.00000", "2006-12-31": "100.00000", "2006-09-30": "100.00000", "2006-06-30": "100.00000", "2006-03-31": "100.00000", "2005-12-31": "100.00000", "2005-09-30": "100.00000", "2005-06-30": "100.00000", "2005-03-31": "100.00000"}, "Operating Margin": {"2020-09-30": "-4.89510", "2020-06-30": "-17.88350", "2020-03-31": "79.87340", "2019-12-31": "17.76700", "2019-09-30": "20.89240", "2019-06-30": "19.90760", "2019-03-31": "16.77360", "2018-12-31": "22.52280", "2018-09-30": "19.38030", "2018-06-30": "19.64960", "2018-03-31": "23.57960", "2017-12-31": "20.37740", "2017-09-30": "22.72730", "2017-06-30": "18.69190", "2017-03-31": "17.94260", "2016-12-31": "17.34050", "2016-09-30": "9.67310", "2016-06-30": "16.12680", "2016-03-31": "19.16820", "2015-12-31": "18.11150", "2015-09-30": "19.43870", "2015-06-30": "22.50640", "2015-03-31": "22.99380", "2014-12-31": "21.01000", "2014-09-30": "25.68310", "2014-06-30": "22.72140", "2014-03-31": "24.33240", "2013-12-31": "19.21250", "2013-09-30": "23.81800", "2013-06-30": "16.80610", "2013-03-31": "20.55000", "2012-12-31": "18.13760", "2012-09-30": "10.81850", "2012-06-30": "14.75740", "2012-03-31": "15.26750", "2011-12-31": "16.34390", "2011-09-30": "16.17110", "2011-06-30": "18.45220", "2011-03-31": "18.20700", "2010-12-31": "11.37010", "2010-09-30": "22.27940", "2010-06-30": "21.77090", "2010-03-31": "18.71420", "2009-12-31": "19.29070", "2009-09-30": "19.78420", "2009-06-30": "7.63070", "2009-03-31": "9.32400", "2008-12-31": "-48.19550", "2008-09-30": "-9.14670", "2008-06-30": "13.21140", "2008-03-31": "10.84880", "2007-12-31": "17.38150", "2007-09-30": "14.40080", "2007-06-30": "15.65260", "2007-03-31": "16.28020", "2006-12-31": "-22.37420", "2006-09-30": "29.53970", "2006-06-30": "29.32290", "2006-03-31": "27.24470", "2005-12-31": "-32.22910", "2005-09-30": "31.71380", "2005-06-30": "28.70710", "2005-03-31": "29.29070"}, "EBIT Margin": {"2020-09-30": "0.76590", "2020-06-30": "-8.22270", "2020-03-31": "82.90570", "2019-12-31": "22.39120", "2019-09-30": "24.72110", "2019-06-30": "25.63940", "2019-03-31": "23.31620", "2018-12-31": "28.02770", "2018-09-30": "24.78740", "2018-06-30": "25.28160", "2018-03-31": "28.03030", "2017-12-31": "25.00000", "2017-09-30": "28.56670", "2017-06-30": "24.36920", "2017-03-31": "23.47920", "2016-12-31": "22.33100", "2016-09-30": "15.04340", "2016-06-30": "21.63010", "2016-03-31": "24.44850", "2015-12-31": "23.42890", "2015-09-30": "25.36380", "2015-06-30": "27.62150", "2015-03-31": "28.62760", "2014-12-31": "26.96670", "2014-09-30": "31.08330", "2014-06-30": "28.41800", "2014-03-31": "30.54070", "2013-12-31": "26.20500", "2013-09-30": "31.07000", "2013-06-30": "24.00870", "2013-03-31": "27.90780", "2012-12-31": "25.95360", "2012-09-30": "19.20580", "2012-06-30": "23.07080", "2012-03-31": "23.31120", "2011-12-31": "24.94190", "2011-09-30": "24.88800", "2011-06-30": "26.53450", "2011-03-31": "26.42180", "2010-12-31": "20.49080", "2010-09-30": "32.00510", "2010-06-30": "31.15350", "2010-03-31": "28.75390", "2009-12-31": "31.59590", "2009-09-30": "31.70610", "2009-06-30": "20.27750", "2009-03-31": "21.27040", "2008-12-31": "-32.93230", "2008-09-30": "3.13080", "2008-06-30": "22.96750", "2008-03-31": "20.64290", "2007-12-31": "26.54630", "2007-09-30": "24.44340", "2007-06-30": "25.63860", "2007-03-31": "26.98570", "2006-12-31": "-22.03220", "2006-09-30": "45.57410", "2006-06-30": "44.27670", "2006-03-31": "43.86870", "2005-12-31": "-29.81470", "2005-09-30": "49.70640", "2005-06-30": "46.01580", "2005-03-31": "46.12890"}, "EBITDA Margin": {"2020-09-30": "", "2020-06-30": "", "2020-03-31": "", "2019-12-31": "", "2019-09-30": "", "2019-06-30": "", "2019-03-31": "", "2018-12-31": "", "2018-09-30": "", "2018-06-30": "", "2018-03-31": "", "2017-12-31": "", "2017-09-30": "", "2017-06-30": "", "2017-03-31": "", "2016-12-31": "", "2016-09-30": "", "2016-06-30": "", "2016-03-31": "", "2015-12-31": "", "2015-09-30": "", "2015-06-30": "", "2015-03-31": "", "2014-12-31": "", "2014-09-30": "", "2014-06-30": "", "2014-03-31": "", "2013-12-31": "", "2013-09-30": "", "2013-06-30": "", "2013-03-31": "", "2012-12-31": "", "2012-09-30": "", "2012-06-30": "", "2012-03-31": "", "2011-12-31": "", "2011-09-30": "", "2011-06-30": "", "2011-03-31": "", "2010-12-31": "", "2010-09-30": "", "2010-06-30": "", "2010-03-31": "", "2009-12-31": "", "2009-09-30": "", "2009-06-30": "", "2009-03-31": "", "2008-12-31": "", "2008-09-30": "", "2008-06-30": "", "2008-03-31": "", "2007-12-31": "", "2007-09-30": "", "2007-06-30": "", "2007-03-31": "", "2006-12-31": "", "2006-09-30": "", "2006-06-30": "", "2006-03-31": "", "2005-12-31": "", "2005-09-30": "", "2005-06-30": "", "2005-03-31": ""}, "Pre-Tax Profit Margin": {"2020-09-30": "-6.12720", "2020-06-30": "-19.39530", "2020-03-31": "78.34060", "2019-12-31": "16.24580", "2019-09-30": "19.32470", "2019-06-30": "18.08940", "2019-03-31": "15.07380", "2018-12-31": "20.50960", "2018-09-30": "17.86150", "2018-06-30": "17.14640", "2018-03-31": "21.96970", "2017-12-31": "18.71070", "2017-09-30": "21.00200", "2017-06-30": "16.96550", "2017-03-31": "16.23380", "2016-12-31": "14.78210", "2016-09-30": "7.93860", "2016-06-30": "14.28070", "2016-03-31": "17.17900", "2015-12-31": "14.37320", "2015-09-30": "16.04300", "2015-06-30": "19.66110", "2015-03-31": "20.24240", "2014-12-31": "18.06410", "2014-09-30": "23.14370", "2014-06-30": "20.14970", "2014-03-31": "21.69560", "2013-12-31": "16.25930", "2013-09-30": "21.40060", "2013-06-30": "14.62350", "2013-03-31": "18.09740", "2012-12-31": "15.63200", "2012-09-30": "8.06320", "2012-06-30": "11.89340", "2012-03-31": "12.57320", "2011-12-31": "12.62590", "2011-09-30": "13.27900", "2011-06-30": "15.59280", "2011-03-31": "15.24490", "2010-12-31": "8.18000", "2010-09-30": "19.10880", "2010-06-30": "18.76520", "2010-03-31": "15.89610", "2009-12-31": "17.78610", "2009-09-30": "17.47170", "2009-06-30": "6.13660", "2009-03-31": "7.80890", "2008-12-31": "-50.30080", "2008-09-30": "-10.80420", "2008-06-30": "11.78860", "2008-03-31": "9.54290", "2007-12-31": "14.89840", "2007-09-30": "10.27950", "2007-06-30": "11.37950", "2007-03-31": "10.65610", "2006-12-31": "9.91700", "2006-09-30": "10.97620", "2006-06-30": "9.05990", "2006-03-31": "9.79990", "2005-12-31": "7.13080", "2005-09-30": "9.66360", "2005-06-30": "10.07920", "2005-03-31": "13.31890"}, "Net Profit Margin": {"2020-09-30": "-4.66200", "2020-06-30": "-19.87460", "2020-03-31": "67.84410", "2019-12-31": "14.08580", "2019-09-30": "16.37020", "2019-06-30": "15.16180", "2019-03-31": "12.66840", "2018-12-31": "16.95500", "2018-09-30": "15.27950", "2018-06-30": "14.45560", "2018-03-31": "18.75000", "2017-12-31": "5.56600", "2017-09-30": "16.82150", "2017-06-30": "13.04780", "2017-03-31": "13.77310", "2016-12-31": "12.60270", "2016-09-30": "7.17140", "2016-06-30": "11.66840", "2016-03-31": "13.16460", "2015-12-31": "11.50500", "2015-09-30": "13.75610", "2015-06-30": "13.26730", "2015-03-31": "12.87260", "2014-12-31": "13.75850", "2014-09-30": "13.50050", "2014-06-30": "12.17450", "2014-03-31": "13.35110", "2013-12-31": "10.04750", "2013-09-30": "13.57980", "2013-06-30": "11.67700", "2013-03-31": "12.44890", "2012-12-31": "14.54750", "2012-09-30": "7.00970", "2012-06-30": "8.87030", "2012-03-31": "9.52750", "2011-12-31": "9.14020", "2011-09-30": "13.19760", "2011-06-30": "12.00920", "2011-03-31": "9.51820", "2010-12-31": "7.03480", "2010-09-30": "14.73870", "2010-06-30": "10.51990", "2010-03-31": "9.42320", "2009-12-31": "12.73510", "2009-09-30": "13.36070", "2009-06-30": "5.06940", "2009-03-31": "7.57580", "2008-12-31": "-27.59400", "2008-09-30": "-4.29710", "2008-06-30": "10.67070", "2008-03-31": "9.59320", "2007-12-31": "11.51240", "2007-09-30": "9.37940", "2007-06-30": "9.10360", "2007-03-31": "8.14010", "2006-12-31": "8.35370", "2006-09-30": "8.80120", "2006-06-30": "6.86800", "2006-03-31": "7.43970", "2005-12-31": "6.23250", "2005-09-30": "6.67380", "2005-06-30": "8.17940", "2005-03-31": "9.90800"}, "Asset Turnover": {"2020-09-30": "0.01890", "2020-06-30": "0.01750", "2020-03-31": "0.02060", "2019-12-31": "0.02160", "2019-09-30": "0.02220", "2019-06-30": "0.02180", "2019-03-31": "0.02160", "2018-12-31": "0.02320", "2018-09-30": "0.02270", "2018-06-30": "0.02230", "2018-03-31": "0.02190", "2017-12-31": "0.02160", "2017-09-30": "0.02070", "2017-06-30": "0.02100", "2017-03-31": "0.02080", "2016-12-31": "0.02260", "2016-09-30": "0.02090", "2016-06-30": "0.02010", "2016-03-31": "0.01970", "2015-12-31": "0.02140", "2015-09-30": "0.01990", "2015-06-30": "0.02100", "2015-03-31": "0.02020", "2014-12-31": "0.02080", "2014-09-30": "0.02110", "2014-06-30": "0.02060", "2014-03-31": "0.02050", "2013-12-31": "0.02040", "2013-09-30": "0.02010", "2013-06-30": "0.02000", "2013-03-31": "0.01960", "2012-12-31": "0.01980", "2012-09-30": "0.01780", "2012-06-30": "0.01860", "2012-03-31": "0.01870", "2011-12-31": "0.01950", "2011-09-30": "0.01880", "2011-06-30": "0.01940", "2011-03-31": "0.01890", "2010-12-31": "0.01860", "2010-09-30": "0.01810", "2010-06-30": "0.02030", "2010-03-31": "0.01860", "2009-12-31": "0.01640", "2009-09-30": "0.01750", "2009-06-30": "0.01820", "2009-03-31": "0.01810", "2008-12-31": "0.01390", "2008-09-30": "0.01640", "2008-06-30": "0.01890", "2008-03-31": "0.01900", "2007-12-31": "0.02030", "2007-09-30": "0.01920", "2007-06-30": "0.01990", "2007-03-31": "0.01930", "2006-12-31": "0.01960", "2006-09-30": "0.01990", "2006-06-30": "0.02140", "2006-03-31": "0.02030", "2005-12-31": "0.01910", "2005-09-30": "0.02030", "2005-06-30": "", "2005-03-31": ""}, "Inventory Turnover Ratio": {"2020-09-30": "", "2020-06-30": "", "2020-03-31": "", "2019-12-31": "", "2019-09-30": "", "2019-06-30": "", "2019-03-31": "", "2018-12-31": "", "2018-09-30": "", "2018-06-30": "", "2018-03-31": "", "2017-12-31": "", "2017-09-30": "", "2017-06-30": "", "2017-03-31": "", "2016-12-31": "", "2016-09-30": "", "2016-06-30": "", "2016-03-31": "", "2015-12-31": "", "2015-09-30": "", "2015-06-30": "", "2015-03-31": "", "2014-12-31": "", "2014-09-30": "", "2014-06-30": "", "2014-03-31": "", "2013-12-31": "", "2013-09-30": "", "2013-06-30": "", "2013-03-31": "", "2012-12-31": "", "2012-09-30": "", "2012-06-30": "", "2012-03-31": "", "2011-12-31": "", "2011-09-30": "", "2011-06-30": "", "2011-03-31": "", "2010-12-31": "", "2010-09-30": "", "2010-06-30": "", "2010-03-31": "", "2009-12-31": "", "2009-09-30": "", "2009-06-30": "", "2009-03-31": "", "2008-12-31": "", "2008-09-30": "", "2008-06-30": "", "2008-03-31": "", "2007-12-31": "", "2007-09-30": "", "2007-06-30": "", "2007-03-31": "", "2006-12-31": "", "2006-09-30": "", "2006-06-30": "", "2006-03-31": "", "2005-12-31": "", "2005-09-30": "", "2005-06-30": "", "2005-03-31": ""}, "Receiveable Turnover": {"2020-09-30": "0.40630", "2020-06-30": "0.37180", "2020-03-31": "0.41750", "2019-12-31": "0.45590", "2019-09-30": "0.45140", "2019-06-30": "0.43640", "2019-03-31": "0.41790", "2018-12-31": "0.51400", "2018-09-30": "0.54440", "2018-06-30": "0.53900", "2018-03-31": "0.53880", "2017-12-31": "0.54950", "2017-09-30": "0.52410", "2017-06-30": "0.54580", "2017-03-31": "0.54470", "2016-12-31": "0.59620", "2016-09-30": "0.56180", "2016-06-30": "0.55320", "2016-03-31": "0.52220", "2015-12-31": "0.58840", "2015-09-30": "0.54570", "2015-06-30": "0.59390", "2015-03-31": "0.59400", "2014-12-31": "0.61450", "2014-09-30": "0.63550", "2014-06-30": "0.62580", "2014-03-31": "0.63560", "2013-12-31": "0.63900", "2013-09-30": "0.62470", "2013-06-30": "0.59110", "2013-03-31": "0.61400", "2012-12-31": "0.61970", "2012-09-30": "0.44200", "2012-06-30": "0.45400", "2012-03-31": "0.46430", "2011-12-31": "0.58150", "2011-09-30": "0.45770", "2011-06-30": "0.49170", "2011-03-31": "0.45300", "2010-12-31": "0.49810", "2010-09-30": "0.46970", "2010-06-30": "0.49260", "2010-03-31": "0.46840", "2009-12-31": "0.41500", "2009-09-30": "0.45820", "2009-06-30": "0.46080", "2009-03-31": "0.47950", "2008-12-31": "0.34220", "2008-09-30": "0.41550", "2008-06-30": "0.54450", "2008-03-31": "0.57860", "2007-12-31": "0.64370", "2007-09-30": "0.68560", "2007-06-30": "0.67130", "2007-03-31": "0.67070", "2006-12-31": "0.64760", "2006-09-30": "0.78950", "2006-06-30": "0.84100", "2006-03-31": "0.81820", "2005-12-31": "0.82000", "2005-09-30": "0.66020", "2005-06-30": "", "2005-03-31": ""}, "Days Sales In Receivables": {"2020-09-30": "221.53850", "2020-06-30": "242.09070", "2020-03-31": "215.56810", "2019-12-31": "197.41410", "2019-09-30": "199.37290", "2019-06-30": "206.20950", "2019-03-31": "215.38810", "2018-12-31": "175.10220", "2018-09-30": "165.31900", "2018-06-30": "166.99000", "2018-03-31": "167.04550", "2017-12-31": "163.78300", "2017-09-30": "171.72860", "2017-06-30": "164.91040", "2017-03-31": "165.23580", "2016-12-31": "150.94760", "2016-09-30": "160.18680", "2016-06-30": "162.69590", "2016-03-31": "172.35080", "2015-12-31": "152.96810", "2015-09-30": "164.93760", "2015-06-30": "151.54410", "2015-03-31": "151.52310", "2014-12-31": "146.46490", "2014-09-30": "141.61040", "2014-06-30": "143.81840", "2014-03-31": "141.60880", "2013-12-31": "140.83500", "2013-09-30": "144.07040", "2013-06-30": "152.26990", "2013-03-31": "146.58860", "2012-12-31": "145.23190", "2012-09-30": "203.63050", "2012-06-30": "198.22200", "2012-03-31": "193.84620", "2011-12-31": "154.76370", "2011-09-30": "196.64360", "2011-06-30": "183.05380", "2011-03-31": "198.66110", "2010-12-31": "180.69940", "2010-09-30": "191.60670", "2010-06-30": "182.70510", "2010-03-31": "192.12680", "2009-12-31": "216.85120", "2009-09-30": "196.41830", "2009-06-30": "195.32020", "2009-03-31": "187.70980", "2008-12-31": "263.03010", "2008-09-30": "216.62980", "2008-06-30": "165.27440", "2008-03-31": "155.54490", "2007-12-31": "139.81490", "2007-09-30": "131.26950", "2007-06-30": "134.05940", "2007-03-31": "134.17860", "2006-12-31": "138.97900", "2006-09-30": "113.99090", "2006-06-30": "107.00930", "2006-03-31": "109.99490", "2005-12-31": "109.75860", "2005-09-30": "136.32140", "2005-06-30": "", "2005-03-31": ""}, "ROE - Return On Equity": {"2020-09-30": "-2.30760", "2020-06-30": "-8.29230", "2020-03-31": "30.41980", "2019-12-31": "8.08170", "2019-09-30": "9.05450", "2019-06-30": "8.15920", "2019-03-31": "6.76020", "2018-12-31": "9.64570", "2018-09-30": "8.95340", "2018-06-30": "8.20310", "2018-03-31": "10.17120", "2017-12-31": "2.95250", "2017-09-30": "8.04120", "2017-06-30": "6.28800", "2017-03-31": "6.47180", "2016-12-31": "6.34140", "2016-09-30": "3.16360", "2016-06-30": "4.72560", "2016-03-31": "5.13180", "2015-12-31": "4.53510", "2015-09-30": "3.99050", "2015-06-30": "5.29120", "2015-03-31": "5.17330", "2014-12-31": "4.87910", "2014-09-30": "6.04930", "2014-06-30": "4.82590", "2014-03-31": "5.46320", "2013-12-31": "4.13780", "2013-09-30": "4.88600", "2013-06-30": "3.13960", "2013-03-31": "3.80580", "2012-12-31": "3.40820", "2012-09-30": "1.54770", "2012-06-30": "1.77880", "2012-03-31": "2.55410", "2011-12-31": "2.76460", "2011-09-30": "1.97510", "2011-06-30": "2.59170", "2011-03-31": "2.62760", "2010-12-31": "1.50640", "2010-09-30": "2.72950", "2010-06-30": "3.56150", "2010-03-31": "2.76640", "2009-12-31": "2.76540", "2009-09-30": "2.76770", "2009-06-30": "1.03890", "2009-03-31": "1.74780", "2008-12-31": "-6.13890", "2008-09-30": "-1.25060", "2008-06-30": "2.80280", "2008-03-31": "2.45350", "2007-12-31": "3.16260", "2007-09-30": "2.55220", "2007-06-30": "2.57890", "2007-03-31": "2.13430", "2006-12-31": "2.15770", "2006-09-30": "2.24430", "2006-06-30": "1.94890", "2006-03-31": "1.97520", "2005-12-31": "1.44400", "2005-09-30": "1.58980", "2005-06-30": "", "2005-03-31": ""}, "Return On Tangible Equity": {"2020-09-30": "-2.30760", "2020-06-30": "-8.29230", "2020-03-31": "30.41980", "2019-12-31": "8.08170", "2019-09-30": "9.05450", "2019-06-30": "8.15920", "2019-03-31": "6.76020", "2018-12-31": "9.64570", "2018-09-30": "8.95340", "2018-06-30": "8.20310", "2018-03-31": "10.17120", "2017-12-31": "2.95250", "2017-09-30": "8.04120", "2017-06-30": "6.28800", "2017-03-31": "6.47180", "2016-12-31": "6.34140", "2016-09-30": "3.16360", "2016-06-30": "4.72560", "2016-03-31": "5.13180", "2015-12-31": "4.53510", "2015-09-30": "3.99050", "2015-06-30": "5.29120", "2015-03-31": "5.17330", "2014-12-31": "4.87910", "2014-09-30": "6.04930", "2014-06-30": "4.82590", "2014-03-31": "5.46320", "2013-12-31": "4.13780", "2013-09-30": "4.88600", "2013-06-30": "3.13960", "2013-03-31": "3.80580", "2012-12-31": "3.40820", "2012-09-30": "1.54770", "2012-06-30": "1.77880", "2012-03-31": "2.55410", "2011-12-31": "2.76460", "2011-09-30": "1.97510", "2011-06-30": "2.59170", "2011-03-31": "2.62760", "2010-12-31": "1.50640", "2010-09-30": "2.72950", "2010-06-30": "3.56150", "2010-03-31": "2.76640", "2009-12-31": "2.76540", "2009-09-30": "2.76770", "2009-06-30": "1.03890", "2009-03-31": "1.74780", "2008-12-31": "-6.13890", "2008-09-30": "-1.25060", "2008-06-30": "2.80280", "2008-03-31": "2.45350", "2007-12-31": "3.16260", "2007-09-30": "2.55220", "2007-06-30": "2.57890", "2007-03-31": "2.13430", "2006-12-31": "2.15770", "2006-09-30": "2.24430", "2006-06-30": "1.94890", "2006-03-31": "1.97520", "2005-12-31": "1.44400", "2005-09-30": "1.58980", "2005-06-30": "", "2005-03-31": ""}, "ROA - Return On Assets": {"2020-09-30": "-0.08820", "2020-06-30": "-0.34800", "2020-03-31": "1.39760", "2019-12-31": "0.30500", "2019-09-30": "0.36320", "2019-06-30": "0.33090", "2019-03-31": "0.27350", "2018-12-31": "0.39280", "2018-09-30": "0.34640", "2018-06-30": "0.32250", "2018-03-31": "0.41030", "2017-12-31": "0.12000", "2017-09-30": "0.34850", "2017-06-30": "0.27450", "2017-03-31": "0.28610", "2016-12-31": "0.28540", "2016-09-30": "0.14970", "2016-06-30": "0.23480", "2016-03-31": "0.25950", "2015-12-31": "0.26150", "2015-09-30": "0.24220", "2015-06-30": "0.31990", "2015-03-31": "0.31630", "2014-12-31": "0.30510", "2014-09-30": "0.38380", "2014-06-30": "0.31310", "2014-03-31": "0.35350", "2013-12-31": "0.26420", "2013-09-30": "0.31950", "2013-06-30": "0.20550", "2013-03-31": "0.26660", "2012-12-31": "0.24570", "2012-09-30": "0.10970", "2012-06-30": "0.12640", "2012-03-31": "0.18210", "2011-12-31": "0.20260", "2011-09-30": "0.16640", "2011-06-30": "0.21530", "2011-03-31": "0.21970", "2010-12-31": "0.12960", "2010-09-30": "0.24330", "2010-06-30": "0.32700", "2010-03-31": "0.24190", "2009-12-31": "0.24000", "2009-09-30": "0.23380", "2009-06-30": "0.08430", "2009-03-31": "0.12260", "2008-12-31": "-0.41540", "2008-09-30": "-0.08470", "2008-06-30": "0.19660", "2008-03-31": "0.17730", "2007-12-31": "0.22610", "2007-09-30": "0.18020", "2007-06-30": "0.18130", "2007-03-31": "0.15690", "2006-12-31": "0.16370", "2006-09-30": "0.17490", "2006-06-30": "0.14680", "2006-03-31": "0.15130", "2005-12-31": "0.11920", "2005-09-30": "0.13330", "2005-06-30": "", "2005-03-31": ""}, "ROI - Return On Investment": {"2020-09-30": "-1.29620", "2020-06-30": "-4.97970", "2020-03-31": "19.55250", "2019-12-31": "4.42890", "2019-09-30": "5.04270", "2019-06-30": "4.53830", "2019-03-31": "3.60140", "2018-12-31": "5.28540", "2018-09-30": "5.10250", "2018-06-30": "4.65590", "2018-03-31": "5.45200", "2017-12-31": "1.59570", "2017-09-30": "4.41870", "2017-06-30": "3.42750", "2017-03-31": "3.51080", "2016-12-31": "3.46110", "2016-09-30": "1.72830", "2016-06-30": "2.72580", "2016-03-31": "2.92390", "2015-12-31": "2.04280", "2015-09-30": "1.78080", "2015-06-30": "2.45310", "2015-03-31": "2.50730", "2014-12-31": "2.36040", "2014-09-30": "3.00640", "2014-06-30": "2.47460", "2014-03-31": "2.81800", "2013-12-31": "2.15970", "2013-09-30": "2.58090", "2013-06-30": "1.69560", "2013-03-31": "2.13360", "2012-12-31": "1.93610", "2012-09-30": "0.87080", "2012-06-30": "0.99250", "2012-03-31": "1.43420", "2011-12-31": "1.55230", "2011-09-30": "1.14690", "2011-06-30": "1.51070", "2011-03-31": "1.53130", "2010-12-31": "0.88830", "2010-09-30": "1.59430", "2010-06-30": "2.07340", "2010-03-31": "1.57330", "2009-12-31": "2.25230", "2009-09-30": "2.26680", "2009-06-30": "0.80490", "2009-03-31": "1.35530", "2008-12-31": "-4.67390", "2008-09-30": "-0.95490", "2008-06-30": "2.19670", "2008-03-31": "1.93770", "2007-12-31": "2.51320", "2007-09-30": "1.98900", "2007-06-30": "2.00060", "2007-03-31": "1.65730", "2006-12-31": "1.68160", "2006-09-30": "1.73880", "2006-06-30": "1.46050", "2006-03-31": "1.56550", "2005-12-31": "1.16600", "2005-09-30": "1.51910", "2005-06-30": "", "2005-03-31": ""}, "Book Value Per Share": {"2020-09-30": "51.14130", "2020-06-30": "53.89360", "2020-03-31": "54.71040", "2019-12-31": "46.22440", "2019-09-30": "47.07040", "2019-06-30": "45.92780", "2019-03-31": "43.54470", "2018-12-31": "40.98850", "2018-09-30": "40.18020", "2018-06-30": "39.60060", "2018-03-31": "40.27090", "2017-12-31": "40.88380", "2017-09-30": "42.50430", "2017-06-30": "41.58100", "2017-03-31": "40.70230", "2016-12-31": "40.65650", "2016-09-30": "42.87810", "2016-06-30": "43.69400", "2016-03-31": "42.52300", "2015-12-31": "48.99050", "2015-09-30": "50.39970", "2015-06-30": "50.32730", "2015-03-31": "50.93070", "2014-12-31": "50.81650", "2014-09-30": "50.37950", "2014-06-30": "51.54280", "2014-03-31": "49.56420", "2013-12-31": "48.05380", "2013-09-30": "46.96270", "2013-06-30": "45.25870", "2013-03-31": "47.49930", "2012-12-31": "47.62120", "2012-09-30": "47.34680", "2012-06-30": "45.19790", "2012-03-31": "44.39290", "2011-12-31": "43.67790", "2011-09-30": "48.36150", "2011-06-30": "47.36350", "2011-03-31": "46.06270", "2010-12-31": "45.74420", "2010-09-30": "46.26010", "2010-06-30": "44.11640", "2010-03-31": "41.56870", "2009-12-31": "38.69930", "2009-09-30": "36.83060", "2009-06-30": "32.83430", "2009-03-31": "30.28700", "2008-12-31": "29.86920", "2008-09-30": "31.00490", "2008-06-30": "33.40670", "2008-03-31": "33.93540", "2007-12-31": "34.29230", "2007-09-30": "33.37970", "2007-06-30": "32.30020", "2007-03-31": "32.67830", "2006-12-31": "32.83060", "2006-09-30": "32.02220", "2006-06-30": "29.64240", "2006-03-31": "30.05120", "2005-12-31": "30.76330", "2005-09-30": "31.45120", "2005-06-30": "", "2005-03-31": ""}, "Operating Cash Flow Per Share": {"2020-09-30": 7.8818, "2020-06-30": -0.9006, "2020-03-31": "38.16690", "2019-12-31": -1.9244, "2019-09-30": 10.7898, "2019-06-30": 7.1201, "2019-03-31": "1.22770", "2018-12-31": 10.0129, "2018-09-30": 4.2277, "2018-06-30": 4.5783, "2018-03-31": "-1.23600", "2017-12-31": 2.1323, "2017-09-30": 2.9139, "2017-06-30": 4.6355, "2017-03-31": "0.03750", "2016-12-31": 1.6631, "2016-09-30": 3.2771, "2016-06-30": 5.3862, "2016-03-31": "3.53210", "2015-12-31": 4.1931, "2015-09-30": 2.1971, "2015-06-30": 3.3908, "2015-03-31": "4.82810", "2014-12-31": 2.0754, "2014-09-30": 8.3719, "2014-06-30": -0.3245, "2014-03-31": "2.17980", "2013-12-31": 1.1937, "2013-09-30": 5.8383, "2013-06-30": 1.7492, "2013-03-31": "-2.19500", "2012-12-31": 2.7248, "2012-09-30": 1.9556, "2012-06-30": 1.3192, "2012-03-31": "0.75530", "2011-12-31": 2.847, "2011-09-30": 3.3744, "2011-06-30": 2.5633, "2011-03-31": "0.05820", "2010-12-31": 0.0274, "2010-09-30": 1.7447, "2010-06-30": 4.8204, "2010-03-31": "0.44910", "2009-12-31": -1.8562, "2009-09-30": 3.1851, "2009-06-30": -4.1624, "2009-03-31": "-2.55930", "2008-12-31": 8.3116, "2008-09-30": -0.0413, "2008-06-30": 0.1638, "2008-03-31": "0.73000", "2007-12-31": 1.596, "2007-09-30": 1.2319, "2007-06-30": 0.8157, "2007-03-31": "-0.45060", "2006-12-31": 0.3175, "2006-09-30": 0.7445, "2006-06-30": 1.7392, "2006-03-31": "0.42210", "2005-12-31": 1.895, "2005-09-30": -0.0406, "2005-06-30": 0.8204, "2005-03-31": "0.78800"}, "Free Cash Flow Per Share": {"2020-09-30": 7.5164, "2020-06-30": -1.1657, "2020-03-31": "37.94070", "2019-12-31": -2.2323, "2019-09-30": 10.5318, "2019-06-30": 6.8559, "2019-03-31": "1.00640", "2018-12-31": 9.7148, "2018-09-30": 3.8921, "2018-06-30": 4.3322, "2018-03-31": "-1.45300", "2017-12-31": 1.9029, "2017-09-30": 2.5666, "2017-06-30": 4.3845, "2017-03-31": "-0.16860", "2016-12-31": 1.5141, "2016-09-30": 3.0908, "2016-06-30": 5.335, "2016-03-31": "3.37160", "2015-12-31": 4.0677, "2015-09-30": 1.96, "2015-06-30": 2.9308, "2015-03-31": "4.92860", "2014-12-31": 1.9554, "2014-09-30": 8.1163, "2014-06-30": -0.428, "2014-03-31": "2.07940", "2013-12-31": 1.0183, "2013-09-30": 5.6889, "2013-06-30": 1.633, "2013-03-31": "-2.26100", "2012-12-31": 2.7625, "2012-09-30": 1.7419, "2012-06-30": 1.1436, "2012-03-31": "0.49200", "2011-12-31": 3.0567, "2011-09-30": 3.1133, "2011-06-30": 2.3911, "2011-03-31": "-0.12420", "2010-12-31": -0.1335, "2010-09-30": 1.6096, "2010-06-30": 4.6962, "2010-03-31": "0.36980", "2009-12-31": -1.981, "2009-09-30": 3.1225, "2009-06-30": -4.2475, "2009-03-31": "-2.62640", "2008-12-31": 8.2069, "2008-09-30": -0.1384, "2008-06-30": -0.0002, "2008-03-31": "0.54000", "2007-12-31": 1.119, "2007-09-30": 0.9562, "2007-06-30": 0.5019, "2007-03-31": "-0.65960", "2006-12-31": -0.2362, "2006-09-30": 0.5538, "2006-06-30": 1.8652, "2006-03-31": "0.28800", "2005-12-31": 1.7104, "2005-09-30": -0.2071, "2005-06-30": 0.7108, "2005-03-31": "0.67830"}}, "revenue": {"Ameriprise Financial Annual Revenue (Millions of US $)": {"2020": "$11,899", "2019": "$12,967", "2018": "$12,835", "2017": "$12,132", "2016": "$11,800", "2015": "$12,170", "2014": "$12,268", "2013": "$11,199", "2012": "$10,217", "2011": "$10,192", "2010": "$9,512", "2009": "$7,397", "2008": "$6,918", "2007": "$8,506", "2006": "$8,026", "2005": "$7,396"}, "Ameriprise Financial Quarterly Revenue (Millions of US $)": {"2020-12-31": "$3,183", "2020-09-30": "$3,003", "2020-06-30": "$2,712", "2020-03-31": "$3,001", "2019-12-31": "$3,287", "2019-09-30": "$3,317", "2019-06-30": "$3,245", "2019-03-31": "$3,118", "2018-12-31": "$3,179", "2018-09-30": "$3,292", "2018-06-30": "$3,196", "2018-03-31": "$3,168", "2017-12-31": "$3,180", "2017-09-30": "$3,014", "2017-06-30": "$3,012", "2017-03-31": "$2,926", "2016-12-31": "$3,166", "2016-09-30": "$2,998", "2016-06-30": "$2,871", "2016-03-31": "$2,765", "2015-12-31": "$3,103", "2015-09-30": "$2,886", "2015-06-30": "$3,128", "2015-03-31": "$3,053", "2014-12-31": "$3,089", "2014-09-30": "$3,111", "2014-06-30": "$3,072", "2014-03-31": "$2,996", "2013-12-31": "$2,946", "2013-09-30": "$2,813", "2013-06-30": "$2,749", "2013-03-31": "$2,691", "2012-12-31": "$2,674", "2012-09-30": "$2,468", "2012-06-30": "$2,514", "2012-03-31": "$2,561", "2011-12-31": "$2,582", "2011-09-30": "$2,455", "2011-06-30": "$2,623", "2011-03-31": "$2,532", "2010-12-31": "$2,445", "2010-09-30": "$2,334", "2010-06-30": "$2,462", "2010-03-31": "$2,271", "2009-12-31": "$1,861", "2009-09-30": "$1,946", "2009-06-30": "$1,874", "2009-03-31": "$1,716", "2008-12-31": "$1,330", "2008-09-30": "$1,629", "2008-06-30": "$1,968", "2008-03-31": "$1,991", "2007-12-31": "$2,215", "2007-09-30": "$2,111", "2007-06-30": "$2,153", "2007-03-31": "$2,027", "2006-12-31": "$2,047", "2006-09-30": "$1,977", "2006-06-30": "$2,053", "2006-03-31": "$1,949", "2005-12-31": "$1,781", "2005-09-30": "$1,873", "2005-06-30": "$1,895", "2005-03-31": "$1,847"}}, "gross-profit": {"Ameriprise Financial Annual Gross Profit (Millions of US $)": {"2020": "$11,899", "2019": "$12,967", "2018": "$12,835", "2017": "$12,132", "2016": "$11,800", "2015": "$12,170", "2014": "$12,268", "2013": "$11,199", "2012": "$10,217", "2011": "$10,192", "2010": "$9,512", "2009": "$7,397", "2008": "$6,918", "2007": "$8,506", "2006": "$8,026", "2005": "$7,396"}, "Ameriprise Financial Quarterly Gross Profit (Millions of US $)": {"2020-12-31": "$3,183", "2020-09-30": "$3,003", "2020-06-30": "$2,712", "2020-03-31": "$3,001", "2019-12-31": "$3,287", "2019-09-30": "$3,317", "2019-06-30": "$3,245", "2019-03-31": "$3,118", "2018-12-31": "$3,179", "2018-09-30": "$3,292", "2018-06-30": "$3,196", "2018-03-31": "$3,168", "2017-12-31": "$3,180", "2017-09-30": "$3,014", "2017-06-30": "$3,012", "2017-03-31": "$2,926", "2016-12-31": "$3,166", "2016-09-30": "$2,998", "2016-06-30": "$2,871", "2016-03-31": "$2,765", "2015-12-31": "$3,103", "2015-09-30": "$2,886", "2015-06-30": "$3,128", "2015-03-31": "$3,053", "2014-12-31": "$3,089", "2014-09-30": "$3,111", "2014-06-30": "$3,072", "2014-03-31": "$2,996", "2013-12-31": "$2,946", "2013-09-30": "$2,813", "2013-06-30": "$2,749", "2013-03-31": "$2,691", "2012-12-31": "$2,674", "2012-09-30": "$2,468", "2012-06-30": "$2,514", "2012-03-31": "$2,561", "2011-12-31": "$2,582", "2011-09-30": "$2,455", "2011-06-30": "$2,623", "2011-03-31": "$2,532", "2010-12-31": "$2,445", "2010-09-30": "$2,334", "2010-06-30": "$2,462", "2010-03-31": "$2,271", "2009-12-31": "$1,861", "2009-09-30": "$1,946", "2009-06-30": "$1,874", "2009-03-31": "$1,716", "2008-12-31": "$1,330", "2008-09-30": "$1,629", "2008-06-30": "$1,968", "2008-03-31": "$1,991", "2007-12-31": "$2,215", "2007-09-30": "$2,111", "2007-06-30": "$2,153", "2007-03-31": "$2,027", "2006-12-31": "$2,047", "2006-09-30": "$1,977", "2006-06-30": "$2,053", "2006-03-31": "$1,949", "2005-12-31": "$1,781", "2005-09-30": "$1,873", "2005-06-30": "$1,895", "2005-03-31": "$1,847"}}, "operating-income": {"Ameriprise Financial Annual Operating Income (Millions of US $)": {"2020": "$1,993", "2019": "$2,446", "2018": "$2,729", "2017": "$2,421", "2016": "$1,832", "2015": "$2,529", "2014": "$2,875", "2013": "$2,251", "2012": "$1,514", "2011": "$1,764", "2010": "$1,759", "2009": "$1,047", "2008": "$-314", "2007": "$1,356", "2006": "$1,259", "2005": "$1,105"}, "Ameriprise Financial Quarterly Operating Income (Millions of US $)": {"2020-12-31": "$228", "2020-09-30": "$-147", "2020-06-30": "$-485", "2020-03-31": "$2,397", "2019-12-31": "$584", "2019-09-30": "$693", "2019-06-30": "$646", "2019-03-31": "$523", "2018-12-31": "$716", "2018-09-30": "$638", "2018-06-30": "$628", "2018-03-31": "$747", "2017-12-31": "$648", "2017-09-30": "$685", "2017-06-30": "$563", "2017-03-31": "$525", "2016-12-31": "$549", "2016-09-30": "$290", "2016-06-30": "$463", "2016-03-31": "$530", "2015-12-31": "$562", "2015-09-30": "$561", "2015-06-30": "$704", "2015-03-31": "$702", "2014-12-31": "$649", "2014-09-30": "$799", "2014-06-30": "$698", "2014-03-31": "$729", "2013-12-31": "$566", "2013-09-30": "$670", "2013-06-30": "$462", "2013-03-31": "$553", "2012-12-31": "$485", "2012-09-30": "$267", "2012-06-30": "$371", "2012-03-31": "$391", "2011-12-31": "$422", "2011-09-30": "$397", "2011-06-30": "$484", "2011-03-31": "$461", "2010-12-31": "$278", "2010-09-30": "$520", "2010-06-30": "$536", "2010-03-31": "$425", "2009-12-31": "$359", "2009-09-30": "$385", "2009-06-30": "$143", "2009-03-31": "$160", "2008-12-31": "$-641", "2008-09-30": "$-149", "2008-06-30": "$260", "2008-03-31": "$216", "2007-12-31": "$385", "2007-09-30": "$304", "2007-06-30": "$337", "2007-03-31": "$330", "2006-12-31": "$-458", "2006-09-30": "$584", "2006-06-30": "$602", "2006-03-31": "$531", "2005-12-31": "$-574", "2005-09-30": "$594", "2005-06-30": "$544", "2005-03-31": "$541"}}, "ebitda": {"Ameriprise Financial Annual EBITDA (Millions of US $)": {"2019": "$3,298", "2018": "$3,601", "2017": "$3,311", "2016": "$2,703", "2015": "$3,445", "2014": "$3,842", "2013": "$3,296", "2012": "$2,570", "2011": "$2,730", "2010": "$2,778", "2009": "$2,070", "2008": "$1,797", "2007": "$3,092", "2006": "$3,007", "2005": "$2,920"}, "Ameriprise Financial Quarterly EBITDA (Millions of US $)": {"2020-09-30": "$77", "2020-06-30": "$-174", "2020-03-31": "$2,535", "2019-12-31": "$787", "2019-09-30": "$861", "2019-06-30": "$877", "2019-03-31": "$773", "2018-12-31": "$937", "2018-09-30": "$861", "2018-06-30": "$859", "2018-03-31": "$944", "2017-12-31": "$853", "2017-09-30": "$916", "2017-06-30": "$792", "2017-03-31": "$750", "2016-12-31": "$768", "2016-09-30": "$511", "2016-06-30": "$683", "2016-03-31": "$741", "2015-12-31": "$752", "2015-09-30": "$832", "2015-06-30": "$921", "2015-03-31": "$940", "2014-12-31": "$894", "2014-09-30": "$1,031", "2014-06-30": "$939", "2014-03-31": "$978", "2013-12-31": "$836", "2013-09-30": "$933", "2013-06-30": "$718", "2013-03-31": "$809", "2012-12-31": "$751", "2012-09-30": "$532", "2012-06-30": "$634", "2012-03-31": "$653", "2011-12-31": "$693", "2011-09-30": "$612", "2011-06-30": "$733", "2011-03-31": "$692", "2010-12-31": "$532", "2010-09-30": "$454", "2010-06-30": "$987", "2010-03-31": "$805", "2009-12-31": "$512", "2009-09-30": "$565", "2009-06-30": "$237", "2009-03-31": "$756", "2008-12-31": "$70", "2008-09-30": "$388", "2008-06-30": "$687", "2008-03-31": "$652", "2007-12-31": "$845", "2007-09-30": "$716", "2007-06-30": "$764", "2007-03-31": "$767", "2006-12-31": "$-292", "2006-09-30": "$1,071", "2006-06-30": "$1,162", "2006-03-31": "$1,066", "2005-12-31": "$-336", "2005-09-30": "$1,074", "2005-06-30": "$1,103", "2005-03-31": "$1,079"}}, "net-income": {"Ameriprise Financial Annual Net Income (Millions of US $)": {"2020": "$1,534", "2019": "$1,893", "2018": "$2,098", "2017": "$1,480", "2016": "$1,313", "2015": "$1,562", "2014": "$1,619", "2013": "$1,334", "2012": "$1,029", "2011": "$1,116", "2010": "$989", "2009": "$722", "2008": "$-36", "2007": "$814", "2006": "$631", "2005": "$574"}, "Ameriprise Financial Quarterly Net Income (Millions of US $)": {"2020-12-31": "$177", "2020-09-30": "$-140", "2020-06-30": "$-539", "2020-03-31": "$2,036", "2019-12-31": "$463", "2019-09-30": "$543", "2019-06-30": "$492", "2019-03-31": "$395", "2018-12-31": "$539", "2018-09-30": "$503", "2018-06-30": "$462", "2018-03-31": "$594", "2017-12-31": "$177", "2017-09-30": "$507", "2017-06-30": "$393", "2017-03-31": "$403", "2016-12-31": "$399", "2016-09-30": "$215", "2016-06-30": "$335", "2016-03-31": "$364", "2015-12-31": "$357", "2015-09-30": "$397", "2015-06-30": "$415", "2015-03-31": "$393", "2014-12-31": "$425", "2014-09-30": "$420", "2014-06-30": "$374", "2014-03-31": "$400", "2013-12-31": "$296", "2013-09-30": "$382", "2013-06-30": "$321", "2013-03-31": "$335", "2012-12-31": "$389", "2012-09-30": "$173", "2012-06-30": "$223", "2012-03-31": "$244", "2011-12-31": "$236", "2011-09-30": "$324", "2011-06-30": "$315", "2011-03-31": "$241", "2010-12-31": "$172", "2010-09-30": "$344", "2010-06-30": "$259", "2010-03-31": "$214", "2009-12-31": "$237", "2009-09-30": "$260", "2009-06-30": "$95", "2009-03-31": "$130", "2008-12-31": "$-367", "2008-09-30": "$-70", "2008-06-30": "$210", "2008-03-31": "$191", "2007-12-31": "$255", "2007-09-30": "$198", "2007-06-30": "$196", "2007-03-31": "$165", "2006-12-31": "$171", "2006-09-30": "$174", "2006-06-30": "$141", "2006-03-31": "$145", "2005-12-31": "$111", "2005-09-30": "$125", "2005-06-30": "$155", "2005-03-31": "$183"}}, "eps-earnings-per-share-diluted": {"Ameriprise Financial Annual EPS": {"2020": "$12.20", "2019": "$13.92", "2018": "$14.20", "2017": "$9.44", "2016": "$7.81", "2015": "$8.48", "2014": "$8.30", "2013": "$6.44", "2012": "$4.62", "2011": "$4.53", "2010": "$3.77", "2009": "$2.95", "2008": "$-0.16", "2007": "$3.39", "2006": "$2.54", "2005": "$2.32"}, "Ameriprise Financial Quarterly EPS": {"2020-12-31": "$1.43", "2020-09-30": "$-1.14", "2020-06-30": "$-4.31", "2020-03-31": "$15.88", "2019-12-31": "$3.49", "2019-09-30": "$4.04", "2019-06-30": "$3.57", "2019-03-31": "$2.82", "2018-12-31": "$3.76", "2018-09-30": "$3.43", "2018-06-30": "$3.10", "2018-03-31": "$3.91", "2017-12-31": "$1.16", "2017-09-30": "$3.26", "2017-06-30": "$2.50", "2017-03-31": "$2.52", "2016-12-31": "$2.45", "2016-09-30": "$1.30", "2016-06-30": "$1.97", "2016-03-31": "$2.09", "2015-12-31": "$2.00", "2015-09-30": "$2.17", "2015-06-30": "$2.23", "2015-03-31": "$2.08", "2014-12-31": "$2.21", "2014-09-30": "$2.17", "2014-06-30": "$1.91", "2014-03-31": "$2.01", "2013-12-31": "$1.46", "2013-09-30": "$1.86", "2013-06-30": "$1.54", "2013-03-31": "$1.58", "2012-12-31": "$1.79", "2012-09-30": "$0.79", "2012-06-30": "$0.99", "2012-03-31": "$1.05", "2011-12-31": "$1.00", "2011-09-30": "$1.34", "2011-06-30": "$1.25", "2011-03-31": "$0.94", "2010-12-31": "$0.66", "2010-09-30": "$1.32", "2010-06-30": "$0.98", "2010-03-31": "$0.81", "2009-12-31": "$0.96", "2009-09-30": "$1.00", "2009-06-30": "$0.41", "2009-03-31": "$0.58", "2008-12-31": "$-1.59", "2008-09-30": "$-0.32", "2008-06-30": "$0.93", "2008-03-31": "$0.82", "2007-12-31": "$1.07", "2007-09-30": "$0.83", "2007-06-30": "$0.81", "2007-03-31": "$0.68", "2006-12-31": "$0.69", "2006-09-30": "$0.71", "2006-06-30": "$0.57", "2006-03-31": "$0.57", "2005-12-31": "$0.45", "2005-09-30": "$0.50", "2005-06-30": "$0.63", "2005-03-31": "$0.74"}}, "shares-outstanding": {"Ameriprise Financial Annual Shares Outstanding (Millions of Shares)": {"2020": "126", "2019": "136", "2018": "148", "2017": "157", "2016": "168", "2015": "184", "2014": "195", "2013": "207", "2012": "223", "2011": "246", "2010": "262", "2009": "244", "2008": "225", "2007": "240", "2006": "249", "2005": "247"}, "Ameriprise Financial Quarterly Shares Outstanding (Millions of Shares)": {"2020-12-31": "123", "2020-09-30": "125", "2020-06-30": "126", "2020-03-31": "128", "2019-12-31": "136", "2019-09-30": "135", "2019-06-30": "138", "2019-03-31": "140", "2018-12-31": "148", "2018-09-30": "147", "2018-06-30": "149", "2018-03-31": "152", "2017-12-31": "157", "2017-09-30": "155", "2017-06-30": "158", "2017-03-31": "160", "2016-12-31": "168", "2016-09-30": "166", "2016-06-30": "170", "2016-03-31": "174", "2015-12-31": "184", "2015-09-30": "183", "2015-06-30": "186", "2015-03-31": "189", "2014-12-31": "195", "2014-09-30": "194", "2014-06-30": "196", "2014-03-31": "199", "2013-12-31": "207", "2013-09-30": "205", "2013-06-30": "209", "2013-03-31": "212", "2012-12-31": "223", "2012-09-30": "219", "2012-06-30": "226", "2012-03-31": "232", "2011-12-31": "246", "2011-09-30": "242", "2011-06-30": "251", "2011-03-31": "258", "2010-12-31": "262", "2010-09-30": "260", "2010-06-30": "265", "2010-03-31": "265", "2009-12-31": "244", "2009-09-30": "261", "2009-06-30": "230", "2009-03-31": "224", "2008-12-31": "225", "2008-09-30": "222", "2008-06-30": "226", "2008-03-31": "232", "2007-12-31": "240", "2007-09-30": "239", "2007-06-30": "241", "2007-03-31": "244", "2006-12-31": "249", "2006-09-30": "246", "2006-06-30": "248", "2006-03-31": "254", "2005-12-31": "247", "2005-09-30": "246", "2005-06-30": "246", "2005-03-31": "246"}}, "total-assets": {"Ameriprise Financial Annual Total Assets (Millions of US $)": {"2019": "$151,828", "2018": "$137,216", "2017": "$147,480", "2016": "$139,821", "2015": "$145,339", "2014": "$148,810", "2013": "$144,576", "2012": "$134,729", "2011": "$132,307", "2010": "$131,214", "2009": "$113,770", "2008": "$95,577", "2007": "$109,230", "2006": "$104,481", "2005": "$93,121"}, "Ameriprise Financial Quarterly Total Assets (Millions of US $)": {"2020-09-30": "$158,687", "2020-06-30": "$154,902", "2020-03-31": "$145,682", "2019-12-31": "$151,828", "2019-09-30": "$149,513", "2019-06-30": "$148,678", "2019-03-31": "$144,403", "2018-12-31": "$137,216", "2018-09-30": "$145,191", "2018-06-30": "$143,268", "2018-03-31": "$144,762", "2017-12-31": "$147,480", "2017-09-30": "$145,486", "2017-06-30": "$143,144", "2017-03-31": "$140,857", "2016-12-31": "$139,821", "2016-09-30": "$143,623", "2016-06-30": "$142,684", "2016-03-31": "$140,250", "2015-12-31": "$145,339", "2015-09-30": "$145,320", "2015-06-30": "$148,806", "2015-03-31": "$151,448", "2014-12-31": "$148,810", "2014-09-30": "$147,193", "2014-06-30": "$149,160", "2014-03-31": "$145,964", "2013-12-31": "$144,576", "2013-09-30": "$140,208", "2013-06-30": "$137,258", "2013-03-31": "$137,296", "2012-12-31": "$134,729", "2012-09-30": "$138,564", "2012-06-30": "$135,270", "2012-03-31": "$136,757", "2011-12-31": "$132,307", "2011-09-30": "$130,380", "2011-06-30": "$135,138", "2011-03-31": "$133,832", "2010-12-31": "$131,214", "2010-09-30": "$129,044", "2010-06-30": "$121,110", "2010-03-31": "$122,377", "2009-12-31": "$113,770", "2009-09-30": "$111,201", "2009-06-30": "$103,214", "2009-03-31": "$94,581", "2008-12-31": "$95,577", "2008-09-30": "$99,150", "2008-06-30": "$104,267", "2008-03-31": "$104,902", "2007-12-31": "$109,230", "2007-09-30": "$109,854", "2007-06-30": "$108,132", "2007-03-31": "$105,160", "2006-12-31": "$104,481", "2006-09-30": "$99,504", "2006-06-30": "$96,049", "2006-03-31": "$95,821", "2005-12-31": "$93,121", "2005-09-30": "$92,274", "2005-06-30": "$0", "2005-03-31": "$0"}}, "cash-on-hand": {"Ameriprise Financial Annual Cash on Hand (Millions of US $)": {"2019": "$3,827", "2018": "$3,097", "2017": "$2,620", "2016": "$2,486", "2015": "$2,859", "2014": "$3,028", "2013": "$3,051", "2012": "$2,950", "2011": "$3,251", "2010": "$3,310", "2009": "$3,278", "2008": "$6,228", "2007": "$3,836", "2006": "$2,760", "2005": "$2,474"}, "Ameriprise Financial Quarterly Cash on Hand (Millions of US $)": {"2020-09-30": "$7,668", "2020-06-30": "$7,703", "2020-03-31": "$8,829", "2019-12-31": "$3,827", "2019-09-30": "$5,392", "2019-06-30": "$4,361", "2019-03-31": "$3,347", "2018-12-31": "$3,097", "2018-09-30": "$2,478", "2018-06-30": "$2,582", "2018-03-31": "$2,201", "2017-12-31": "$2,620", "2017-09-30": "$2,504", "2017-06-30": "$2,563", "2017-03-31": "$2,177", "2016-12-31": "$2,486", "2016-09-30": "$3,329", "2016-06-30": "$3,050", "2016-03-31": "$2,795", "2015-12-31": "$2,859", "2015-09-30": "$3,570", "2015-06-30": "$3,041", "2015-03-31": "$3,147", "2014-12-31": "$3,028", "2014-09-30": "$3,155", "2014-06-30": "$2,859", "2014-03-31": "$2,899", "2013-12-31": "$3,051", "2013-09-30": "$3,465", "2013-06-30": "$3,377", "2013-03-31": "$3,041", "2012-12-31": "$2,950", "2012-09-30": "$3,932", "2012-06-30": "$3,272", "2012-03-31": "$2,874", "2011-12-31": "$3,251", "2011-09-30": "$3,093", "2011-06-30": "$3,007", "2011-03-31": "$3,366", "2010-12-31": "$3,310", "2010-09-30": "$4,088", "2010-06-30": "$4,397", "2010-03-31": "$5,429", "2009-12-31": "$3,278", "2009-09-30": "$3,580", "2009-06-30": "$4,469", "2009-03-31": "$5,796", "2008-12-31": "$6,228", "2008-09-30": "$4,043", "2008-06-30": "$3,373", "2008-03-31": "$3,904", "2007-12-31": "$3,836", "2007-09-30": "$3,972", "2007-06-30": "$3,303", "2007-03-31": "$2,413", "2006-12-31": "$2,760", "2006-09-30": "$3,309", "2006-06-30": "$2,101", "2006-03-31": "$1,650", "2005-12-31": "$2,474", "2005-09-30": "$2,620", "2005-06-30": "", "2005-03-31": ""}}, "long-term-debt": {"Ameriprise Financial Annual Long Term Debt (Millions of US $)": {"2019": "$4,725", "2018": "$4,610", "2017": "$5,097", "2016": "$5,236", "2015": "$10,223", "2014": "$9,929", "2013": "$8,456", "2012": "$7,384", "2011": "$7,571", "2010": "$7,852", "2009": "$2,249", "2008": "$2,027", "2007": "$2,018", "2006": "$2,244", "2005": "$1,833"}, "Ameriprise Financial Quarterly Long Term Debt (Millions of US $)": {"2020-09-30": "$4,734", "2020-06-30": "$4,324", "2020-03-31": "$3,720", "2019-12-31": "$4,725", "2019-09-30": "$4,771", "2019-06-30": "$4,811", "2019-03-31": "$5,125", "2018-12-31": "$4,610", "2018-09-30": "$4,240", "2018-06-30": "$4,291", "2018-03-31": "$5,055", "2017-12-31": "$5,097", "2017-09-30": "$5,169", "2017-06-30": "$5,216", "2017-03-31": "$5,252", "2016-12-31": "$5,236", "2016-09-30": "$5,644", "2016-06-30": "$5,201", "2016-03-31": "$5,356", "2015-12-31": "$10,223", "2015-09-30": "$10,945", "2015-06-30": "$10,408", "2015-03-31": "$9,845", "2014-12-31": "$9,929", "2014-09-30": "$9,453", "2014-06-30": "$9,195", "2014-03-31": "$8,866", "2013-12-31": "$8,456", "2013-09-30": "$8,189", "2013-06-30": "$7,649", "2013-03-31": "$7,537", "2012-12-31": "$7,384", "2012-09-30": "$7,634", "2012-06-30": "$7,616", "2012-03-31": "$7,612", "2011-12-31": "$7,571", "2011-09-30": "$7,933", "2011-06-30": "$8,034", "2011-03-31": "$8,010", "2010-12-31": "$7,852", "2010-09-30": "$8,191", "2010-06-30": "$7,980", "2010-03-31": "$8,114", "2009-12-31": "$2,249", "2009-09-30": "$2,076", "2009-06-30": "$2,435", "2009-03-31": "$1,922", "2008-12-31": "$2,027", "2008-09-30": "$2,080", "2008-06-30": "$2,018", "2008-03-31": "$2,018", "2007-12-31": "$2,018", "2007-09-30": "$2,197", "2007-06-30": "$2,197", "2007-03-31": "$2,225", "2006-12-31": "$2,244", "2006-09-30": "$2,254", "2006-06-30": "$2,419", "2006-03-31": "$1,921", "2005-12-31": "$1,833", "2005-09-30": "$360", "2005-06-30": "", "2005-03-31": ""}}, "total-liabilities": {"Ameriprise Financial Annual Total Liabilities (Millions of US $)": {"2019": "$146,099", "2018": "$131,628", "2017": "$141,485", "2016": "$133,529", "2015": "$136,960", "2014": "$139,505", "2013": "$135,344", "2012": "$125,017", "2011": "$122,613", "2010": "$119,929", "2009": "$103,898", "2008": "$89,110", "2007": "$101,420", "2006": "$96,556", "2005": "$85,434"}, "Ameriprise Financial Quarterly Total Liabilities (Millions of US $)": {"2020-09-30": "$152,620", "2020-06-30": "$148,402", "2020-03-31": "$138,989", "2019-12-31": "$146,099", "2019-09-30": "$143,516", "2019-06-30": "$142,648", "2019-03-31": "$138,560", "2018-12-31": "$131,628", "2018-09-30": "$139,573", "2018-06-30": "$137,636", "2018-03-31": "$138,922", "2017-12-31": "$141,485", "2017-09-30": "$139,181", "2017-06-30": "$136,894", "2017-03-31": "$134,630", "2016-12-31": "$133,529", "2016-09-30": "$136,827", "2016-06-30": "$135,595", "2016-03-31": "$133,157", "2015-12-31": "$136,960", "2015-09-30": "$136,499", "2015-06-30": "$139,810", "2015-03-31": "$142,189", "2014-12-31": "$139,505", "2014-09-30": "$137,853", "2014-06-30": "$139,483", "2014-03-31": "$136,519", "2013-12-31": "$135,344", "2013-09-30": "$131,039", "2013-06-30": "$128,276", "2013-03-31": "$127,679", "2012-12-31": "$125,017", "2012-09-30": "$128,743", "2012-06-30": "$125,657", "2012-03-31": "$127,008", "2011-12-31": "$122,613", "2011-09-30": "$119,393", "2011-06-30": "$123,910", "2011-03-31": "$122,643", "2010-12-31": "$119,929", "2010-09-30": "$117,540", "2010-06-30": "$109,991", "2010-03-31": "$111,677", "2009-12-31": "$103,898", "2009-09-30": "$101,807", "2009-06-30": "$94,840", "2009-03-31": "$87,944", "2008-12-31": "$89,110", "2008-09-30": "$92,433", "2008-06-30": "$96,953", "2008-03-31": "$97,321", "2007-12-31": "$101,420", "2007-09-30": "$102,096", "2007-06-30": "$100,532", "2007-03-31": "$97,429", "2006-12-31": "$96,556", "2006-09-30": "$91,751", "2006-06-30": "$88,814", "2006-03-31": "$88,480", "2005-12-31": "$85,434", "2005-09-30": "$84,537", "2005-06-30": "", "2005-03-31": ""}}, "total-share-holder-equity": {"Ameriprise Financial Annual Share Holder Equity (Millions of US $)": {"2019": "$5,729", "2018": "$5,588", "2017": "$5,995", "2016": "$6,292", "2015": "$8,379", "2014": "$9,305", "2013": "$9,232", "2012": "$9,712", "2011": "$9,694", "2010": "$11,285", "2009": "$9,872", "2008": "$6,467", "2007": "$7,810", "2006": "$7,925", "2005": "$7,687"}, "Ameriprise Financial Quarterly Share Holder Equity (Millions of US $)": {"2020-09-30": "$6,067", "2020-06-30": "$6,500", "2020-03-31": "$6,693", "2019-12-31": "$5,729", "2019-09-30": "$5,997", "2019-06-30": "$6,030", "2019-03-31": "$5,843", "2018-12-31": "$5,588", "2018-09-30": "$5,618", "2018-06-30": "$5,632", "2018-03-31": "$5,840", "2017-12-31": "$5,995", "2017-09-30": "$6,305", "2017-06-30": "$6,250", "2017-03-31": "$6,227", "2016-12-31": "$6,292", "2016-09-30": "$6,796", "2016-06-30": "$7,089", "2016-03-31": "$7,093", "2015-12-31": "$8,379", "2015-09-30": "$8,821", "2015-06-30": "$8,996", "2015-03-31": "$9,259", "2014-12-31": "$9,305", "2014-09-30": "$9,340", "2014-06-30": "$9,677", "2014-03-31": "$9,445", "2013-12-31": "$9,232", "2013-09-30": "$9,169", "2013-06-30": "$8,982", "2013-03-31": "$9,617", "2012-12-31": "$9,712", "2012-09-30": "$9,821", "2012-06-30": "$9,613", "2012-03-31": "$9,749", "2011-12-31": "$9,694", "2011-09-30": "$10,987", "2011-06-30": "$11,228", "2011-03-31": "$11,189", "2010-12-31": "$11,285", "2010-09-30": "$11,504", "2010-06-30": "$11,119", "2010-03-31": "$10,700", "2009-12-31": "$9,872", "2009-09-30": "$9,394", "2009-06-30": "$8,374", "2009-03-31": "$6,637", "2008-12-31": "$6,467", "2008-09-30": "$6,717", "2008-06-30": "$7,314", "2008-03-31": "$7,581", "2007-12-31": "$7,810", "2007-09-30": "$7,758", "2007-06-30": "$7,600", "2007-03-31": "$7,731", "2006-12-31": "$7,925", "2006-09-30": "$7,753", "2006-06-30": "$7,235", "2006-03-31": "$7,341", "2005-12-31": "$7,687", "2005-09-30": "$7,737", "2005-06-30": "", "2005-03-31": ""}}, "profit-margins": {"current": "12.89%"}, "gross margin": {"2020-12-31": "100.00%", "2020-09-30": "100.00%", "2020-06-30": "100.00%", "2020-03-31": "100.00%", "2019-12-31": "100.00%", "2019-09-30": "100.00%", "2019-06-30": "100.00%", "2019-03-31": "100.00%", "2018-12-31": "100.00%", "2018-09-30": "100.00%", "2018-06-30": "100.00%", "2018-03-31": "100.00%", "2017-12-31": "100.00%", "2017-09-30": "100.00%", "2017-06-30": "100.00%", "2017-03-31": "100.00%", "2016-12-31": "100.00%", "2016-09-30": "100.00%", "2016-06-30": "100.00%", "2016-03-31": "100.00%", "2015-12-31": "100.00%", "2015-09-30": "100.00%", "2015-06-30": "100.00%", "2015-03-31": "100.00%", "2014-12-31": "100.00%", "2014-09-30": "100.00%", "2014-06-30": "100.00%", "2014-03-31": "100.00%", "2013-12-31": "100.00%", "2013-09-30": "100.00%", "2013-06-30": "100.00%", "2013-03-31": "100.00%", "2012-12-31": "100.00%", "2012-09-30": "100.00%", "2012-06-30": "100.00%", "2012-03-31": "100.00%", "2011-12-31": "100.00%", "2011-09-30": "100.00%", "2011-06-30": "100.00%", "2011-03-31": "100.00%", "2010-12-31": "100.00%", "2010-09-30": "100.00%", "2010-06-30": "100.00%", "2010-03-31": "100.00%", "2009-12-31": "100.00%", "2009-09-30": "100.00%", "2009-06-30": "100.00%", "2009-03-31": "100.00%", "2008-12-31": "100.00%", "2008-09-30": "100.00%", "2008-06-30": "100.00%", "2008-03-31": "100.00%", "2007-12-31": "100.00%", "2007-09-30": "100.00%", "2007-06-30": "100.00%", "2007-03-31": "100.00%", "2006-12-31": "100.00%", "2006-09-30": "100.00%", "2006-06-30": "100.00%", "2006-03-31": "100.00%", "2005-12-31": "100.00%"}, "operating margin": {"2020-12-31": "16.75%", "2020-09-30": "19.57%", "2020-06-30": "25.89%", "2020-03-31": "33.62%", "2019-12-31": "18.86%", "2019-09-30": "20.05%", "2019-06-30": "19.66%", "2019-03-31": "19.59%", "2018-12-31": "21.26%", "2018-09-30": "20.73%", "2018-06-30": "21.56%", "2018-03-31": "21.36%", "2017-12-31": "19.96%", "2017-09-30": "19.16%", "2017-06-30": "15.92%", "2017-03-31": "15.27%", "2016-12-31": "15.53%", "2016-09-30": "15.72%", "2016-06-30": "18.20%", "2016-03-31": "19.84%", "2015-12-31": "20.78%", "2015-09-30": "21.52%", "2015-06-30": "23.05%", "2015-03-31": "23.11%", "2014-12-31": "23.43%", "2014-09-30": "23.03%", "2014-06-30": "22.52%", "2014-03-31": "21.10%", "2013-12-31": "20.10%", "2013-09-30": "19.86%", "2013-06-30": "16.70%", "2013-03-31": "16.20%", "2012-12-31": "14.82%", "2012-09-30": "14.33%", "2012-06-30": "15.63%", "2012-03-31": "16.57%", "2011-12-31": "17.31%", "2011-09-30": "16.11%", "2011-06-30": "17.55%", "2011-03-31": "18.37%", "2010-12-31": "18.49%", "2010-09-30": "20.61%", "2010-06-30": "19.96%", "2010-03-31": "16.50%", "2009-12-31": "14.15%", "2009-09-30": "0.68%", "2009-06-30": "-7.44%", "2009-03-31": "-5.57%", "2008-12-31": "-4.54%", "2008-09-30": "9.12%", "2008-06-30": "14.06%", "2008-03-31": "14.66%", "2007-12-31": "15.94%", "2007-09-30": "6.15%", "2007-06-30": "9.67%", "2007-03-31": "13.06%", "2006-12-31": "15.69%", "2006-09-30": "14.73%", "2006-06-30": "15.06%", "2006-03-31": "14.60%", "2005-12-31": "14.94%"}, "ebitda margin": {"2020-09-30": "26.87%", "2020-06-30": "32.55%", "2020-03-31": "39.38%", "2019-12-31": "25.43%", "2019-09-30": "26.81%", "2019-06-30": "26.87%", "2019-03-31": "26.83%", "2018-12-31": "28.06%", "2018-09-30": "27.40%", "2018-06-30": "28.44%", "2018-03-31": "28.33%", "2017-12-31": "27.29%", "2017-09-30": "26.62%", "2017-06-30": "23.31%", "2017-03-31": "22.67%", "2016-12-31": "22.91%", "2016-09-30": "22.89%", "2016-06-30": "25.88%", "2016-03-31": "27.32%", "2015-12-31": "28.31%", "2015-09-30": "29.51%", "2015-06-30": "30.58%", "2015-03-31": "30.86%", "2014-12-31": "31.32%", "2014-09-30": "31.21%", "2014-06-30": "31.17%", "2014-03-31": "30.12%", "2013-12-31": "29.43%", "2013-09-30": "29.39%", "2013-06-30": "26.55%", "2013-03-31": "26.35%", "2012-12-31": "25.15%", "2012-09-30": "24.81%", "2012-06-30": "25.63%", "2012-03-31": "26.33%", "2011-12-31": "26.79%", "2011-09-30": "25.55%", "2011-06-30": "24.27%", "2011-03-31": "27.27%", "2010-12-31": "29.21%", "2010-09-30": "30.89%", "2010-06-30": "33.59%", "2010-03-31": "26.65%", "2009-12-31": "27.98%", "2009-09-30": "23.71%", "2009-06-30": "22.16%", "2009-03-31": "28.62%", "2008-12-31": "25.98%", "2008-09-30": "32.96%", "2008-06-30": "35.00%", "2008-03-31": "35.15%", "2007-12-31": "36.35%", "2007-09-30": "23.45%", "2007-06-30": "28.16%", "2007-03-31": "33.42%", "2006-12-31": "37.47%", "2006-09-30": "38.18%", "2006-06-30": "38.74%", "2006-03-31": "38.77%", "2005-12-31": "39.48%"}, "pre tax profit margin": {"2020-12-31": "15.39%", "2020-09-30": "18.12%", "2020-06-30": "24.36%", "2020-03-31": "32.01%", "2019-12-31": "17.21%", "2019-09-30": "18.28%", "2019-06-30": "17.90%", "2019-03-31": "17.66%", "2018-12-31": "19.35%", "2018-09-30": "18.91%", "2018-06-30": "19.68%", "2018-03-31": "19.68%", "2017-12-31": "18.25%", "2017-09-30": "17.22%", "2017-06-30": "13.98%", "2017-03-31": "13.30%", "2016-12-31": "13.48%", "2016-09-30": "13.37%", "2016-06-30": "15.43%", "2016-03-31": "16.82%", "2015-12-31": "17.60%", "2015-09-30": "18.54%", "2015-06-30": "20.28%", "2015-03-31": "20.41%", "2014-12-31": "20.76%", "2014-09-30": "20.35%", "2014-06-30": "19.87%", "2014-03-31": "18.54%", "2013-12-31": "17.59%", "2013-09-30": "17.47%", "2013-06-30": "14.23%", "2013-03-31": "13.56%", "2012-12-31": "12.12%", "2012-09-30": "11.32%", "2012-06-30": "12.59%", "2012-03-31": "13.53%", "2011-12-31": "14.20%", "2011-09-30": "13.14%", "2011-06-30": "14.51%", "2011-03-31": "15.29%", "2010-12-31": "15.44%", "2010-09-30": "17.92%", "2010-06-30": "17.49%", "2010-03-31": "14.42%", "2009-12-31": "12.44%", "2009-09-30": "-1.17%", "2009-06-30": "-9.10%", "2009-03-31": "-7.21%", "2008-12-31": "-6.11%", "2008-09-30": "7.38%", "2008-06-30": "11.70%", "2008-03-31": "11.59%", "2007-12-31": "11.85%", "2007-09-30": "10.57%", "2007-06-30": "10.74%", "2007-03-31": "10.14%", "2006-12-31": "9.93%", "2006-09-30": "9.29%", "2006-06-30": "8.95%", "2006-03-31": "9.20%", "2005-12-31": "10.07%"}, "net profit margin": {"2020-12-31": "12.89%", "2020-09-30": "15.16%", "2020-06-30": "20.32%", "2020-03-31": "27.50%", "2019-12-31": "14.60%", "2019-09-30": "15.31%", "2019-06-30": "15.03%", "2019-03-31": "14.85%", "2018-12-31": "16.35%", "2018-09-30": "13.52%", "2018-06-30": "13.86%", "2018-03-31": "13.50%", "2017-12-31": "12.20%", "2017-09-30": "14.05%", "2017-06-30": "11.65%", "2017-03-31": "11.30%", "2016-12-31": "11.13%", "2016-09-30": "10.83%", "2016-06-30": "12.50%", "2016-03-31": "12.90%", "2015-12-31": "12.83%", "2015-09-30": "13.41%", "2015-06-30": "13.35%", "2015-03-31": "13.08%", "2014-12-31": "13.20%", "2014-09-30": "12.29%", "2014-06-30": "12.28%", "2014-03-31": "12.16%", "2013-12-31": "11.91%", "2013-09-30": "13.06%", "2013-06-30": "11.51%", "2013-03-31": "10.82%", "2012-12-31": "10.07%", "2012-09-30": "8.65%", "2012-06-30": "10.16%", "2012-03-31": "10.95%", "2011-12-31": "10.95%", "2011-09-30": "10.46%", "2011-06-30": "10.79%", "2011-03-31": "10.40%", "2010-12-31": "10.40%", "2010-09-30": "11.81%", "2010-06-30": "11.36%", "2010-03-31": "10.14%", "2009-12-31": "9.76%", "2009-09-30": "1.72%", "2009-06-30": "-3.24%", "2009-03-31": "-1.46%", "2008-12-31": "-0.52%", "2008-09-30": "7.51%", "2008-06-30": "10.31%", "2008-03-31": "9.92%", "2007-12-31": "9.57%", "2007-09-30": "8.76%", "2007-06-30": "8.61%", "2007-03-31": "8.03%", "2006-12-31": "7.86%", "2006-09-30": "7.36%", "2006-06-30": "6.82%", "2006-03-31": "7.15%", "2005-12-31": "7.76%"}, "pe ratio": {"current": "12.53", "2021-02-05": "20.24", "2020-12-31": "18.63", "2020-09-30": "10.97", "2020-06-30": "7.74", "2020-03-31": "3.71", "2019-12-31": "11.62", "2019-09-30": "10.03", "2019-06-30": "10.27", "2019-03-31": "9.39", "2018-12-31": "7.01", "2018-09-30": "12.04", "2018-06-30": "11.52", "2018-03-31": "12.77", "2017-12-31": "16.70", "2017-09-30": "12.82", "2017-06-30": "13.34", "2017-03-31": "14.37", "2016-12-31": "12.89", "2016-09-30": "12.21", "2016-06-30": "9.76", "2016-03-31": "9.82", "2015-12-31": "11.04", "2015-09-30": "10.97", "2015-06-30": "12.49", "2015-03-31": "13.51", "2014-12-31": "13.71", "2014-09-30": "14.01", "2014-06-30": "14.14", "2014-03-31": "13.60", "2013-12-31": "15.09", "2013-09-30": "11.27", "2013-06-30": "11.81", "2013-03-31": "11.82", "2012-12-31": "11.12", "2012-09-30": "11.86", "2012-06-30": "9.99", "2012-03-31": "10.27", "2011-12-31": "9.10", "2011-09-30": "7.02", "2011-06-30": "9.82", "2011-03-31": "10.95", "2010-12-31": "10.60", "2010-09-30": "9.29", "2010-06-30": "7.68", "2010-03-31": "11.35", "2009-12-31": "10.44", "2009-09-30": "90.69", "2009-06-30": "0.00", "2009-03-31": "0.00", "2008-12-31": "0.00", "2008-09-30": "11.45", "2008-06-30": "8.33", "2008-03-31": "10.94", "2007-12-31": "12.07", "2007-09-30": "15.58", "2007-06-30": "16.30", "2007-03-31": "15.94", "2006-12-31": "15.83"}, "price sales": {"2021-02-05": "2.23", "2020-12-31": "2.05", "2020-09-30": "1.65", "2020-06-30": "1.58", "2020-03-31": "1.05", "2019-12-31": "1.71", "2019-09-30": "1.55", "2019-06-30": "1.55", "2019-03-31": "1.40", "2018-12-31": "1.15", "2018-09-30": "1.64", "2018-06-30": "1.61", "2018-03-31": "1.74", "2017-12-31": "2.04", "2017-09-30": "1.82", "2017-06-30": "1.58", "2017-03-31": "1.65", "2016-12-31": "1.45", "2016-09-30": "1.33", "2016-06-30": "1.23", "2016-03-31": "1.28", "2015-12-31": "1.43", "2015-09-30": "1.48", "2015-06-30": "1.68", "2015-03-31": "1.78", "2014-12-31": "1.82", "2014-09-30": "1.73", "2014-06-30": "1.75", "2014-03-31": "1.66", "2013-12-31": "1.81", "2013-09-30": "1.48", "2013-06-30": "1.38", "2013-03-31": "1.30", "2012-12-31": "1.14", "2012-09-30": "1.06", "2012-06-30": "0.99", "2012-03-31": "1.09", "2011-12-31": "0.97", "2011-09-30": "0.79", "2011-06-30": "1.19", "2011-03-31": "1.29", "2010-12-31": "1.26", "2010-09-30": "1.08", "2010-06-30": "0.86", "2010-03-31": "1.11", "2009-12-31": "0.98", "2009-09-30": "0.96", "2009-06-30": "0.64", "2009-03-31": "0.53", "2008-12-31": "0.58", "2008-09-30": "0.85", "2008-06-30": "0.86", "2008-03-31": "1.09", "2007-12-31": "1.16", "2007-09-30": "1.37", "2007-06-30": "1.41", "2007-03-31": "1.29", "2006-12-31": "1.25"}, "price book": {"current": "4.24", "2021-02-05": "4.13", "2020-09-30": "3.00", "2020-06-30": "2.75", "2020-03-31": "1.83", "2019-12-31": "3.51", "2019-09-30": "3.02", "2019-06-30": "3.04", "2019-03-31": "2.83", "2018-12-31": "2.43", "2018-09-30": "3.48", "2018-06-30": "3.32", "2018-03-31": "3.44", "2017-12-31": "3.86", "2017-09-30": "3.23", "2017-06-30": "2.82", "2017-03-31": "2.91", "2016-12-31": "2.48", "2016-09-30": "2.10", "2016-06-30": "1.84", "2016-03-31": "1.96", "2015-12-31": "1.91", "2015-09-30": "1.89", "2015-06-30": "2.16", "2015-03-31": "2.22", "2014-12-31": "2.24", "2014-09-30": "2.10", "2014-06-30": "1.99", "2014-03-31": "1.88", "2013-12-31": "2.02", "2013-09-30": "1.63", "2013-06-30": "1.49", "2013-03-31": "1.29", "2012-12-31": "1.08", "2012-09-30": "0.98", "2012-06-30": "0.94", "2012-03-31": "1.04", "2011-12-31": "0.91", "2011-09-30": "0.65", "2011-06-30": "0.97", "2011-03-31": "1.05", "2010-12-31": "0.99", "2010-09-30": "0.81", "2010-06-30": "0.64", "2010-03-31": "0.85", "2009-12-31": "0.78", "2009-09-30": "0.76", "2009-06-30": "0.57", "2009-03-31": "0.52", "2008-12-31": "0.59", "2008-09-30": "0.93", "2008-06-30": "0.91", "2008-03-31": "1.14", "2007-12-31": "1.20", "2007-09-30": "1.40", "2007-06-30": "1.46", "2007-03-31": "1.29", "2006-12-31": "1.22", "2006-09-30": "1.08", "2006-06-30": "1.11", "2006-03-31": "1.10"}, "price fcf": {"2021-02-05": "", "2020-09-30": "$42.06", "2020-06-30": "$45.07", "2020-03-31": "$53.10", "2019-12-31": "$16.16", "2019-09-30": "$28.11", "2019-06-30": "$21.47", "2019-03-31": "$18.95", "2018-12-31": "$16.49", "2018-09-30": "$8.67", "2018-06-30": "$7.35", "2018-03-31": "$7.40", "2017-12-31": "$8.69", "2017-09-30": "$8.30", "2017-06-30": "$8.82", "2017-03-31": "$9.77", "2016-12-31": "$13.31", "2016-09-30": "$15.87", "2016-06-30": "$14.73", "2016-03-31": "$12.33", "2015-12-31": "$13.89", "2015-09-30": "$11.77", "2015-06-30": "$17.93", "2015-03-31": "$14.57", "2014-12-31": "$11.72", "2014-09-30": "$10.79", "2014-06-30": "$8.36", "2014-03-31": "$10.42", "2013-12-31": "$6.08", "2013-09-30": "$7.82", "2013-06-30": "$3.88", "2013-03-31": "$3.39", "2012-12-31": "$6.14", "2012-09-30": "$6.43", "2012-06-30": "$7.81", "2012-03-31": "$9.05", "2011-12-31": "$8.44", "2011-09-30": "$5.25", "2011-06-30": "$3.74", "2011-03-31": "$6.05", "2010-12-31": "$6.54", "2010-09-30": "$4.69", "2010-06-30": "$6.21", "2010-03-31": "$-2.74", "2009-12-31": "$-5.73", "2009-09-30": "$4.46", "2009-06-30": "$1.19", "2009-03-31": "$5.44", "2008-12-31": "$8.61", "2008-09-30": "$1.52", "2008-06-30": "$2.62", "2008-03-31": "$3.12", "2007-12-31": "$1.92", "2007-09-30": "$0.56", "2007-06-30": "$0.16", "2007-03-31": "$1.52", "2006-12-31": "$2.47"}, "net worth": {"value": "$24.9B"}, "current ratio": {"2020-12-31": "0.74", "2020-09-30": "0.80", "2020-06-30": "0.84", "2020-03-31": "0.86", "2019-12-31": "0.67", "2019-09-30": "0.83", "2019-06-30": "0.78", "2019-03-31": "0.81", "2018-12-31": "0.68", "2018-09-30": "0.67", "2018-06-30": "0.69", "2018-03-31": "0.67", "2017-12-31": "0.67", "2017-09-30": "0.67", "2017-06-30": "0.67", "2017-03-31": "0.63", "2016-12-31": "0.65", "2016-09-30": "0.78", "2016-06-30": "0.77", "2016-03-31": "0.78", "2015-12-31": "0.78", "2015-09-30": "0.91", "2015-06-30": "0.88", "2015-03-31": "0.88", "2014-12-31": "0.86", "2014-09-30": "0.88", "2014-06-30": "0.88", "2014-03-31": "0.87", "2013-12-31": "0.85", "2013-09-30": "0.92", "2013-06-30": "0.96", "2013-03-31": "0.92", "2012-12-31": "0.87", "2012-09-30": "0.81", "2012-06-30": "0.76", "2012-03-31": "0.74", "2011-12-31": "0.67", "2011-09-30": "0.76", "2011-06-30": "0.76", "2011-03-31": "0.87", "2010-12-31": "0.80", "2010-09-30": "0.87", "2010-06-30": "0.94", "2010-03-31": "1.09", "2009-12-31": "0.82", "2009-09-30": "0.80", "2009-06-30": "0.85", "2009-03-31": "1.02", "2008-12-31": "1.11", "2008-09-30": "0.94", "2008-06-30": "0.96", "2008-03-31": "1.03", "2007-12-31": "0.98", "2007-09-30": "0.91", "2007-06-30": "0.82", "2007-03-31": "0.67", "2006-12-31": "0.75", "2006-09-30": "0.70", "2006-06-30": "1.53", "2006-03-31": "1.45", "2005-12-31": "0.55", "2005-09-30": "1.38", "2005-06-30": "0.00", "2005-03-31": "0.00"}, "quick ratio": {"2020-12-31": "0.00", "2020-09-30": "0.00", "2020-06-30": "0.00", "2020-03-31": "0.00", "2019-12-31": "0.00", "2019-09-30": "0.00", "2019-06-30": "0.00", "2019-03-31": "0.00", "2018-12-31": "0.00", "2018-09-30": "0.00", "2018-06-30": "0.00", "2018-03-31": "0.00", "2017-12-31": "0.00", "2017-09-30": "0.00", "2017-06-30": "0.00", "2017-03-31": "0.00", "2016-12-31": "0.00", "2016-09-30": "0.00", "2016-06-30": "0.00", "2016-03-31": "0.00", "2015-12-31": "0.00", "2015-09-30": "0.00", "2015-06-30": "0.00", "2015-03-31": "0.00", "2014-12-31": "0.00", "2014-09-30": "0.00", "2014-06-30": "0.00", "2014-03-31": "0.00", "2013-12-31": "0.00", "2013-09-30": "0.00", "2013-06-30": "0.00", "2013-03-31": "0.00", "2012-12-31": "0.00", "2012-09-30": "0.00", "2012-06-30": "0.00", "2012-03-31": "0.00", "2011-12-31": "0.00", "2011-09-30": "0.00", "2011-06-30": "0.00", "2011-03-31": "0.00", "2010-12-31": "0.00", "2010-09-30": "0.00", "2010-06-30": "0.00", "2010-03-31": "0.00", "2009-12-31": "0.00", "2009-09-30": "0.00", "2009-06-30": "0.00", "2009-03-31": "0.00", "2008-12-31": "0.00", "2008-09-30": "0.00", "2008-06-30": "0.00", "2008-03-31": "0.00", "2007-12-31": "0.00", "2007-09-30": "0.00", "2007-06-30": "0.00", "2007-03-31": "0.00", "2006-12-31": "0.00", "2006-09-30": "0.00", "2006-06-30": "0.00", "2006-03-31": "0.00", "2005-12-31": "0.00", "2005-09-30": "0.00", "2005-06-30": "0.00", "2005-03-31": "0.00"}, "debt equity ratio": {"current": "0.81", "2020-12-31": "27.27", "2020-09-30": "25.16", "2020-06-30": "22.83", "2020-03-31": "20.77", "2019-12-31": "25.50", "2019-09-30": "23.93", "2019-06-30": "23.66", "2019-03-31": "23.71", "2018-12-31": "23.56", "2018-09-30": "24.84", "2018-06-30": "24.44", "2018-03-31": "23.79", "2017-12-31": "23.60", "2017-09-30": "22.08", "2017-06-30": "21.90", "2017-03-31": "21.62", "2016-12-31": "21.22", "2016-09-30": "20.13", "2016-06-30": "19.13", "2016-03-31": "18.77", "2015-12-31": "16.35", "2015-09-30": "15.47", "2015-06-30": "15.54", "2015-03-31": "15.36", "2014-12-31": "14.99", "2014-09-30": "14.76", "2014-06-30": "14.41", "2014-03-31": "14.45", "2013-12-31": "14.66", "2013-09-30": "14.29", "2013-06-30": "14.28", "2013-03-31": "13.28", "2012-12-31": "12.87", "2012-09-30": "13.11", "2012-06-30": "13.07", "2012-03-31": "13.03", "2011-12-31": "12.65", "2011-09-30": "10.87", "2011-06-30": "11.04", "2011-03-31": "10.96", "2010-12-31": "10.63", "2010-09-30": "10.22", "2010-06-30": "9.89", "2010-03-31": "10.44", "2009-12-31": "10.53", "2009-09-30": "10.84", "2009-06-30": "11.33", "2009-03-31": "13.25", "2008-12-31": "13.78", "2008-09-30": "13.76", "2008-06-30": "13.26", "2008-03-31": "12.84", "2007-12-31": "12.99", "2007-09-30": "13.16", "2007-06-30": "13.23", "2007-03-31": "12.60", "2006-12-31": "12.18", "2006-09-30": "11.83", "2006-06-30": "12.28", "2006-03-31": "12.05", "2005-12-31": "11.11", "2005-09-30": "10.93", "2005-06-30": "0.00", "2005-03-31": "0.00"}, "return on equity": {"2020-12-31": "24.42%", "2020-09-30": "29.13%", "2020-06-30": "40.18%", "2020-03-31": "57.82%", "2019-12-31": "32.09%", "2019-09-30": "33.57%", "2019-06-30": "33.43%", "2019-03-31": "33.49%", "2018-12-31": "37.01%", "2018-09-30": "30.08%", "2018-06-30": "29.28%", "2018-03-31": "27.40%", "2017-12-31": "23.89%", "2017-09-30": "27.15%", "2017-06-30": "22.06%", "2017-03-31": "20.48%", "2016-12-31": "19.26%", "2016-09-30": "17.32%", "2016-06-30": "18.52%", "2016-03-31": "18.42%", "2015-12-31": "17.62%", "2015-09-30": "17.92%", "2015-06-30": "17.92%", "2015-03-31": "17.16%", "2014-12-31": "17.15%", "2014-09-30": "15.81%", "2014-06-30": "15.48%", "2014-03-31": "15.19%", "2013-12-31": "14.42%", "2013-09-30": "15.23%", "2013-06-30": "12.78%", "2013-03-31": "11.56%", "2012-12-31": "10.58%", "2012-09-30": "9.01%", "2012-06-30": "10.26%", "2012-03-31": "10.74%", "2011-12-31": "10.36%", "2011-09-30": "9.42%", "2011-06-30": "9.49%", "2011-03-31": "9.01%", "2010-12-31": "8.87%", "2010-09-30": "9.76%", "2010-06-30": "9.44%", "2010-03-31": "8.41%", "2009-12-31": "8.43%", "2009-09-30": "1.53%", "2009-06-30": "-3.01%", "2009-03-31": "-1.43%", "2008-12-31": "-0.51%", "2008-09-30": "7.97%", "2008-06-30": "11.21%", "2008-03-31": "10.93%", "2007-12-31": "10.54%", "2007-09-30": "9.42%", "2007-06-30": "9.11%", "2007-03-31": "8.50%", "2006-12-31": "8.34%", "2006-09-30": "7.61%", "2006-06-30": "6.96%", "2006-03-31": "9.42%", "2005-12-31": "14.89%"}, "return on assets": {"2020-12-31": "0.98%", "2020-09-30": "1.19%", "2020-06-30": "1.66%", "2020-03-31": "2.37%", "2019-12-31": "1.27%", "2019-09-30": "1.36%", "2019-06-30": "1.34%", "2019-03-31": "1.33%", "2018-12-31": "1.47%", "2018-09-30": "1.20%", "2018-06-30": "1.20%", "2018-03-31": "1.15%", "2017-12-31": "1.03%", "2017-09-30": "1.20%", "2017-06-30": "0.99%", "2017-03-31": "0.95%", "2016-12-31": "0.93%", "2016-09-30": "0.89%", "2016-06-30": "1.01%", "2016-03-31": "1.06%", "2015-12-31": "1.06%", "2015-09-30": "1.10%", "2015-06-30": "1.11%", "2015-03-31": "1.08%", "2014-12-31": "1.10%", "2014-09-30": "1.02%", "2014-06-30": "1.00%", "2014-03-31": "0.99%", "2013-12-31": "0.95%", "2013-09-30": "1.04%", "2013-06-30": "0.89%", "2013-03-31": "0.82%", "2012-12-31": "0.75%", "2012-09-30": "0.65%", "2012-06-30": "0.77%", "2012-03-31": "0.84%", "2011-12-31": "0.84%", "2011-09-30": "0.79%", "2011-06-30": "0.81%", "2011-03-31": "0.79%", "2010-12-31": "0.79%", "2010-09-30": "0.87%", "2010-06-30": "0.83%", "2010-03-31": "0.72%", "2009-12-31": "0.68%", "2009-09-30": "0.12%", "2009-06-30": "-0.22%", "2009-03-31": "-0.10%", "2008-12-31": "-0.04%", "2008-09-30": "0.56%", "2008-06-30": "0.80%", "2008-03-31": "0.78%", "2007-12-31": "0.75%", "2007-09-30": "0.68%", "2007-06-30": "0.68%", "2007-03-31": "0.64%", "2006-12-31": "0.64%", "2006-09-30": "0.59%", "2006-06-30": "0.55%", "2006-03-31": "0.76%", "2005-12-31": "1.24%"}, "return on investments": {"2020-12-31": "18.69%", "2020-09-30": "22.11%", "2020-06-30": "30.04%", "2020-03-31": "40.68%", "2019-12-31": "22.74%", "2019-09-30": "24.11%", "2019-06-30": "24.11%", "2019-03-31": "24.47%", "2018-12-31": "26.71%", "2018-09-30": "25.48%", "2018-06-30": "24.97%", "2018-03-31": "23.53%", "2017-12-31": "21.28%", "2017-09-30": "20.21%", "2017-06-30": "16.43%", "2017-03-31": "15.31%", "2016-12-31": "15.05%", "2016-09-30": "13.23%", "2016-06-30": "13.41%", "2016-03-31": "13.43%", "2015-12-31": "13.16%", "2015-09-30": "13.50%", "2015-06-30": "14.92%", "2015-03-31": "14.99%", "2014-12-31": "15.29%", "2014-09-30": "15.16%", "2014-06-30": "14.75%", "2014-03-31": "13.87%", "2013-12-31": "13.08%", "2013-09-30": "12.72%", "2013-06-30": "10.34%", "2013-03-31": "9.73%", "2012-12-31": "8.76%", "2012-09-30": "8.37%", "2012-06-30": "8.94%", "2012-03-31": "9.31%", "2011-12-31": "9.45%", "2011-09-30": "8.47%", "2011-06-30": "9.02%", "2011-03-31": "9.31%", "2010-12-31": "9.17%", "2010-09-30": "10.56%", "2010-06-30": "11.09%", "2010-03-31": "9.86%", "2009-12-31": "9.75%", "2009-09-30": "0.48%", "2009-06-30": "-5.31%", "2009-03-31": "-4.21%", "2008-12-31": "-3.47%", "2008-09-30": "7.58%", "2008-06-30": "12.04%", "2008-03-31": "12.68%", "2007-12-31": "13.72%", "2007-09-30": "5.15%", "2007-06-30": "7.94%", "2007-03-31": "10.64%", "2006-12-31": "12.88%", "2006-09-30": "11.89%", "2006-06-30": "12.62%", "2006-03-31": "16.30%", "2005-12-31": "25.09%"}, "return on tangible equity": {"2020-09-30": "29.13%", "2020-06-30": "40.18%", "2020-03-31": "57.82%", "2019-12-31": "32.09%", "2019-09-30": "33.57%", "2019-06-30": "33.43%", "2019-03-31": "33.49%", "2018-12-31": "37.01%", "2018-09-30": "30.08%", "2018-06-30": "29.28%", "2018-03-31": "27.40%", "2017-12-31": "23.89%", "2017-09-30": "27.15%", "2017-06-30": "22.06%", "2017-03-31": "20.48%", "2016-12-31": "19.26%", "2016-09-30": "17.32%", "2016-06-30": "18.52%", "2016-03-31": "18.42%", "2015-12-31": "17.62%", "2015-09-30": "17.92%", "2015-06-30": "17.92%", "2015-03-31": "17.16%", "2014-12-31": "17.15%", "2014-09-30": "15.81%", "2014-06-30": "15.48%", "2014-03-31": "15.19%", "2013-12-31": "14.42%", "2013-09-30": "15.23%", "2013-06-30": "12.78%", "2013-03-31": "11.56%", "2012-12-31": "10.58%", "2012-09-30": "9.01%", "2012-06-30": "10.26%", "2012-03-31": "10.74%", "2011-12-31": "10.36%", "2011-09-30": "9.42%", "2011-06-30": "9.49%", "2011-03-31": "9.01%", "2010-12-31": "8.87%", "2010-09-30": "9.76%", "2010-06-30": "9.44%", "2010-03-31": "8.41%", "2009-12-31": "8.43%", "2009-09-30": "1.53%", "2009-06-30": "-3.01%", "2009-03-31": "-1.43%", "2008-12-31": "-0.51%", "2008-09-30": "7.97%", "2008-06-30": "11.21%", "2008-03-31": "10.93%", "2007-12-31": "10.54%", "2007-09-30": "9.42%", "2007-06-30": "9.11%", "2007-03-31": "8.50%", "2006-12-31": "8.34%", "2006-09-30": "7.61%", "2006-06-30": "6.96%", "2006-03-31": "9.42%", "2005-12-31": "14.89%"}, "dividend yield history": {"last payout": "$4.16", "last yield": "1.97%"}}