{"ticker": "ABC", "price": {"title": "AmerisourceBergen Historical Annual Stock Price Data", "value": 109.69, "historical": {"2021": {"Average Stock Price": "106.0742", "Year Open": "96.5000", "Year High": "111.9200", "Year Low": "96.5000", "Year Close": "109.6900", "Annual % Change": "12.20%"}, "2020": {"Average Stock Price": "94.9758", "Year Open": "85.0800", "Year High": "110.0800", "Year Low": "73.9300", "Year Close": "97.7600", "Annual % Change": "14.98%"}, "2019": {"Average Stock Price": "82.8124", "Year Open": "74.4500", "Year High": "91.7000", "Year Low": "71.0600", "Year Close": "85.0200", "Annual % Change": "14.27%"}, "2018": {"Average Stock Price": "89.1033", "Year Open": "94.0400", "Year High": "105.4800", "Year Low": "70.7600", "Year Close": "74.4000", "Annual % Change": "-18.97%"}, "2017": {"Average Stock Price": "86.1162", "Year Open": "82.6100", "Year High": "96.3800", "Year Low": "73.2300", "Year Close": "91.8200", "Annual % Change": "17.43%"}, "2016": {"Average Stock Price": "83.2095", "Year Open": "101.8700", "Year High": "103.3600", "Year Low": "69.0300", "Year Close": "78.1900", "Annual % Change": "-24.61%"}, "2015": {"Average Stock Price": "104.1040", "Year Open": "90.4600", "Year High": "115.4800", "Year Low": "89.6900", "Year Close": "103.7100", "Annual % Change": "15.03%"}, "2014": {"Average Stock Price": "74.6537", "Year Open": "69.8900", "Year High": "92.5600", "Year Low": "62.8300", "Year Close": "90.1600", "Annual % Change": "28.23%"}, "2013": {"Average Stock Price": "56.8421", "Year Open": "43.4900", "Year High": "70.8900", "Year Low": "43.4000", "Year Close": "70.3100", "Annual % Change": "62.83%"}, "2012": {"Average Stock Price": "38.8322", "Year Open": "38.0700", "Year High": "43.9100", "Year Low": "35.9500", "Year Close": "43.1800", "Annual % Change": "16.11%"}, "2011": {"Average Stock Price": "38.6852", "Year Open": "34.3200", "Year High": "43.0900", "Year Low": "33.9400", "Year Close": "37.1900", "Annual % Change": "9.00%"}, "2010": {"Average Stock Price": "30.2001", "Year Open": "26.6300", "Year High": "34.6400", "Year Low": "25.7700", "Year Close": "34.1200", "Annual % Change": "30.88%"}, "2009": {"Average Stock Price": "19.8831", "Year Open": "17.7850", "Year High": "26.4100", "Year Low": "14.0950", "Year Close": "26.0700", "Annual % Change": "46.21%"}, "2008": {"Average Stock Price": "19.5523", "Year Open": "22.2750", "Year High": "23.8600", "Year Low": "13.7400", "Year Close": "17.8300", "Annual % Change": "-20.53%"}, "2007": {"Average Stock Price": "24.3605", "Year Open": "23.0550", "Year High": "28.1800", "Year Low": "21.4150", "Year Close": "22.4350", "Annual % Change": "-0.20%"}, "2006": {"Average Stock Price": "22.2595", "Year Open": "21.1300", "Year High": "24.2950", "Year Low": "20.3700", "Year Close": "22.4800", "Annual % Change": "8.60%"}, "2005": {"Average Stock Price": "17.1485", "Year Open": "14.5375", "Year High": "20.9425", "Year Low": "13.5075", "Year Close": "20.7000", "Annual % Change": "41.10%"}, "2004": {"Average Stock Price": "14.0905", "Year Open": "13.5000", "Year High": "15.9200", "Year Low": "12.4775", "Year Close": "14.6700", "Annual % Change": "4.51%"}, "2003": {"Average Stock Price": "14.8085", "Year Open": "14.4075", "Year High": "18.3250", "Year Low": "11.6900", "Year Close": "14.0375", "Annual % Change": "3.39%"}, "2002": {"Average Stock Price": "17.0375", "Year Open": "15.7125", "Year High": "20.5650", "Year Low": "12.8250", "Year Close": "13.5775", "Annual % Change": "-14.54%"}, "2001": {"Average Stock Price": "14.2162", "Year Open": "12.4850", "Year High": "17.8250", "Year Low": "10.5150", "Year Close": "15.8875", "Annual % Change": "25.84%"}, "2000": {"Average Stock Price": "7.5263", "Year Open": "3.8900", "Year High": "13.1550", "Year Low": "3.0000", "Year Close": "12.6250", "Annual % Change": "232.46%"}, "1999": {"Average Stock Price": "6.6487", "Year Open": "8.9525", "Year High": "10.1325", "Year Low": "2.9375", "Year Close": "3.7975", "Annual % Change": "-53.26%"}, "1998": {"Average Stock Price": "7.3179", "Year Open": "7.2263", "Year High": "9.5938", "Year Low": "5.6800", "Year Close": "8.1250", "Annual % Change": "11.59%"}, "1997": {"Average Stock Price": "6.3667", "Year Open": "5.6875", "Year High": "8.2025", "Year Low": "5.1875", "Year Close": "7.2813", "Annual % Change": "20.73%"}, "1996": {"Average Stock Price": "4.4631", "Year Open": "4.1250", "Year High": "6.0313", "Year Low": "3.5000", "Year Close": "6.0313", "Annual % Change": "46.21%"}}}, "market cap": {"value": "$22.4B"}, "income statement": {"Revenue": {"2020-09-30": "189893.90000", "2019-09-30": "179589.10000", "2018-09-30": "167939.60000", "2017-09-30": "153143.80000", "2016-09-30": "146849.70000", "2015-09-30": "135961.80000", "2014-09-30": "119569.10000", "2013-09-30": "87959.16000", "2012-09-30": "78080.80000", "2011-09-30": "78695.66000", "2010-09-30": "77776.46000", "2009-09-30": "71759.99000", "2008-09-30": "70189.73000", "2007-09-30": "65672.07000", "2006-09-30": "60812.42000", "2005-09-30": "54577.32000"}, "Cost Of Goods Sold": {"2020-09-30": "184702.00000", "2019-09-30": "174450.80000", "2018-09-30": "163327.30000", "2017-09-30": "148597.80000", "2016-09-30": "142577.10000", "2015-09-30": "132432.50000", "2014-09-30": "116586.80000", "2013-09-30": "85451.35000", "2012-09-30": "75446.12000", "2011-09-30": "76236.68000", "2010-09-30": "75451.41000", "2009-09-30": "69659.91000", "2008-09-30": "68142.73000", "2007-09-30": "63453.01000", "2006-09-30": "58690.80000", "2005-09-30": "52597.14000"}, "Gross Profit": {"2020-09-30": "5191.87500", "2019-09-30": "5138.31300", "2018-09-30": "4612.32800", "2017-09-30": "4546.00000", "2016-09-30": "4272.60900", "2015-09-30": "3529.31300", "2014-09-30": "2982.36700", "2013-09-30": "2507.81300", "2012-09-30": "2634.68800", "2011-09-30": "2458.97700", "2010-09-30": "2325.05500", "2009-09-30": "2100.07800", "2008-09-30": "2047.00000", "2007-09-30": "2219.05900", "2006-09-30": "2121.61700", "2005-09-30": "1980.18400"}, "Research And Development Expenses": {"2020-09-30": "", "2019-09-30": "", "2018-09-30": "", "2017-09-30": "", "2016-09-30": "", "2015-09-30": "", "2014-09-30": "", "2013-09-30": "", "2012-09-30": "", "2011-09-30": "", "2010-09-30": "", "2009-09-30": "", "2008-09-30": "", "2007-09-30": "", "2006-09-30": "", "2005-09-30": ""}, "SG&A Expenses": {"2020-09-30": "9574.52400", "2019-09-30": "2993.98200", "2018-09-30": "2643.82100", "2017-09-30": "3088.05700", "2016-09-30": "2194.14800", "2015-09-30": "1945.73400", "2014-09-30": "1588.85600", "2013-09-30": "1357.17900", "2012-09-30": "1196.69600", "2011-09-30": "1161.58900", "2010-09-30": "1146.35100", "2009-09-30": "1125.64600", "2008-09-30": "1119.39300", "2007-09-30": "1339.88500", "2006-09-30": "1326.71300", "2005-09-30": "1234.05700"}, "Other Operating Income Or Expenses": {"2020-09-30": "-361.65200", "2019-09-30": "-570.00000", "2018-09-30": "", "2017-09-30": "", "2016-09-30": "-140.34200", "2015-09-30": "-912.72400", "2014-09-30": "-422.73900", "2013-09-30": "-90.05500", "2012-09-30": "", "2011-09-30": "-6.50600", "2010-09-30": "-3.20000", "2009-09-30": "-11.77200", "2008-09-30": "-17.66700", "2007-09-30": "-5.76200", "2006-09-30": "-20.12300", "2005-09-30": "-27.98200"}, "Operating Expenses": {"2020-09-30": "195029.30000", "2019-09-30": "178477.20000", "2018-09-30": "166496.00000", "2017-09-30": "152083.50000", "2016-09-30": "145323.90000", "2015-09-30": "135539.60000", "2014-09-30": "118787.10000", "2013-09-30": "87060.77000", "2012-09-30": "76777.19000", "2011-09-30": "77506.13000", "2010-09-30": "76684.53000", "2009-09-30": "70876.24000", "2008-09-30": "69361.87000", "2007-09-30": "64883.34000", "2006-09-30": "60119.54000", "2005-09-30": "53940.38000"}, "Operating Income": {"2020-09-30": "-5135.37500", "2019-09-30": "1111.92200", "2018-09-30": "1443.68800", "2017-09-30": "1060.32800", "2016-09-30": "1525.78100", "2015-09-30": "422.21880", "2014-09-30": "782.04690", "2013-09-30": "898.39060", "2012-09-30": "1303.61700", "2011-09-30": "1189.52300", "2010-09-30": "1091.93000", "2009-09-30": "883.75000", "2008-09-30": "827.86720", "2007-09-30": "788.73440", "2006-09-30": "692.88670", "2005-09-30": "636.94530"}, "Total Non-Operating Income/Expense": {"2020-09-30": "-158.47700", "2019-09-30": "-144.81700", "2018-09-30": "-266.26200", "2017-09-30": "-142.45500", "2016-09-30": "-134.86400", "2015-09-30": "-153.25600", "2014-09-30": "-112.22800", "2013-09-30": "-73.94100", "2012-09-30": "-86.74200", "2011-09-30": "-71.53100", "2010-09-30": "-75.76500", "2009-09-30": "-59.67500", "2008-09-30": "-66.52300", "2007-09-30": "-35.24800", "2006-09-30": "-8.07700", "2005-09-30": "-168.12100"}, "Pre-Tax Income": {"2020-09-30": "-5293.83100", "2019-09-30": "967.10600", "2018-09-30": "1177.42300", "2017-09-30": "917.88700", "2016-09-30": "1390.91000", "2015-09-30": "268.96400", "2014-09-30": "669.86300", "2013-09-30": "824.45800", "2012-09-30": "1216.87300", "2011-09-30": "1117.98900", "2010-09-30": "1016.16200", "2009-09-30": "824.07400", "2008-09-30": "761.33800", "2007-09-30": "753.48900", "2006-09-30": "684.80700", "2005-09-30": "468.82500"}, "Income Taxes": {"2020-09-30": "-1894.27300", "2019-09-30": "112.97100", "2018-09-30": "-438.46900", "2017-09-30": "553.40300", "2016-09-30": "-37.01900", "2015-09-30": "407.12900", "2014-09-30": "388.08700", "2013-09-30": "331.02300", "2012-09-30": "455.51200", "2011-09-30": "420.49400", "2010-09-30": "386.36000", "2009-09-30": "312.22200", "2008-09-30": "292.27400", "2007-09-30": "278.68600", "2006-09-30": "250.34400", "2005-09-30": "176.90300"}, "Income After Taxes": {"2020-09-30": "-3399.55800", "2019-09-30": "854.13500", "2018-09-30": "1615.89200", "2017-09-30": "364.48400", "2016-09-30": "1427.92900", "2015-09-30": "-138.16500", "2014-09-30": "281.77600", "2013-09-30": "493.43500", "2012-09-30": "761.36110", "2011-09-30": "697.49500", "2010-09-30": "629.80200", "2009-09-30": "511.85200", "2008-09-30": "469.06400", "2007-09-30": "474.80300", "2006-09-30": "434.46300", "2005-09-30": "291.92200"}, "Other Income": {"2020-09-30": "", "2019-09-30": "", "2018-09-30": "", "2017-09-30": "", "2016-09-30": "", "2015-09-30": "", "2014-09-30": "", "2013-09-30": "", "2012-09-30": "", "2011-09-30": "", "2010-09-30": "", "2009-09-30": "", "2008-09-30": "", "2007-09-30": "", "2006-09-30": "", "2005-09-30": ""}, "Income From Continuous Operations": {"2020-09-30": "-3399.55800", "2019-09-30": "854.13500", "2018-09-30": "1615.89200", "2017-09-30": "364.48400", "2016-09-30": "1427.92900", "2015-09-30": "-138.16500", "2014-09-30": "281.77600", "2013-09-30": "493.43500", "2012-09-30": "761.36100", "2011-09-30": "697.49500", "2010-09-30": "629.80200", "2009-09-30": "511.85200", "2008-09-30": "469.06400", "2007-09-30": "474.80300", "2006-09-30": "434.46300", "2005-09-30": "291.92200"}, "Income From Discontinued Operations": {"2020-09-30": "", "2019-09-30": "", "2018-09-30": "", "2017-09-30": "", "2016-09-30": "", "2015-09-30": "", "2014-09-30": "-7.54600", "2013-09-30": "-59.72800", "2012-09-30": "-42.37500", "2011-09-30": "9.12900", "2010-09-30": "6.94600", "2009-09-30": "-8.45500", "2008-09-30": "-218.50500", "2007-09-30": "-5.63600", "2006-09-30": "33.25100", "2005-09-30": "-17.10500"}, "Net Income": {"2020-09-30": "-3408.71600", "2019-09-30": "855.36500", "2018-09-30": "1658.40500", "2017-09-30": "364.48400", "2016-09-30": "1427.92900", "2015-09-30": "-138.16500", "2014-09-30": "274.23000", "2013-09-30": "433.70700", "2012-09-30": "718.98600", "2011-09-30": "706.62400", "2010-09-30": "636.74800", "2009-09-30": "503.39700", "2008-09-30": "250.55900", "2007-09-30": "469.16700", "2006-09-30": "467.71400", "2005-09-30": "264.64500"}, "EBITDA": {"2020-09-30": "-4727.36200", "2019-09-30": "1609.43400", "2018-09-30": "2013.48000", "2017-09-30": "1492.65900", "2016-09-30": "1917.94700", "2015-09-30": "678.20670", "2014-09-30": "978.66390", "2013-09-30": "1069.18400", "2012-09-30": "1444.13200", "2011-09-30": "1296.49200", "2010-09-30": "1181.44900", "2009-09-30": "978.06600", "2008-09-30": "923.74920", "2007-09-30": "886.53140", "2006-09-30": "785.70670", "2005-09-30": "727.82730"}, "EBIT": {"2020-09-30": "-5135.37500", "2019-09-30": "1111.92200", "2018-09-30": "1443.68800", "2017-09-30": "1060.32800", "2016-09-30": "1525.78100", "2015-09-30": "422.21880", "2014-09-30": "782.04690", "2013-09-30": "898.39060", "2012-09-30": "1303.61700", "2011-09-30": "1189.52300", "2010-09-30": "1091.93000", "2009-09-30": "883.75000", "2008-09-30": "827.86720", "2007-09-30": "788.73440", "2006-09-30": "692.88670", "2005-09-30": "636.94530"}, "Basic Shares Outstanding": {"2020-09-30": "204.78300", "2019-09-30": "210.16500", "2018-09-30": "217.87200", "2017-09-30": "218.37500", "2016-09-30": "212.20600", "2015-09-30": "217.78600", "2014-09-30": "227.36700", "2013-09-30": "231.06700", "2012-09-30": "252.90600", "2011-09-30": "272.47100", "2010-09-30": "282.25800", "2009-09-30": "300.57300", "2008-09-30": "321.28400", "2007-09-30": "370.36200", "2006-09-30": "410.01800", "2005-09-30": "422.66800"}, "Shares Outstanding": {"2020-09-30": "204.78300", "2019-09-30": "211.84000", "2018-09-30": "220.33600", "2017-09-30": "221.60200", "2016-09-30": "225.95900", "2015-09-30": "217.78600", "2014-09-30": "235.40500", "2013-09-30": "235.34500", "2012-09-30": "256.90300", "2011-09-30": "277.71700", "2010-09-30": "287.24600", "2009-09-30": "302.75400", "2008-09-30": "324.92000", "2007-09-30": "375.77200", "2006-09-30": "414.89200", "2005-09-30": "431.08000"}, "Basic EPS": {"2020-09-30": "-16.65000", "2019-09-30": "4.07000", "2018-09-30": "7.61000", "2017-09-30": "1.67000", "2016-09-30": "6.73000", "2015-09-30": "-0.63000", "2014-09-30": "1.21000", "2013-09-30": "1.88000", "2012-09-30": "2.84000", "2011-09-30": "2.59000", "2010-09-30": "2.26000", "2009-09-30": "1.67000", "2008-09-30": "0.78000", "2007-09-30": "1.27000", "2006-09-30": "1.14000", "2005-09-30": "0.62500"}, "EPS - Earnings Per Share": {"2020-09-30": "-16.65000", "2019-09-30": "4.04000", "2018-09-30": "7.53000", "2017-09-30": "1.64000", "2016-09-30": "6.32000", "2015-09-30": "-0.63000", "2014-09-30": "1.16000", "2013-09-30": "1.84000", "2012-09-30": "2.80000", "2011-09-30": "2.54000", "2010-09-30": "2.22000", "2009-09-30": "1.66000", "2008-09-30": "0.77000", "2007-09-30": "1.25000", "2006-09-30": "1.12500", "2005-09-30": "0.62000"}}, "income statement, quarterly": {"Revenue": {"2020-12-31": "52516.55000", "2020-09-30": "49244.76000", "2020-06-30": "45366.78000", "2020-03-31": "47417.64000", "2019-12-31": "47864.74000", "2019-09-30": "45637.80000", "2019-06-30": "45239.27000", "2019-03-31": "43319.60000", "2018-12-31": "45392.45000", "2018-09-30": "43297.14000", "2018-06-30": "43142.31000", "2018-03-31": "41033.86000", "2017-12-31": "40466.33000", "2017-09-30": "39120.02000", "2017-06-30": "38707.14000", "2017-03-31": "37147.40000", "2016-12-31": "38169.27000", "2016-09-30": "37560.61000", "2016-06-30": "36881.68000", "2016-03-31": "35698.36000", "2015-12-31": "36709.05000", "2015-09-30": "35470.38000", "2015-06-30": "34233.55000", "2015-03-31": "32669.27000", "2014-12-31": "33588.60000", "2014-09-30": "31588.71000", "2014-06-30": "30348.15000", "2014-03-31": "28455.90000", "2013-12-31": "29176.36000", "2013-09-30": "24469.04000", "2013-06-30": "21906.65000", "2013-03-31": "20523.67000", "2012-12-31": "21059.81000", "2012-09-30": "18733.71000", "2012-06-30": "19326.81000", "2012-03-31": "19708.37000", "2011-12-31": "20311.92000", "2011-09-30": "18885.77000", "2011-06-30": "20161.02000", "2011-03-31": "19760.26000", "2010-12-31": "19888.61000", "2010-09-30": "19537.86000", "2010-06-30": "19602.12000", "2010-03-31": "19300.63000", "2009-12-31": "19335.86000", "2009-09-30": "18716.07000", "2009-06-30": "18393.90000", "2009-03-31": "17311.65000", "2008-12-31": "17338.38000", "2008-09-30": "17157.85000", "2008-06-30": "17996.67000", "2008-03-31": "17755.84000", "2007-12-31": "17279.38000", "2007-09-30": "16090.16000", "2007-06-30": "16343.98000", "2007-03-31": "16512.54000", "2006-12-31": "16725.39000", "2006-09-30": "15252.28000", "2006-06-30": "15686.32000", "2006-03-31": "15220.68000", "2005-12-31": "14653.15000", "2005-09-30": "13918.35000", "2005-06-30": "13831.97000", "2005-03-31": "13190.17000"}, "Cost Of Goods Sold": {"2020-12-31": "51064.32000", "2020-09-30": "47897.93000", "2020-06-30": "44141.06000", "2020-03-31": "46029.53000", "2019-12-31": "46633.53000", "2019-09-30": "44453.07000", "2019-06-30": "44008.03000", "2019-03-31": "41894.85000", "2018-12-31": "44094.87000", "2018-09-30": "42264.49000", "2018-06-30": "41930.97000", "2018-03-31": "39778.18000", "2017-12-31": "39353.68000", "2017-09-30": "37948.00000", "2017-06-30": "37627.27000", "2017-03-31": "35890.98000", "2016-12-31": "37131.59000", "2016-09-30": "36436.07000", "2016-06-30": "35773.82000", "2016-03-31": "34623.03000", "2015-12-31": "35744.17000", "2015-09-30": "34496.80000", "2015-06-30": "33342.09000", "2015-03-31": "31757.29000", "2014-12-31": "32836.30000", "2014-09-30": "30716.16000", "2014-06-30": "29656.15000", "2014-03-31": "27726.31000", "2013-12-31": "28488.14000", "2013-09-30": "23901.49000", "2013-06-30": "21344.20000", "2013-03-31": "19806.68000", "2012-12-31": "20398.98000", "2012-09-30": "18030.54000", "2012-06-30": "18658.94000", "2012-03-31": "19028.63000", "2011-12-31": "19728.01000", "2011-09-30": "18347.94000", "2011-06-30": "19507.44000", "2011-03-31": "19072.92000", "2010-12-31": "19308.38000", "2010-09-30": "18976.61000", "2010-06-30": "19013.75000", "2010-03-31": "18688.56000", "2009-12-31": "18772.49000", "2009-09-30": "18177.53000", "2009-06-30": "17874.68000", "2009-03-31": "16759.18000", "2008-12-31": "16848.53000", "2008-09-30": "16630.39000", "2008-06-30": "17498.62000", "2008-03-31": "17218.55000", "2007-12-31": "16795.17000", "2007-09-30": "15642.99000", "2007-06-30": "15773.17000", "2007-03-31": "15906.10000", "2006-12-31": "16130.75000", "2006-09-30": "14776.98000", "2006-06-30": "15129.14000", "2006-03-31": "14659.92000", "2005-12-31": "14124.77000", "2005-09-30": "13396.58000", "2005-06-30": "13329.90000", "2005-03-31": "12688.42000"}, "Gross Profit": {"2020-12-31": "1452.23000", "2020-09-30": "1346.83200", "2020-06-30": "1225.71500", "2020-03-31": "1388.10900", "2019-12-31": "1231.21500", "2019-09-30": "1184.73800", "2019-06-30": "1231.23800", "2019-03-31": "1424.75400", "2018-12-31": "1297.58200", "2018-09-30": "1032.64500", "2018-06-30": "1211.34000", "2018-03-31": "1255.68400", "2017-12-31": "1112.65200", "2017-09-30": "1172.01600", "2017-06-30": "1079.87500", "2017-03-31": "1256.42600", "2016-12-31": "1037.68000", "2016-09-30": "1124.54300", "2016-06-30": "1107.86300", "2016-03-31": "1075.32800", "2015-12-31": "964.87890", "2015-09-30": "973.57810", "2015-06-30": "891.46090", "2015-03-31": "911.97660", "2014-12-31": "752.29690", "2014-09-30": "872.54490", "2014-06-30": "692.00390", "2014-03-31": "729.59180", "2013-12-31": "688.22460", "2013-09-30": "567.54300", "2013-06-30": "562.45120", "2013-03-31": "716.98830", "2012-12-31": "660.82810", "2012-09-30": "703.16600", "2012-06-30": "667.86520", "2012-03-31": "679.74020", "2011-12-31": "583.91600", "2011-09-30": "537.82620", "2011-06-30": "653.58010", "2011-03-31": "687.33590", "2010-12-31": "580.23240", "2010-09-30": "561.25000", "2010-06-30": "588.36910", "2010-03-31": "612.06840", "2009-12-31": "563.37110", "2009-09-30": "538.53910", "2009-06-30": "519.22270", "2009-03-31": "552.47070", "2008-12-31": "489.84770", "2008-09-30": "527.45700", "2008-06-30": "498.04490", "2008-03-31": "537.28710", "2007-12-31": "484.21480", "2007-09-30": "447.16990", "2007-06-30": "570.80270", "2007-03-31": "606.44340", "2006-12-31": "594.64260", "2006-09-30": "475.29490", "2006-06-30": "557.17970", "2006-03-31": "560.76270", "2005-12-31": "528.37890", "2005-09-30": "521.77540", "2005-06-30": "502.06840", "2005-03-31": "501.75000"}, "Research And Development Expenses": {"2020-12-31": "", "2020-09-30": "", "2020-06-30": "", "2020-03-31": "", "2019-12-31": "", "2019-09-30": "", "2019-06-30": "", "2019-03-31": "", "2018-12-31": "", "2018-09-30": "", "2018-06-30": "", "2018-03-31": "", "2017-12-31": "", "2017-09-30": "", "2017-06-30": "", "2017-03-31": "", "2016-12-31": "", "2016-09-30": "", "2016-06-30": "", "2016-03-31": "", "2015-12-31": "", "2015-09-30": "", "2015-06-30": "", "2015-03-31": "", "2014-12-31": "", "2014-09-30": "", "2014-06-30": "", "2014-03-31": "", "2013-12-31": "", "2013-09-30": "", "2013-06-30": "", "2013-03-31": "", "2012-12-31": "", "2012-09-30": "", "2012-06-30": "", "2012-03-31": "", "2011-12-31": "", "2011-09-30": "", "2011-06-30": "", "2011-03-31": "", "2010-12-31": "", "2010-09-30": "", "2010-06-30": "", "2010-03-31": "", "2009-12-31": "", "2009-09-30": "", "2009-06-30": "", "2009-03-31": "", "2008-12-31": "", "2008-09-30": "", "2008-06-30": "", "2008-03-31": "", "2007-12-31": "", "2007-09-30": "", "2007-06-30": "", "2007-03-31": "", "2006-12-31": "", "2006-09-30": "", "2006-06-30": "", "2006-03-31": "", "2005-12-31": "", "2005-09-30": "", "2005-06-30": "", "2005-03-31": ""}, "SG&A Expenses": {"2020-12-31": "805.44900", "2020-09-30": "7362.64700", "2020-06-30": "725.47000", "2020-03-31": "761.14500", "2019-12-31": "725.26200", "2019-09-30": "896.35090", "2019-06-30": "716.94900", "2019-03-31": "683.42500", "2018-12-31": "697.25700", "2018-09-30": "698.30210", "2018-06-30": "702.10100", "2018-03-31": "654.87500", "2017-12-31": "588.54300", "2017-09-30": "1202.68700", "2017-06-30": "809.98000", "2017-03-31": "533.77700", "2016-12-31": "541.61300", "2016-09-30": "544.44790", "2016-06-30": "568.67200", "2016-03-31": "537.08300", "2015-12-31": "543.94500", "2015-09-30": "553.05700", "2015-06-30": "505.36900", "2015-03-31": "467.31400", "2014-12-31": "419.99400", "2014-09-30": "453.43300", "2014-06-30": "388.75300", "2014-03-31": "378.30800", "2013-12-31": "368.36200", "2013-09-30": "360.38710", "2013-06-30": "350.85100", "2013-03-31": "323.23700", "2012-12-31": "322.70400", "2012-09-30": "344.84900", "2012-06-30": "307.94700", "2012-03-31": "271.44800", "2011-12-31": "272.45200", "2011-09-30": "278.61800", "2011-06-30": "308.80600", "2011-03-31": "296.13200", "2010-12-31": "278.03300", "2010-09-30": "297.33300", "2010-06-30": "289.28800", "2010-03-31": "279.49100", "2009-12-31": "280.23900", "2009-09-30": "296.97710", "2009-06-30": "277.43400", "2009-03-31": "279.20900", "2008-12-31": "272.02600", "2008-09-30": "297.98890", "2008-06-30": "271.09800", "2008-03-31": "279.53600", "2007-12-31": "270.77000", "2007-09-30": "277.70200", "2007-06-30": "341.85500", "2007-03-31": "363.36700", "2006-12-31": "356.96100", "2006-09-30": "309.34690", "2006-06-30": "346.39400", "2006-03-31": "339.11300", "2005-12-31": "331.85900", "2005-09-30": "333.87400", "2005-06-30": "310.11200", "2005-03-31": "295.24600"}, "Other Operating Income Or Expenses": {"2020-12-31": "", "2020-09-30": "0.00000", "2020-06-30": "", "2020-03-31": "-223.65200", "2019-12-31": "-138.00000", "2019-09-30": "", "2019-06-30": "", "2019-03-31": "-570.00000", "2018-12-31": "", "2018-09-30": "", "2018-06-30": "", "2018-03-31": "", "2017-12-31": "", "2017-09-30": "", "2017-06-30": "", "2017-03-31": "", "2016-12-31": "", "2016-09-30": "-260.61700", "2016-06-30": "83.70400", "2016-03-31": "503.94600", "2015-12-31": "-467.37500", "2015-09-30": "196.48700", "2015-06-30": "14.90000", "2015-03-31": "-752.70600", "2014-12-31": "-371.40500", "2014-09-30": "-155.73900", "2014-06-30": "-145.04000", "2014-03-31": "-5.66300", "2013-12-31": "-116.29700", "2013-09-30": "-50.47900", "2013-06-30": "-35.81500", "2013-03-31": "-3.76100", "2012-12-31": "", "2012-09-30": "", "2012-06-30": "", "2012-03-31": "", "2011-12-31": "", "2011-09-30": "", "2011-06-30": "", "2011-03-31": "", "2010-12-31": "", "2010-09-30": "-7.68200", "2010-06-30": "4.39700", "2010-03-31": "0.03700", "2009-12-31": "0.04800", "2009-09-30": "-6.26800", "2009-06-30": "-0.21300", "2009-03-31": "-4.26200", "2008-12-31": "-1.02900", "2008-09-30": "-8.24100", "2008-06-30": "-7.86500", "2008-03-31": "-1.38400", "2007-12-31": "-0.17700", "2007-09-30": "3.89200", "2007-06-30": "-3.49600", "2007-03-31": "-0.13500", "2006-12-31": "-6.02300", "2006-09-30": "-7.80500", "2006-06-30": "0.08600", "2006-03-31": "-3.57700", "2005-12-31": "-8.82700", "2005-09-30": "-12.00600", "2005-06-30": "-3.74700", "2005-03-31": "-7.09600"}, "Operating Expenses": {"2020-12-31": "51969.33000", "2020-09-30": "55357.91000", "2020-06-30": "44961.95000", "2020-03-31": "47108.13000", "2019-12-31": "47601.30000", "2019-09-30": "45457.96000", "2019-06-30": "44832.57000", "2019-03-31": "43272.04000", "2018-12-31": "44914.63000", "2018-09-30": "43143.04000", "2018-06-30": "42753.12000", "2018-03-31": "40552.44000", "2017-12-31": "40047.36000", "2017-09-30": "39255.04000", "2017-06-30": "38536.77000", "2017-03-31": "36522.42000", "2016-12-31": "37769.28000", "2016-09-30": "37335.80000", "2016-06-30": "36353.05000", "2016-03-31": "34747.88000", "2015-12-31": "36887.18000", "2015-09-30": "34928.07000", "2015-06-30": "33900.99000", "2015-03-31": "33033.52000", "2014-12-31": "33677.00000", "2014-09-30": "31378.28000", "2014-06-30": "30237.28000", "2014-03-31": "28154.78000", "2013-12-31": "29016.74000", "2013-09-30": "24354.86000", "2013-06-30": "21772.00000", "2013-03-31": "20173.54000", "2012-12-31": "20760.37000", "2012-09-30": "18412.95000", "2012-06-30": "19002.42000", "2012-03-31": "19331.31000", "2011-12-31": "20030.50000", "2011-09-30": "18655.41000", "2011-06-30": "19843.86000", "2011-03-31": "19395.01000", "2010-12-31": "19611.84000", "2010-09-30": "19301.39000", "2010-06-30": "19320.27000", "2010-03-31": "18989.40000", "2009-12-31": "19073.47000", "2009-09-30": "18491.45000", "2009-06-30": "18180.91000", "2009-03-31": "17063.38000", "2008-12-31": "17140.49000", "2008-09-30": "16955.15000", "2008-06-30": "17799.14000", "2008-03-31": "17520.84000", "2007-12-31": "17086.74000", "2007-09-30": "15934.04000", "2007-06-30": "16141.12000", "2007-03-31": "16291.65000", "2006-12-31": "16516.54000", "2006-09-30": "15112.76000", "2006-06-30": "15497.47000", "2006-03-31": "15022.76000", "2005-12-31": "14486.54000", "2005-09-30": "13763.35000", "2005-06-30": "13663.36000", "2005-03-31": "13010.91000"}, "Operating Income": {"2020-12-31": "547.22660", "2020-09-30": "-6113.15600", "2020-06-30": "404.83200", "2020-03-31": "309.51560", "2019-12-31": "263.43750", "2019-09-30": "179.84770", "2019-06-30": "406.69140", "2019-03-31": "47.56250", "2018-12-31": "477.82420", "2018-09-30": "154.09770", "2018-06-30": "389.19140", "2018-03-31": "481.42190", "2017-12-31": "418.97270", "2017-09-30": "-135.01950", "2017-06-30": "170.37500", "2017-03-31": "624.98050", "2016-12-31": "399.98830", "2016-09-30": "224.81250", "2016-06-30": "528.62500", "2016-03-31": "950.48050", "2015-12-31": "-178.13280", "2015-09-30": "542.30470", "2015-06-30": "332.56250", "2015-03-31": "-364.24800", "2014-12-31": "-88.39840", "2014-09-30": "210.42580", "2014-06-30": "110.87700", "2014-03-31": "301.12700", "2013-12-31": "159.61720", "2013-09-30": "114.17970", "2013-06-30": "134.64650", "2013-03-31": "350.12300", "2012-12-31": "299.44140", "2012-09-30": "320.75780", "2012-06-30": "324.38480", "2012-03-31": "377.06050", "2011-12-31": "281.41800", "2011-09-30": "230.35160", "2011-06-30": "317.15820", "2011-03-31": "365.24800", "2010-12-31": "276.76560", "2010-09-30": "236.46680", "2010-06-30": "281.85350", "2010-03-31": "311.22850", "2009-12-31": "262.38480", "2009-09-30": "224.61520", "2009-06-30": "212.98630", "2009-03-31": "248.26560", "2008-12-31": "197.88480", "2008-09-30": "202.70310", "2008-06-30": "197.52540", "2008-03-31": "235.00000", "2007-12-31": "192.64060", "2007-09-30": "156.12700", "2007-06-30": "202.85640", "2007-03-31": "220.89260", "2006-12-31": "208.85740", "2006-09-30": "139.51370", "2006-06-30": "188.84470", "2006-03-31": "197.92290", "2005-12-31": "166.60550", "2005-09-30": "154.99710", "2005-06-30": "168.60740", "2005-03-31": "179.25590"}, "Total Non-Operating Income/Expense": {"2020-12-31": "-19.34600", "2020-09-30": "-30.32000", "2020-06-30": "-60.99600", "2020-03-31": "-33.31200", "2019-12-31": "-33.84900", "2019-09-30": "-35.19000", "2019-06-30": "-35.57900", "2019-03-31": "-28.78100", "2018-12-31": "-45.26700", "2018-09-30": "-42.22700", "2018-06-30": "-43.99300", "2018-03-31": "-120.08800", "2017-12-31": "-59.95400", "2017-09-30": "-36.53900", "2017-06-30": "-37.00100", "2017-03-31": "-32.06600", "2016-12-31": "-36.84900", "2016-09-30": "-33.22800", "2016-06-30": "-32.99500", "2016-03-31": "-35.21000", "2015-12-31": "-33.43100", "2015-09-30": "-71.99000", "2015-06-30": "-28.25900", "2015-03-31": "-34.35100", "2014-12-31": "-18.65600", "2014-09-30": "-25.75700", "2014-06-30": "-52.54500", "2014-03-31": "-15.69100", "2013-12-31": "-18.23500", "2013-09-30": "-17.46500", "2013-06-30": "-18.71500", "2013-03-31": "-19.25900", "2012-12-31": "-18.50200", "2012-09-30": "-21.93700", "2012-06-30": "-18.98600", "2012-03-31": "-23.24400", "2011-12-31": "-22.57500", "2011-09-30": "-16.47300", "2011-06-30": "-18.66700", "2011-03-31": "-18.91400", "2010-12-31": "-17.47700", "2010-09-30": "-20.28500", "2010-06-30": "-18.38900", "2010-03-31": "-19.54700", "2009-12-31": "-17.54400", "2009-09-30": "-15.20000", "2009-06-30": "-14.83800", "2009-03-31": "-15.02500", "2008-12-31": "-14.61200", "2008-09-30": "-14.92900", "2008-06-30": "-16.73400", "2008-03-31": "-17.70900", "2007-12-31": "-17.15100", "2007-09-30": "-6.94500", "2007-06-30": "-9.82900", "2007-03-31": "-10.26500", "2006-12-31": "-8.20900", "2006-09-30": "0.23900", "2006-06-30": "0.49700", "2006-03-31": "-1.51800", "2005-12-31": "-7.29500", "2005-09-30": "-120.38800", "2005-06-30": "-11.56200", "2005-03-31": "-14.13600"}, "Pre-Tax Income": {"2020-12-31": "527.88200", "2020-09-30": "-6143.45700", "2020-06-30": "343.83500", "2020-03-31": "276.20300", "2019-12-31": "229.58800", "2019-09-30": "144.65100", "2019-06-30": "371.11500", "2019-03-31": "18.78400", "2018-12-31": "432.55600", "2018-09-30": "111.86990", "2018-06-30": "345.20200", "2018-03-31": "361.33200", "2017-12-31": "359.01900", "2017-09-30": "-171.54100", "2017-06-30": "133.37500", "2017-03-31": "592.91500", "2016-12-31": "363.13800", "2016-09-30": "191.57310", "2016-06-30": "495.63200", "2016-03-31": "915.27200", "2015-12-31": "-211.56700", "2015-09-30": "470.31100", "2015-06-30": "304.30600", "2015-03-31": "-398.60000", "2014-12-31": "-107.05300", "2014-09-30": "184.71300", "2014-06-30": "58.33200", "2014-03-31": "285.43700", "2013-12-31": "141.38100", "2013-09-30": "96.72500", "2013-06-30": "115.93100", "2013-03-31": "330.86400", "2012-12-31": "280.93800", "2012-09-30": "298.81300", "2012-06-30": "305.40000", "2012-03-31": "353.81600", "2011-12-31": "258.84400", "2011-09-30": "213.87300", "2011-06-30": "298.49200", "2011-03-31": "346.33500", "2010-12-31": "259.28900", "2010-09-30": "216.17900", "2010-06-30": "263.46500", "2010-03-31": "291.68000", "2009-12-31": "244.83800", "2009-09-30": "209.41200", "2009-06-30": "198.14900", "2009-03-31": "233.24100", "2008-12-31": "183.27200", "2008-09-30": "187.76300", "2008-06-30": "180.79100", "2008-03-31": "217.29200", "2007-12-31": "175.49200", "2007-09-30": "149.18400", "2007-06-30": "193.02800", "2007-03-31": "210.62700", "2006-12-31": "200.65000", "2006-09-30": "139.75000", "2006-06-30": "189.34100", "2006-03-31": "196.40600", "2005-12-31": "159.31000", "2005-09-30": "34.60900", "2005-06-30": "157.04600", "2005-03-31": "165.12000"}, "Income Taxes": {"2020-12-31": "149.17500", "2020-09-30": "-1298.95200", "2020-06-30": "56.56700", "2020-03-31": "-694.90800", "2019-12-31": "43.02000", "2019-09-30": "12.34400", "2019-06-30": "69.11300", "2019-03-31": "-9.28900", "2018-12-31": "40.80300", "2018-09-30": "-82.13400", "2018-06-30": "67.32700", "2018-03-31": "79.17200", "2017-12-31": "-502.83400", "2017-09-30": "173.04600", "2017-06-30": "83.02300", "2017-03-31": "181.44200", "2016-12-31": "115.89200", "2016-09-30": "45.88800", "2016-06-30": "146.47700", "2016-03-31": "311.82200", "2015-12-31": "-541.20600", "2015-09-30": "109.30200", "2015-06-30": "90.14300", "2015-03-31": "114.79000", "2014-12-31": "92.89400", "2014-09-30": "119.16500", "2014-06-30": "71.11200", "2014-03-31": "105.36000", "2013-12-31": "92.45000", "2013-09-30": "46.16400", "2013-06-30": "51.82100", "2013-03-31": "126.72100", "2012-12-31": "106.31700", "2012-09-30": "106.72900", "2012-06-30": "115.22300", "2012-03-31": "134.67300", "2011-12-31": "98.88700", "2011-09-30": "75.67800", "2011-06-30": "114.07300", "2011-03-31": "131.95400", "2010-12-31": "98.78900", "2010-09-30": "81.89700", "2010-06-30": "100.26000", "2010-03-31": "110.67200", "2009-12-31": "93.53100", "2009-09-30": "79.26500", "2009-06-30": "73.01500", "2009-03-31": "89.19900", "2008-12-31": "70.74300", "2008-09-30": "72.70100", "2008-06-30": "68.02600", "2008-03-31": "84.46400", "2007-12-31": "67.08300", "2007-09-30": "51.94500", "2007-06-30": "67.14700", "2007-03-31": "81.13100", "2006-12-31": "78.46300", "2006-09-30": "51.32100", "2006-06-30": "69.87300", "2006-03-31": "67.81600", "2005-12-31": "61.33400", "2005-09-30": "13.26700", "2005-06-30": "57.20200", "2005-03-31": "63.40700"}, "Income After Taxes": {"2020-12-31": "378.70700", "2020-09-30": "-4844.50500", "2020-06-30": "287.26800", "2020-03-31": "971.11100", "2019-12-31": "186.56800", "2019-09-30": "132.30710", "2019-06-30": "302.00200", "2019-03-31": "28.07300", "2018-12-31": "391.75300", "2018-09-30": "194.00390", "2018-06-30": "277.87500", "2018-03-31": "282.16000", "2017-12-31": "861.85300", "2017-09-30": "-344.58690", "2017-06-30": "50.35200", "2017-03-31": "411.47300", "2016-12-31": "247.24600", "2016-09-30": "145.68520", "2016-06-30": "349.15500", "2016-03-31": "603.45000", "2015-12-31": "329.63900", "2015-09-30": "361.00900", "2015-06-30": "214.16300", "2015-03-31": "-513.39000", "2014-12-31": "-199.94700", "2014-09-30": "65.54800", "2014-06-30": "-12.78000", "2014-03-31": "180.07700", "2013-12-31": "48.93100", "2013-09-30": "50.56100", "2013-06-30": "64.11000", "2013-03-31": "204.14300", "2012-12-31": "174.62100", "2012-09-30": "192.08410", "2012-06-30": "190.17700", "2012-03-31": "219.14300", "2011-12-31": "159.95700", "2011-09-30": "138.19500", "2011-06-30": "184.41900", "2011-03-31": "214.38100", "2010-12-31": "160.50000", "2010-09-30": "134.28200", "2010-06-30": "163.20500", "2010-03-31": "181.00800", "2009-12-31": "151.30700", "2009-09-30": "130.14700", "2009-06-30": "125.13400", "2009-03-31": "144.04200", "2008-12-31": "112.52900", "2008-09-30": "115.06200", "2008-06-30": "112.76500", "2008-03-31": "132.82800", "2007-12-31": "108.40900", "2007-09-30": "97.23900", "2007-06-30": "125.88100", "2007-03-31": "129.49600", "2006-12-31": "122.18700", "2006-09-30": "88.42900", "2006-06-30": "119.46800", "2006-03-31": "128.59000", "2005-12-31": "97.97600", "2005-09-30": "21.34200", "2005-06-30": "99.84400", "2005-03-31": "101.71300"}, "Other Income": {"2020-12-31": "", "2020-09-30": "", "2020-06-30": "", "2020-03-31": "", "2019-12-31": "", "2019-09-30": "", "2019-06-30": "", "2019-03-31": "", "2018-12-31": "", "2018-09-30": "", "2018-06-30": "", "2018-03-31": "", "2017-12-31": "", "2017-09-30": "", "2017-06-30": "", "2017-03-31": "", "2016-12-31": "", "2016-09-30": "", "2016-06-30": "", "2016-03-31": "", "2015-12-31": "", "2015-09-30": "", "2015-06-30": "", "2015-03-31": "", "2014-12-31": "", "2014-09-30": "", "2014-06-30": "", "2014-03-31": "", "2013-12-31": "", "2013-09-30": "", "2013-06-30": "", "2013-03-31": "", "2012-12-31": "", "2012-09-30": "", "2012-06-30": "", "2012-03-31": "", "2011-12-31": "", "2011-09-30": "", "2011-06-30": "", "2011-03-31": "", "2010-12-31": "", "2010-09-30": "", "2010-06-30": "", "2010-03-31": "", "2009-12-31": "", "2009-09-30": "", "2009-06-30": "", "2009-03-31": "", "2008-12-31": "", "2008-09-30": "", "2008-06-30": "", "2008-03-31": "", "2007-12-31": "", "2007-09-30": "", "2007-06-30": "", "2007-03-31": "", "2006-12-31": "", "2006-09-30": "", "2006-06-30": "", "2006-03-31": "", "2005-12-31": "", "2005-09-30": "", "2005-06-30": "", "2005-03-31": ""}, "Income From Continuous Operations": {"2020-12-31": "378.70700", "2020-09-30": "-4844.50500", "2020-06-30": "287.26800", "2020-03-31": "971.11100", "2019-12-31": "186.56800", "2019-09-30": "132.30710", "2019-06-30": "302.00200", "2019-03-31": "28.07300", "2018-12-31": "391.75300", "2018-09-30": "194.00390", "2018-06-30": "277.87500", "2018-03-31": "282.16000", "2017-12-31": "861.85300", "2017-09-30": "-344.58690", "2017-06-30": "50.35200", "2017-03-31": "411.47300", "2016-12-31": "247.24600", "2016-09-30": "145.68520", "2016-06-30": "349.15500", "2016-03-31": "603.45000", "2015-12-31": "329.63900", "2015-09-30": "361.00900", "2015-06-30": "214.16300", "2015-03-31": "-513.39000", "2014-12-31": "-199.94700", "2014-09-30": "65.54800", "2014-06-30": "-12.78000", "2014-03-31": "180.07700", "2013-12-31": "48.93100", "2013-09-30": "50.56100", "2013-06-30": "64.11000", "2013-03-31": "204.14300", "2012-12-31": "174.62100", "2012-09-30": "192.08400", "2012-06-30": "190.17700", "2012-03-31": "219.14300", "2011-12-31": "159.95700", "2011-09-30": "138.19500", "2011-06-30": "184.41900", "2011-03-31": "214.38100", "2010-12-31": "160.50000", "2010-09-30": "134.28200", "2010-06-30": "163.20500", "2010-03-31": "181.00800", "2009-12-31": "151.30700", "2009-09-30": "130.14700", "2009-06-30": "125.13400", "2009-03-31": "144.04200", "2008-12-31": "112.52900", "2008-09-30": "115.06200", "2008-06-30": "112.76500", "2008-03-31": "132.82800", "2007-12-31": "108.40900", "2007-09-30": "97.23900", "2007-06-30": "125.88100", "2007-03-31": "129.49600", "2006-12-31": "122.18700", "2006-09-30": "88.42900", "2006-06-30": "119.46800", "2006-03-31": "128.59000", "2005-12-31": "97.97600", "2005-09-30": "21.34200", "2005-06-30": "99.84400", "2005-03-31": "101.71300"}, "Income From Discontinued Operations": {"2020-12-31": "", "2020-09-30": "", "2020-06-30": "", "2020-03-31": "", "2019-12-31": "", "2019-09-30": "", "2019-06-30": "", "2019-03-31": "", "2018-12-31": "", "2018-09-30": "", "2018-06-30": "", "2018-03-31": "", "2017-12-31": "", "2017-09-30": "", "2017-06-30": "", "2017-03-31": "", "2016-12-31": "", "2016-09-30": "", "2016-06-30": "", "2016-03-31": "", "2015-12-31": "", "2015-09-30": "", "2015-06-30": "", "2015-03-31": "", "2014-12-31": "", "2014-09-30": "", "2014-06-30": "", "2014-03-31": "", "2013-12-31": "-7.54600", "2013-09-30": "0.46200", "2013-06-30": "104.32900", "2013-03-31": "-158.50900", "2012-12-31": "-6.01000", "2012-09-30": "-28.59000", "2012-06-30": "-8.90600", "2012-03-31": "-7.03800", "2011-12-31": "2.15900", "2011-09-30": "", "2011-06-30": "", "2011-03-31": "", "2010-12-31": "", "2010-09-30": "", "2010-06-30": "", "2010-03-31": "", "2009-12-31": "", "2009-09-30": "0.00000", "2009-06-30": "-6.32700", "2009-03-31": "-0.65500", "2008-12-31": "-1.47300", "2008-09-30": "-0.15500", "2008-06-30": "-220.78500", "2008-03-31": "1.02400", "2007-12-31": "1.41100", "2007-09-30": "-9.66300", "2007-06-30": "4.02700", "2007-03-31": "", "2006-12-31": "", "2006-09-30": "33.54900", "2006-06-30": "", "2006-03-31": "0.41100", "2005-12-31": "-0.70900", "2005-09-30": "-1.84200", "2005-06-30": "-5.06700", "2005-03-31": "-2.29100"}, "Net Income": {"2020-12-31": "374.84500", "2020-09-30": "-4846.07200", "2020-06-30": "289.43900", "2020-03-31": "960.27700", "2019-12-31": "187.64000", "2019-09-30": "132.61900", "2019-06-30": "301.95900", "2019-03-31": "27.13500", "2018-12-31": "393.65200", "2018-09-30": "233.28810", "2018-06-30": "275.80900", "2018-03-31": "287.45500", "2017-12-31": "861.85300", "2017-09-30": "-344.58700", "2017-06-30": "50.35200", "2017-03-31": "411.47300", "2016-12-31": "247.24600", "2016-09-30": "145.68490", "2016-06-30": "349.15500", "2016-03-31": "603.45000", "2015-12-31": "329.63900", "2015-09-30": "361.00900", "2015-06-30": "214.16300", "2015-03-31": "-513.39000", "2014-12-31": "-199.94700", "2014-09-30": "65.54800", "2014-06-30": "-12.78000", "2014-03-31": "180.07700", "2013-12-31": "41.38500", "2013-09-30": "51.02300", "2013-06-30": "168.43900", "2013-03-31": "45.63400", "2012-12-31": "168.61100", "2012-09-30": "163.49400", "2012-06-30": "181.27100", "2012-03-31": "212.10500", "2011-12-31": "162.11600", "2011-09-30": "147.32400", "2011-06-30": "184.41900", "2011-03-31": "214.38100", "2010-12-31": "160.50000", "2010-09-30": "141.22800", "2010-06-30": "163.20500", "2010-03-31": "181.00800", "2009-12-31": "151.30700", "2009-09-30": "130.14700", "2009-06-30": "118.80700", "2009-03-31": "143.38700", "2008-12-31": "111.05600", "2008-09-30": "114.90700", "2008-06-30": "-108.02000", "2008-03-31": "133.85200", "2007-12-31": "109.82000", "2007-09-30": "87.57600", "2007-06-30": "129.90800", "2007-03-31": "129.49600", "2006-12-31": "122.18700", "2006-09-30": "121.97800", "2006-06-30": "119.46800", "2006-03-31": "129.00100", "2005-12-31": "97.26700", "2005-09-30": "19.50000", "2005-06-30": "94.77700", "2005-03-31": "99.42200"}, "EBITDA": {"2020-12-31": "651.50960", "2020-09-30": "-6014.09600", "2020-06-30": "503.61700", "2020-03-31": "410.33860", "2019-12-31": "372.78250", "2019-09-30": "293.23460", "2019-06-30": "518.98740", "2019-03-31": "184.15950", "2018-12-31": "613.05620", "2018-09-30": "341.23860", "2018-06-30": "534.60940", "2018-03-31": "606.93190", "2017-12-31": "530.69670", "2017-09-30": "-22.94860", "2017-06-30": "278.25700", "2017-03-31": "731.10750", "2016-12-31": "506.23930", "2016-09-30": "328.26450", "2016-06-30": "629.11000", "2016-03-31": "1049.53900", "2015-12-31": "-88.96280", "2015-09-30": "620.47970", "2015-06-30": "402.54550", "2015-03-31": "-307.58800", "2014-12-31": "-37.22840", "2014-09-30": "265.82480", "2014-06-30": "160.14400", "2014-03-31": "347.36800", "2013-12-31": "205.32720", "2013-09-30": "158.32770", "2013-06-30": "177.64450", "2013-03-31": "392.21300", "2012-12-31": "340.99840", "2012-09-30": "360.67180", "2012-06-30": "361.38480", "2012-03-31": "408.77950", "2011-12-31": "313.30000", "2011-09-30": "245.05860", "2011-06-30": "349.17020", "2011-03-31": "395.63900", "2010-12-31": "306.62460", "2010-09-30": "249.58480", "2010-06-30": "307.86250", "2010-03-31": "336.41650", "2009-12-31": "287.58880", "2009-09-30": "249.53720", "2009-06-30": "236.53730", "2009-03-31": "271.45260", "2008-12-31": "220.54080", "2008-09-30": "224.97110", "2008-06-30": "222.63440", "2008-03-31": "259.67500", "2007-12-31": "216.47060", "2007-09-30": "179.67900", "2007-06-30": "225.33540", "2007-03-31": "245.88360", "2006-12-31": "235.63240", "2006-09-30": "160.45470", "2006-06-30": "213.80070", "2006-03-31": "221.15190", "2005-12-31": "190.29950", "2005-09-30": "178.30710", "2005-06-30": "189.38640", "2005-03-31": "202.57790"}, "EBIT": {"2020-12-31": "547.22660", "2020-09-30": "-6113.16000", "2020-06-30": "404.83200", "2020-03-31": "309.51560", "2019-12-31": "263.43750", "2019-09-30": "179.84380", "2019-06-30": "406.69140", "2019-03-31": "47.56250", "2018-12-31": "477.82420", "2018-09-30": "154.10160", "2018-06-30": "389.19140", "2018-03-31": "481.42190", "2017-12-31": "418.97270", "2017-09-30": "-135.01560", "2017-06-30": "170.37500", "2017-03-31": "624.98050", "2016-12-31": "399.98830", "2016-09-30": "224.80860", "2016-06-30": "528.62500", "2016-03-31": "950.48050", "2015-12-31": "-178.13280", "2015-09-30": "542.30270", "2015-06-30": "332.56250", "2015-03-31": "-364.24800", "2014-12-31": "-88.39840", "2014-09-30": "210.42580", "2014-06-30": "110.87700", "2014-03-31": "301.12700", "2013-12-31": "159.61720", "2013-09-30": "114.17970", "2013-06-30": "134.64650", "2013-03-31": "350.12300", "2012-12-31": "299.44140", "2012-09-30": "320.75390", "2012-06-30": "324.38480", "2012-03-31": "377.06050", "2011-12-31": "281.41800", "2011-09-30": "230.35160", "2011-06-30": "317.15820", "2011-03-31": "365.24800", "2010-12-31": "276.76560", "2010-09-30": "236.46290", "2010-06-30": "281.85350", "2010-03-31": "311.22850", "2009-12-31": "262.38480", "2009-09-30": "224.61330", "2009-06-30": "212.98630", "2009-03-31": "248.26560", "2008-12-31": "197.88480", "2008-09-30": "202.70120", "2008-06-30": "197.52540", "2008-03-31": "235.00000", "2007-12-31": "192.64060", "2007-09-30": "156.12790", "2007-06-30": "202.85640", "2007-03-31": "220.89260", "2006-12-31": "208.85740", "2006-09-30": "139.51370", "2006-06-30": "188.84470", "2006-03-31": "197.92290", "2005-12-31": "166.60550", "2005-09-30": "154.99710", "2005-06-30": "168.60740", "2005-03-31": "179.25590"}, "Basic Shares Outstanding": {"2020-12-31": "204.68300", "2020-09-30": "204.78300", "2020-06-30": "203.65400", "2020-03-31": "205.37000", "2019-12-31": "206.00800", "2019-09-30": "210.16500", "2019-06-30": "209.70500", "2019-03-31": "210.93400", "2018-12-31": "212.05400", "2018-09-30": "217.87200", "2018-06-30": "218.56900", "2018-03-31": "219.20000", "2017-12-31": "218.32300", "2017-09-30": "218.37500", "2017-06-30": "218.67600", "2017-03-31": "217.65000", "2016-12-31": "218.66100", "2016-09-30": "212.20600", "2016-06-30": "215.68800", "2016-03-31": "207.85800", "2015-12-31": "206.18000", "2015-09-30": "217.78600", "2015-06-30": "219.35900", "2015-03-31": "220.24300", "2014-12-31": "219.45600", "2014-09-30": "227.36700", "2014-06-30": "225.72700", "2014-03-31": "229.40900", "2013-12-31": "230.27700", "2013-09-30": "231.06700", "2013-06-30": "231.00200", "2013-03-31": "230.42200", "2012-12-31": "232.36100", "2012-09-30": "252.90600", "2012-06-30": "252.11600", "2012-03-31": "258.16200", "2011-12-31": "258.46100", "2011-09-30": "272.47100", "2011-06-30": "273.49200", "2011-03-31": "274.31900", "2010-12-31": "275.60500", "2010-09-30": "282.25800", "2010-06-30": "281.19500", "2010-03-31": "281.92600", "2009-12-31": "286.95500", "2009-09-30": "300.57300", "2009-06-30": "298.47700", "2009-03-31": "302.44600", "2008-12-31": "308.59400", "2008-09-30": "321.28400", "2008-06-30": "319.06400", "2008-03-31": "322.43600", "2007-12-31": "329.81000", "2007-09-30": "370.36200", "2007-06-30": "370.34400", "2007-03-31": "377.54400", "2006-12-31": "384.78200", "2006-09-30": "410.01800", "2006-06-30": "409.66000", "2006-03-31": "416.10000", "2005-12-31": "416.50000", "2005-09-30": "422.66800", "2005-06-30": "415.12800", "2005-03-31": "438.58000"}, "Shares Outstanding": {"2020-12-31": "206.80100", "2020-09-30": "204.78300", "2020-06-30": "205.54400", "2020-03-31": "207.06200", "2019-12-31": "207.51700", "2019-09-30": "211.84000", "2019-06-30": "211.16100", "2019-03-31": "212.56300", "2018-12-31": "213.96900", "2018-09-30": "220.33600", "2018-06-30": "220.76000", "2018-03-31": "222.30300", "2017-12-31": "220.82200", "2017-09-30": "221.60200", "2017-06-30": "221.87300", "2017-03-31": "221.22100", "2016-12-31": "221.97900", "2016-09-30": "225.95900", "2016-06-30": "224.80200", "2016-03-31": "225.45000", "2015-12-31": "226.71800", "2015-09-30": "217.78600", "2015-06-30": "240.23600", "2015-03-31": "220.24300", "2014-12-31": "219.45600", "2014-09-30": "235.40500", "2014-06-30": "225.72700", "2014-03-31": "236.26800", "2013-12-31": "237.01200", "2013-09-30": "235.34500", "2013-06-30": "235.66900", "2013-03-31": "234.58700", "2012-12-31": "235.99200", "2012-09-30": "256.90300", "2012-06-30": "255.72500", "2012-03-31": "262.36300", "2011-12-31": "263.08400", "2011-09-30": "277.71700", "2011-06-30": "279.01500", "2011-03-31": "279.76600", "2010-12-31": "280.69300", "2010-09-30": "287.24600", "2010-06-30": "286.69300", "2010-03-31": "287.16200", "2009-12-31": "291.28700", "2009-09-30": "302.75400", "2009-06-30": "300.59200", "2009-03-31": "304.58400", "2008-12-31": "310.17800", "2008-09-30": "324.92000", "2008-06-30": "322.23400", "2008-03-31": "326.53600", "2007-12-31": "334.12400", "2007-09-30": "375.77200", "2007-06-30": "375.90200", "2007-03-31": "383.59400", "2006-12-31": "389.94000", "2006-09-30": "414.89200", "2006-06-30": "414.67000", "2006-03-31": "421.54200", "2005-12-31": "420.69800", "2005-09-30": "431.08000", "2005-06-30": "417.68000", "2005-03-31": "440.93600"}, "Basic EPS": {"2020-12-31": "1.83000", "2020-09-30": "-23.66000", "2020-06-30": "1.42000", "2020-03-31": "4.68000", "2019-12-31": "0.91000", "2019-09-30": "0.64000", "2019-06-30": "1.44000", "2019-03-31": "0.13000", "2018-12-31": "1.86000", "2018-09-30": "1.09000", "2018-06-30": "1.26000", "2018-03-31": "1.31000", "2017-12-31": "3.95000", "2017-09-30": "-1.58000", "2017-06-30": "0.23000", "2017-03-31": "1.89000", "2016-12-31": "1.13000", "2016-09-30": "0.61000", "2016-06-30": "1.62000", "2016-03-31": "2.90000", "2015-12-31": "1.60000", "2015-09-30": "1.63000", "2015-06-30": "0.98000", "2015-03-31": "-2.33000", "2014-12-31": "-0.91000", "2014-09-30": "0.31000", "2014-06-30": "-0.06000", "2014-03-31": "0.78000", "2013-12-31": "0.18000", "2013-09-30": "0.22000", "2013-06-30": "0.73000", "2013-03-31": "0.20000", "2012-12-31": "0.73000", "2012-09-30": "0.67000", "2012-06-30": "0.72000", "2012-03-31": "0.82000", "2011-12-31": "0.63000", "2011-09-30": "0.56000", "2011-06-30": "0.67000", "2011-03-31": "0.78000", "2010-12-31": "0.58000", "2010-09-30": "0.51000", "2010-06-30": "0.58000", "2010-03-31": "0.64000", "2009-12-31": "0.53000", "2009-09-30": "0.44000", "2009-06-30": "0.40000", "2009-03-31": "0.47000", "2008-12-31": "0.36000", "2008-09-30": "0.37000", "2008-06-30": "-0.34000", "2008-03-31": "0.41500", "2007-12-31": "0.33500", "2007-09-30": "0.25500", "2007-06-30": "0.35000", "2007-03-31": "0.34500", "2006-12-31": "0.32000", "2006-09-30": "0.30500", "2006-06-30": "0.29000", "2006-03-31": "0.31000", "2005-12-31": "0.23500", "2005-09-30": "0.05000", "2005-06-30": "0.23000", "2005-03-31": "0.22500"}, "EPS - Earnings Per Share": {"2020-12-31": "1.81000", "2020-09-30": "-23.60000", "2020-06-30": "1.41000", "2020-03-31": "4.64000", "2019-12-31": "0.90000", "2019-09-30": "0.64000", "2019-06-30": "1.43000", "2019-03-31": "0.13000", "2018-12-31": "1.84000", "2018-09-30": "1.09000", "2018-06-30": "1.25000", "2018-03-31": "1.29000", "2017-12-31": "3.90000", "2017-09-30": "-1.56000", "2017-06-30": "0.23000", "2017-03-31": "1.86000", "2016-12-31": "1.11000", "2016-09-30": "0.64000", "2016-06-30": "1.55000", "2016-03-31": "2.68000", "2015-12-31": "1.45000", "2015-09-30": "1.72000", "2015-06-30": "0.89000", "2015-03-31": "-2.33000", "2014-12-31": "-0.91000", "2014-09-30": "0.29000", "2014-06-30": "-0.06000", "2014-03-31": "0.76000", "2013-12-31": "0.17000", "2013-09-30": "0.23000", "2013-06-30": "0.71000", "2013-03-31": "0.19000", "2012-12-31": "0.71000", "2012-09-30": "0.66000", "2012-06-30": "0.71000", "2012-03-31": "0.81000", "2011-12-31": "0.62000", "2011-09-30": "0.54000", "2011-06-30": "0.66000", "2011-03-31": "0.77000", "2010-12-31": "0.57000", "2010-09-30": "0.50000", "2010-06-30": "0.57000", "2010-03-31": "0.63000", "2009-12-31": "0.52000", "2009-09-30": "0.43000", "2009-06-30": "0.40000", "2009-03-31": "0.47000", "2008-12-31": "0.36000", "2008-09-30": "0.37000", "2008-06-30": "-0.34000", "2008-03-31": "0.41000", "2007-12-31": "0.33000", "2007-09-30": "0.25000", "2007-06-30": "0.34500", "2007-03-31": "0.34000", "2006-12-31": "0.31500", "2006-09-30": "0.30000", "2006-06-30": "0.29000", "2006-03-31": "0.30500", "2005-12-31": "0.23000", "2005-09-30": "0.05000", "2005-06-30": "0.22500", "2005-03-31": "0.22500"}}, "balance sheet": {"Cash On Hand": {"2020-09-30": "4597.74600", "2019-09-30": "3374.19400", "2018-09-30": "2492.51600", "2017-09-30": "2435.11500", "2016-09-30": "2741.83200", "2015-09-30": "2167.44200", "2014-09-30": "1808.51300", "2013-09-30": "1231.00600", "2012-09-30": "1066.60800", "2011-09-30": "1825.99000", "2010-09-30": "1658.18200", "2009-09-30": "1009.36800", "2008-09-30": "878.11400", "2007-09-30": "1107.62300", "2006-09-30": "1329.10800", "2005-09-30": "1315.68300"}, "Receivables": {"2020-09-30": "14334.73000", "2019-09-30": "12392.74000", "2018-09-30": "11314.23000", "2017-09-30": "10303.32000", "2016-09-30": "9175.87600", "2015-09-30": "8222.95100", "2014-09-30": "6312.88300", "2013-09-30": "6051.92000", "2012-09-30": "3784.61900", "2011-09-30": "3793.85000", "2010-09-30": "3827.48400", "2009-09-30": "3916.50900", "2008-09-30": "3480.26700", "2007-09-30": "3415.77200", "2006-09-30": "3427.13900", "2005-09-30": "2640.64600"}, "Inventory": {"2020-09-30": "12589.28000", "2019-09-30": "11060.25000", "2018-09-30": "11918.51000", "2017-09-30": "11461.43000", "2016-09-30": "10723.92000", "2015-09-30": "9755.09400", "2014-09-30": "8593.85200", "2013-09-30": "6981.49400", "2012-09-30": "5472.01000", "2011-09-30": "5443.10100", "2010-09-30": "5210.09800", "2009-09-30": "4972.82000", "2008-09-30": "4211.77500", "2007-09-30": "4097.81100", "2006-09-30": "4422.05500", "2005-09-30": "4003.69000"}, "Pre-Paid Expenses": {"2020-09-30": "189.30000", "2019-09-30": "157.38500", "2018-09-30": "169.12200", "2017-09-30": "103.43200", "2016-09-30": "210.21900", "2015-09-30": "189.00100", "2014-09-30": "84.95700", "2013-09-30": "129.23100", "2012-09-30": "72.37400", "2011-09-30": "86.66300", "2010-09-30": "52.58600", "2009-09-30": "55.05600", "2008-09-30": "55.91400", "2007-09-30": "31.82800", "2006-09-30": "32.10500", "2005-09-30": "27.67300"}, "Other Current Assets": {"2020-09-30": "", "2019-09-30": "", "2018-09-30": "", "2017-09-30": "", "2016-09-30": "", "2015-09-30": "", "2014-09-30": "", "2013-09-30": "", "2012-09-30": "662.85300", "2011-09-30": "225.43700", "2010-09-30": "", "2009-09-30": "", "2008-09-30": "43.69100", "2007-09-30": "284.81800", "2006-09-30": "", "2005-09-30": ""}, "Total Current Assets": {"2020-09-30": "33055.70000", "2019-09-30": "28132.05000", "2018-09-30": "25894.37000", "2017-09-30": "24303.30000", "2016-09-30": "22851.85000", "2015-09-30": "20334.49000", "2014-09-30": "16800.21000", "2013-09-30": "14393.65000", "2012-09-30": "11058.46000", "2011-09-30": "11375.04000", "2010-09-30": "10748.35000", "2009-09-30": "9953.75300", "2008-09-30": "8669.76100", "2007-09-30": "8937.85200", "2006-09-30": "9210.40700", "2005-09-30": "7987.69200"}, "Property, Plant, And Equipment": {"2020-09-30": "1484.80800", "2019-09-30": "1770.51600", "2018-09-30": "1892.42400", "2017-09-30": "1797.94500", "2016-09-30": "1530.68200", "2015-09-30": "1192.51000", "2014-09-30": "899.58200", "2013-09-30": "803.56100", "2012-09-30": "743.68400", "2011-09-30": "672.86200", "2010-09-30": "711.71200", "2009-09-30": "619.23800", "2008-09-30": "552.15900", "2007-09-30": "493.64700", "2006-09-30": "509.74600", "2005-09-30": "514.75800"}, "Long-Term Investments": {"2020-09-30": "", "2019-09-30": "", "2018-09-30": "", "2017-09-30": "", "2016-09-30": "", "2015-09-30": "", "2014-09-30": "", "2013-09-30": "", "2012-09-30": "", "2011-09-30": "", "2010-09-30": "", "2009-09-30": "", "2008-09-30": "", "2007-09-30": "", "2006-09-30": "", "2005-09-30": ""}, "Goodwill And Intangible Assets": {"2020-09-30": "8592.82600", "2019-09-30": "9000.34300", "2018-09-30": "9612.10000", "2017-09-30": "8877.56200", "2016-09-30": "8959.34600", "2015-09-30": "6137.51000", "2014-09-30": "3481.74400", "2013-09-30": "3499.71300", "2012-09-30": "3523.43200", "2011-09-30": "2805.72000", "2010-09-30": "2845.34300", "2009-09-30": "2859.06400", "2008-09-30": "2875.36600", "2007-09-30": "2743.28500", "2006-09-30": "3063.76700", "2005-09-30": "2878.72400"}, "Other Long-Term Assets": {"2020-09-30": "779.85400", "2019-09-30": "269.06700", "2018-09-30": "270.94200", "2017-09-30": "337.66400", "2016-09-30": "295.62600", "2015-09-30": "298.47400", "2014-09-30": "350.65200", "2013-09-30": "221.71300", "2012-09-30": "116.67600", "2011-09-30": "129.04800", "2010-09-30": "129.43800", "2009-09-30": "140.68500", "2008-09-30": "120.50000", "2007-09-30": "135.28000", "2006-09-30": "", "2005-09-30": ""}, "Total Long-Term Assets": {"2020-09-30": "11219.13000", "2019-09-30": "11039.93000", "2018-09-30": "11775.47000", "2017-09-30": "11013.17000", "2016-09-30": "10785.65000", "2015-09-30": "7628.49500", "2014-09-30": "4731.97800", "2013-09-30": "4524.98700", "2012-09-30": "4383.79200", "2011-09-30": "3607.63000", "2010-09-30": "3686.49300", "2009-09-30": "3618.98700", "2008-09-30": "3548.02500", "2007-09-30": "3372.21200", "2006-09-30": "3573.51300", "2005-09-30": "3393.48200"}, "Total Assets": {"2020-09-30": "44274.83000", "2019-09-30": "39171.98000", "2018-09-30": "37669.84000", "2017-09-30": "35316.47000", "2016-09-30": "33637.50000", "2015-09-30": "27962.98000", "2014-09-30": "21532.18000", "2013-09-30": "18918.64000", "2012-09-30": "15442.26000", "2011-09-30": "14982.67000", "2010-09-30": "14434.84000", "2009-09-30": "13572.74000", "2008-09-30": "12217.79000", "2007-09-30": "12310.06000", "2006-09-30": "12783.92000", "2005-09-30": "11381.17000"}, "Total Current Liabilities": {"2020-09-30": "33853.08000", "2019-09-30": "29581.29000", "2018-09-30": "27869.69000", "2017-09-30": "26818.16000", "2016-09-30": "25280.37000", "2015-09-30": "21578.23000", "2014-09-30": "17250.16000", "2013-09-30": "14870.63000", "2012-09-30": "11265.59000", "2011-09-30": "10875.26000", "2010-09-30": "9906.34400", "2009-09-30": "9479.61000", "2008-09-30": "8167.58900", "2007-09-30": "7864.11000", "2006-09-30": "7459.18800", "2005-09-30": "6052.09600"}, "Long Term Debt": {"2020-09-30": "3618.26100", "2019-09-30": "4354.39800", "2018-09-30": "4510.82800", "2017-09-30": "3781.56900", "2016-09-30": "3852.48400", "2015-09-30": "3739.22500", "2014-09-30": "1995.63200", "2013-09-30": "1396.60600", "2012-09-30": "1395.93100", "2011-09-30": "972.86300", "2010-09-30": "1343.15800", "2009-09-30": "1176.93300", "2008-09-30": "1187.41200", "2007-09-30": "1227.07700", "2006-09-30": "1093.93100", "2005-09-30": "951.47900"}, "Other Non-Current Liabilities": {"2020-09-30": "6956.64300", "2019-09-30": "382.88700", "2018-09-30": "409.95200", "2017-09-30": "159.66300", "2016-09-30": "160.47000", "2015-09-30": "84.90400", "2014-09-30": "88.28700", "2013-09-30": "331.65200", "2012-09-30": "325.89700", "2011-09-30": "267.68600", "2010-09-30": "231.04400", "2009-09-30": "199.72800", "2008-09-30": "152.74000", "2007-09-30": "119.15700", "2006-09-30": "89.64400", "2005-09-30": "97.24200"}, "Total Long Term Liabilities": {"2020-09-30": "11261.39000", "2019-09-30": "6597.48000", "2018-09-30": "6750.19000", "2017-09-30": "6433.84400", "2016-09-30": "6227.72800", "2015-09-30": "5768.36900", "2014-09-30": "2325.12400", "2013-09-30": "1728.25800", "2012-09-30": "1721.82800", "2011-09-30": "1240.54900", "2010-09-30": "1574.20200", "2009-09-30": "1376.66100", "2008-09-30": "1340.15200", "2007-09-30": "1346.23400", "2006-09-30": "1183.57500", "2005-09-30": "1048.72100"}, "Total Liabilities": {"2020-09-30": "45114.46000", "2019-09-30": "36178.77000", "2018-09-30": "34619.88000", "2017-09-30": "33252.01000", "2016-09-30": "31508.10000", "2015-09-30": "27346.60000", "2014-09-30": "19575.28000", "2013-09-30": "16598.89000", "2012-09-30": "12987.42000", "2011-09-30": "12115.81000", "2010-09-30": "11480.55000", "2009-09-30": "10856.27000", "2008-09-30": "9507.74100", "2007-09-30": "9210.34400", "2006-09-30": "8642.76300", "2005-09-30": "7100.81700"}, "Common Stock Net": {"2020-09-30": "2.87800", "2019-09-30": "2.85300", "2018-09-30": "2.83600", "2017-09-30": "2.80600", "2016-09-30": "2.77800", "2015-09-30": "2.75000", "2014-09-30": "2.71100", "2013-09-30": "2.67800", "2012-09-30": "2.62500", "2011-09-30": "4.96500", "2010-09-30": "4.89800", "2009-09-30": "4.82900", "2008-09-30": "4.81200", "2007-09-30": "2.37900", "2006-09-30": "2.35400", "2005-09-30": "2.31200"}, "Retained Earnings (Accumulated Deficit)": {"2020-09-30": "518.33500", "2019-09-30": "4235.49100", "2018-09-30": "3720.58200", "2017-09-30": "2395.21800", "2016-09-30": "2303.94100", "2015-09-30": "1164.48900", "2014-09-30": "1570.42900", "2013-09-30": "1508.41400", "2012-09-30": "1270.42300", "2011-09-30": "4055.66400", "2010-09-30": "3465.88600", "2009-09-30": "2919.76000", "2008-09-30": "2479.07800", "2007-09-30": "2286.48900", "2006-09-30": "2051.21200", "2005-09-30": "1604.09300"}, "Comprehensive Income": {"2020-09-30": "-108.83000", "2019-09-30": "-111.96500", "2018-09-30": "-79.25300", "2017-09-30": "-95.85000", "2016-09-30": "-114.30800", "2015-09-30": "-136.33300", "2014-09-30": "-52.04600", "2013-09-30": "-35.48300", "2012-09-30": "-32.65700", "2011-09-30": "-50.86800", "2010-09-30": "-42.53600", "2009-09-30": "-46.09600", "2008-09-30": "-16.49000", "2007-09-30": "-5.24700", "2006-09-30": "-15.30300", "2005-09-30": "-24.81400"}, "Other Share Holders Equity": {"2020-09-30": "", "2019-09-30": "", "2018-09-30": "", "2017-09-30": "", "2016-09-30": "", "2015-09-30": "", "2014-09-30": "", "2013-09-30": "", "2012-09-30": "", "2011-09-30": "", "2010-09-30": "", "2009-09-30": "", "2008-09-30": "", "2007-09-30": "", "2006-09-30": "", "2005-09-30": ""}, "Share Holder Equity": {"2020-09-30": "-839.63600", "2019-09-30": "2993.20600", "2018-09-30": "3049.96100", "2017-09-30": "2064.46100", "2016-09-30": "2129.40400", "2015-09-30": "616.38600", "2014-09-30": "1956.89900", "2013-09-30": "2319.74500", "2012-09-30": "2454.84200", "2011-09-30": "2866.85800", "2010-09-30": "2954.29700", "2009-09-30": "2716.46900", "2008-09-30": "2710.04500", "2007-09-30": "3099.72000", "2006-09-30": "4141.15700", "2005-09-30": "4280.35700"}, "Total Liabilities And Share Holders Equity": {"2020-09-30": "44274.83000", "2019-09-30": "39171.98000", "2018-09-30": "37669.84000", "2017-09-30": "35316.47000", "2016-09-30": "33637.50000", "2015-09-30": "27962.98000", "2014-09-30": "21532.18000", "2013-09-30": "18918.64000", "2012-09-30": "15442.26000", "2011-09-30": "14982.67000", "2010-09-30": "14434.84000", "2009-09-30": "13572.74000", "2008-09-30": "12217.79000", "2007-09-30": "12310.06000", "2006-09-30": "12783.92000", "2005-09-30": "11381.17000"}}, "balance sheet, quarterly": {"Cash On Hand": {"2020-12-31": "4890.91800", "2020-09-30": "4597.74600", "2020-06-30": "3420.27200", "2020-03-31": "3691.93800", "2019-12-31": "3232.60400", "2019-09-30": "3374.19400", "2019-06-30": "2999.55900", "2019-03-31": "2875.75000", "2018-12-31": "2540.15600", "2018-09-30": "2492.51600", "2018-06-30": "2388.92800", "2018-03-31": "2091.35900", "2017-12-31": "3037.74700", "2017-09-30": "2435.11500", "2017-06-30": "1311.46700", "2017-03-31": "2404.43300", "2016-12-31": "1791.13400", "2016-09-30": "2741.83200", "2016-06-30": "1865.20200", "2016-03-31": "2525.28700", "2015-12-31": "978.09000", "2015-09-30": "2167.44200", "2015-06-30": "2555.18300", "2015-03-31": "2336.97900", "2014-12-31": "2298.75600", "2014-09-30": "1808.51300", "2014-06-30": "1261.86400", "2014-03-31": "696.73000", "2013-12-31": "347.46500", "2013-09-30": "1231.00600", "2013-06-30": "1567.58500", "2013-03-31": "1347.29700", "2012-12-31": "417.40400", "2012-09-30": "1066.60800", "2012-06-30": "1655.74800", "2012-03-31": "2327.09400", "2011-12-31": "2370.33500", "2011-09-30": "1825.99000", "2011-06-30": "2000.45300", "2011-03-31": "1912.43600", "2010-12-31": "1400.89500", "2010-09-30": "1658.18200", "2010-06-30": "1310.71600", "2010-03-31": "1199.87200", "2009-12-31": "979.56700", "2009-09-30": "1009.36800", "2009-06-30": "912.92400", "2009-03-31": "655.32900", "2008-12-31": "470.91700", "2008-09-30": "878.11400", "2008-06-30": "583.08600", "2008-03-31": "591.36000", "2007-12-31": "524.13900", "2007-09-30": "1107.62300", "2007-06-30": "1441.20900", "2007-03-31": "1608.83700", "2006-12-31": "1244.04200", "2006-09-30": "1329.10800", "2006-06-30": "1658.34000", "2006-03-31": "1835.67000", "2005-12-31": "1506.08800", "2005-09-30": "1315.68300", "2005-06-30": "993.73100", "2005-03-31": "1153.43200"}, "Receivables": {"2020-12-31": "15203.91000", "2020-09-30": "14334.73000", "2020-06-30": "13144.42000", "2020-03-31": "14909.66000", "2019-12-31": "12568.82000", "2019-09-30": "12392.74000", "2019-06-30": "11989.03000", "2019-03-31": "12222.27000", "2018-12-31": "11979.38000", "2018-09-30": "11314.23000", "2018-06-30": "11764.61000", "2018-03-31": "11265.01000", "2017-12-31": "10127.78000", "2017-09-30": "10303.32000", "2017-06-30": "10553.26000", "2017-03-31": "9583.52000", "2016-12-31": "9696.20000", "2016-09-30": "9175.87600", "2016-06-30": "8984.53300", "2016-03-31": "8766.99400", "2015-12-31": "8380.65200", "2015-09-30": "8222.95100", "2015-06-30": "7596.55800", "2015-03-31": "7560.12200", "2014-12-31": "7144.03100", "2014-09-30": "6312.88300", "2014-06-30": "6133.22800", "2014-03-31": "6506.41200", "2013-12-31": "6214.19300", "2013-09-30": "6051.92000", "2013-06-30": "4585.48800", "2013-03-31": "4180.44900", "2012-12-31": "4361.26600", "2012-09-30": "3784.61900", "2012-06-30": "3943.34700", "2012-03-31": "3868.64700", "2011-12-31": "3724.45600", "2011-09-30": "3793.85000", "2011-06-30": "3907.11200", "2011-03-31": "3802.24000", "2010-12-31": "3551.31500", "2010-09-30": "3827.48400", "2010-06-30": "3887.82700", "2010-03-31": "3948.47800", "2009-12-31": "3540.91900", "2009-09-30": "3916.50900", "2009-06-30": "3746.64300", "2009-03-31": "3734.25100", "2008-12-31": "3537.70400", "2008-09-30": "3480.26700", "2008-06-30": "3667.08300", "2008-03-31": "3648.09400", "2007-12-31": "3461.56200", "2007-09-30": "3415.77200", "2007-06-30": "3549.02600", "2007-03-31": "3633.71300", "2006-12-31": "3422.83300", "2006-09-30": "3427.13900", "2006-06-30": "3146.60600", "2006-03-31": "2990.27900", "2005-12-31": "2663.77900", "2005-09-30": "2640.64600", "2005-06-30": "2455.12400", "2005-03-31": "2450.12400"}, "Inventory": {"2020-12-31": "13178.96000", "2020-09-30": "12589.28000", "2020-06-30": "11849.20000", "2020-03-31": "11102.57000", "2019-12-31": "11686.47000", "2019-09-30": "11060.25000", "2019-06-30": "11247.78000", "2019-03-31": "11373.73000", "2018-12-31": "11800.18000", "2018-09-30": "11918.51000", "2018-06-30": "12074.35000", "2018-03-31": "12867.48000", "2017-12-31": "12020.66000", "2017-09-30": "11461.43000", "2017-06-30": "11669.53000", "2017-03-31": "11335.82000", "2016-12-31": "11414.77000", "2016-09-30": "10723.92000", "2016-06-30": "10492.56000", "2016-03-31": "10644.59000", "2015-12-31": "10863.97000", "2015-09-30": "9755.09400", "2015-06-30": "9639.96100", "2015-03-31": "9517.31200", "2014-12-31": "10628.34000", "2014-09-30": "8593.85200", "2014-06-30": "8421.97700", "2014-03-31": "8493.26900", "2013-12-31": "8602.80900", "2013-09-30": "6981.49400", "2013-06-30": "5895.08900", "2013-03-31": "5662.55600", "2012-12-31": "5965.56300", "2012-09-30": "5472.01000", "2012-06-30": "5447.12600", "2012-03-31": "5354.33800", "2011-12-31": "5824.35800", "2011-09-30": "5443.10100", "2011-06-30": "5157.79600", "2011-03-31": "5195.94600", "2010-12-31": "5440.75100", "2010-09-30": "5210.09800", "2010-06-30": "5096.60100", "2010-03-31": "4980.89500", "2009-12-31": "5361.85100", "2009-09-30": "4972.82000", "2009-06-30": "4424.22800", "2009-03-31": "4578.95000", "2008-12-31": "4963.70400", "2008-09-30": "4211.77500", "2008-06-30": "4116.25000", "2008-03-31": "4528.11000", "2007-12-31": "4822.36200", "2007-09-30": "4097.81100", "2007-06-30": "4129.00200", "2007-03-31": "4602.19500", "2006-12-31": "4628.47300", "2006-09-30": "4422.05500", "2006-06-30": "4471.17800", "2006-03-31": "4353.87000", "2005-12-31": "4972.28800", "2005-09-30": "4003.69000", "2005-06-30": "4533.74400", "2005-03-31": "4623.58100"}, "Pre-Paid Expenses": {"2020-12-31": "234.67000", "2020-09-30": "189.30000", "2020-06-30": "163.74100", "2020-03-31": "175.37400", "2019-12-31": "189.21600", "2019-09-30": "157.38500", "2019-06-30": "163.78100", "2019-03-31": "172.57200", "2018-12-31": "182.64700", "2018-09-30": "169.12200", "2018-06-30": "176.51200", "2018-03-31": "173.35700", "2017-12-31": "110.24200", "2017-09-30": "103.43200", "2017-06-30": "142.97000", "2017-03-31": "170.15200", "2016-12-31": "176.65100", "2016-09-30": "210.21900", "2016-06-30": "114.95900", "2016-03-31": "133.20100", "2015-12-31": "138.95900", "2015-09-30": "189.00100", "2015-06-30": "110.33200", "2015-03-31": "142.41000", "2014-12-31": "73.58100", "2014-09-30": "84.95700", "2014-06-30": "74.31700", "2014-03-31": "63.61600", "2013-12-31": "63.87800", "2013-09-30": "129.23100", "2013-06-30": "90.91100", "2013-03-31": "72.70700", "2012-12-31": "54.31800", "2012-09-30": "72.37400", "2012-06-30": "124.20100", "2012-03-31": "53.56200", "2011-12-31": "36.63100", "2011-09-30": "86.66300", "2011-06-30": "55.94400", "2011-03-31": "45.62400", "2010-12-31": "35.21200", "2010-09-30": "52.58600", "2010-06-30": "42.85900", "2010-03-31": "37.78500", "2009-12-31": "33.79400", "2009-09-30": "55.05600", "2009-06-30": "54.58500", "2009-03-31": "36.84900", "2008-12-31": "34.74400", "2008-09-30": "55.91400", "2008-06-30": "27.42000", "2008-03-31": "41.19200", "2007-12-31": "30.77300", "2007-09-30": "31.82800", "2007-06-30": "30.94400", "2007-03-31": "30.06500", "2006-12-31": "36.53300", "2006-09-30": "32.10500", "2006-06-30": "28.45100", "2006-03-31": "25.29400", "2005-12-31": "24.30500", "2005-09-30": "27.67300", "2005-06-30": "19.31600", "2005-03-31": "18.76400"}, "Other Current Assets": {"2020-12-31": "", "2020-09-30": "", "2020-06-30": "", "2020-03-31": "", "2019-12-31": "", "2019-09-30": "", "2019-06-30": "", "2019-03-31": "", "2018-12-31": "", "2018-09-30": "", "2018-06-30": "", "2018-03-31": "", "2017-12-31": "", "2017-09-30": "", "2017-06-30": "", "2017-03-31": "", "2016-12-31": "", "2016-09-30": "", "2016-06-30": "", "2016-03-31": "", "2015-12-31": "", "2015-09-30": "", "2015-06-30": "", "2015-03-31": "", "2014-12-31": "", "2014-09-30": "", "2014-06-30": "", "2014-03-31": "", "2013-12-31": "", "2013-09-30": "", "2013-06-30": "", "2013-03-31": "461.77500", "2012-12-31": "223.64800", "2012-09-30": "662.85300", "2012-06-30": "", "2012-03-31": "", "2011-12-31": "", "2011-09-30": "225.43700", "2011-06-30": "", "2011-03-31": "", "2010-12-31": "", "2010-09-30": "", "2010-06-30": "", "2010-03-31": "", "2009-12-31": "", "2009-09-30": "", "2009-06-30": "", "2009-03-31": "", "2008-12-31": "", "2008-09-30": "43.69100", "2008-06-30": "53.95200", "2008-03-31": "", "2007-12-31": "", "2007-09-30": "284.81800", "2007-06-30": "", "2007-03-31": "", "2006-12-31": "", "2006-09-30": "", "2006-06-30": "", "2006-03-31": "", "2005-12-31": "", "2005-09-30": "", "2005-06-30": "", "2005-03-31": ""}, "Total Current Assets": {"2020-12-31": "34700.22000", "2020-09-30": "33055.70000", "2020-06-30": "29918.57000", "2020-03-31": "31180.65000", "2019-12-31": "28954.82000", "2019-09-30": "28132.05000", "2019-06-30": "27401.78000", "2019-03-31": "27622.18000", "2018-12-31": "27476.21000", "2018-09-30": "25894.37000", "2018-06-30": "26404.40000", "2018-03-31": "26397.21000", "2017-12-31": "25296.43000", "2017-09-30": "24303.30000", "2017-06-30": "23677.22000", "2017-03-31": "23493.92000", "2016-12-31": "23078.76000", "2016-09-30": "22851.85000", "2016-06-30": "21457.26000", "2016-03-31": "22070.07000", "2015-12-31": "20361.68000", "2015-09-30": "20334.49000", "2015-06-30": "19902.03000", "2015-03-31": "19556.82000", "2014-12-31": "20144.71000", "2014-09-30": "16800.21000", "2014-06-30": "15891.39000", "2014-03-31": "15760.03000", "2013-12-31": "15228.34000", "2013-09-30": "14393.65000", "2013-06-30": "12139.07000", "2013-03-31": "11724.78000", "2012-12-31": "11022.20000", "2012-09-30": "11058.46000", "2012-06-30": "11170.42000", "2012-03-31": "11603.64000", "2011-12-31": "11955.78000", "2011-09-30": "11375.04000", "2011-06-30": "11121.30000", "2011-03-31": "10956.25000", "2010-12-31": "10428.17000", "2010-09-30": "10748.35000", "2010-06-30": "10338.00000", "2010-03-31": "10167.03000", "2009-12-31": "9916.13100", "2009-09-30": "9953.75300", "2009-06-30": "9138.38000", "2009-03-31": "9005.37900", "2008-12-31": "9007.06900", "2008-09-30": "8669.76100", "2008-06-30": "8447.79100", "2008-03-31": "8808.75600", "2007-12-31": "8838.83600", "2007-09-30": "8937.85200", "2007-06-30": "9150.18100", "2007-03-31": "9874.81000", "2006-12-31": "9331.88100", "2006-09-30": "9210.40700", "2006-06-30": "9304.57500", "2006-03-31": "9205.11300", "2005-12-31": "9166.46000", "2005-09-30": "7987.69200", "2005-06-30": "8001.91500", "2005-03-31": "8245.90100"}, "Property, Plant, And Equipment": {"2020-12-31": "1477.04000", "2020-09-30": "1484.80800", "2020-06-30": "1455.00800", "2020-03-31": "1421.76800", "2019-12-31": "1442.38300", "2019-09-30": "1770.51600", "2019-06-30": "1767.42600", "2019-03-31": "1858.86700", "2018-12-31": "1896.94300", "2018-09-30": "1892.42400", "2018-06-30": "1903.35700", "2018-03-31": "1940.15400", "2017-12-31": "1829.11700", "2017-09-30": "1797.94500", "2017-06-30": "1749.91400", "2017-03-31": "1702.06000", "2016-12-31": "1630.74100", "2016-09-30": "1530.68200", "2016-06-30": "1165.66300", "2016-03-31": "1094.71100", "2015-12-31": "1059.50100", "2015-09-30": "1192.51000", "2015-06-30": "958.68700", "2015-03-31": "955.55800", "2014-12-31": "907.00400", "2014-09-30": "899.58200", "2014-06-30": "882.16200", "2014-03-31": "850.84700", "2013-12-31": "824.10500", "2013-09-30": "803.56100", "2013-06-30": "777.09100", "2013-03-31": "762.23700", "2012-12-31": "800.34000", "2012-09-30": "743.68400", "2012-06-30": "865.04600", "2012-03-31": "803.41900", "2011-12-31": "793.60400", "2011-09-30": "672.86200", "2011-06-30": "761.98800", "2011-03-31": "755.15500", "2010-12-31": "736.81200", "2010-09-30": "711.71200", "2010-06-30": "688.18400", "2010-03-31": "665.80100", "2009-12-31": "641.90900", "2009-09-30": "619.23800", "2009-06-30": "595.04500", "2009-03-31": "576.64500", "2008-12-31": "572.44400", "2008-09-30": "552.15900", "2008-06-30": "521.22300", "2008-03-31": "529.09900", "2007-12-31": "523.74700", "2007-09-30": "493.64700", "2007-06-30": "528.98700", "2007-03-31": "525.57200", "2006-12-31": "518.68400", "2006-09-30": "509.74600", "2006-06-30": "512.62300", "2006-03-31": "524.34100", "2005-12-31": "497.97900", "2005-09-30": "514.75800", "2005-06-30": "512.76800", "2005-03-31": "494.01500"}, "Long-Term Investments": {"2020-12-31": "", "2020-09-30": "", "2020-06-30": "", "2020-03-31": "", "2019-12-31": "", "2019-09-30": "", "2019-06-30": "", "2019-03-31": "", "2018-12-31": "", "2018-09-30": "", "2018-06-30": "", "2018-03-31": "", "2017-12-31": "", "2017-09-30": "", "2017-06-30": "", "2017-03-31": "", "2016-12-31": "", "2016-09-30": "", "2016-06-30": "", "2016-03-31": "", "2015-12-31": "", "2015-09-30": "", "2015-06-30": "", "2015-03-31": "", "2014-12-31": "", "2014-09-30": "", "2014-06-30": "", "2014-03-31": "", "2013-12-31": "", "2013-09-30": "", "2013-06-30": "", "2013-03-31": "", "2012-12-31": "", "2012-09-30": "", "2012-06-30": "", "2012-03-31": "", "2011-12-31": "", "2011-09-30": "", "2011-06-30": "", "2011-03-31": "", "2010-12-31": "", "2010-09-30": "", "2010-06-30": "", "2010-03-31": "", "2009-12-31": "", "2009-09-30": "", "2009-06-30": "", "2009-03-31": "", "2008-12-31": "", "2008-09-30": "", "2008-06-30": "", "2008-03-31": "", "2007-12-31": "", "2007-09-30": "", "2007-06-30": "", "2007-03-31": "", "2006-12-31": "", "2006-09-30": "", "2006-06-30": "", "2006-03-31": "", "2005-12-31": "", "2005-09-30": "", "2005-06-30": "", "2005-03-31": ""}, "Goodwill And Intangible Assets": {"2020-12-31": "8571.66100", "2020-09-30": "8592.82600", "2020-06-30": "8615.67700", "2020-03-31": "8639.58100", "2019-12-31": "8846.16200", "2019-09-30": "9000.34300", "2019-06-30": "9036.96300", "2019-03-31": "9055.67800", "2018-12-31": "9622.24500", "2018-09-30": "9612.10000", "2018-06-30": "9713.64100", "2018-03-31": "9759.88900", "2017-12-31": "8901.14500", "2017-09-30": "8877.56200", "2017-06-30": "8913.97800", "2017-03-31": "8876.64800", "2016-12-31": "8914.29900", "2016-09-30": "8959.34600", "2016-06-30": "8986.10600", "2016-03-31": "9028.48800", "2015-12-31": "9052.83700", "2015-09-30": "6137.51000", "2015-06-30": "6115.49900", "2015-03-31": "6122.13700", "2014-12-31": "3501.05100", "2014-09-30": "3481.74400", "2014-06-30": "3489.31500", "2014-03-31": "3495.14500", "2013-12-31": "3501.34100", "2013-09-30": "3499.71300", "2013-06-30": "3504.80300", "2013-03-31": "3512.00000", "2012-12-31": "3548.93500", "2012-09-30": "3523.43200", "2012-06-30": "3586.65100", "2012-03-31": "3108.41800", "2011-12-31": "3103.01100", "2011-09-30": "2805.72000", "2011-06-30": "2843.93100", "2011-03-31": "2846.20600", "2010-12-31": "2845.42300", "2010-09-30": "2845.34300", "2010-06-30": "2846.30100", "2010-03-31": "2854.63700", "2009-12-31": "2857.24200", "2009-09-30": "2859.06400", "2009-06-30": "2855.76300", "2009-03-31": "2844.78300", "2008-12-31": "2852.61800", "2008-09-30": "2875.36600", "2008-06-30": "3019.32600", "2008-03-31": "3235.12100", "2007-12-31": "3249.17400", "2007-09-30": "2743.28500", "2007-06-30": "3212.05200", "2007-03-31": "3186.39000", "2006-12-31": "3192.35300", "2006-09-30": "3063.76700", "2006-06-30": "3049.84400", "2006-03-31": "3052.11400", "2005-12-31": "2911.43900", "2005-09-30": "2878.72400", "2005-06-30": "2892.27800", "2005-03-31": "2892.89600"}, "Other Long-Term Assets": {"2020-12-31": "771.02600", "2020-09-30": "779.85400", "2020-06-30": "800.44600", "2020-03-31": "800.26300", "2019-12-31": "773.37700", "2019-09-30": "269.06700", "2019-06-30": "272.37100", "2019-03-31": "273.58200", "2018-12-31": "272.42800", "2018-09-30": "270.94200", "2018-06-30": "288.19300", "2018-03-31": "298.47800", "2017-12-31": "334.81600", "2017-09-30": "337.66400", "2017-06-30": "312.89400", "2017-03-31": "324.38300", "2016-12-31": "295.47600", "2016-09-30": "295.62600", "2016-06-30": "305.21900", "2016-03-31": "302.08800", "2015-12-31": "281.78900", "2015-09-30": "298.47400", "2015-06-30": "357.28400", "2015-03-31": "371.01200", "2014-12-31": "352.15100", "2014-09-30": "350.65200", "2014-06-30": "367.74300", "2014-03-31": "255.22800", "2013-12-31": "242.30400", "2013-09-30": "221.71300", "2013-06-30": "158.36500", "2013-03-31": "112.41000", "2012-12-31": "124.05800", "2012-09-30": "116.67600", "2012-06-30": "125.47300", "2012-03-31": "129.55800", "2011-12-31": "125.87100", "2011-09-30": "129.04800", "2011-06-30": "128.50500", "2011-03-31": "123.40900", "2010-12-31": "121.91100", "2010-09-30": "129.43800", "2010-06-30": "131.29700", "2010-03-31": "134.82000", "2009-12-31": "140.98900", "2009-09-30": "140.68500", "2009-06-30": "146.56300", "2009-03-31": "122.90900", "2008-12-31": "129.01500", "2008-09-30": "120.50000", "2008-06-30": "", "2008-03-31": "", "2007-12-31": "", "2007-09-30": "135.28000", "2007-06-30": "", "2007-03-31": "", "2006-12-31": "", "2006-09-30": "", "2006-06-30": "", "2006-03-31": "", "2005-12-31": "", "2005-09-30": "", "2005-06-30": "", "2005-03-31": ""}, "Total Long-Term Assets": {"2020-12-31": "11146.55000", "2020-09-30": "11219.13000", "2020-06-30": "10871.13000", "2020-03-31": "10861.61000", "2019-12-31": "11061.92000", "2019-09-30": "11039.93000", "2019-06-30": "11076.76000", "2019-03-31": "11188.13000", "2018-12-31": "11791.62000", "2018-09-30": "11775.47000", "2018-06-30": "11905.19000", "2018-03-31": "11998.52000", "2017-12-31": "11065.08000", "2017-09-30": "11013.17000", "2017-06-30": "10976.79000", "2017-03-31": "10903.09000", "2016-12-31": "10840.52000", "2016-09-30": "10785.65000", "2016-06-30": "10456.99000", "2016-03-31": "10425.29000", "2015-12-31": "10394.13000", "2015-09-30": "7628.49500", "2015-06-30": "7431.47000", "2015-03-31": "7448.70800", "2014-12-31": "4760.20600", "2014-09-30": "4731.97800", "2014-06-30": "4739.22000", "2014-03-31": "4601.22000", "2013-12-31": "4567.75000", "2013-09-30": "4524.98700", "2013-06-30": "4440.25900", "2013-03-31": "4386.64700", "2012-12-31": "4473.33300", "2012-09-30": "4383.79200", "2012-06-30": "4577.17000", "2012-03-31": "4041.39500", "2011-12-31": "4022.48600", "2011-09-30": "3607.63000", "2011-06-30": "3734.42400", "2011-03-31": "3724.77000", "2010-12-31": "3704.14600", "2010-09-30": "3686.49300", "2010-06-30": "3665.78200", "2010-03-31": "3655.25800", "2009-12-31": "3640.14000", "2009-09-30": "3618.98700", "2009-06-30": "3597.37100", "2009-03-31": "3544.33700", "2008-12-31": "3554.07700", "2008-09-30": "3548.02500", "2008-06-30": "3540.54900", "2008-03-31": "3764.22000", "2007-12-31": "3772.92100", "2007-09-30": "3372.21200", "2007-06-30": "3741.03900", "2007-03-31": "3711.96200", "2006-12-31": "3711.03700", "2006-09-30": "3573.51300", "2006-06-30": "3562.46700", "2006-03-31": "3576.45500", "2005-12-31": "3409.41800", "2005-09-30": "3393.48200", "2005-06-30": "3405.04600", "2005-03-31": "3386.91100"}, "Total Assets": {"2020-12-31": "45846.77000", "2020-09-30": "44274.83000", "2020-06-30": "40789.70000", "2020-03-31": "42042.26000", "2019-12-31": "40016.74000", "2019-09-30": "39171.98000", "2019-06-30": "38478.54000", "2019-03-31": "38810.31000", "2018-12-31": "39267.82000", "2018-09-30": "37669.84000", "2018-06-30": "38309.59000", "2018-03-31": "38395.73000", "2017-12-31": "36361.51000", "2017-09-30": "35316.47000", "2017-06-30": "34654.01000", "2017-03-31": "34397.01000", "2016-12-31": "33919.27000", "2016-09-30": "33637.50000", "2016-06-30": "31914.24000", "2016-03-31": "32495.36000", "2015-12-31": "30755.80000", "2015-09-30": "27962.98000", "2015-06-30": "27333.50000", "2015-03-31": "27005.53000", "2014-12-31": "24904.92000", "2014-09-30": "21532.18000", "2014-06-30": "20630.61000", "2014-03-31": "20361.25000", "2013-12-31": "19796.10000", "2013-09-30": "18918.64000", "2013-06-30": "16579.33000", "2013-03-31": "16111.43000", "2012-12-31": "15495.53000", "2012-09-30": "15442.26000", "2012-06-30": "15747.59000", "2012-03-31": "15645.04000", "2011-12-31": "15978.27000", "2011-09-30": "14982.67000", "2011-06-30": "14855.73000", "2011-03-31": "14681.02000", "2010-12-31": "14132.32000", "2010-09-30": "14434.84000", "2010-06-30": "14003.79000", "2010-03-31": "13822.29000", "2009-12-31": "13556.27000", "2009-09-30": "13572.74000", "2009-06-30": "12735.75000", "2009-03-31": "12549.72000", "2008-12-31": "12561.15000", "2008-09-30": "12217.79000", "2008-06-30": "11988.34000", "2008-03-31": "12572.98000", "2007-12-31": "12611.76000", "2007-09-30": "12310.06000", "2007-06-30": "12891.22000", "2007-03-31": "13586.77000", "2006-12-31": "13042.92000", "2006-09-30": "12783.92000", "2006-06-30": "12867.04000", "2006-03-31": "12781.57000", "2005-12-31": "12575.88000", "2005-09-30": "11381.17000", "2005-06-30": "11406.96000", "2005-03-31": "11632.81000"}, "Total Current Liabilities": {"2020-12-31": "35044.45000", "2020-09-30": "33853.08000", "2020-06-30": "30631.57000", "2020-03-31": "32111.79000", "2019-12-31": "30630.46000", "2019-09-30": "29581.29000", "2019-06-30": "28788.87000", "2019-03-31": "29211.90000", "2018-12-31": "29351.74000", "2018-09-30": "27869.69000", "2018-06-30": "28099.67000", "2018-03-31": "28094.40000", "2017-12-31": "26740.29000", "2017-09-30": "26818.16000", "2017-06-30": "25751.08000", "2017-03-31": "25531.43000", "2016-12-31": "25542.76000", "2016-09-30": "25280.37000", "2016-06-30": "23997.26000", "2016-03-31": "23770.91000", "2015-12-31": "24024.34000", "2015-09-30": "21578.23000", "2015-06-30": "21117.29000", "2015-03-31": "20225.91000", "2014-12-31": "20805.03000", "2014-09-30": "17250.16000", "2014-06-30": "16339.36000", "2014-03-31": "16499.93000", "2013-12-31": "15828.90000", "2013-09-30": "14870.63000", "2013-06-30": "12441.65000", "2013-03-31": "12042.65000", "2012-12-31": "11435.74000", "2012-09-30": "11265.59000", "2012-06-30": "10951.36000", "2012-03-31": "10915.00000", "2011-12-31": "11301.38000", "2011-09-30": "10875.26000", "2011-06-30": "10007.79000", "2011-03-31": "9950.17200", "2010-12-31": "9640.90500", "2010-09-30": "9906.34400", "2010-06-30": "9486.68700", "2010-03-31": "9426.39800", "2009-12-31": "9243.44800", "2009-09-30": "9479.61000", "2009-06-30": "8586.97400", "2009-03-31": "8478.10600", "2008-12-31": "8506.79700", "2008-09-30": "8167.58900", "2008-06-30": "7871.50200", "2008-03-31": "8234.96500", "2007-12-31": "8311.51100", "2007-09-30": "7864.11000", "2007-06-30": "7840.89400", "2007-03-31": "8190.94300", "2006-12-31": "7787.32200", "2006-09-30": "7459.18800", "2006-06-30": "7439.99400", "2006-03-31": "7132.45300", "2005-12-31": "7106.10700", "2005-09-30": "6052.09600", "2005-06-30": "6270.33500", "2005-03-31": "6552.72700"}, "Long Term Debt": {"2020-12-31": "3640.74100", "2020-09-30": "3618.26100", "2020-06-30": "3620.64100", "2020-03-31": "3622.38700", "2019-12-31": "3636.11400", "2019-09-30": "4354.39800", "2019-06-30": "4339.92900", "2019-03-31": "4359.90000", "2018-12-31": "4516.58300", "2018-09-30": "4510.82800", "2018-06-30": "4569.76200", "2018-03-31": "4640.02100", "2017-12-31": "4617.25900", "2017-09-30": "3781.56900", "2017-06-30": "3781.79300", "2017-03-31": "3839.59800", "2016-12-31": "3871.58400", "2016-09-30": "3852.48400", "2016-06-30": "3794.03600", "2016-03-31": "4368.58600", "2015-12-31": "4393.31700", "2015-09-30": "3739.22500", "2015-06-30": "3742.78100", "2015-03-31": "3942.51700", "2014-12-31": "1995.88500", "2014-09-30": "1995.63200", "2014-06-30": "1995.48200", "2014-03-31": "1396.94800", "2013-12-31": "1396.77600", "2013-09-30": "1396.60600", "2013-06-30": "1396.43900", "2013-03-31": "1396.27200", "2012-12-31": "1396.10700", "2012-09-30": "1395.93100", "2012-06-30": "1483.72600", "2012-03-31": "1489.97100", "2011-12-31": "1481.93900", "2011-09-30": "972.86300", "2011-06-30": "1361.88900", "2011-03-31": "1342.58100", "2010-12-31": "1287.41000", "2010-09-30": "1343.15800", "2010-06-30": "1359.68100", "2010-03-31": "1358.50500", "2009-12-31": "1375.25600", "2009-09-30": "1176.93300", "2009-06-30": "1190.22500", "2009-03-31": "1159.35100", "2008-12-31": "1185.33900", "2008-09-30": "1187.41200", "2008-06-30": "1231.19900", "2008-03-31": "1223.76800", "2007-12-31": "1250.28400", "2007-09-30": "1227.07700", "2007-06-30": "1212.93500", "2007-03-31": "1199.13800", "2006-12-31": "1210.93800", "2006-09-30": "1093.93100", "2006-06-30": "1082.21200", "2006-03-31": "1077.53300", "2005-12-31": "1051.43300", "2005-09-30": "951.47900", "2005-06-30": "856.06800", "2005-03-31": "856.37100"}, "Other Non-Current Liabilities": {"2020-12-31": "6969.47800", "2020-09-30": "6956.64300", "2020-06-30": "763.28000", "2020-03-31": "759.06200", "2019-12-31": "785.63400", "2019-09-30": "382.88700", "2019-06-30": "370.99200", "2019-03-31": "342.97900", "2018-12-31": "355.23800", "2018-09-30": "409.95200", "2018-06-30": "486.74700", "2018-03-31": "489.62900", "2017-12-31": "469.75900", "2017-09-30": "159.66300", "2017-06-30": "167.16000", "2017-03-31": "164.64600", "2016-12-31": "165.50700", "2016-09-30": "160.47000", "2016-06-30": "122.30400", "2016-03-31": "123.50600", "2015-12-31": "105.82600", "2015-09-30": "84.90400", "2015-06-30": "897.80800", "2015-03-31": "920.85200", "2014-12-31": "335.65200", "2014-09-30": "88.28700", "2014-06-30": "309.41000", "2014-03-31": "318.85300", "2013-12-31": "322.61900", "2013-09-30": "331.65200", "2013-06-30": "323.05100", "2013-03-31": "326.22800", "2012-12-31": "326.45300", "2012-09-30": "325.89700", "2012-06-30": "382.78800", "2012-03-31": "293.59000", "2011-12-31": "290.35100", "2011-09-30": "267.68600", "2011-06-30": "282.97500", "2011-03-31": "255.23300", "2010-12-31": "241.99800", "2010-09-30": "231.04400", "2010-06-30": "226.22600", "2010-03-31": "205.46300", "2009-12-31": "196.70600", "2009-09-30": "199.72800", "2009-06-30": "174.23400", "2009-03-31": "153.56300", "2008-12-31": "153.19300", "2008-09-30": "152.74000", "2008-06-30": "161.67400", "2008-03-31": "166.44400", "2007-12-31": "164.78000", "2007-09-30": "119.15700", "2007-06-30": "101.55200", "2007-03-31": "102.00700", "2006-12-31": "105.38700", "2006-09-30": "89.64400", "2006-06-30": "114.55600", "2006-03-31": "104.99000", "2005-12-31": "98.62500", "2005-09-30": "97.24200", "2005-06-30": "96.19300", "2005-03-31": "61.72100"}, "Total Long Term Liabilities": {"2020-12-31": "11313.87000", "2020-09-30": "11261.39000", "2020-06-30": "6190.18100", "2020-03-31": "6225.35900", "2019-12-31": "6317.20100", "2019-09-30": "6597.48000", "2019-06-30": "6582.47000", "2019-03-31": "6560.08000", "2018-12-31": "6751.35300", "2018-09-30": "6750.19000", "2018-06-30": "6933.98900", "2018-03-31": "6937.73200", "2017-12-31": "6746.63700", "2017-09-30": "6433.84400", "2017-06-30": "6349.42000", "2017-03-31": "6336.29500", "2016-12-31": "6259.95700", "2016-09-30": "6227.72800", "2016-06-30": "6037.67100", "2016-03-31": "6533.28300", "2015-12-31": "5431.44200", "2015-09-30": "5768.36900", "2015-06-30": "4640.58900", "2015-03-31": "4863.36900", "2014-12-31": "2331.53700", "2014-09-30": "2325.12400", "2014-06-30": "2304.89200", "2014-03-31": "1715.80100", "2013-12-31": "1719.39500", "2013-09-30": "1728.25800", "2013-06-30": "1719.49000", "2013-03-31": "1722.50000", "2012-12-31": "1722.56000", "2012-09-30": "1721.82800", "2012-06-30": "1866.51400", "2012-03-31": "1783.56100", "2011-12-31": "1772.29000", "2011-09-30": "1240.54900", "2011-06-30": "1644.86400", "2011-03-31": "1597.81400", "2010-12-31": "1529.40800", "2010-09-30": "1574.20200", "2010-06-30": "1585.90700", "2010-03-31": "1563.96800", "2009-12-31": "1571.96200", "2009-09-30": "1376.66100", "2009-06-30": "1364.45900", "2009-03-31": "1312.91400", "2008-12-31": "1338.53200", "2008-09-30": "1340.15200", "2008-06-30": "1392.87300", "2008-03-31": "1390.21200", "2007-12-31": "1415.06400", "2007-09-30": "1346.23400", "2007-06-30": "1314.48700", "2007-03-31": "1301.14500", "2006-12-31": "1316.32500", "2006-09-30": "1183.57500", "2006-06-30": "1196.76800", "2006-03-31": "1182.52300", "2005-12-31": "1150.05800", "2005-09-30": "1048.72100", "2005-06-30": "952.26100", "2005-03-31": "918.09200"}, "Total Liabilities": {"2020-12-31": "46358.32000", "2020-09-30": "45114.46000", "2020-06-30": "36821.75000", "2020-03-31": "38337.15000", "2019-12-31": "36947.66000", "2019-09-30": "36178.77000", "2019-06-30": "35371.34000", "2019-03-31": "35771.98000", "2018-12-31": "36103.09000", "2018-09-30": "34619.88000", "2018-06-30": "35033.66000", "2018-03-31": "35032.14000", "2017-12-31": "33486.93000", "2017-09-30": "33252.01000", "2017-06-30": "32100.50000", "2017-03-31": "31867.72000", "2016-12-31": "31802.71000", "2016-09-30": "31508.10000", "2016-06-30": "30034.93000", "2016-03-31": "30304.19000", "2015-12-31": "29455.78000", "2015-09-30": "27346.60000", "2015-06-30": "25757.88000", "2015-03-31": "25089.28000", "2014-12-31": "23136.57000", "2014-09-30": "19575.28000", "2014-06-30": "18644.25000", "2014-03-31": "18215.73000", "2013-12-31": "17548.29000", "2013-09-30": "16598.89000", "2013-06-30": "14161.14000", "2013-03-31": "13765.15000", "2012-12-31": "13158.30000", "2012-09-30": "12987.42000", "2012-06-30": "12817.88000", "2012-03-31": "12698.56000", "2011-12-31": "13073.67000", "2011-09-30": "12115.81000", "2011-06-30": "11652.65000", "2011-03-31": "11547.99000", "2010-12-31": "11170.31000", "2010-09-30": "11480.55000", "2010-06-30": "11072.59000", "2010-03-31": "10990.37000", "2009-12-31": "10815.41000", "2009-09-30": "10856.27000", "2009-06-30": "9951.43300", "2009-03-31": "9791.02000", "2008-12-31": "9845.32900", "2008-09-30": "9507.74100", "2008-06-30": "9264.37500", "2008-03-31": "9625.17700", "2007-12-31": "9726.57500", "2007-09-30": "9210.34400", "2007-06-30": "9155.38100", "2007-03-31": "9492.08800", "2006-12-31": "9103.64700", "2006-09-30": "8642.76300", "2006-06-30": "8636.76200", "2006-03-31": "8314.97600", "2005-12-31": "8256.16500", "2005-09-30": "7100.81700", "2005-06-30": "7222.59600", "2005-03-31": "7470.81900"}, "Common Stock Net": {"2020-12-31": "2.89100", "2020-09-30": "2.87800", "2020-06-30": "2.87500", "2020-03-31": "2.86800", "2019-12-31": "2.86000", "2019-09-30": "2.85300", "2019-06-30": "2.84900", "2019-03-31": "2.84600", "2018-12-31": "2.84200", "2018-09-30": "2.83600", "2018-06-30": "2.83300", "2018-03-31": "2.83100", "2017-12-31": "2.81400", "2017-09-30": "2.80600", "2017-06-30": "2.80400", "2017-03-31": "2.79600", "2016-12-31": "2.78300", "2016-09-30": "2.77800", "2016-06-30": "2.77000", "2016-03-31": "2.76500", "2015-12-31": "2.75900", "2015-09-30": "2.75000", "2015-06-30": "2.74700", "2015-03-31": "2.74100", "2014-12-31": "2.72000", "2014-09-30": "2.71100", "2014-06-30": "2.70700", "2014-03-31": "2.69500", "2013-12-31": "2.68600", "2013-09-30": "2.67800", "2013-06-30": "2.67100", "2013-03-31": "2.65100", "2012-12-31": "2.64000", "2012-09-30": "2.62500", "2012-06-30": "2.61600", "2012-03-31": "2.60800", "2011-12-31": "2.58400", "2011-09-30": "4.96500", "2011-06-30": "4.95800", "2011-03-31": "4.93900", "2010-12-31": "4.92000", "2010-09-30": "4.89800", "2010-06-30": "4.89400", "2010-03-31": "4.86700", "2009-12-31": "4.84600", "2009-09-30": "4.82900", "2009-06-30": "4.82100", "2009-03-31": "2.40900", "2008-12-31": "2.40600", "2008-09-30": "4.81200", "2008-06-30": "2.40200", "2008-03-31": "2.38700", "2007-12-31": "2.38100", "2007-09-30": "2.37900", "2007-06-30": "2.37800", "2007-03-31": "2.37500", "2006-12-31": "2.35700", "2006-09-30": "2.35400", "2006-06-30": "2.34800", "2006-03-31": "2.34400", "2005-12-31": "2.32300", "2005-09-30": "2.31200", "2005-06-30": "1.14200", "2005-03-31": "1.13500"}, "Retained Earnings (Accumulated Deficit)": {"2020-12-31": "780.97100", "2020-09-30": "518.33500", "2020-06-30": "5451.22100", "2020-03-31": "5248.00500", "2019-12-31": "4375.18100", "2019-09-30": "4235.49100", "2019-06-30": "4186.78200", "2019-03-31": "3969.45900", "2018-12-31": "4027.21700", "2018-09-30": "3720.58200", "2018-06-30": "3569.37100", "2018-03-31": "3376.99300", "2017-12-31": "3173.51600", "2017-09-30": "2395.21800", "2017-06-30": "2819.90700", "2017-03-31": "2849.63000", "2016-12-31": "2518.08100", "2016-09-30": "2303.94100", "2016-06-30": "2250.86800", "2016-03-31": "1974.30600", "2015-12-31": "1440.80100", "2015-09-30": "1164.48900", "2015-06-30": "879.20100", "2015-03-31": "728.97300", "2014-12-31": "1306.45700", "2014-09-30": "1570.42900", "2014-06-30": "1555.53800", "2014-03-31": "1621.47900", "2013-12-31": "1495.43200", "2013-09-30": "1508.41400", "2013-06-30": "1506.10200", "2013-03-31": "1386.46500", "2012-12-31": "1389.43900", "2012-09-30": "1270.42300", "2012-06-30": "1139.60800", "2012-03-31": "990.98900", "2011-12-31": "812.60500", "2011-09-30": "4055.66400", "2011-06-30": "3939.04400", "2011-03-31": "3786.27400", "2010-12-31": "3598.65100", "2010-09-30": "3465.88600", "2010-06-30": "3346.97500", "2010-03-31": "3206.32200", "2009-12-31": "3047.91800", "2009-09-30": "2919.76000", "2009-06-30": "2806.40400", "2009-03-31": "2702.72400", "2008-12-31": "2574.56300", "2008-09-30": "2479.07800", "2008-06-30": "2376.09700", "2008-03-31": "2496.20700", "2007-12-31": "2374.51500", "2007-09-30": "2286.48900", "2007-06-30": "2404.28800", "2007-03-31": "2283.70200", "2006-12-31": "2163.74100", "2006-09-30": "2051.21200", "2006-06-30": "1934.25700", "2006-03-31": "1819.89500", "2005-12-31": "1696.14800", "2005-09-30": "1604.09300", "2005-06-30": "1587.19700", "2005-03-31": "1495.03100"}, "Comprehensive Income": {"2020-12-31": "-70.46700", "2020-09-30": "-108.83000", "2020-06-30": "-128.66400", "2020-03-31": "-132.80800", "2019-12-31": "-87.73100", "2019-09-30": "-111.96500", "2019-06-30": "-86.88300", "2019-03-31": "-85.14200", "2018-12-31": "-92.88300", "2018-09-30": "-79.25300", "2018-06-30": "-82.02000", "2018-03-31": "-43.50600", "2017-12-31": "-96.33800", "2017-09-30": "-95.85000", "2017-06-30": "-112.45800", "2017-03-31": "-123.49000", "2016-12-31": "-141.85100", "2016-09-30": "-114.30800", "2016-06-30": "-110.97800", "2016-03-31": "-102.18400", "2015-12-31": "-115.81400", "2015-09-30": "-136.33300", "2015-06-30": "-69.00600", "2015-03-31": "-75.58500", "2014-12-31": "-60.72700", "2014-09-30": "-52.04600", "2014-06-30": "-39.37800", "2014-03-31": "-44.51400", "2013-12-31": "-41.07600", "2013-09-30": "-35.48300", "2013-06-30": "-55.09700", "2013-03-31": "-56.24400", "2012-12-31": "-33.89000", "2012-09-30": "-32.65700", "2012-06-30": "-43.25300", "2012-03-31": "-37.36200", "2011-12-31": "-44.38100", "2011-09-30": "-50.86800", "2011-06-30": "-22.48800", "2011-03-31": "-26.70700", "2010-12-31": "-35.83400", "2010-09-30": "-42.53600", "2010-06-30": "-50.15900", "2010-03-31": "-38.29300", "2009-12-31": "-42.81800", "2009-09-30": "-46.09600", "2009-06-30": "-20.98300", "2009-03-31": "-27.73100", "2008-12-31": "-26.55600", "2008-09-30": "-16.49000", "2008-06-30": "-8.07100", "2008-03-31": "-8.06400", "2007-12-31": "-8.03500", "2007-09-30": "-5.24700", "2007-06-30": "-9.37100", "2007-03-31": "-16.56400", "2006-12-31": "-16.37100", "2006-09-30": "-15.30300", "2006-06-30": "-25.11500", "2006-03-31": "-25.57300", "2005-12-31": "-24.87700", "2005-09-30": "-24.81400", "2005-06-30": "-13.59500", "2005-03-31": "-13.57700"}, "Other Share Holders Equity": {"2020-12-31": "", "2020-09-30": "", "2020-06-30": "", "2020-03-31": "", "2019-12-31": "", "2019-09-30": "", "2019-06-30": "", "2019-03-31": "", "2018-12-31": "", "2018-09-30": "", "2018-06-30": "", "2018-03-31": "", "2017-12-31": "", "2017-09-30": "", "2017-06-30": "", "2017-03-31": "", "2016-12-31": "", "2016-09-30": "", "2016-06-30": "", "2016-03-31": "", "2015-12-31": "", "2015-09-30": "", "2015-06-30": "", "2015-03-31": "", "2014-12-31": "", "2014-09-30": "", "2014-06-30": "", "2014-03-31": "", "2013-12-31": "", "2013-09-30": "", "2013-06-30": "", "2013-03-31": "", "2012-12-31": "", "2012-09-30": "", "2012-06-30": "", "2012-03-31": "", "2011-12-31": "", "2011-09-30": "", "2011-06-30": "", "2011-03-31": "", "2010-12-31": "", "2010-09-30": "", "2010-06-30": "", "2010-03-31": "", "2009-12-31": "", "2009-09-30": "", "2009-06-30": "", "2009-03-31": "", "2008-12-31": "", "2008-09-30": "", "2008-06-30": "", "2008-03-31": "", "2007-12-31": "", "2007-09-30": "", "2007-06-30": "", "2007-03-31": "", "2006-12-31": "", "2006-09-30": "", "2006-06-30": "", "2006-03-31": "", "2005-12-31": "", "2005-09-30": "", "2005-06-30": "", "2005-03-31": ""}, "Share Holder Equity": {"2020-12-31": "-511.54800", "2020-09-30": "-839.63600", "2020-06-30": "3967.95100", "2020-03-31": "3705.11300", "2019-12-31": "3069.08100", "2019-09-30": "2993.20600", "2019-06-30": "3107.19700", "2019-03-31": "3038.33100", "2018-12-31": "3164.73300", "2018-09-30": "3049.96100", "2018-06-30": "3275.93200", "2018-03-31": "3363.59600", "2017-12-31": "2874.58200", "2017-09-30": "2064.46100", "2017-06-30": "2553.51400", "2017-03-31": "2529.29200", "2016-12-31": "2116.55700", "2016-09-30": "2129.40400", "2016-06-30": "1879.31700", "2016-03-31": "2191.16200", "2015-12-31": "1300.01900", "2015-09-30": "616.38600", "2015-06-30": "1575.62400", "2015-03-31": "1916.25500", "2014-12-31": "1768.34600", "2014-09-30": "1956.89900", "2014-06-30": "1986.35500", "2014-03-31": "2145.51500", "2013-12-31": "2247.80200", "2013-09-30": "2319.74500", "2013-06-30": "2418.19400", "2013-03-31": "2346.28000", "2012-12-31": "2337.23500", "2012-09-30": "2454.84200", "2012-06-30": "2929.71500", "2012-03-31": "2946.47500", "2011-12-31": "2904.59900", "2011-09-30": "2866.85800", "2011-06-30": "3203.08000", "2011-03-31": "3133.03000", "2010-12-31": "2962.00600", "2010-09-30": "2954.29700", "2010-06-30": "2931.19100", "2010-03-31": "2831.92200", "2009-12-31": "2740.86100", "2009-09-30": "2716.46900", "2009-06-30": "2784.31800", "2009-03-31": "2758.69600", "2008-12-31": "2715.81700", "2008-09-30": "2710.04500", "2008-06-30": "2723.96500", "2008-03-31": "2947.79900", "2007-12-31": "2885.18200", "2007-09-30": "3099.72000", "2007-06-30": "3735.83900", "2007-03-31": "4094.68400", "2006-12-31": "3939.27100", "2006-09-30": "4141.15700", "2006-06-30": "4230.28000", "2006-03-31": "4466.59200", "2005-12-31": "4319.71300", "2005-09-30": "4280.35700", "2005-06-30": "4184.36500", "2005-03-31": "4161.99300"}, "Total Liabilities And Share Holders Equity": {"2020-12-31": "45846.77000", "2020-09-30": "44274.83000", "2020-06-30": "40789.70000", "2020-03-31": "42042.26000", "2019-12-31": "40016.74000", "2019-09-30": "39171.98000", "2019-06-30": "38478.54000", "2019-03-31": "38810.31000", "2018-12-31": "39267.82000", "2018-09-30": "37669.84000", "2018-06-30": "38309.59000", "2018-03-31": "38395.73000", "2017-12-31": "36361.51000", "2017-09-30": "35316.47000", "2017-06-30": "34654.01000", "2017-03-31": "34397.01000", "2016-12-31": "33919.27000", "2016-09-30": "33637.50000", "2016-06-30": "31914.24000", "2016-03-31": "32495.36000", "2015-12-31": "30755.80000", "2015-09-30": "27962.98000", "2015-06-30": "27333.50000", "2015-03-31": "27005.53000", "2014-12-31": "24904.92000", "2014-09-30": "21532.18000", "2014-06-30": "20630.61000", "2014-03-31": "20361.25000", "2013-12-31": "19796.10000", "2013-09-30": "18918.64000", "2013-06-30": "16579.33000", "2013-03-31": "16111.43000", "2012-12-31": "15495.53000", "2012-09-30": "15442.26000", "2012-06-30": "15747.59000", "2012-03-31": "15645.04000", "2011-12-31": "15978.27000", "2011-09-30": "14982.67000", "2011-06-30": "14855.73000", "2011-03-31": "14681.02000", "2010-12-31": "14132.32000", "2010-09-30": "14434.84000", "2010-06-30": "14003.79000", "2010-03-31": "13822.29000", "2009-12-31": "13556.27000", "2009-09-30": "13572.74000", "2009-06-30": "12735.75000", "2009-03-31": "12549.72000", "2008-12-31": "12561.15000", "2008-09-30": "12217.79000", "2008-06-30": "11988.34000", "2008-03-31": "12572.98000", "2007-12-31": "12611.76000", "2007-09-30": "12310.06000", "2007-06-30": "12891.22000", "2007-03-31": "13586.77000", "2006-12-31": "13042.92000", "2006-09-30": "12783.92000", "2006-06-30": "12867.04000", "2006-03-31": "12781.57000", "2005-12-31": "12575.88000", "2005-09-30": "11381.17000", "2005-06-30": "11406.96000", "2005-03-31": "11632.81000"}}, "cash flow statement": {"Net Income/Loss": {"2020-09-30": "-3399.55800", "2019-09-30": "854.13500", "2018-09-30": "1615.89200", "2017-09-30": "364.48400", "2016-09-30": "1427.92900", "2015-09-30": "-138.16500", "2014-09-30": "274.23000", "2013-09-30": "433.70700", "2012-09-30": "718.98600", "2011-09-30": "706.62400", "2010-09-30": "636.74800", "2009-09-30": "503.39700", "2008-09-30": "250.55900", "2007-09-30": "469.16700", "2006-09-30": "467.71400", "2005-09-30": "264.64500"}, "Total Depreciation And Amortization - Cash Flow": {"2020-09-30": "408.01300", "2019-09-30": "497.51200", "2018-09-30": "569.79300", "2017-09-30": "432.33100", "2016-09-30": "392.16600", "2015-09-30": "255.98800", "2014-09-30": "196.61700", "2013-09-30": "170.79300", "2012-09-30": "140.51500", "2011-09-30": "106.96900", "2010-09-30": "89.51900", "2009-09-30": "94.31600", "2008-09-30": "95.88200", "2007-09-30": "97.79700", "2006-09-30": "92.82000", "2005-09-30": "90.88200"}, "Other Non-Cash Items": {"2020-09-30": "-1553.01200", "2019-09-30": "620.34400", "2018-09-30": "-567.64200", "2017-09-30": "232.42700", "2016-09-30": "330.19700", "2015-09-30": "1577.39100", "2014-09-30": "904.95900", "2013-09-30": "321.61300", "2012-09-30": "31.97300", "2011-09-30": "247.98800", "2010-09-30": "192.07700", "2009-09-30": "160.86300", "2008-09-30": "358.11900", "2007-09-30": "88.13300", "2006-09-30": "124.86200", "2005-09-30": "191.40700"}, "Total Non-Cash Items": {"2020-09-30": "-1144.99900", "2019-09-30": "1117.85600", "2018-09-30": "2.15100", "2017-09-30": "664.75800", "2016-09-30": "722.36300", "2015-09-30": "1833.37900", "2014-09-30": "1101.57600", "2013-09-30": "492.40600", "2012-09-30": "172.48800", "2011-09-30": "354.95700", "2010-09-30": "281.59600", "2009-09-30": "255.17900", "2008-09-30": "454.00100", "2007-09-30": "185.93000", "2006-09-30": "217.68200", "2005-09-30": "282.28900"}, "Change In Accounts Receivable": {"2020-09-30": "-1628.99100", "2019-09-30": "-1241.89000", "2018-09-30": "-657.77000", "2017-09-30": "-1277.89600", "2016-09-30": "-912.72400", "2015-09-30": "-1478.79300", "2014-09-30": "-938.28600", "2013-09-30": "-2312.51800", "2012-09-30": "71.51000", "2011-09-30": "-23.93400", "2010-09-30": "63.02800", "2009-09-30": "-457.77100", "2008-09-30": "8.74500", "2007-09-30": "-236.03100", "2006-09-30": "-673.17500", "2005-09-30": "-392.76900"}, "Change In Inventories": {"2020-09-30": "-1621.14300", "2019-09-30": "-167.99000", "2018-09-30": "-4.92300", "2017-09-30": "-431.45400", "2016-09-30": "-1107.25200", "2015-09-30": "-1379.18900", "2014-09-30": "-1304.56900", "2013-09-30": "-1486.57200", "2012-09-30": "-116.17400", "2011-09-30": "-228.30300", "2010-09-30": "-241.91800", "2009-09-30": "-765.01100", "2008-09-30": "-8.01300", "2007-09-30": "286.09600", "2006-09-30": "-349.28400", "2005-09-30": "1072.57700"}, "Change In Accounts Payable": {"2020-09-30": "3300.83200", "2019-09-30": "1561.04800", "2018-09-30": "859.03600", "2017-09-30": "1473.38900", "2016-09-30": "3011.50800", "2015-09-30": "4957.22700", "2014-09-30": "2255.32100", "2013-09-30": "", "2012-09-30": "", "2011-09-30": "", "2010-09-30": "", "2009-09-30": "", "2008-09-30": "", "2007-09-30": "", "2006-09-30": "", "2005-09-30": ""}, "Change In Assets/Liabilities": {"2020-09-30": "-18.77600", "2019-09-30": "-5.47100", "2018-09-30": "-74.99200", "2017-09-30": "683.66500", "2016-09-30": "-13.10300", "2015-09-30": "-37.13100", "2014-09-30": "21.10700", "2013-09-30": "-157.18600", "2012-09-30": "42.53900", "2011-09-30": "-30.08300", "2010-09-30": "-11.52600", "2009-09-30": "-11.63500", "2008-09-30": "-21.90700", "2007-09-30": "-4.82300", "2006-09-30": "-8.35800", "2005-09-30": "-11.52600"}, "Total Change In Assets/Liabilities": {"2020-09-30": "6751.59700", "2019-09-30": "372.03200", "2018-09-30": "-206.65500", "2017-09-30": "474.89610", "2016-09-30": "1028.20500", "2015-09-30": "2227.01400", "2014-09-30": "88.84810", "2013-09-30": "-137.98800", "2012-09-30": "413.97500", "2011-09-30": "106.36700", "2010-09-30": "190.28000", "2009-09-30": "25.18700", "2008-09-30": "32.50900", "2007-09-30": "552.80700", "2006-09-30": "121.86900", "2005-09-30": "979.70400"}, "Cash Flow From Operating Activities": {"2020-09-30": "2207.04000", "2019-09-30": "2344.02300", "2018-09-30": "1411.38800", "2017-09-30": "1504.13800", "2016-09-30": "3178.49700", "2015-09-30": "3922.22800", "2014-09-30": "1464.65400", "2013-09-30": "788.12500", "2012-09-30": "1305.44900", "2011-09-30": "1167.94800", "2010-09-30": "1108.62400", "2009-09-30": "783.76300", "2008-09-30": "737.06900", "2007-09-30": "1207.90400", "2006-09-30": "807.26500", "2005-09-30": "1526.63800"}, "Net Change In Property, Plant, And Equipment": {"2020-09-30": "-333.31300", "2019-09-30": "-308.92700", "2018-09-30": "-328.31100", "2017-09-30": "-466.39700", "2016-09-30": "-464.61600", "2015-09-30": "-231.58500", "2014-09-30": "-264.45700", "2013-09-30": "-202.45000", "2012-09-30": "-133.29200", "2011-09-30": "-155.27400", "2010-09-30": "-176.20900", "2009-09-30": "-145.72900", "2008-09-30": "-134.28900", "2007-09-30": "-103.20100", "2006-09-30": "-62.23200", "2005-09-30": "-199.15700"}, "Net Change In Intangible Assets": {"2020-09-30": "", "2019-09-30": "", "2018-09-30": "", "2017-09-30": "", "2016-09-30": "", "2015-09-30": "", "2014-09-30": "", "2013-09-30": "", "2012-09-30": "", "2011-09-30": "", "2010-09-30": "", "2009-09-30": "", "2008-09-30": "", "2007-09-30": "", "2006-09-30": "", "2005-09-30": ""}, "Net Acquisitions/Divestitures": {"2020-09-30": "", "2019-09-30": "-63.95100", "2018-09-30": "-785.29900", "2017-09-30": "-49.55400", "2016-09-30": "-2731.35600", "2015-09-30": "-2616.24900", "2014-09-30": "-9.10300", "2013-09-30": "329.98000", "2012-09-30": "-775.67000", "2011-09-30": "-45.38000", "2010-09-30": "", "2009-09-30": "-1.48200", "2008-09-30": "-169.23000", "2007-09-30": "-86.26600", "2006-09-30": "-296.22400", "2005-09-30": "10.15600"}, "Net Change In Short-term Investments": {"2020-09-30": "", "2019-09-30": "", "2018-09-30": "", "2017-09-30": "", "2016-09-30": "", "2015-09-30": "", "2014-09-30": "", "2013-09-30": "", "2012-09-30": "", "2011-09-30": "", "2010-09-30": "", "2009-09-30": "", "2008-09-30": "", "2007-09-30": "", "2006-09-30": "", "2005-09-30": ""}, "Net Change In Long-Term Investments": {"2020-09-30": "-56.08000", "2019-09-30": "", "2018-09-30": "", "2017-09-30": "14.79600", "2016-09-30": "40.71200", "2015-09-30": "-86.21400", "2014-09-30": "-117.79400", "2013-09-30": "", "2012-09-30": "", "2011-09-30": "", "2010-09-30": "", "2009-09-30": "", "2008-09-30": "467.41910", "2007-09-30": "-399.57910", "2006-09-30": "281.29000", "2005-09-30": "-349.13000"}, "Net Change In Investments - Total": {"2020-09-30": "-56.08000", "2019-09-30": "", "2018-09-30": "", "2017-09-30": "14.79600", "2016-09-30": "40.71200", "2015-09-30": "-86.21400", "2014-09-30": "-117.79400", "2013-09-30": "", "2012-09-30": "", "2011-09-30": "", "2010-09-30": "", "2009-09-30": "", "2008-09-30": "467.41910", "2007-09-30": "-399.57910", "2006-09-30": "281.29000", "2005-09-30": "-349.13000"}, "Investing Activities - Other": {"2020-09-30": "9.52200", "2019-09-30": "-2.95400", "2018-09-30": "2.49600", "2017-09-30": "3.11400", "2016-09-30": "-13.91900", "2015-09-30": "2.88300", "2014-09-30": "7.19900", "2013-09-30": "-10.27000", "2012-09-30": "-38.98700", "2011-09-30": "-11.76400", "2010-09-30": "-8.16200", "2009-09-30": "-1.13800", "2008-09-30": "-0.47900", "2007-09-30": "-85.39100", "2006-09-30": "34.46400", "2005-09-30": "36.69600"}, "Cash Flow From Investing Activities": {"2020-09-30": "-379.87100", "2019-09-30": "-375.83200", "2018-09-30": "-1111.11400", "2017-09-30": "-498.04100", "2016-09-30": "-3169.17900", "2015-09-30": "-2931.16500", "2014-09-30": "-384.15500", "2013-09-30": "117.26000", "2012-09-30": "-947.94900", "2011-09-30": "-212.41800", "2010-09-30": "-184.37100", "2009-09-30": "-148.34900", "2008-09-30": "163.42100", "2007-09-30": "-674.43700", "2006-09-30": "-42.70200", "2005-09-30": "-501.43500"}, "Net Long-Term Debt": {"2020-09-30": "1.02800", "2019-09-30": "-3.91500", "2018-09-30": "633.42910", "2017-09-30": "-750.00000", "2016-09-30": "200.00000", "2015-09-30": "1496.39000", "2014-09-30": "566.40200", "2013-09-30": "", "2012-09-30": "51.96400", "2011-09-30": "", "2010-09-30": "389.03200", "2009-09-30": "", "2008-09-30": "", "2007-09-30": "125.00000", "2006-09-30": "", "2005-09-30": "-286.83900"}, "Net Current Debt": {"2020-09-30": "-33.03400", "2019-09-30": "-129.15800", "2018-09-30": "2.26560", "2017-09-30": "0.44730", "2016-09-30": "513.21390", "2015-09-30": "", "2014-09-30": "", "2013-09-30": "", "2012-09-30": "", "2011-09-30": "-0.04200", "2010-09-30": "-210.42910", "2009-09-30": "-8.83790", "2008-09-30": "-16.39600", "2007-09-30": "101.75310", "2006-09-30": "134.88800", "2005-09-30": ""}, "Debt Issuance/Retirement Net - Total": {"2020-09-30": "-32.00600", "2019-09-30": "-133.07300", "2018-09-30": "635.69470", "2017-09-30": "-749.55270", "2016-09-30": "713.21390", "2015-09-30": "1496.39000", "2014-09-30": "566.40200", "2013-09-30": "", "2012-09-30": "51.96400", "2011-09-30": "-0.04200", "2010-09-30": "178.60290", "2009-09-30": "-8.83790", "2008-09-30": "-16.39600", "2007-09-30": "226.75310", "2006-09-30": "134.88800", "2005-09-30": "-286.83900"}, "Net Common Equity Issued/Repurchased": {"2020-09-30": "-260.91600", "2019-09-30": "-597.79700", "2018-09-30": "-500.77900", "2017-09-30": "-227.00600", "2016-09-30": "168.90310", "2015-09-30": "-1845.11500", "2014-09-30": "-837.41700", "2013-09-30": "-485.75800", "2012-09-30": "-1047.02200", "2011-09-30": "-685.04600", "2010-09-30": "-337.63700", "2009-09-30": "-428.28400", "2008-09-30": "-595.29000", "2007-09-30": "-1339.76500", "2006-09-30": "-581.20000", "2005-09-30": "-613.69700"}, "Net Total Equity Issued/Repurchased": {"2020-09-30": "-260.91600", "2019-09-30": "-597.79700", "2018-09-30": "-500.77900", "2017-09-30": "-227.00600", "2016-09-30": "168.90310", "2015-09-30": "-1845.11500", "2014-09-30": "-837.41700", "2013-09-30": "-485.75800", "2012-09-30": "-1047.02200", "2011-09-30": "-685.04600", "2010-09-30": "-337.63700", "2009-09-30": "-428.28400", "2008-09-30": "-595.29000", "2007-09-30": "-1339.76500", "2006-09-30": "-581.20000", "2005-09-30": "-613.69700"}, "Total Common And Preferred Stock Dividends Paid": {"2020-09-30": "-343.57800", "2019-09-30": "-338.97400", "2018-09-30": "-333.04100", "2017-09-30": "-320.27000", "2016-09-30": "-288.47700", "2015-09-30": "-253.91900", "2014-09-30": "-214.46900", "2013-09-30": "-195.71600", "2012-09-30": "-132.76000", "2011-09-30": "-117.62400", "2010-09-30": "-90.62200", "2009-09-30": "-62.69600", "2008-09-30": "-48.67400", "2007-09-30": "-37.24900", "2006-09-30": "-20.59500", "2005-09-30": "-10.59800"}, "Financial Activities - Other": {"2020-09-30": "32.88300", "2019-09-30": "-16.66900", "2018-09-30": "-44.74800", "2017-09-30": "-15.98500", "2016-09-30": "-28.56800", "2015-09-30": "-29.49000", "2014-09-30": "-17.50800", "2013-09-30": "-59.51300", "2012-09-30": "10.93600", "2011-09-30": "14.99000", "2010-09-30": "-25.78300", "2009-09-30": "-4.34200", "2008-09-30": "-2.22000", "2007-09-30": "-4.27000", "2006-09-30": "-2.94100", "2005-09-30": "-18.85900"}, "Cash Flow From Financial Activities": {"2020-09-30": "-603.61700", "2019-09-30": "-1086.51300", "2018-09-30": "-242.87300", "2017-09-30": "-1312.81400", "2016-09-30": "565.07200", "2015-09-30": "-632.13400", "2014-09-30": "-502.99200", "2013-09-30": "-740.98700", "2012-09-30": "-1116.88200", "2011-09-30": "-787.72200", "2010-09-30": "-275.43900", "2009-09-30": "-504.16000", "2008-09-30": "-662.58000", "2007-09-30": "-1154.53100", "2006-09-30": "-469.84800", "2005-09-30": "-929.99300"}, "Net Cash Flow": {"2020-09-30": "1223.55200", "2019-09-30": "881.67800", "2018-09-30": "57.40100", "2017-09-30": "-306.71700", "2016-09-30": "574.39000", "2015-09-30": "358.92900", "2014-09-30": "577.50700", "2013-09-30": "164.39800", "2012-09-30": "-759.38200", "2011-09-30": "167.80800", "2010-09-30": "648.81400", "2009-09-30": "131.25400", "2008-09-30": "237.91000", "2007-09-30": "-621.06400", "2006-09-30": "294.71500", "2005-09-30": "95.21000"}, "Stock-Based Compensation": {"2020-09-30": "74.41100", "2019-09-30": "58.87400", "2018-09-30": "62.31600", "2017-09-30": "62.20600", "2016-09-30": "64.99200", "2015-09-30": "60.94400", "2014-09-30": "43.10700", "2013-09-30": "36.27500", "2012-09-30": "25.95400", "2011-09-30": "27.27900", "2010-09-30": "30.04900", "2009-09-30": "27.13800", "2008-09-30": "25.50300", "2007-09-30": "24.05900", "2006-09-30": "15.97500", "2005-09-30": "0.52000"}, "Common Stock Dividends Paid": {"2020-09-30": "-343.57800", "2019-09-30": "-338.97400", "2018-09-30": "-333.04100", "2017-09-30": "-320.27000", "2016-09-30": "-288.47700", "2015-09-30": "-253.91900", "2014-09-30": "-214.46900", "2013-09-30": "-195.71600", "2012-09-30": "-132.76000", "2011-09-30": "-117.62400", "2010-09-30": "-90.62200", "2009-09-30": "-62.69600", "2008-09-30": "-48.67400", "2007-09-30": "-37.24900", "2006-09-30": "-20.59500", "2005-09-30": "-10.59800"}}, "cash flow statement, quarterly": {"Net Income/Loss": {"2020-12-31": "378.70700", "2020-09-30": -4844.505, "2020-06-30": 287.268, "2020-03-31": 971.111, "2019-12-31": "186.56800", "2019-09-30": 132.307, "2019-06-30": 302.002, "2019-03-31": 28.073, "2018-12-31": "391.75300", "2018-09-30": 194.004, "2018-06-30": 277.875, "2018-03-31": 282.16, "2017-12-31": "861.85300", "2017-09-30": -344.587, "2017-06-30": 50.352, "2017-03-31": 411.473, "2016-12-31": "247.24600", "2016-09-30": 145.685, "2016-06-30": 349.155, "2016-03-31": 603.45, "2015-12-31": "329.63900", "2015-09-30": 361.009, "2015-06-30": 214.163, "2015-03-31": -513.39, "2014-12-31": "-199.94700", "2014-09-30": 65.548, "2014-06-30": -12.78, "2014-03-31": 180.077, "2013-12-31": "41.38500", "2013-09-30": 51.023, "2013-06-30": 168.439, "2013-03-31": 45.634, "2012-12-31": "168.61100", "2012-09-30": 163.494, "2012-06-30": 181.271, "2012-03-31": 212.105, "2011-12-31": "162.11600", "2011-09-30": 147.324, "2011-06-30": 184.419, "2011-03-31": 214.381, "2010-12-31": "160.50000", "2010-09-30": 141.228, "2010-06-30": 163.205, "2010-03-31": 181.008, "2009-12-31": "151.30700", "2009-09-30": 130.147, "2009-06-30": 118.807, "2009-03-31": 143.387, "2008-12-31": "111.05600", "2008-09-30": 114.907, "2008-06-30": -108.02, "2008-03-31": 133.852, "2007-12-31": "109.82000", "2007-09-30": 87.576, "2007-06-30": 129.908, "2007-03-31": 129.496, "2006-12-31": "122.18700", "2006-09-30": 121.978, "2006-06-30": 119.468, "2006-03-31": 129.001, "2005-12-31": "97.26700", "2005-09-30": 19.501, "2005-06-30": 94.776, "2005-03-31": 150.368}, "Total Depreciation And Amortization - Cash Flow": {"2020-12-31": "104.28300", "2020-09-30": 99.06, "2020-06-30": 98.785, "2020-03-31": 100.823, "2019-12-31": "109.34500", "2019-09-30": 113.387, "2019-06-30": 112.296, "2019-03-31": 136.597, "2018-12-31": "135.23200", "2018-09-30": 187.141, "2018-06-30": 145.418, "2018-03-31": 125.51, "2017-12-31": "111.72400", "2017-09-30": 112.071, "2017-06-30": 107.882, "2017-03-31": 106.127, "2016-12-31": "106.25100", "2016-09-30": 103.452, "2016-06-30": 100.485, "2016-03-31": 99.059, "2015-12-31": "89.17000", "2015-09-30": 78.175, "2015-06-30": 69.983, "2015-03-31": 56.66, "2014-12-31": "51.17000", "2014-09-30": 55.399, "2014-06-30": 49.267, "2014-03-31": 46.241, "2013-12-31": "45.71000", "2013-09-30": 44.148, "2013-06-30": 42.998, "2013-03-31": 42.09, "2012-12-31": "41.55700", "2012-09-30": 39.914, "2012-06-30": 37, "2012-03-31": 31.719, "2011-12-31": "31.88200", "2011-09-30": 14.707, "2011-06-30": 32.012, "2011-03-31": 30.391, "2010-12-31": "29.85900", "2010-09-30": 13.118, "2010-06-30": 26.009, "2010-03-31": 25.188, "2009-12-31": "25.20400", "2009-09-30": 24.922, "2009-06-30": 23.551, "2009-03-31": 23.187, "2008-12-31": "22.65600", "2008-09-30": 22.268, "2008-06-30": 25.109, "2008-03-31": 24.675, "2007-12-31": "23.83000", "2007-09-30": 23.552, "2007-06-30": 22.479, "2007-03-31": 24.991, "2006-12-31": "26.77500", "2006-09-30": 20.941, "2006-06-30": 24.956, "2006-03-31": 23.229, "2005-12-31": "23.69400", "2005-09-30": 23.31, "2005-06-30": 20.779, "2005-03-31": 46.793}, "Other Non-Cash Items": {"2020-12-31": "130.43400", "2020-09-30": -2066.064, "2020-06-30": 79.239, "2020-03-31": 202.138, "2019-12-31": "231.67500", "2019-09-30": 47.229, "2019-06-30": 24.541, "2019-03-31": 476.901, "2018-12-31": "71.67300", "2018-09-30": 56.236, "2018-06-30": 28.065, "2018-03-31": 135.339, "2017-12-31": "-787.28200", "2017-09-30": 29.922, "2017-06-30": 61.479, "2017-03-31": 46.875, "2016-12-31": "94.15100", "2016-09-30": 287.874, "2016-06-30": 82.668, "2016-03-31": -65.166, "2015-12-31": "24.82100", "2015-09-30": 441.159, "2015-06-30": -19.191, "2015-03-31": 785.839, "2014-12-31": "369.58400", "2014-09-30": 589.731, "2014-06-30": 175.607, "2014-03-31": 8.014, "2013-12-31": "131.60700", "2013-09-30": 96.483, "2013-06-30": -42.574, "2013-03-31": 221.982, "2012-12-31": "45.72200", "2012-09-30": 66.295, "2012-06-30": -22.306, "2012-03-31": -43.79, "2011-12-31": "31.77400", "2011-09-30": 72.087, "2011-06-30": 94.665, "2011-03-31": 50.084, "2010-12-31": "31.15200", "2010-09-30": 73.759, "2010-06-30": 39.915, "2010-03-31": 41.699, "2009-12-31": "36.70400", "2009-09-30": 58.766, "2009-06-30": 44.685, "2009-03-31": 34.238, "2008-12-31": "23.17400", "2008-09-30": 67.588, "2008-06-30": 227.867, "2008-03-31": 61.777, "2007-12-31": "0.88700", "2007-09-30": 23.221, "2007-06-30": 10.51, "2007-03-31": 24.594, "2006-12-31": "29.80800", "2006-09-30": 56.656, "2006-06-30": 8.692, "2006-03-31": 30.987, "2005-12-31": "28.52700", "2005-09-30": 121.233, "2005-06-30": 24.929, "2005-03-31": 45.245}, "Total Non-Cash Items": {"2020-12-31": "234.71700", "2020-09-30": -1967.0041, "2020-06-30": 178.0241, "2020-03-31": 302.961, "2019-12-31": "341.02000", "2019-09-30": 160.616, "2019-06-30": 136.8369, "2019-03-31": 613.4981, "2018-12-31": "206.90500", "2018-09-30": 243.377, "2018-06-30": 173.483, "2018-03-31": 260.849, "2017-12-31": "-675.55800", "2017-09-30": 141.9929, "2017-06-30": 169.3611, "2017-03-31": 153.002, "2016-12-31": "200.40200", "2016-09-30": 391.326, "2016-06-30": 183.153, "2016-03-31": 33.8931, "2015-12-31": "113.99090", "2015-09-30": 519.334, "2015-06-30": 50.792, "2015-03-31": 842.499, "2014-12-31": "420.75400", "2014-09-30": 645.13, "2014-06-30": 224.874, "2014-03-31": 54.255, "2013-12-31": "177.31700", "2013-09-30": 140.631, "2013-06-30": 0.424, "2013-03-31": 264.072, "2012-12-31": "87.27900", "2012-09-30": 106.209, "2012-06-30": 14.694, "2012-03-31": -12.071, "2011-12-31": "63.65600", "2011-09-30": 86.794, "2011-06-30": 126.677, "2011-03-31": 80.475, "2010-12-31": "61.01100", "2010-09-30": 86.877, "2010-06-30": 65.924, "2010-03-31": 66.887, "2009-12-31": "61.90800", "2009-09-30": 83.688, "2009-06-30": 68.236, "2009-03-31": 57.425, "2008-12-31": "45.83000", "2008-09-30": 89.856, "2008-06-30": 252.976, "2008-03-31": 86.452, "2007-12-31": "24.71700", "2007-09-30": 46.773, "2007-06-30": 32.989, "2007-03-31": 49.585, "2006-12-31": "56.58300", "2006-09-30": 77.597, "2006-06-30": 33.648, "2006-03-31": 54.216, "2005-12-31": "52.22100", "2005-09-30": 144.543, "2005-06-30": 45.708, "2005-03-31": 92.038}, "Change In Accounts Receivable": {"2020-12-31": "-735.72400", "2020-09-30": -1192.754, "2020-06-30": 1615.979, "2020-03-31": -1743.538, "2019-12-31": "-308.67800", "2019-09-30": -569.148, "2019-06-30": 208.063, "2019-03-31": -221.915, "2018-12-31": "-658.89000", "2018-09-30": 449.861, "2018-06-30": -517.245, "2018-03-31": -682.01, "2017-12-31": "91.62400", "2017-09-30": 141.203, "2017-06-30": -1001.394, "2017-03-31": 119.232, "2016-12-31": "-536.93700", "2016-09-30": -207.262, "2016-06-30": -233.388, "2016-03-31": -395.813, "2015-12-31": "-76.26100", "2015-09-30": -610.085, "2015-06-30": -57.806, "2015-03-31": -44.184, "2014-12-31": "-766.71800", "2014-09-30": -402.48, "2014-06-30": -40.311, "2014-03-31": -336.375, "2013-12-31": "-159.12000", "2013-09-30": -1476.821, "2013-06-30": -418.051, "2013-03-31": 11.479, "2012-12-31": "-429.12500", "2012-09-30": -50.787, "2012-06-30": 25.187, "2012-03-31": -132.558, "2011-12-31": "229.66800", "2011-09-30": 69.696, "2011-06-30": -100.449, "2011-03-31": -268.973, "2010-12-31": "275.79200", "2010-09-30": 59.575, "2010-06-30": 24.459, "2010-03-31": -392.942, "2009-12-31": "371.93600", "2009-09-30": -164.998, "2009-06-30": -2.528, "2009-03-31": -210.155, "2008-12-31": "-80.09000", "2008-09-30": 173.241, "2008-06-30": -77.404, "2008-03-31": -195.584, "2007-12-31": "108.49200", "2007-09-30": -97.979, "2007-06-30": 81.462, "2007-03-31": -222.468, "2006-12-31": "2.95400", "2006-09-30": -225.435, "2006-06-30": -154.292, "2006-03-31": -312.308, "2005-12-31": "18.86000", "2005-09-30": -201.392, "2005-06-30": -7.383, "2005-03-31": -183.994}, "Change In Inventories": {"2020-12-31": "-545.45900", "2020-09-30": -710.315, "2020-06-30": -758.469, "2020-03-31": 478.621, "2019-12-31": "-630.98000", "2019-09-30": 112.158, "2019-06-30": 140.042, "2019-03-31": 478.585, "2018-12-31": "-898.77500", "2018-09-30": 46.801, "2018-06-30": 753.44, "2018-03-31": -345.037, "2017-12-31": "-460.12700", "2017-09-30": 398.449, "2017-06-30": -273.846, "2017-03-31": 157.496, "2016-12-31": "-713.55300", "2016-09-30": -157.365, "2016-06-30": 97.131, "2016-03-31": 140.84, "2015-12-31": "-1187.85800", "2015-09-30": -678.858, "2015-06-30": -89.096, "2015-03-31": 1485.343, "2014-12-31": "-2096.57800", "2014-09-30": -301.98, "2014-06-30": 483.466, "2014-03-31": 140.563, "2013-12-31": "-1626.61800", "2013-09-30": -1087.485, "2013-06-30": -224.58, "2013-03-31": 121.431, "2012-12-31": "-295.93800", "2012-09-30": -323.781, "2012-06-30": -115.145, "2012-03-31": 640.383, "2011-12-31": "-317.63100", "2011-09-30": -284.202, "2011-06-30": 25.437, "2011-03-31": 258.201, "2010-12-31": "-227.73900", "2010-09-30": -113.991, "2010-06-30": -104.984, "2010-03-31": 368.21, "2009-12-31": "-391.15300", "2009-09-30": -542.709, "2009-06-30": 162.94, "2009-03-31": 383.682, "2008-12-31": "-768.92400", "2008-09-30": -102.906, "2008-06-30": 411.202, "2008-03-31": 293.948, "2007-12-31": "-610.25700", "2007-09-30": -14.568, "2007-06-30": 476.201, "2007-03-31": 30.198, "2006-12-31": "-205.73500", "2006-09-30": 73.653, "2006-06-30": -117.77, "2006-03-31": 624.87, "2005-12-31": "-930.03700", "2005-09-30": 525.882, "2005-06-30": 84.733, "2005-03-31": 461.962}, "Change In Accounts Payable": {"2020-12-31": "1721.49500", "2020-09-30": 2476.727, "2020-06-30": -1571.742, "2020-03-31": 1608.81, "2019-12-31": "787.03700", "2019-09-30": 596.381, "2019-06-30": -386.061, "2019-03-31": -147.915, "2018-12-31": "1498.64300", "2018-09-30": 395.097, "2018-06-30": 79.561, "2018-03-31": 443.601, "2017-12-31": "-59.22300", "2017-09-30": 596.412, "2017-06-30": 526.017, "2017-03-31": 103.146, "2016-12-31": "247.81400", "2016-09-30": 1234.943, "2016-06-30": -294.151, "2016-03-31": 447.426, "2015-12-31": "1623.29000", "2015-09-30": 4957.227, "2015-06-30": 0, "2015-03-31": 0, "2014-12-31": "", "2014-09-30": 2255.321, "2014-06-30": 0, "2014-03-31": 0, "2013-12-31": "", "2013-09-30": 0, "2013-06-30": 0, "2013-03-31": 0, "2012-12-31": "", "2012-09-30": 0, "2012-06-30": 0, "2012-03-31": 0, "2011-12-31": "", "2011-09-30": 0, "2011-06-30": 0, "2011-03-31": 0, "2010-12-31": "", "2010-09-30": 0, "2010-06-30": 0, "2010-03-31": 0, "2009-12-31": "", "2009-09-30": 0, "2009-06-30": 0, "2009-03-31": 0, "2008-12-31": "", "2008-09-30": 0, "2008-06-30": 0, "2008-03-31": 0, "2007-12-31": "", "2007-09-30": 0, "2007-06-30": 0, "2007-03-31": 0, "2006-12-31": "", "2006-09-30": 0, "2006-06-30": 0, "2006-03-31": 0, "2005-12-31": "", "2005-09-30": 0, "2005-06-30": 0, "2005-03-31": 0}, "Change In Assets/Liabilities": {"2020-12-31": "-3.12100", "2020-09-30": -47.533, "2020-06-30": 27.177, "2020-03-31": 0.217, "2019-12-31": "1.36300", "2019-09-30": 0.316, "2019-06-30": 11.649, "2019-03-31": 9.174, "2018-12-31": "-26.61000", "2018-09-30": 4.123, "2018-06-30": 10.486, "2018-03-31": -81.083, "2017-12-31": "-8.51800", "2017-09-30": 659.821, "2017-06-30": -2.747, "2017-03-31": -30.455, "2016-12-31": "57.04600", "2016-09-30": -48.373, "2016-06-30": 17.628, "2016-03-31": -14.324, "2015-12-31": "31.96600", "2015-09-30": -20.784, "2015-06-30": 39.671, "2015-03-31": -65.5, "2014-12-31": "9.48200", "2014-09-30": -9.028, "2014-06-30": 1.799, "2014-03-31": -11.94, "2013-12-31": "40.27600", "2013-09-30": -96.222, "2013-06-30": -64.668, "2013-03-31": -12.339, "2012-12-31": "16.04300", "2012-09-30": 5.808, "2012-06-30": -20.196, "2012-03-31": 9.68, "2011-12-31": "47.24700", "2011-09-30": -21.603, "2011-06-30": -30.448, "2011-03-31": -8.919, "2010-12-31": "30.88700", "2010-09-30": -30.663, "2010-06-30": -4.678, "2010-03-31": 4.964, "2009-12-31": "18.85100", "2009-09-30": 3.532, "2009-06-30": -43.078, "2009-03-31": 6.774, "2008-12-31": "21.13700", "2008-09-30": -38.49, "2008-06-30": 17.764, "2008-03-31": -7.248, "2007-12-31": "6.06700", "2007-09-30": -12.803, "2007-06-30": 3.251, "2007-03-31": 5.668, "2006-12-31": "-0.93900", "2006-09-30": -4.307, "2006-06-30": 2.479, "2006-03-31": -8.396, "2005-12-31": "1.86600", "2005-09-30": -16.526, "2005-06-30": -2.855, "2005-03-31": 7.855}, "Total Change In Assets/Liabilities": {"2020-12-31": "289.62900", "2020-09-30": 8110.741, "2020-06-30": -553.1909, "2020-03-31": -421.1751, "2019-12-31": "-384.77800", "2019-09-30": 379.899, "2019-06-30": 129.03, "2019-03-31": -17.2069, "2018-12-31": "-119.69010", "2018-09-30": 227.964, "2018-06-30": 371.9271, "2018-03-31": -630.5771, "2017-12-31": "-175.96900", "2017-09-30": 1583.0481, "2017-06-30": -464.413, "2017-03-31": 234.264, "2016-12-31": "-878.00300", "2016-09-30": 817.5101, "2016-06-30": -340.3523, "2016-03-31": 243.0632, "2015-12-31": "307.98400", "2015-09-30": 281.62, "2015-06-30": 856.626, "2015-03-31": 412.611, "2014-12-31": "676.15700", "2014-09-30": 121.4812, "2014-06-30": 307.7479, "2014-03-31": 881.964, "2013-12-31": "-1222.34500", "2013-09-30": -222.593, "2013-06-30": -93.454, "2013-03-31": 675.656, "2012-12-31": "-497.59700", "2012-09-30": 275.691, "2012-06-30": -104.034, "2012-03-31": 36.387, "2011-12-31": "205.93100", "2011-09-30": 125.985, "2011-06-30": -80.455, "2011-03-31": 381.548, "2010-12-31": "-320.71100", "2010-09-30": 321.128, "2010-06-30": -16.131, "2010-03-31": 140.187, "2009-12-31": "-254.90400", "2009-09-30": 139.469, "2009-06-30": 210.998, "2009-03-31": 135.972, "2008-12-31": "-461.25200", "2008-09-30": 309.351, "2008-06-30": -14.284, "2008-03-31": -26.991, "2007-12-31": "-235.56700", "2007-09-30": -6.772, "2007-06-30": 206.623, "2007-03-31": 243.855, "2006-12-31": "109.10100", "2006-09-30": -276.985, "2006-06-30": 28.921, "2006-03-31": 288.914, "2005-12-31": "81.01900", "2005-09-30": 112.044, "2005-06-30": -82.94, "2005-03-31": 950.6}, "Cash Flow From Operating Activities": {"2020-12-31": "903.05300", "2020-09-30": 1299.232, "2020-06-30": -87.899, "2020-03-31": 852.897, "2019-12-31": "142.81000", "2019-09-30": 672.822, "2019-06-30": 567.869, "2019-03-31": 624.364, "2018-12-31": "478.96800", "2018-09-30": 665.345, "2018-06-30": 823.285, "2018-03-31": -87.568, "2017-12-31": "10.32600", "2017-09-30": 1380.454, "2017-06-30": -244.7, "2017-03-31": 798.739, "2016-12-31": "-430.35500", "2016-09-30": 1354.521, "2016-06-30": 191.956, "2016-03-31": 880.406, "2015-12-31": "751.61400", "2015-09-30": 1161.963, "2015-06-30": 1121.581, "2015-03-31": 741.72, "2014-12-31": "896.96400", "2014-09-30": 832.159, "2014-06-30": 519.842, "2014-03-31": 1116.296, "2013-12-31": "-1003.64300", "2013-09-30": -30.939, "2013-06-30": 75.409, "2013-03-31": 985.362, "2012-12-31": "-241.70700", "2012-09-30": 545.394, "2012-06-30": 91.931, "2012-03-31": 236.421, "2011-12-31": "431.70300", "2011-09-30": 360.103, "2011-06-30": 230.641, "2011-03-31": 676.404, "2010-12-31": "-99.20000", "2010-09-30": 549.233, "2010-06-30": 212.998, "2010-03-31": 388.082, "2009-12-31": "-41.68900", "2009-09-30": 353.304, "2009-06-30": 398.041, "2009-03-31": 336.784, "2008-12-31": "-304.36600", "2008-09-30": 514.114, "2008-06-30": 130.672, "2008-03-31": 193.313, "2007-12-31": "-101.03000", "2007-09-30": 127.577, "2007-06-30": 369.52, "2007-03-31": 422.936, "2006-12-31": "287.87100", "2006-09-30": -77.41, "2006-06-30": 182.037, "2006-03-31": 472.131, "2005-12-31": "230.50700", "2005-09-30": 276.088, "2005-06-30": 57.544, "2005-03-31": 1193.006}, "Net Change In Property, Plant, And Equipment": {"2020-12-31": "-65.41000", "2020-09-30": -82.212, "2020-06-30": -106.719, "2020-03-31": -77.077, "2019-12-31": "-67.30500", "2019-09-30": -78.16, "2019-06-30": -69.279, "2019-03-31": -82.255, "2018-12-31": "-79.23300", "2018-09-30": -79.952, "2018-06-30": -79.543, "2018-03-31": -95.175, "2017-12-31": "-73.64100", "2017-09-30": -94.969, "2017-06-30": -108.728, "2017-03-31": -125.418, "2016-12-31": "-137.28200", "2016-09-30": -154.438, "2016-06-30": -130.166, "2016-03-31": -89.902, "2015-12-31": "-90.11000", "2015-09-30": -74.496, "2015-06-30": -51.888, "2015-03-31": -52.644, "2014-12-31": "-52.55700", "2014-09-30": -65.787, "2014-06-30": -73.278, "2014-03-31": -66.209, "2013-12-31": "-59.18300", "2013-09-30": -64.523, "2013-06-30": -49.55, "2013-03-31": -32.091, "2012-12-31": "-56.28600", "2012-09-30": -40.411, "2012-06-30": -29.4, "2012-03-31": -17.95, "2011-12-31": "-45.53100", "2011-09-30": -27.801, "2011-06-30": -33.7, "2011-03-31": -43.682, "2010-12-31": "-50.09100", "2010-09-30": -43.907, "2010-06-30": -44.265, "2010-03-31": -45.463, "2009-12-31": "-42.57400", "2009-09-30": -43.508, "2009-06-30": -33.634, "2009-03-31": -26.243, "2008-12-31": "-42.34400", "2008-09-30": -56.261, "2008-06-30": -24.027, "2008-03-31": -27.826, "2007-12-31": "-26.17500", "2007-09-30": -35.47, "2007-06-30": -14.437, "2007-03-31": -27.139, "2006-12-31": "-26.15500", "2006-09-30": -26.439, "2006-06-30": 24.356, "2006-03-31": -34.104, "2005-12-31": "-26.04500", "2005-09-30": -35.565, "2005-06-30": -40.346, "2005-03-31": -123.246}, "Net Change In Intangible Assets": {"2020-12-31": "", "2020-09-30": 0, "2020-06-30": 0, "2020-03-31": 0, "2019-12-31": "", "2019-09-30": 0, "2019-06-30": 0, "2019-03-31": 0, "2018-12-31": "", "2018-09-30": 0, "2018-06-30": 0, "2018-03-31": 0, "2017-12-31": "", "2017-09-30": 0, "2017-06-30": 0, "2017-03-31": 0, "2016-12-31": "", "2016-09-30": 0, "2016-06-30": 0, "2016-03-31": 0, "2015-12-31": "", "2015-09-30": 0, "2015-06-30": 0, "2015-03-31": 0, "2014-12-31": "", "2014-09-30": 0, "2014-06-30": 0, "2014-03-31": 0, "2013-12-31": "", "2013-09-30": 0, "2013-06-30": 0, "2013-03-31": 0, "2012-12-31": "", "2012-09-30": 0, "2012-06-30": 0, "2012-03-31": 0, "2011-12-31": "", "2011-09-30": 0, "2011-06-30": 0, "2011-03-31": 0, "2010-12-31": "", "2010-09-30": 0, "2010-06-30": 0, "2010-03-31": 0, "2009-12-31": "", "2009-09-30": 0, "2009-06-30": 0, "2009-03-31": 0, "2008-12-31": "", "2008-09-30": 0, "2008-06-30": 0, "2008-03-31": 0, "2007-12-31": "", "2007-09-30": 0, "2007-06-30": 0, "2007-03-31": 0, "2006-12-31": "", "2006-09-30": 0, "2006-06-30": 0, "2006-03-31": 0, "2005-12-31": "", "2005-09-30": 0, "2005-06-30": 0, "2005-03-31": 0}, "Net Acquisitions/Divestitures": {"2020-12-31": "", "2020-09-30": 0, "2020-06-30": 0, "2020-03-31": 0, "2019-12-31": "", "2019-09-30": 0.093, "2019-06-30": -11.646, "2019-03-31": 0, "2018-12-31": "-52.39800", "2018-09-30": -2.037, "2018-06-30": -6.177, "2018-03-31": -706.755, "2017-12-31": "-70.33000", "2017-09-30": 12.079, "2017-06-30": -59.23, "2017-03-31": -0.906, "2016-12-31": "-1.49700", "2016-09-30": 0, "2016-06-30": 0, "2016-03-31": -4.724, "2015-12-31": "-2726.63200", "2015-09-30": -26.909, "2015-06-30": -3.92, "2015-03-31": -2560.816, "2014-12-31": "-24.60400", "2014-09-30": 0, "2014-06-30": 0, "2014-03-31": 0, "2013-12-31": "-9.10300", "2013-09-30": -1.65, "2013-06-30": 331.63, "2013-03-31": 0, "2012-12-31": "", "2012-09-30": 3.085, "2012-06-30": -521.097, "2012-03-31": -7.157, "2011-12-31": "-250.50100", "2011-09-30": -45.38, "2011-06-30": 0, "2011-03-31": 0, "2010-12-31": "", "2010-09-30": 0, "2010-06-30": 0, "2010-03-31": 0, "2009-12-31": "", "2009-09-30": -2.996, "2009-06-30": -13.422, "2009-03-31": 0, "2008-12-31": "14.93600", "2008-09-30": -7.01, "2008-06-30": -0.013, "2008-03-31": 0.299, "2007-12-31": "-162.50600", "2007-09-30": -0.614, "2007-06-30": 58.997, "2007-03-31": -1.106, "2006-12-31": "-143.54300", "2006-09-30": -47.506, "2006-06-30": -12.49, "2006-03-31": -155.109, "2005-12-31": "-81.11900", "2005-09-30": 10.056, "2005-06-30": -2.872, "2005-03-31": 2.972}, "Net Change In Short-term Investments": {"2020-12-31": "", "2020-09-30": 0, "2020-06-30": 0, "2020-03-31": 0, "2019-12-31": "", "2019-09-30": 0, "2019-06-30": 0, "2019-03-31": 0, "2018-12-31": "", "2018-09-30": 0, "2018-06-30": 0, "2018-03-31": 0, "2017-12-31": "", "2017-09-30": 0, "2017-06-30": 0, "2017-03-31": 0, "2016-12-31": "", "2016-09-30": 0, "2016-06-30": 0, "2016-03-31": 0, "2015-12-31": "", "2015-09-30": 0, "2015-06-30": 0, "2015-03-31": 0, "2014-12-31": "", "2014-09-30": 0, "2014-06-30": 0, "2014-03-31": 0, "2013-12-31": "", "2013-09-30": 0, "2013-06-30": 0, "2013-03-31": 0, "2012-12-31": "", "2012-09-30": 0, "2012-06-30": 0, "2012-03-31": 0, "2011-12-31": "", "2011-09-30": 0, "2011-06-30": 0, "2011-03-31": 0, "2010-12-31": "", "2010-09-30": 0, "2010-06-30": 0, "2010-03-31": 0, "2009-12-31": "", "2009-09-30": 0, "2009-06-30": 0, "2009-03-31": 0, "2008-12-31": "", "2008-09-30": 0, "2008-06-30": 0, "2008-03-31": 0, "2007-12-31": "", "2007-09-30": 0, "2007-06-30": 0, "2007-03-31": 0, "2006-12-31": "", "2006-09-30": 0, "2006-06-30": 0, "2006-03-31": 0, "2005-12-31": "", "2005-09-30": 0, "2005-06-30": 0, "2005-03-31": 0}, "Net Change In Long-Term Investments": {"2020-12-31": "", "2020-09-30": -21.25, "2020-06-30": -4.25, "2020-03-31": -30.58, "2019-12-31": "", "2019-09-30": 0, "2019-06-30": 0, "2019-03-31": 0, "2018-12-31": "", "2018-09-30": 0, "2018-06-30": 0, "2018-03-31": 0, "2017-12-31": "", "2017-09-30": -6.577, "2017-06-30": 33.88, "2017-03-31": 7.451, "2016-12-31": "-19.95800", "2016-09-30": -0.947, "2016-06-30": -6.034, "2016-03-31": 0, "2015-12-31": "47.69300", "2015-09-30": -86.214, "2015-06-30": 0, "2015-03-31": 0, "2014-12-31": "", "2014-09-30": 0, "2014-06-30": -117.794, "2014-03-31": 0, "2013-12-31": "", "2013-09-30": 0, "2013-06-30": 0, "2013-03-31": 0, "2012-12-31": "", "2012-09-30": 0, "2012-06-30": 0, "2012-03-31": 0, "2011-12-31": "", "2011-09-30": 0, "2011-06-30": 0, "2011-03-31": 0, "2010-12-31": "", "2010-09-30": 0, "2010-06-30": 0, "2010-03-31": 0, "2009-12-31": "", "2009-09-30": 0, "2009-06-30": 0, "2009-03-31": 0, "2008-12-31": "", "2008-09-30": 0, "2008-06-30": 0, "2008-03-31": 0, "2007-12-31": "467.41910", "2007-09-30": 486.7808, "2007-06-30": -123.7448, "2007-03-31": -384.8021, "2006-12-31": "-377.81300", "2006-09-30": -44.5451, "2006-06-30": 834.2401, "2006-03-31": -147.913, "2005-12-31": "-360.49200", "2005-09-30": -39.97, "2005-06-30": -9.415, "2005-03-31": -299.745}, "Net Change In Investments - Total": {"2020-12-31": "", "2020-09-30": -21.25, "2020-06-30": -4.25, "2020-03-31": -30.58, "2019-12-31": "", "2019-09-30": 0, "2019-06-30": 0, "2019-03-31": 0, "2018-12-31": "", "2018-09-30": 0, "2018-06-30": 0, "2018-03-31": 0, "2017-12-31": "", "2017-09-30": -6.577, "2017-06-30": 33.88, "2017-03-31": 7.451, "2016-12-31": "-19.95800", "2016-09-30": -0.947, "2016-06-30": -6.034, "2016-03-31": 0, "2015-12-31": "47.69300", "2015-09-30": -86.214, "2015-06-30": 0, "2015-03-31": 0, "2014-12-31": "", "2014-09-30": 0, "2014-06-30": -117.794, "2014-03-31": 0, "2013-12-31": "", "2013-09-30": 0, "2013-06-30": 0, "2013-03-31": 0, "2012-12-31": "", "2012-09-30": 0, "2012-06-30": 0, "2012-03-31": 0, "2011-12-31": "", "2011-09-30": 0, "2011-06-30": 0, "2011-03-31": 0, "2010-12-31": "", "2010-09-30": 0, "2010-06-30": 0, "2010-03-31": 0, "2009-12-31": "", "2009-09-30": 0, "2009-06-30": 0, "2009-03-31": 0, "2008-12-31": "", "2008-09-30": 0, "2008-06-30": 0, "2008-03-31": 0, "2007-12-31": "467.41910", "2007-09-30": 486.7808, "2007-06-30": -123.7448, "2007-03-31": -384.8021, "2006-12-31": "-377.81300", "2006-09-30": -44.5451, "2006-06-30": 834.2401, "2006-03-31": -147.913, "2005-12-31": "-360.49200", "2005-09-30": -39.97, "2005-06-30": -9.415, "2005-03-31": -299.745}, "Investing Activities - Other": {"2020-12-31": "", "2020-09-30": 1.698, "2020-06-30": 0.662, "2020-03-31": 2.196, "2019-12-31": "4.96600", "2019-09-30": -0.732, "2019-06-30": -4.881, "2019-03-31": -1.354, "2018-12-31": "4.01300", "2018-09-30": -3.253, "2018-06-30": -4.73, "2018-03-31": 8.831, "2017-12-31": "1.64800", "2017-09-30": -2.008, "2017-06-30": -3.014, "2017-03-31": 6.256, "2016-12-31": "1.88000", "2016-09-30": 7.267, "2016-06-30": -10.308, "2016-03-31": -7.44, "2015-12-31": "-3.43800", "2015-09-30": 1.093, "2015-06-30": 0.622, "2015-03-31": 1.163, "2014-12-31": "0.00500", "2014-09-30": 0.833, "2014-06-30": 0.006, "2014-03-31": 6.277, "2013-12-31": "0.08300", "2013-09-30": 0.879, "2013-06-30": -1.587, "2013-03-31": -4.469, "2012-12-31": "-5.09300", "2012-09-30": -4.298, "2012-06-30": -9.972, "2012-03-31": -22.11, "2011-12-31": "-2.60700", "2011-09-30": -12.64, "2011-06-30": 0.876, "2011-03-31": 0, "2010-12-31": "", "2010-09-30": -8.305, "2010-06-30": 0.009, "2010-03-31": 0.007, "2009-12-31": "0.12700", "2009-09-30": -0.032, "2009-06-30": 0.032, "2009-03-31": 0, "2008-12-31": "-1.13800", "2008-09-30": 0.794, "2008-06-30": -0.397, "2008-03-31": -0.14, "2007-12-31": "-0.73600", "2007-09-30": 3.106, "2007-06-30": -88.497, "2007-03-31": 0, "2006-12-31": "", "2006-09-30": 6.321, "2006-06-30": 0, "2006-03-31": 0, "2005-12-31": "28.14300", "2005-09-30": 14.485, "2005-06-30": 1.479, "2005-03-31": 20.732}, "Cash Flow From Investing Activities": {"2020-12-31": "-65.41000", "2020-09-30": -101.764, "2020-06-30": -110.307, "2020-03-31": -105.461, "2019-12-31": "-62.33900", "2019-09-30": -78.799, "2019-06-30": -85.806, "2019-03-31": -83.609, "2018-12-31": "-127.61800", "2018-09-30": -85.242, "2018-06-30": -90.45, "2018-03-31": -793.099, "2017-12-31": "-142.32300", "2017-09-30": -91.475, "2017-06-30": -137.092, "2017-03-31": -112.617, "2016-12-31": "-156.85700", "2016-09-30": -148.118, "2016-06-30": -146.508, "2016-03-31": -102.066, "2015-12-31": "-2772.48700", "2015-09-30": -186.526, "2015-06-30": -55.186, "2015-03-31": -2612.297, "2014-12-31": "-77.15600", "2014-09-30": -64.954, "2014-06-30": -191.066, "2014-03-31": -59.932, "2013-12-31": "-68.20300", "2013-09-30": -65.294, "2013-06-30": 280.493, "2013-03-31": -36.56, "2012-12-31": "-61.37900", "2012-09-30": -41.624, "2012-06-30": -560.469, "2012-03-31": -47.217, "2011-12-31": "-298.63900", "2011-09-30": -85.821, "2011-06-30": -32.824, "2011-03-31": -43.682, "2010-12-31": "-50.09100", "2010-09-30": -52.212, "2010-06-30": -44.256, "2010-03-31": -45.456, "2009-12-31": "-42.44700", "2009-09-30": -46.536, "2009-06-30": -47.024, "2009-03-31": -26.243, "2008-12-31": "-28.54600", "2008-09-30": -62.477, "2008-06-30": -24.437, "2008-03-31": -27.667, "2007-12-31": "278.00200", "2007-09-30": 453.803, "2007-06-30": -167.682, "2007-03-31": -413.047, "2006-12-31": "-547.51100", "2006-09-30": -112.169, "2006-06-30": 846.106, "2006-03-31": -337.126, "2005-12-31": "-439.51300", "2005-09-30": -50.994, "2005-06-30": -51.154, "2005-03-31": -399.287}, "Net Long-Term Debt": {"2020-12-31": "-431.25000", "2020-09-30": -21.046, "2020-06-30": 21.824, "2020-03-31": 10.735, "2019-12-31": "-10.48500", "2019-09-30": -2.562, "2019-06-30": 16.057, "2019-03-31": -14.015, "2018-12-31": "-3.39500", "2018-09-30": -48.3938, "2018-06-30": -120.1802, "2018-03-31": -34.4799, "2017-12-31": "836.48300", "2017-09-30": 0, "2017-06-30": -650, "2017-03-31": -50, "2016-12-31": "-50.00000", "2016-09-30": -200, "2016-06-30": -575, "2016-03-31": -25, "2015-12-31": "1000.00000", "2015-09-30": -250, "2015-06-30": -250, "2015-03-31": 1996.39, "2014-12-31": "", "2014-09-30": 0, "2014-06-30": 566.402, "2014-03-31": 0, "2013-12-31": "", "2013-09-30": 0, "2013-06-30": 0, "2013-03-31": 0, "2012-12-31": "", "2012-09-30": -392.326, "2012-06-30": 0, "2012-03-31": -55, "2011-12-31": "499.29000", "2011-09-30": 0, "2011-06-30": 0, "2011-03-31": 0, "2010-12-31": "", "2010-09-30": -7.664, "2010-06-30": 0, "2010-03-31": 0, "2009-12-31": "396.69600", "2009-09-30": 0, "2009-06-30": 0, "2009-03-31": 0, "2008-12-31": "", "2008-09-30": 0, "2008-06-30": 0, "2008-03-31": 0, "2007-12-31": "", "2007-09-30": 125, "2007-06-30": 0, "2007-03-31": 0, "2006-12-31": "", "2006-09-30": 0, "2006-06-30": 0, "2006-03-31": 0, "2005-12-31": "", "2005-09-30": -6.839, "2005-06-30": -100, "2005-03-31": -180}, "Net Current Debt": {"2020-12-31": "", "2020-09-30": 0, "2020-06-30": -33.731, "2020-03-31": 4.193, "2019-12-31": "-3.49600", "2019-09-30": -0.018, "2019-06-30": -130.533, "2019-03-31": -10.444, "2018-12-31": "11.83700", "2018-09-30": -15.0703, "2018-06-30": -1.3848, "2018-03-31": 11.0107, "2017-12-31": "7.71000", "2017-09-30": 7.6993, "2017-06-30": -12.3692, "2017-03-31": 7.2462, "2016-12-31": "-2.12900", "2016-09-30": -1.6074, "2016-06-30": 494.8779, "2016-03-31": 11.3993, "2015-12-31": "8.54410", "2015-09-30": -6.901, "2015-06-30": -7.49, "2015-03-31": 14.391, "2014-12-31": "", "2014-09-30": 0, "2014-06-30": 0, "2014-03-31": -423, "2013-12-31": "423.00000", "2013-09-30": 0, "2013-06-30": 0, "2013-03-31": 0, "2012-12-31": "", "2012-09-30": 0, "2012-06-30": 0, "2012-03-31": -63.826, "2011-12-31": "63.82600", "2011-09-30": -17.2431, "2011-06-30": 19.1061, "2011-03-31": -60.306, "2010-12-31": "58.40100", "2010-09-30": 6.2909, "2010-06-30": 2.458, "2010-03-31": -17.548, "2009-12-31": "-201.63000", "2009-09-30": -30.3859, "2009-06-30": 13.25, "2009-03-31": -19.221, "2008-12-31": "27.51900", "2008-09-30": -30.1577, "2008-06-30": 6.685, "2008-03-31": -19.7293, "2007-12-31": "26.80600", "2007-09-30": -1.9259, "2007-06-30": -4.123, "2007-03-31": -14.014, "2006-12-31": "121.81600", "2006-09-30": 11.071, "2006-06-30": -1.099, "2006-03-31": 25.177, "2005-12-31": "99.73900", "2005-09-30": 0, "2005-06-30": 0, "2005-03-31": 0}, "Debt Issuance/Retirement Net - Total": {"2020-12-31": "-431.25000", "2020-09-30": -21.046, "2020-06-30": -11.907, "2020-03-31": 14.928, "2019-12-31": "-13.98100", "2019-09-30": -2.58, "2019-06-30": -114.476, "2019-03-31": -24.459, "2018-12-31": "8.44200", "2018-09-30": -63.4642, "2018-06-30": -121.5649, "2018-03-31": -23.4692, "2017-12-31": "844.19300", "2017-09-30": 7.6993, "2017-06-30": -662.3692, "2017-03-31": -42.7538, "2016-12-31": "-52.12900", "2016-09-30": -201.6074, "2016-06-30": -80.1221, "2016-03-31": -13.6006, "2015-12-31": "1008.54400", "2015-09-30": -256.901, "2015-06-30": -257.49, "2015-03-31": 2010.781, "2014-12-31": "", "2014-09-30": 0, "2014-06-30": 566.402, "2014-03-31": -423, "2013-12-31": "423.00000", "2013-09-30": 0, "2013-06-30": 0, "2013-03-31": 0, "2012-12-31": "", "2012-09-30": -392.326, "2012-06-30": 0, "2012-03-31": -118.826, "2011-12-31": "563.11600", "2011-09-30": -17.2431, "2011-06-30": 19.1061, "2011-03-31": -60.306, "2010-12-31": "58.40100", "2010-09-30": -1.3731, "2010-06-30": 2.458, "2010-03-31": -17.548, "2009-12-31": "195.06600", "2009-09-30": -30.3859, "2009-06-30": 13.25, "2009-03-31": -19.221, "2008-12-31": "27.51900", "2008-09-30": -30.1577, "2008-06-30": 6.685, "2008-03-31": -19.7293, "2007-12-31": "26.80600", "2007-09-30": 123.0741, "2007-06-30": -4.123, "2007-03-31": -14.014, "2006-12-31": "121.81600", "2006-09-30": 11.071, "2006-06-30": -1.099, "2006-03-31": 25.177, "2005-12-31": "99.73900", "2005-09-30": -6.839, "2005-06-30": -100, "2005-03-31": -180}, "Net Common Equity Issued/Repurchased": {"2020-12-31": "2.04100", "2020-09-30": 21.785, "2020-06-30": 47.694, "2020-03-31": -215.38, "2019-12-31": "-115.01500", "2019-09-30": -129.879, "2019-06-30": -157.549, "2019-03-31": -93.761, "2018-12-31": "-216.60800", "2018-09-30": -327.844, "2018-06-30": -227.963, "2018-03-31": 47.95, "2017-12-31": "7.07800", "2017-09-30": -91.403, "2017-06-30": 32.942, "2017-03-31": 51.154, "2016-12-31": "-219.69900", "2016-09-30": -50.1949, "2016-06-30": -550.2741, "2016-03-31": 853.9671, "2015-12-31": "-84.59500", "2015-09-30": -1222.962, "2015-06-30": -347.568, "2015-03-31": -14.536, "2014-12-31": "-260.04900", "2014-09-30": -165.121, "2014-06-30": -268.613, "2014-03-31": -416.357, "2013-12-31": "12.67400", "2013-09-30": -189.527, "2013-06-30": -77.39, "2013-03-31": 26.1, "2012-12-31": "-244.94100", "2012-09-30": -623.856, "2012-06-30": -165.746, "2012-03-31": -145.828, "2011-12-31": "-111.59200", "2011-09-30": -422.923, "2011-06-30": -96.372, "2011-03-31": -27.371, "2010-12-31": "-138.38000", "2010-09-30": -110.09, "2010-06-30": -36.844, "2010-03-31": -76.493, "2009-12-31": "-114.21000", "2009-09-30": -162.255, "2009-06-30": -90.565, "2009-03-31": -88.443, "2008-12-31": "-87.02100", "2008-09-30": -113.835, "2008-06-30": -108.476, "2008-03-31": -65.786, "2007-12-31": "-307.19300", "2007-09-30": -540.412, "2007-06-30": -479.529, "2007-03-31": -6.033, "2006-12-31": "-313.79100", "2006-09-30": -189.913, "2006-06-30": -355.828, "2006-03-31": 19.856, "2005-12-31": "-55.31500", "2005-09-30": 81.356, "2005-06-30": -72.574, "2005-03-31": -622.479}, "Net Total Equity Issued/Repurchased": {"2020-12-31": "2.04100", "2020-09-30": 21.785, "2020-06-30": 47.694, "2020-03-31": -215.38, "2019-12-31": "-115.01500", "2019-09-30": -129.879, "2019-06-30": -157.549, "2019-03-31": -93.761, "2018-12-31": "-216.60800", "2018-09-30": -327.844, "2018-06-30": -227.963, "2018-03-31": 47.95, "2017-12-31": "7.07800", "2017-09-30": -91.403, "2017-06-30": 32.942, "2017-03-31": 51.154, "2016-12-31": "-219.69900", "2016-09-30": -50.1949, "2016-06-30": -550.2741, "2016-03-31": 853.9671, "2015-12-31": "-84.59500", "2015-09-30": -1222.962, "2015-06-30": -347.568, "2015-03-31": -14.536, "2014-12-31": "-260.04900", "2014-09-30": -165.121, "2014-06-30": -268.613, "2014-03-31": -416.357, "2013-12-31": "12.67400", "2013-09-30": -189.527, "2013-06-30": -77.39, "2013-03-31": 26.1, "2012-12-31": "-244.94100", "2012-09-30": -623.856, "2012-06-30": -165.746, "2012-03-31": -145.828, "2011-12-31": "-111.59200", "2011-09-30": -422.923, "2011-06-30": -96.372, "2011-03-31": -27.371, "2010-12-31": "-138.38000", "2010-09-30": -110.09, "2010-06-30": -36.844, "2010-03-31": -76.493, "2009-12-31": "-114.21000", "2009-09-30": -162.255, "2009-06-30": -90.565, "2009-03-31": -88.443, "2008-12-31": "-87.02100", "2008-09-30": -113.835, "2008-06-30": -108.476, "2008-03-31": -65.786, "2007-12-31": "-307.19300", "2007-09-30": -540.412, "2007-06-30": -479.529, "2007-03-31": -6.033, "2006-12-31": "-313.79100", "2006-09-30": -189.913, "2006-06-30": -355.828, "2006-03-31": 19.856, "2005-12-31": "-55.31500", "2005-09-30": 81.356, "2005-06-30": -72.574, "2005-03-31": -622.479}, "Total Common And Preferred Stock Dividends Paid": {"2020-12-31": "-91.10300", "2020-09-30": -86.814, "2020-06-30": -86.223, "2020-03-31": -87.453, "2019-12-31": "-83.08800", "2019-09-30": -83.91, "2019-06-30": -84.636, "2019-03-31": -84.893, "2018-12-31": "-85.53500", "2018-09-30": -82.077, "2018-06-30": -83.431, "2018-03-31": -83.978, "2017-12-31": "-83.55500", "2017-09-30": -80.102, "2017-06-30": -80.075, "2017-03-31": -79.924, "2016-12-31": "-80.16900", "2016-09-30": -73.407, "2016-06-30": -73.241, "2016-03-31": -70.63, "2015-12-31": "-71.19900", "2015-09-30": -61.865, "2015-06-30": -63.935, "2015-03-31": -64.094, "2014-12-31": "-64.02500", "2014-09-30": -52.911, "2014-06-30": -53.161, "2014-03-31": -54.03, "2013-12-31": "-54.36700", "2013-09-30": -48.711, "2013-06-30": -48.802, "2013-03-31": -48.608, "2012-12-31": "-49.59500", "2012-09-30": -32.679, "2012-06-30": -32.652, "2012-03-31": -33.721, "2011-12-31": "-33.70800", "2011-09-30": -30.704, "2011-06-30": -31.649, "2011-03-31": -27.536, "2010-12-31": "-27.73500", "2010-09-30": -22.316, "2010-06-30": -22.552, "2010-03-31": -22.605, "2009-12-31": "-23.14900", "2009-09-30": -16.772, "2009-06-30": -15.126, "2009-03-31": -15.227, "2008-12-31": "-15.57100", "2008-09-30": -11.926, "2008-06-30": -12.089, "2008-03-31": -12.161, "2007-12-31": "-12.49800", "2007-09-30": -8.734, "2007-06-30": -9.322, "2007-03-31": -9.534, "2006-12-31": "-9.65900", "2006-09-30": -5.025, "2006-06-30": -5.106, "2006-03-31": -5.254, "2005-12-31": "-5.21000", "2005-09-30": -2.606, "2005-06-30": -2.611, "2005-03-31": -5.381}, "Financial Activities - Other": {"2020-12-31": "-24.15900", "2020-09-30": 66.081, "2020-06-30": -23.024, "2020-03-31": -0.197, "2019-12-31": "-9.97700", "2019-09-30": -3.019, "2019-06-30": -1.593, "2019-03-31": -2.048, "2018-12-31": "-10.00900", "2018-09-30": -3.13, "2018-06-30": -2.307, "2018-03-31": -6.224, "2017-12-31": "-33.08700", "2017-09-30": -1.525, "2017-06-30": -1.672, "2017-03-31": -1.299, "2016-12-31": "-11.48900", "2016-09-30": -4.563, "2016-06-30": -1.897, "2016-03-31": -0.879, "2015-12-31": "-21.22900", "2015-09-30": 178.55, "2015-06-30": -179.198, "2015-03-31": -23.351, "2014-12-31": "-5.49100", "2014-09-30": -2.524, "2014-06-30": -8.27, "2014-03-31": 186.288, "2013-12-31": "-193.00200", "2013-09-30": -2.108, "2013-06-30": -9.422, "2013-03-31": 3.599, "2012-12-31": "-51.58200", "2012-09-30": -44.049, "2012-06-30": -4.41, "2012-03-31": 65.93, "2011-12-31": "-6.53500", "2011-09-30": 22.125, "2011-06-30": -0.885, "2011-03-31": -5.968, "2010-12-31": "-0.28200", "2010-09-30": -15.776, "2010-06-30": -0.96, "2010-03-31": -5.675, "2009-12-31": "-3.37200", "2009-09-30": -0.911, "2009-06-30": -0.981, "2009-03-31": -3.238, "2008-12-31": "0.78800", "2008-09-30": -0.69, "2008-06-30": -0.629, "2008-03-31": -0.749, "2007-12-31": "-0.15200", "2007-09-30": -2.113, "2007-06-30": -0.237, "2007-03-31": -0.315, "2006-12-31": "-1.60500", "2006-09-30": -0.331, "2006-06-30": -1.618, "2006-03-31": -0.697, "2005-12-31": "-0.29500", "2005-09-30": -15.023, "2005-06-30": -0.321, "2005-03-31": -3.515}, "Cash Flow From Financial Activities": {"2020-12-31": "-544.47100", "2020-09-30": -19.994, "2020-06-30": -73.46, "2020-03-31": -288.102, "2019-12-31": "-222.06100", "2019-09-30": -219.388, "2019-06-30": -358.254, "2019-03-31": -205.161, "2018-12-31": "-303.71000", "2018-09-30": -476.515, "2018-06-30": -435.266, "2018-03-31": -65.721, "2017-12-31": "734.62900", "2017-09-30": -165.331, "2017-06-30": -711.174, "2017-03-31": -72.823, "2016-12-31": "-363.48600", "2016-09-30": -329.773, "2016-06-30": -705.533, "2016-03-31": 768.857, "2015-12-31": "831.52100", "2015-09-30": -1363.178, "2015-06-30": -848.191, "2015-03-31": 1908.8, "2014-12-31": "-329.56500", "2014-09-30": -220.556, "2014-06-30": 236.358, "2014-03-31": -707.099, "2013-12-31": "188.30500", "2013-09-30": -240.346, "2013-06-30": -135.614, "2013-03-31": -18.909, "2012-12-31": "-346.11800", "2012-09-30": -1092.91, "2012-06-30": -202.808, "2012-03-31": -232.445, "2011-12-31": "411.28100", "2011-09-30": -448.745, "2011-06-30": -109.8, "2011-03-31": -121.181, "2010-12-31": "-107.99600", "2010-09-30": -149.555, "2010-06-30": -57.898, "2010-03-31": -122.321, "2009-12-31": "54.33500", "2009-09-30": -210.324, "2009-06-30": -93.422, "2009-03-31": -126.129, "2008-12-31": "-74.28500", "2008-09-30": -156.609, "2008-06-30": -114.509, "2008-03-31": -98.425, "2007-12-31": "-293.03700", "2007-09-30": -428.185, "2007-06-30": -493.211, "2007-03-31": -29.896, "2006-12-31": "-203.23900", "2006-09-30": -184.198, "2006-06-30": -363.651, "2006-03-31": 39.082, "2005-12-31": "38.91900", "2005-09-30": 56.888, "2005-06-30": -175.506, "2005-03-31": -811.375}, "Net Cash Flow": {"2020-12-31": "293.17200", "2020-09-30": 1177.474, "2020-06-30": -271.666, "2020-03-31": 459.334, "2019-12-31": "-141.59000", "2019-09-30": 374.635, "2019-06-30": 123.809, "2019-03-31": 335.594, "2018-12-31": "47.64000", "2018-09-30": 103.588, "2018-06-30": 297.569, "2018-03-31": -946.388, "2017-12-31": "602.63200", "2017-09-30": 1123.648, "2017-06-30": -1092.966, "2017-03-31": 613.299, "2016-12-31": "-950.69800", "2016-09-30": 876.63, "2016-06-30": -660.085, "2016-03-31": 1547.197, "2015-12-31": "-1189.35200", "2015-09-30": -387.741, "2015-06-30": 218.204, "2015-03-31": 38.223, "2014-12-31": "490.24300", "2014-09-30": 546.649, "2014-06-30": 565.134, "2014-03-31": 349.265, "2013-12-31": "-883.54100", "2013-09-30": -336.579, "2013-06-30": 220.288, "2013-03-31": 929.893, "2012-12-31": "-649.20400", "2012-09-30": -589.14, "2012-06-30": -671.346, "2012-03-31": -43.241, "2011-12-31": "544.34500", "2011-09-30": -174.463, "2011-06-30": 88.017, "2011-03-31": 511.541, "2010-12-31": "-257.28700", "2010-09-30": 347.466, "2010-06-30": 110.844, "2010-03-31": 220.305, "2009-12-31": "-29.80100", "2009-09-30": 96.444, "2009-06-30": 257.595, "2009-03-31": 184.412, "2008-12-31": "-407.19700", "2008-09-30": 295.028, "2008-06-30": -8.274, "2008-03-31": 67.221, "2007-12-31": "-116.06500", "2007-09-30": 153.195, "2007-06-30": -291.373, "2007-03-31": -20.007, "2006-12-31": "-462.87900", "2006-09-30": -373.777, "2006-06-30": 664.492, "2006-03-31": 174.087, "2005-12-31": "-170.08700", "2005-09-30": 281.982, "2005-06-30": -169.116, "2005-03-31": -17.656}, "Stock-Based Compensation": {"2020-12-31": "48.31700", "2020-09-30": 16.832, "2020-06-30": 11.816, "2020-03-31": 14.389, "2019-12-31": "31.37400", "2019-09-30": 10.443, "2019-06-30": 10.562, "2019-03-31": 6.101, "2018-12-31": "31.76800", "2018-09-30": 8.712, "2018-06-30": 9.396, "2018-03-31": 11.6, "2017-12-31": "32.60800", "2017-09-30": 10.614, "2017-06-30": 10.342, "2017-03-31": 12.058, "2016-12-31": "29.19200", "2016-09-30": 8.431, "2016-06-30": 16.774, "2016-03-31": 17.532, "2015-12-31": "22.25500", "2015-09-30": 14.448, "2015-06-30": 13.088, "2015-03-31": 13.841, "2014-12-31": "19.56700", "2014-09-30": 10.942, "2014-06-30": 10.147, "2014-03-31": 10.792, "2013-12-31": "11.22600", "2013-09-30": 9.375, "2013-06-30": 8.396, "2013-03-31": 9.178, "2012-12-31": "9.32600", "2012-09-30": 7.517, "2012-06-30": 6.066, "2012-03-31": 6.103, "2011-12-31": "6.26800", "2011-09-30": 5.671, "2011-06-30": 9.486, "2011-03-31": 5.342, "2010-12-31": "6.78000", "2010-09-30": 5.93, "2010-06-30": 7.328, "2010-03-31": 9.615, "2009-12-31": "7.17600", "2009-09-30": 6.754, "2009-06-30": 5.785, "2009-03-31": 7.225, "2008-12-31": "7.37400", "2008-09-30": 6.12, "2008-06-30": 4.759, "2008-03-31": 7.207, "2007-12-31": "7.41700", "2007-09-30": 5.764, "2007-06-30": 7.215, "2007-03-31": 6.192, "2006-12-31": "4.88800", "2006-09-30": 4.463, "2006-06-30": 4.863, "2006-03-31": 3.972, "2005-12-31": "2.67700", "2005-09-30": -0.256, "2005-06-30": 0.198, "2005-03-31": 0.578}, "Common Stock Dividends Paid": {"2020-12-31": "-91.10300", "2020-09-30": -86.814, "2020-06-30": -86.223, "2020-03-31": -87.453, "2019-12-31": "-83.08800", "2019-09-30": -83.91, "2019-06-30": -84.636, "2019-03-31": -84.893, "2018-12-31": "-85.53500", "2018-09-30": -82.077, "2018-06-30": -83.431, "2018-03-31": -83.978, "2017-12-31": "-83.55500", "2017-09-30": -80.102, "2017-06-30": -80.075, "2017-03-31": -79.924, "2016-12-31": "-80.16900", "2016-09-30": -73.407, "2016-06-30": -73.241, "2016-03-31": -70.63, "2015-12-31": "-71.19900", "2015-09-30": -61.865, "2015-06-30": -63.935, "2015-03-31": -64.094, "2014-12-31": "-64.02500", "2014-09-30": -52.911, "2014-06-30": -53.161, "2014-03-31": -54.03, "2013-12-31": "-54.36700", "2013-09-30": -48.711, "2013-06-30": -48.802, "2013-03-31": -48.608, "2012-12-31": "-49.59500", "2012-09-30": -32.679, "2012-06-30": -32.652, "2012-03-31": -33.721, "2011-12-31": "-33.70800", "2011-09-30": -30.704, "2011-06-30": -31.649, "2011-03-31": -27.536, "2010-12-31": "-27.73500", "2010-09-30": -22.316, "2010-06-30": -22.552, "2010-03-31": -22.605, "2009-12-31": "-23.14900", "2009-09-30": -16.772, "2009-06-30": -15.126, "2009-03-31": -15.227, "2008-12-31": "-15.57100", "2008-09-30": -11.926, "2008-06-30": -12.089, "2008-03-31": -12.161, "2007-12-31": "-12.49800", "2007-09-30": -8.734, "2007-06-30": -9.322, "2007-03-31": -9.534, "2006-12-31": "-9.65900", "2006-09-30": -5.025, "2006-06-30": -5.106, "2006-03-31": -5.254, "2005-12-31": "-5.21000", "2005-09-30": -2.606, "2005-06-30": -2.611, "2005-03-31": -5.381}}, "financial ratios": {"Current Ratio": {"2020-09-30": "0.97640", "2019-09-30": "0.95100", "2018-09-30": "0.92910", "2017-09-30": "0.90620", "2016-09-30": "0.90390", "2015-09-30": "0.94240", "2014-09-30": "0.97390", "2013-09-30": "0.96790", "2012-09-30": "0.98160", "2011-09-30": "1.04600", "2010-09-30": "1.08500", "2009-09-30": "1.05000", "2008-09-30": "1.06150", "2007-09-30": "1.13650", "2006-09-30": "1.23480", "2005-09-30": "1.31980"}, "Long-term Debt / Capital": {"2020-09-30": "1.30220", "2019-09-30": "0.59260", "2018-09-30": "0.59660", "2017-09-30": "0.64690", "2016-09-30": "0.64400", "2015-09-30": "0.85850", "2014-09-30": "0.50490", "2013-09-30": "0.37580", "2012-09-30": "0.36250", "2011-09-30": "0.25340", "2010-09-30": "0.31250", "2009-09-30": "0.30230", "2008-09-30": "0.30470", "2007-09-30": "0.28360", "2006-09-30": "0.20900", "2005-09-30": "0.18190"}, "Debt/Equity Ratio": {"2020-09-30": "-4.90630", "2019-09-30": "1.50120", "2018-09-30": "1.52870", "2017-09-30": "1.83760", "2016-09-30": "2.09570", "2015-09-30": "6.06640", "2014-09-30": "1.01980", "2013-09-30": "0.60210", "2012-09-30": "0.56860", "2011-09-30": "0.47610", "2010-09-30": "0.45480", "2009-09-30": "0.43370", "2008-09-30": "0.43880", "2007-09-30": "0.39600", "2006-09-30": "0.26450", "2005-09-30": "0.22260"}, "Gross Margin": {"2020-09-30": "2.73410", "2019-09-30": "2.86110", "2018-09-30": "2.74640", "2017-09-30": "2.96850", "2016-09-30": "2.90950", "2015-09-30": "2.59580", "2014-09-30": "2.49430", "2013-09-30": "2.85110", "2012-09-30": "3.37430", "2011-09-30": "3.12470", "2010-09-30": "2.98940", "2009-09-30": "2.92650", "2008-09-30": "2.91640", "2007-09-30": "3.37900", "2006-09-30": "3.48880", "2005-09-30": "3.62820"}, "Operating Margin": {"2020-09-30": "-2.70430", "2019-09-30": "0.61910", "2018-09-30": "0.85960", "2017-09-30": "0.69240", "2016-09-30": "1.03900", "2015-09-30": "0.31050", "2014-09-30": "0.65410", "2013-09-30": "1.02140", "2012-09-30": "1.66960", "2011-09-30": "1.51150", "2010-09-30": "1.40390", "2009-09-30": "1.23150", "2008-09-30": "1.17950", "2007-09-30": "1.20100", "2006-09-30": "1.13940", "2005-09-30": "1.16710"}, "EBIT Margin": {"2020-09-30": "-2.70430", "2019-09-30": "0.61910", "2018-09-30": "0.85960", "2017-09-30": "0.69240", "2016-09-30": "1.03900", "2015-09-30": "0.31050", "2014-09-30": "0.65410", "2013-09-30": "1.02140", "2012-09-30": "1.66960", "2011-09-30": "1.51150", "2010-09-30": "1.40390", "2009-09-30": "1.23150", "2008-09-30": "1.17950", "2007-09-30": "1.20100", "2006-09-30": "1.13940", "2005-09-30": "1.16710"}, "EBITDA Margin": {"2020-09-30": "-2.48950", "2019-09-30": "0.89620", "2018-09-30": "1.19890", "2017-09-30": "0.97470", "2016-09-30": "1.30610", "2015-09-30": "0.49880", "2014-09-30": "0.81850", "2013-09-30": "1.21550", "2012-09-30": "1.84950", "2011-09-30": "1.64750", "2010-09-30": "1.51900", "2009-09-30": "1.36300", "2008-09-30": "1.31610", "2007-09-30": "1.34990", "2006-09-30": "1.29200", "2005-09-30": "1.33360"}, "Pre-Tax Profit Margin": {"2020-09-30": "-2.78780", "2019-09-30": "0.53850", "2018-09-30": "0.70110", "2017-09-30": "0.59940", "2016-09-30": "0.94720", "2015-09-30": "0.19780", "2014-09-30": "0.56020", "2013-09-30": "0.93730", "2012-09-30": "1.55850", "2011-09-30": "1.42060", "2010-09-30": "1.30650", "2009-09-30": "1.14840", "2008-09-30": "1.08470", "2007-09-30": "1.14740", "2006-09-30": "1.12610", "2005-09-30": "0.85900"}, "Net Profit Margin": {"2020-09-30": "-1.79510", "2019-09-30": "0.47630", "2018-09-30": "0.98750", "2017-09-30": "0.23800", "2016-09-30": "0.97240", "2015-09-30": "-0.10160", "2014-09-30": "0.22930", "2013-09-30": "0.49310", "2012-09-30": "0.92080", "2011-09-30": "0.89790", "2010-09-30": "0.81870", "2009-09-30": "0.70150", "2008-09-30": "0.35700", "2007-09-30": "0.71440", "2006-09-30": "0.76910", "2005-09-30": "0.48490"}, "Asset Turnover": {"2020-09-30": "4.28900", "2019-09-30": "4.58460", "2018-09-30": "4.45820", "2017-09-30": "4.33630", "2016-09-30": "4.36570", "2015-09-30": "4.86220", "2014-09-30": "5.55300", "2013-09-30": "4.64930", "2012-09-30": "5.05630", "2011-09-30": "5.25240", "2010-09-30": "5.38810", "2009-09-30": "5.28710", "2008-09-30": "5.74490", "2007-09-30": "5.33480", "2006-09-30": "4.75690", "2005-09-30": "4.79540"}, "Inventory Turnover Ratio": {"2020-09-30": "14.67140", "2019-09-30": "15.77280", "2018-09-30": "13.70370", "2017-09-30": "12.96500", "2016-09-30": "13.29520", "2015-09-30": "13.57570", "2014-09-30": "13.56630", "2013-09-30": "12.23970", "2012-09-30": "13.78760", "2011-09-30": "14.00610", "2010-09-30": "14.48180", "2009-09-30": "14.00810", "2008-09-30": "16.17910", "2007-09-30": "15.48460", "2006-09-30": "13.27230", "2005-09-30": "13.13720"}, "Receiveable Turnover": {"2020-09-30": "13.24710", "2019-09-30": "14.49150", "2018-09-30": "14.84320", "2017-09-30": "14.86350", "2016-09-30": "16.00390", "2015-09-30": "16.53440", "2014-09-30": "18.94050", "2013-09-30": "14.53410", "2012-09-30": "20.63110", "2011-09-30": "20.74300", "2010-09-30": "20.32050", "2009-09-30": "18.32240", "2008-09-30": "20.16790", "2007-09-30": "19.22610", "2006-09-30": "17.74440", "2005-09-30": "20.66820"}, "Days Sales In Receivables": {"2020-09-30": "27.55320", "2019-09-30": "25.18720", "2018-09-30": "24.59030", "2017-09-30": "24.55670", "2016-09-30": "22.80700", "2015-09-30": "22.07520", "2014-09-30": "19.27090", "2013-09-30": "25.11340", "2012-09-30": "17.69180", "2011-09-30": "17.59630", "2010-09-30": "17.96210", "2009-09-30": "19.92090", "2008-09-30": "18.09810", "2007-09-30": "18.98460", "2006-09-30": "20.56990", "2005-09-30": "17.66000"}, "ROE - Return On Equity": {"2020-09-30": "404.88460", "2019-09-30": "28.53580", "2018-09-30": "52.98070", "2017-09-30": "17.65520", "2016-09-30": "67.05770", "2015-09-30": "-22.41540", "2014-09-30": "14.39910", "2013-09-30": "21.27110", "2012-09-30": "31.01470", "2011-09-30": "24.32960", "2010-09-30": "21.31820", "2009-09-30": "18.84260", "2008-09-30": "17.30840", "2007-09-30": "15.31760", "2006-09-30": "10.49130", "2005-09-30": "6.82000"}, "Return On Tangible Equity": {"2020-09-30": "36.04110", "2019-09-30": "-14.21870", "2018-09-30": "-24.62450", "2017-09-30": "-5.34980", "2016-09-30": "-20.90690", "2015-09-30": "2.50250", "2014-09-30": "-18.47900", "2013-09-30": "-41.81780", "2012-09-30": "-71.24890", "2011-09-30": "1140.86400", "2010-09-30": "578.04470", "2009-09-30": "-358.95950", "2008-09-30": "-283.72920", "2007-09-30": "133.20860", "2006-09-30": "40.32550", "2005-09-30": "20.82730"}, "ROA - Return On Assets": {"2020-09-30": "-7.67830", "2019-09-30": "2.18050", "2018-09-30": "4.28960", "2017-09-30": "1.03210", "2016-09-30": "4.24510", "2015-09-30": "-0.49410", "2014-09-30": "1.30860", "2013-09-30": "2.60820", "2012-09-30": "4.93040", "2011-09-30": "4.65530", "2010-09-30": "4.36310", "2009-09-30": "3.77120", "2008-09-30": "3.83920", "2007-09-30": "3.85700", "2006-09-30": "3.39850", "2005-09-30": "2.56500"}, "ROI - Return On Investment": {"2020-09-30": "-122.34680", "2019-09-30": "11.62470", "2018-09-30": "21.37200", "2017-09-30": "6.23470", "2016-09-30": "23.87090", "2015-09-30": "-3.17210", "2014-09-30": "7.12900", "2013-09-30": "13.27740", "2012-09-30": "19.77160", "2011-09-30": "18.16530", "2010-09-30": "14.65520", "2009-09-30": "13.14670", "2008-09-30": "12.03510", "2007-09-30": "10.97360", "2006-09-30": "8.29910", "2005-09-30": "5.57970"}, "Book Value Per Share": {"2020-09-30": "-4.11130", "2019-09-30": "14.47670", "2018-09-30": "14.30440", "2017-09-30": "9.47030", "2016-09-30": "9.67690", "2015-09-30": "2.97930", "2014-09-30": "8.81850", "2013-09-30": "10.08610", "2012-09-30": "10.42870", "2011-09-30": "10.98450", "2010-09-30": "10.64530", "2009-09-30": "9.43470", "2008-09-30": "8.67410", "2007-09-30": "9.14500", "2006-09-30": "10.54530", "2005-09-30": "10.20330"}, "Operating Cash Flow Per Share": {"2020-09-30": -0.2876, "2019-09-30": 4.6595, "2018-09-30": -0.382, "2017-09-30": -7.2791, "2016-09-30": -3.9429, "2015-09-30": 11.7878, "2014-09-30": 2.873, "2013-09-30": -1.7327, "2012-09-30": 0.876, "2011-09-30": 0.346, "2010-09-30": 1.2707, "2009-09-30": 0.3203, "2008-09-30": -0.946, "2007-09-30": 1.2688, "2006-09-30": -1.5957, "2005-09-30": 3.5414}, "Free Cash Flow Per Share": {"2020-09-30": -0.457, "2019-09-30": 4.6912, "2018-09-30": 0.2327, "2017-09-30": -7.3276, "2016-09-30": -4.9357, "2015-09-30": 11.8478, "2014-09-30": 2.6098, "2013-09-30": -2.074, "2012-09-30": 0.9162, "2011-09-30": 0.4003, "2010-09-30": 1.1387, "2009-09-30": 0.2522, "2008-09-30": -1.0846, "2007-09-30": 1.1441, "2006-09-30": -1.2837, "2005-09-30": 3.0794}}, "financial ratios, quarterly": {"Current Ratio": {"2020-12-31": "0.99020", "2020-09-30": "0.97640", "2020-06-30": "0.97670", "2020-03-31": "0.97100", "2019-12-31": "0.94530", "2019-09-30": "0.95100", "2019-06-30": "0.95180", "2019-03-31": "0.94560", "2018-12-31": "0.93610", "2018-09-30": "0.92910", "2018-06-30": "0.93970", "2018-03-31": "0.93960", "2017-12-31": "0.94600", "2017-09-30": "0.90620", "2017-06-30": "0.91950", "2017-03-31": "0.92020", "2016-12-31": "0.90350", "2016-09-30": "0.90390", "2016-06-30": "0.89420", "2016-03-31": "0.92840", "2015-12-31": "0.84750", "2015-09-30": "0.94240", "2015-06-30": "0.94250", "2015-03-31": "0.96690", "2014-12-31": "0.96830", "2014-09-30": "0.97390", "2014-06-30": "0.97260", "2014-03-31": "0.95520", "2013-12-31": "0.96210", "2013-09-30": "0.96790", "2013-06-30": "0.97570", "2013-03-31": "0.97360", "2012-12-31": "0.96380", "2012-09-30": "0.98160", "2012-06-30": "1.02000", "2012-03-31": "1.06310", "2011-12-31": "1.05790", "2011-09-30": "1.04600", "2011-06-30": "1.11130", "2011-03-31": "1.10110", "2010-12-31": "1.08170", "2010-09-30": "1.08500", "2010-06-30": "1.08970", "2010-03-31": "1.07860", "2009-12-31": "1.07280", "2009-09-30": "1.05000", "2009-06-30": "1.06420", "2009-03-31": "1.06220", "2008-12-31": "1.05880", "2008-09-30": "1.06150", "2008-06-30": "1.07320", "2008-03-31": "1.06970", "2007-12-31": "1.06340", "2007-09-30": "1.13650", "2007-06-30": "1.16700", "2007-03-31": "1.20560", "2006-12-31": "1.19830", "2006-09-30": "1.23480", "2006-06-30": "1.25060", "2006-03-31": "1.29060", "2005-12-31": "1.28990", "2005-09-30": "1.31980", "2005-06-30": "1.27620", "2005-03-31": "1.25840"}, "Long-term Debt / Capital": {"2020-12-31": "1.16350", "2020-09-30": "1.30220", "2020-06-30": "0.47710", "2020-03-31": "0.49440", "2019-12-31": "0.54230", "2019-09-30": "0.59260", "2019-06-30": "0.58280", "2019-03-31": "0.58930", "2018-12-31": "0.58800", "2018-09-30": "0.59660", "2018-06-30": "0.58250", "2018-03-31": "0.57970", "2017-12-31": "0.61630", "2017-09-30": "0.64690", "2017-06-30": "0.59690", "2017-03-31": "0.60290", "2016-12-31": "0.64650", "2016-09-30": "0.64400", "2016-06-30": "0.66870", "2016-03-31": "0.66600", "2015-12-31": "0.77170", "2015-09-30": "0.85850", "2015-06-30": "0.70370", "2015-03-31": "0.67290", "2014-12-31": "0.53020", "2014-09-30": "0.50490", "2014-06-30": "0.50110", "2014-03-31": "0.39430", "2013-12-31": "0.38320", "2013-09-30": "0.37580", "2013-06-30": "0.36610", "2013-03-31": "0.37310", "2012-12-31": "0.37400", "2012-09-30": "0.36250", "2012-06-30": "0.33620", "2012-03-31": "0.33580", "2011-12-31": "0.33780", "2011-09-30": "0.25340", "2011-06-30": "0.29830", "2011-03-31": "0.30000", "2010-12-31": "0.30300", "2010-09-30": "0.31250", "2010-06-30": "0.31690", "2010-03-31": "0.32420", "2009-12-31": "0.33410", "2009-09-30": "0.30230", "2009-06-30": "0.29950", "2009-03-31": "0.29590", "2008-12-31": "0.30380", "2008-09-30": "0.30470", "2008-06-30": "0.31130", "2008-03-31": "0.29340", "2007-12-31": "0.30230", "2007-09-30": "0.28360", "2007-06-30": "0.24510", "2007-03-31": "0.22650", "2006-12-31": "0.23510", "2006-09-30": "0.20900", "2006-06-30": "0.20370", "2006-03-31": "0.19440", "2005-12-31": "0.19580", "2005-09-30": "0.18190", "2005-06-30": "0.16980", "2005-03-31": "0.17060"}, "Debt/Equity Ratio": {"2020-12-31": "-7.23320", "2020-09-30": "-4.90630", "2020-06-30": "1.04340", "2020-03-31": "1.11880", "2019-12-31": "1.35830", "2019-09-30": "1.50120", "2019-06-30": "1.45020", "2019-03-31": "1.52810", "2018-12-31": "1.47650", "2018-09-30": "1.52870", "2018-06-30": "1.45470", "2018-03-31": "1.45470", "2017-12-31": "1.61320", "2017-09-30": "1.83760", "2017-06-30": "1.48260", "2017-03-31": "1.76150", "2016-12-31": "2.11640", "2016-09-30": "2.09570", "2016-06-30": "2.34510", "2016-03-31": "2.04830", "2015-12-31": "3.46280", "2015-09-30": "6.06640", "2015-06-30": "2.38010", "2015-03-31": "2.09090", "2014-12-31": "1.12870", "2014-09-30": "1.01980", "2014-06-30": "1.00460", "2014-03-31": "0.65110", "2013-12-31": "0.80960", "2013-09-30": "0.60210", "2013-06-30": "0.57750", "2013-03-31": "0.59510", "2012-12-31": "0.59730", "2012-09-30": "0.56860", "2012-06-30": "0.64030", "2012-03-31": "0.63880", "2011-12-31": "0.66410", "2011-09-30": "0.47610", "2011-06-30": "0.42520", "2011-03-31": "0.42860", "2010-12-31": "0.47360", "2010-09-30": "0.45480", "2010-06-30": "0.46400", "2010-03-31": "0.47990", "2009-12-31": "0.50200", "2009-09-30": "0.43370", "2009-06-30": "0.42770", "2009-03-31": "0.42050", "2008-12-31": "0.43690", "2008-09-30": "0.43880", "2008-06-30": "0.45270", "2008-03-31": "0.41570", "2007-12-31": "0.43390", "2007-09-30": "0.39600", "2007-06-30": "0.32480", "2007-03-31": "0.29310", "2006-12-31": "0.30770", "2006-09-30": "0.26450", "2006-06-30": "0.25640", "2006-03-31": "0.24190", "2005-12-31": "0.24370", "2005-09-30": "0.22260", "2005-06-30": "0.20490", "2005-03-31": "0.23010"}, "Gross Margin": {"2020-12-31": "2.76530", "2020-09-30": "2.73500", "2020-06-30": "2.70180", "2020-03-31": "2.92740", "2019-12-31": "2.57230", "2019-09-30": "2.59600", "2019-06-30": "2.72160", "2019-03-31": "3.28890", "2018-12-31": "2.85860", "2018-09-30": "2.38500", "2018-06-30": "2.80780", "2018-03-31": "3.06010", "2017-12-31": "2.74960", "2017-09-30": "2.99600", "2017-06-30": "2.78990", "2017-03-31": "3.38230", "2016-12-31": "2.71860", "2016-09-30": "2.99390", "2016-06-30": "3.00380", "2016-03-31": "3.01230", "2015-12-31": "2.62840", "2015-09-30": "2.74480", "2015-06-30": "2.60410", "2015-03-31": "2.79150", "2014-12-31": "2.23970", "2014-09-30": "2.76220", "2014-06-30": "2.28020", "2014-03-31": "2.56390", "2013-12-31": "2.35880", "2013-09-30": "2.31950", "2013-06-30": "2.56750", "2013-03-31": "3.49350", "2012-12-31": "3.13790", "2012-09-30": "3.75350", "2012-06-30": "3.45560", "2012-03-31": "3.44900", "2011-12-31": "2.87480", "2011-09-30": "2.84780", "2011-06-30": "3.24180", "2011-03-31": "3.47840", "2010-12-31": "2.91740", "2010-09-30": "2.87260", "2010-06-30": "3.00160", "2010-03-31": "3.17120", "2009-12-31": "2.91360", "2009-09-30": "2.87740", "2009-06-30": "2.82280", "2009-03-31": "3.19130", "2008-12-31": "2.82520", "2008-09-30": "3.07410", "2008-06-30": "2.76740", "2008-03-31": "3.02600", "2007-12-31": "2.80230", "2007-09-30": "2.77920", "2007-06-30": "3.49240", "2007-03-31": "3.67260", "2006-12-31": "3.55530", "2006-09-30": "3.11620", "2006-06-30": "3.55200", "2006-03-31": "3.68420", "2005-12-31": "3.60590", "2005-09-30": "3.74880", "2005-06-30": "3.62980", "2005-03-31": "3.80400"}, "Operating Margin": {"2020-12-31": "1.04200", "2020-09-30": "-12.41380", "2020-06-30": "0.89240", "2020-03-31": "0.65270", "2019-12-31": "0.55040", "2019-09-30": "0.39410", "2019-06-30": "0.89900", "2019-03-31": "0.10980", "2018-12-31": "1.05270", "2018-09-30": "0.35590", "2018-06-30": "0.90210", "2018-03-31": "1.17320", "2017-12-31": "1.03540", "2017-09-30": "-0.34510", "2017-06-30": "0.44020", "2017-03-31": "1.68240", "2016-12-31": "1.04790", "2016-09-30": "0.59850", "2016-06-30": "1.43330", "2016-03-31": "2.66250", "2015-12-31": "-0.48530", "2015-09-30": "1.52890", "2015-06-30": "0.97150", "2015-03-31": "-1.11500", "2014-12-31": "-0.26320", "2014-09-30": "0.66610", "2014-06-30": "0.36530", "2014-03-31": "1.05820", "2013-12-31": "0.54710", "2013-09-30": "0.46660", "2013-06-30": "0.61460", "2013-03-31": "1.70590", "2012-12-31": "1.42190", "2012-09-30": "1.71220", "2012-06-30": "1.67840", "2012-03-31": "1.91320", "2011-12-31": "1.38550", "2011-09-30": "1.21970", "2011-06-30": "1.57310", "2011-03-31": "1.84840", "2010-12-31": "1.39160", "2010-09-30": "1.21030", "2010-06-30": "1.43790", "2010-03-31": "1.61250", "2009-12-31": "1.35700", "2009-09-30": "1.20010", "2009-06-30": "1.15790", "2009-03-31": "1.43410", "2008-12-31": "1.14130", "2008-09-30": "1.18140", "2008-06-30": "1.09760", "2008-03-31": "1.32350", "2007-12-31": "1.11490", "2007-09-30": "0.97030", "2007-06-30": "1.24120", "2007-03-31": "1.33770", "2006-12-31": "1.24870", "2006-09-30": "0.91470", "2006-06-30": "1.20390", "2006-03-31": "1.30040", "2005-12-31": "1.13700", "2005-09-30": "1.11360", "2005-06-30": "1.21900", "2005-03-31": "1.35900"}, "EBIT Margin": {"2020-12-31": "1.04200", "2020-09-30": "-12.41380", "2020-06-30": "0.89240", "2020-03-31": "0.65270", "2019-12-31": "0.55040", "2019-09-30": "0.39410", "2019-06-30": "0.89900", "2019-03-31": "0.10980", "2018-12-31": "1.05270", "2018-09-30": "0.35590", "2018-06-30": "0.90210", "2018-03-31": "1.17320", "2017-12-31": "1.03540", "2017-09-30": "-0.34510", "2017-06-30": "0.44020", "2017-03-31": "1.68240", "2016-12-31": "1.04790", "2016-09-30": "0.59850", "2016-06-30": "1.43330", "2016-03-31": "2.66250", "2015-12-31": "-0.48530", "2015-09-30": "1.52890", "2015-06-30": "0.97150", "2015-03-31": "-1.11500", "2014-12-31": "-0.26320", "2014-09-30": "0.66610", "2014-06-30": "0.36530", "2014-03-31": "1.05820", "2013-12-31": "0.54710", "2013-09-30": "0.46660", "2013-06-30": "0.61460", "2013-03-31": "1.70590", "2012-12-31": "1.42190", "2012-09-30": "1.71220", "2012-06-30": "1.67840", "2012-03-31": "1.91320", "2011-12-31": "1.38550", "2011-09-30": "1.21970", "2011-06-30": "1.57310", "2011-03-31": "1.84840", "2010-12-31": "1.39160", "2010-09-30": "1.21030", "2010-06-30": "1.43790", "2010-03-31": "1.61250", "2009-12-31": "1.35700", "2009-09-30": "1.20010", "2009-06-30": "1.15790", "2009-03-31": "1.43410", "2008-12-31": "1.14130", "2008-09-30": "1.18140", "2008-06-30": "1.09760", "2008-03-31": "1.32350", "2007-12-31": "1.11490", "2007-09-30": "0.97030", "2007-06-30": "1.24120", "2007-03-31": "1.33770", "2006-12-31": "1.24870", "2006-09-30": "0.91470", "2006-06-30": "1.20390", "2006-03-31": "1.30040", "2005-12-31": "1.13700", "2005-09-30": "1.11360", "2005-06-30": "1.21900", "2005-03-31": "1.35900"}, "EBITDA Margin": {"2020-12-31": "", "2020-09-30": "", "2020-06-30": "", "2020-03-31": "", "2019-12-31": "", "2019-09-30": "", "2019-06-30": "", "2019-03-31": "", "2018-12-31": "", "2018-09-30": "", "2018-06-30": "", "2018-03-31": "", "2017-12-31": "", "2017-09-30": "", "2017-06-30": "", "2017-03-31": "", "2016-12-31": "", "2016-09-30": "", "2016-06-30": "", "2016-03-31": "", "2015-12-31": "", "2015-09-30": "", "2015-06-30": "", "2015-03-31": "", "2014-12-31": "", "2014-09-30": "", "2014-06-30": "", "2014-03-31": "", "2013-12-31": "", "2013-09-30": "", "2013-06-30": "", "2013-03-31": "", "2012-12-31": "", "2012-09-30": "", "2012-06-30": "", "2012-03-31": "", "2011-12-31": "", "2011-09-30": "", "2011-06-30": "", "2011-03-31": "", "2010-12-31": "", "2010-09-30": "", "2010-06-30": "", "2010-03-31": "", "2009-12-31": "", "2009-09-30": "", "2009-06-30": "", "2009-03-31": "", "2008-12-31": "", "2008-09-30": "", "2008-06-30": "", "2008-03-31": "", "2007-12-31": "", "2007-09-30": "", "2007-06-30": "", "2007-03-31": "", "2006-12-31": "", "2006-09-30": "", "2006-06-30": "", "2006-03-31": "", "2005-12-31": "", "2005-09-30": "", "2005-06-30": "", "2005-03-31": ""}, "Pre-Tax Profit Margin": {"2020-12-31": "1.00520", "2020-09-30": "-12.47540", "2020-06-30": "0.75790", "2020-03-31": "0.58250", "2019-12-31": "0.47970", "2019-09-30": "0.31700", "2019-06-30": "0.82030", "2019-03-31": "0.04340", "2018-12-31": "0.95290", "2018-09-30": "0.25840", "2018-06-30": "0.80010", "2018-03-31": "0.88060", "2017-12-31": "0.88720", "2017-09-30": "-0.43850", "2017-06-30": "0.34460", "2017-03-31": "1.59610", "2016-12-31": "0.95140", "2016-09-30": "0.51000", "2016-06-30": "1.34380", "2016-03-31": "2.56390", "2015-12-31": "-0.57630", "2015-09-30": "1.32590", "2015-06-30": "0.88890", "2015-03-31": "-1.22010", "2014-12-31": "-0.31870", "2014-09-30": "0.58470", "2014-06-30": "0.19220", "2014-03-31": "1.00310", "2013-12-31": "0.48460", "2013-09-30": "0.39530", "2013-06-30": "0.52920", "2013-03-31": "1.61210", "2012-12-31": "1.33400", "2012-09-30": "1.59510", "2012-06-30": "1.58020", "2012-03-31": "1.79530", "2011-12-31": "1.27430", "2011-09-30": "1.13250", "2011-06-30": "1.48050", "2011-03-31": "1.75270", "2010-12-31": "1.30370", "2010-09-30": "1.10650", "2010-06-30": "1.34410", "2010-03-31": "1.51120", "2009-12-31": "1.26620", "2009-09-30": "1.11890", "2009-06-30": "1.07730", "2009-03-31": "1.34730", "2008-12-31": "1.05700", "2008-09-30": "1.09430", "2008-06-30": "1.00460", "2008-03-31": "1.22380", "2007-12-31": "1.01560", "2007-09-30": "0.92720", "2007-06-30": "1.18100", "2007-03-31": "1.27560", "2006-12-31": "1.19970", "2006-09-30": "0.91630", "2006-06-30": "1.20700", "2006-03-31": "1.29040", "2005-12-31": "1.08720", "2005-09-30": "0.24870", "2005-06-30": "1.13540", "2005-03-31": "1.25180"}, "Net Profit Margin": {"2020-12-31": "0.71380", "2020-09-30": "-9.84080", "2020-06-30": "0.63800", "2020-03-31": "2.02510", "2019-12-31": "0.39200", "2019-09-30": "0.29060", "2019-06-30": "0.66750", "2019-03-31": "0.06260", "2018-12-31": "0.86720", "2018-09-30": "0.53880", "2018-06-30": "0.63930", "2018-03-31": "0.70050", "2017-12-31": "2.12980", "2017-09-30": "-0.88080", "2017-06-30": "0.13010", "2017-03-31": "1.10770", "2016-12-31": "0.64780", "2016-09-30": "0.38790", "2016-06-30": "0.94670", "2016-03-31": "1.69040", "2015-12-31": "0.89800", "2015-09-30": "1.01780", "2015-06-30": "0.62560", "2015-03-31": "-1.57150", "2014-12-31": "-0.59530", "2014-09-30": "0.20750", "2014-06-30": "-0.04210", "2014-03-31": "0.63280", "2013-12-31": "0.14180", "2013-09-30": "0.20850", "2013-06-30": "0.76890", "2013-03-31": "0.22230", "2012-12-31": "0.80060", "2012-09-30": "0.87270", "2012-06-30": "0.93790", "2012-03-31": "1.07620", "2011-12-31": "0.79810", "2011-09-30": "0.78010", "2011-06-30": "0.91470", "2011-03-31": "1.08490", "2010-12-31": "0.80700", "2010-09-30": "0.72280", "2010-06-30": "0.83260", "2010-03-31": "0.93780", "2009-12-31": "0.78250", "2009-09-30": "0.69540", "2009-06-30": "0.64590", "2009-03-31": "0.82830", "2008-12-31": "0.64050", "2008-09-30": "0.66970", "2008-06-30": "-0.60020", "2008-03-31": "0.75380", "2007-12-31": "0.63560", "2007-09-30": "0.54430", "2007-06-30": "0.79480", "2007-03-31": "0.78420", "2006-12-31": "0.73050", "2006-09-30": "0.79970", "2006-06-30": "0.76160", "2006-03-31": "0.84750", "2005-12-31": "0.66380", "2005-09-30": "0.14010", "2005-06-30": "0.68520", "2005-03-31": "0.75380"}, "Asset Turnover": {"2020-12-31": "1.14550", "2020-09-30": "1.11230", "2020-06-30": "1.11220", "2020-03-31": "1.12790", "2019-12-31": "1.19610", "2019-09-30": "1.16510", "2019-06-30": "1.17570", "2019-03-31": "1.11620", "2018-12-31": "1.15600", "2018-09-30": "1.14940", "2018-06-30": "1.12610", "2018-03-31": "1.06870", "2017-12-31": "1.11290", "2017-09-30": "1.10770", "2017-06-30": "1.11700", "2017-03-31": "1.08000", "2016-12-31": "1.12530", "2016-09-30": "1.11660", "2016-06-30": "1.15570", "2016-03-31": "1.09860", "2015-12-31": "1.19360", "2015-09-30": "1.26850", "2015-06-30": "1.25240", "2015-03-31": "1.20970", "2014-12-31": "1.34870", "2014-09-30": "1.46700", "2014-06-30": "1.47100", "2014-03-31": "1.39760", "2013-12-31": "1.47380", "2013-09-30": "1.29340", "2013-06-30": "1.32130", "2013-03-31": "1.27390", "2012-12-31": "1.35910", "2012-09-30": "1.21310", "2012-06-30": "1.22730", "2012-03-31": "1.25970", "2011-12-31": "1.27120", "2011-09-30": "1.26050", "2011-06-30": "1.35710", "2011-03-31": "1.34600", "2010-12-31": "1.40730", "2010-09-30": "1.35350", "2010-06-30": "1.39980", "2010-03-31": "1.39630", "2009-12-31": "1.42630", "2009-09-30": "1.37890", "2009-06-30": "1.44430", "2009-03-31": "1.37940", "2008-12-31": "1.38030", "2008-09-30": "1.40430", "2008-06-30": "1.50120", "2008-03-31": "1.41220", "2007-12-31": "1.37010", "2007-09-30": "1.30710", "2007-06-30": "1.26780", "2007-03-31": "1.21530", "2006-12-31": "1.28230", "2006-09-30": "1.19310", "2006-06-30": "1.21910", "2006-03-31": "1.19080", "2005-12-31": "1.16520", "2005-09-30": "1.22290", "2005-06-30": "1.21260", "2005-03-31": "1.13390"}, "Inventory Turnover Ratio": {"2020-12-31": "3.87470", "2020-09-30": "3.80470", "2020-06-30": "3.72520", "2020-03-31": "4.14580", "2019-12-31": "3.99040", "2019-09-30": "4.01920", "2019-06-30": "3.91260", "2019-03-31": "3.68350", "2018-12-31": "3.73680", "2018-09-30": "3.54610", "2018-06-30": "3.47270", "2018-03-31": "3.09140", "2017-12-31": "3.27380", "2017-09-30": "3.31090", "2017-06-30": "3.22440", "2017-03-31": "3.16620", "2016-12-31": "3.25290", "2016-09-30": "3.39760", "2016-06-30": "3.40940", "2016-03-31": "3.25260", "2015-12-31": "3.29020", "2015-09-30": "3.53630", "2015-06-30": "3.45870", "2015-03-31": "3.33680", "2014-12-31": "3.08950", "2014-09-30": "3.57420", "2014-06-30": "3.52130", "2014-03-31": "3.26450", "2013-12-31": "3.31150", "2013-09-30": "3.42360", "2013-06-30": "3.62070", "2013-03-31": "3.49780", "2012-12-31": "3.41950", "2012-09-30": "3.29500", "2012-06-30": "3.42550", "2012-03-31": "3.55390", "2011-12-31": "3.38720", "2011-09-30": "3.37090", "2011-06-30": "3.78210", "2011-03-31": "3.67070", "2010-12-31": "3.54880", "2010-09-30": "3.64230", "2010-06-30": "3.73070", "2010-03-31": "3.75200", "2009-12-31": "3.50110", "2009-09-30": "3.65540", "2009-06-30": "4.04020", "2009-03-31": "3.66000", "2008-12-31": "3.39430", "2008-09-30": "3.94850", "2008-06-30": "4.25110", "2008-03-31": "3.80260", "2007-12-31": "3.48280", "2007-09-30": "3.81740", "2007-06-30": "3.82010", "2007-03-31": "3.45620", "2006-12-31": "3.48510", "2006-09-30": "3.34170", "2006-06-30": "3.38370", "2006-03-31": "3.36710", "2005-12-31": "2.84070", "2005-09-30": "3.34610", "2005-06-30": "2.94020", "2005-03-31": "2.74430"}, "Receiveable Turnover": {"2020-12-31": "3.45410", "2020-09-30": "3.43530", "2020-06-30": "3.45140", "2020-03-31": "3.18030", "2019-12-31": "3.80820", "2019-09-30": "3.68260", "2019-06-30": "3.77340", "2019-03-31": "3.54430", "2018-12-31": "3.78920", "2018-09-30": "3.82680", "2018-06-30": "3.66710", "2018-03-31": "3.64260", "2017-12-31": "3.99560", "2017-09-30": "3.79680", "2017-06-30": "3.66780", "2017-03-31": "3.87620", "2016-12-31": "3.93650", "2016-09-30": "4.09340", "2016-06-30": "4.10500", "2016-03-31": "4.07190", "2015-12-31": "4.38020", "2015-09-30": "4.31360", "2015-06-30": "4.50650", "2015-03-31": "4.32130", "2014-12-31": "4.70160", "2014-09-30": "5.00380", "2014-06-30": "4.94820", "2014-03-31": "4.37350", "2013-12-31": "4.69510", "2013-09-30": "4.04320", "2013-06-30": "4.77740", "2013-03-31": "4.90940", "2012-12-31": "4.82880", "2012-09-30": "4.95000", "2012-06-30": "4.90110", "2012-03-31": "5.09440", "2011-12-31": "5.45370", "2011-09-30": "4.97800", "2011-06-30": "5.16010", "2011-03-31": "5.19700", "2010-12-31": "5.60040", "2010-09-30": "5.10460", "2010-06-30": "5.04190", "2010-03-31": "4.88810", "2009-12-31": "5.46070", "2009-09-30": "4.77880", "2009-06-30": "4.90940", "2009-03-31": "4.63590", "2008-12-31": "4.90100", "2008-09-30": "4.93000", "2008-06-30": "4.90760", "2008-03-31": "4.86720", "2007-12-31": "4.99180", "2007-09-30": "4.71050", "2007-06-30": "4.60520", "2007-03-31": "4.54430", "2006-12-31": "4.88640", "2006-09-30": "4.45040", "2006-06-30": "4.98520", "2006-03-31": "5.09010", "2005-12-31": "5.50090", "2005-09-30": "5.27080", "2005-06-30": "5.63390", "2005-03-31": "5.38350"}, "Days Sales In Receivables": {"2020-12-31": "26.05560", "2020-09-30": "26.19820", "2020-06-30": "26.07630", "2020-03-31": "28.29900", "2019-12-31": "23.63310", "2019-09-30": "24.43910", "2019-06-30": "23.85120", "2019-03-31": "25.39280", "2018-12-31": "23.75160", "2018-09-30": "23.51840", "2018-06-30": "24.54240", "2018-03-31": "24.70770", "2017-12-31": "22.52490", "2017-09-30": "23.70400", "2017-06-30": "24.53790", "2017-03-31": "23.21880", "2016-12-31": "22.86280", "2016-09-30": "21.98660", "2016-06-30": "21.92440", "2016-03-31": "22.10270", "2015-12-31": "20.54690", "2015-09-30": "20.86430", "2015-06-30": "19.97140", "2015-03-31": "20.82730", "2014-12-31": "19.14230", "2014-09-30": "17.98620", "2014-06-30": "18.18860", "2014-03-31": "20.57840", "2013-12-31": "19.16890", "2013-09-30": "22.25970", "2013-06-30": "18.83880", "2013-03-31": "18.33200", "2012-12-31": "18.63810", "2012-09-30": "18.18200", "2012-06-30": "18.36320", "2012-03-31": "17.66650", "2011-12-31": "16.50270", "2011-09-30": "18.07960", "2011-06-30": "17.44160", "2011-03-31": "17.31770", "2010-12-31": "16.07040", "2010-09-30": "17.63110", "2010-06-30": "17.85030", "2010-03-31": "18.41200", "2009-12-31": "16.48140", "2009-09-30": "18.83330", "2009-06-30": "18.33210", "2009-03-31": "19.41370", "2008-12-31": "18.36350", "2008-09-30": "18.25540", "2008-06-30": "18.33880", "2008-03-31": "18.49130", "2007-12-31": "18.02960", "2007-09-30": "19.10610", "2007-06-30": "19.54310", "2007-03-31": "19.80520", "2006-12-31": "18.41840", "2006-09-30": "20.22270", "2006-06-30": "18.05360", "2006-03-31": "17.68160", "2005-12-31": "16.36100", "2005-09-30": "17.07520", "2005-06-30": "15.97470", "2005-03-31": "16.71780"}, "ROE - Return On Equity": {"2020-12-31": "-74.03160", "2020-09-30": "576.97660", "2020-06-30": "7.23970", "2020-03-31": "26.21000", "2019-12-31": "6.07900", "2019-09-30": "4.42020", "2019-06-30": "9.71940", "2019-03-31": "0.92400", "2018-12-31": "12.37870", "2018-09-30": "6.36090", "2018-06-30": "8.48230", "2018-03-31": "8.38860", "2017-12-31": "29.98190", "2017-09-30": "-16.69140", "2017-06-30": "1.97190", "2017-03-31": "16.26830", "2016-12-31": "11.68150", "2016-09-30": "6.84160", "2016-06-30": "18.57880", "2016-03-31": "27.54020", "2015-12-31": "25.35650", "2015-09-30": "58.56870", "2015-06-30": "13.59230", "2015-03-31": "-26.79130", "2014-12-31": "-11.30700", "2014-09-30": "3.34960", "2014-06-30": "-0.64340", "2014-03-31": "8.39320", "2013-12-31": "2.17680", "2013-09-30": "2.17960", "2013-06-30": "2.65120", "2013-03-31": "8.70070", "2012-12-31": "7.47130", "2012-09-30": "7.82470", "2012-06-30": "6.49130", "2012-03-31": "7.43750", "2011-12-31": "5.50700", "2011-09-30": "4.82040", "2011-06-30": "5.75760", "2011-03-31": "6.84260", "2010-12-31": "5.41860", "2010-09-30": "4.54530", "2010-06-30": "5.56790", "2010-03-31": "6.39170", "2009-12-31": "5.52040", "2009-09-30": "4.79100", "2009-06-30": "4.49420", "2009-03-31": "5.22140", "2008-12-31": "4.14350", "2008-09-30": "4.24580", "2008-06-30": "4.13970", "2008-03-31": "4.50600", "2007-12-31": "3.75740", "2007-09-30": "3.13700", "2007-06-30": "3.36960", "2007-03-31": "3.16250", "2006-12-31": "3.10180", "2006-09-30": "2.13540", "2006-06-30": "2.82410", "2006-03-31": "2.87890", "2005-12-31": "2.26810", "2005-09-30": "0.49860", "2005-06-30": "2.38610", "2005-03-31": "2.44390"}, "Return On Tangible Equity": {"2020-12-31": "-4.16930", "2020-09-30": "51.35990", "2020-06-30": "-6.18080", "2020-03-31": "-19.68020", "2019-12-31": "-3.22950", "2019-09-30": "-2.20250", "2019-06-30": "-5.09300", "2019-03-31": "-0.46650", "2018-12-31": "-6.06660", "2018-09-30": "-2.95640", "2018-06-30": "-4.31640", "2018-03-31": "-4.41130", "2017-12-31": "-14.30090", "2017-09-30": "5.05770", "2017-06-30": "-0.79160", "2017-03-31": "-6.48260", "2016-12-31": "-3.63720", "2016-09-30": "-2.13300", "2016-06-30": "-4.91300", "2016-03-31": "-8.82580", "2015-12-31": "-4.25190", "2015-09-30": "-6.53870", "2015-06-30": "-4.71740", "2015-03-31": "12.20650", "2014-12-31": "11.53960", "2014-09-30": "-4.29870", "2014-06-30": "0.85030", "2014-03-31": "-13.34270", "2013-12-31": "-3.90340", "2013-09-30": "-4.28500", "2013-06-30": "-5.90000", "2013-03-31": "-17.51220", "2012-12-31": "-14.41120", "2012-09-30": "-17.97540", "2012-06-30": "-28.94910", "2012-03-31": "-135.32160", "2011-12-31": "-80.61850", "2011-09-30": "226.03990", "2011-06-30": "51.34900", "2011-03-31": "74.74430", "2010-12-31": "137.67040", "2010-09-30": "123.24670", "2010-06-30": "192.24500", "2010-03-31": "-796.72540", "2009-12-31": "-130.01050", "2009-09-30": "-91.27150", "2009-06-30": "-175.14830", "2009-03-31": "-167.32210", "2008-12-31": "-82.25770", "2008-09-30": "-69.59910", "2008-06-30": "-38.17870", "2008-03-31": "-46.22960", "2007-12-31": "-29.78330", "2007-09-30": "27.28090", "2007-06-30": "24.03290", "2007-03-31": "14.25710", "2006-12-31": "16.35880", "2006-09-30": "8.20770", "2006-06-30": "10.12070", "2006-03-31": "9.09100", "2005-12-31": "6.95720", "2005-09-30": "1.52270", "2005-06-30": "7.72730", "2005-03-31": "8.01460"}, "ROA - Return On Assets": {"2020-12-31": "0.82600", "2020-09-30": "-10.94190", "2020-06-30": "0.70430", "2020-03-31": "2.30980", "2019-12-31": "0.46620", "2019-09-30": "0.33780", "2019-06-30": "0.78490", "2019-03-31": "0.07230", "2018-12-31": "0.99760", "2018-09-30": "0.51500", "2018-06-30": "0.72530", "2018-03-31": "0.73490", "2017-12-31": "2.37020", "2017-09-30": "-0.97570", "2017-06-30": "0.14530", "2017-03-31": "1.19620", "2016-12-31": "0.72890", "2016-09-30": "0.43310", "2016-06-30": "1.09400", "2016-03-31": "1.85700", "2015-12-31": "1.07180", "2015-09-30": "1.29100", "2015-06-30": "0.78350", "2015-03-31": "-1.90110", "2014-12-31": "-0.80280", "2014-09-30": "0.30440", "2014-06-30": "-0.06190", "2014-03-31": "0.88440", "2013-12-31": "0.24720", "2013-09-30": "0.26730", "2013-06-30": "0.38670", "2013-03-31": "1.26710", "2012-12-31": "1.12690", "2012-09-30": "1.24390", "2012-06-30": "1.20770", "2012-03-31": "1.40070", "2011-12-31": "1.00110", "2011-09-30": "0.92240", "2011-06-30": "1.24140", "2011-03-31": "1.46030", "2010-12-31": "1.13570", "2010-09-30": "0.93030", "2010-06-30": "1.16540", "2010-03-31": "1.30950", "2009-12-31": "1.11610", "2009-09-30": "0.95890", "2009-06-30": "0.98250", "2009-03-31": "1.14780", "2008-12-31": "0.89580", "2008-09-30": "0.94180", "2008-06-30": "0.94060", "2008-03-31": "1.05650", "2007-12-31": "0.85960", "2007-09-30": "0.78990", "2007-06-30": "0.97650", "2007-03-31": "0.95310", "2006-12-31": "0.93680", "2006-09-30": "0.69170", "2006-06-30": "0.92850", "2006-03-31": "1.00610", "2005-12-31": "0.77910", "2005-09-30": "0.18750", "2005-06-30": "0.87530", "2005-03-31": "0.87440"}, "ROI - Return On Investment": {"2020-12-31": "12.10240", "2020-09-30": "-174.34900", "2020-06-30": "3.78550", "2020-03-31": "13.25300", "2019-12-31": "2.78240", "2019-09-30": "1.80070", "2019-06-30": "4.05530", "2019-03-31": "0.37950", "2018-12-31": "5.10010", "2018-09-30": "2.56590", "2018-06-30": "3.54180", "2018-03-31": "3.52540", "2017-12-31": "11.50390", "2017-09-30": "-5.89440", "2017-06-30": "0.79480", "2017-03-31": "6.46070", "2016-12-31": "4.12890", "2016-09-30": "2.43540", "2016-06-30": "6.15430", "2016-03-31": "9.19930", "2015-12-31": "5.78990", "2015-09-30": "8.28840", "2015-06-30": "4.02680", "2015-03-31": "-8.76280", "2014-12-31": "-5.31180", "2014-09-30": "1.65840", "2014-06-30": "-0.32100", "2014-03-31": "5.08340", "2013-12-31": "1.34260", "2013-09-30": "1.36050", "2013-06-30": "1.68060", "2013-03-31": "5.45460", "2012-12-31": "4.67730", "2012-09-30": "4.98820", "2012-06-30": "4.30900", "2012-03-31": "4.93960", "2011-12-31": "3.64650", "2011-09-30": "3.59910", "2011-06-30": "4.03990", "2011-03-31": "4.79000", "2010-12-31": "3.77700", "2010-09-30": "3.12470", "2010-06-30": "3.80350", "2010-03-31": "4.31960", "2009-12-31": "3.67600", "2009-09-30": "3.34280", "2009-06-30": "3.14840", "2009-03-31": "3.67640", "2008-12-31": "2.88450", "2008-09-30": "2.95220", "2008-06-30": "2.85110", "2008-03-31": "3.18410", "2007-12-31": "2.62140", "2007-09-30": "2.24740", "2007-06-30": "2.54370", "2007-03-31": "2.44620", "2006-12-31": "2.37250", "2006-09-30": "1.68920", "2006-06-30": "2.24880", "2006-03-31": "2.31940", "2005-12-31": "1.82410", "2005-09-30": "0.40790", "2005-06-30": "1.98090", "2005-03-31": "2.02680"}, "Book Value Per Share": {"2020-12-31": "-1.77750", "2020-09-30": "-4.11130", "2020-06-30": "19.45450", "2020-03-31": "18.22020", "2019-12-31": "14.91450", "2019-09-30": "14.47670", "2019-06-30": "14.91120", "2019-03-31": "14.45680", "2018-12-31": "14.99700", "2018-09-30": "14.30440", "2018-06-30": "15.10370", "2018-03-31": "15.30690", "2017-12-31": "13.15590", "2017-09-30": "9.47030", "2017-06-30": "11.65800", "2017-03-31": "11.58550", "2016-12-31": "9.75440", "2016-09-30": "9.67690", "2016-06-30": "8.75540", "2016-03-31": "9.78190", "2015-12-31": "6.30110", "2015-09-30": "2.97930", "2015-06-30": "7.27710", "2015-03-31": "8.66650", "2014-12-31": "8.06210", "2014-09-30": "8.81850", "2014-06-30": "8.85630", "2014-03-31": "9.43000", "2013-12-31": "9.75210", "2013-09-30": "10.08610", "2013-06-30": "10.47770", "2013-03-31": "10.16210", "2012-12-31": "10.16540", "2012-09-30": "10.42870", "2012-06-30": "11.66310", "2012-03-31": "11.53570", "2011-12-31": "11.24100", "2011-09-30": "10.98450", "2011-06-30": "11.77390", "2011-03-31": "11.45020", "2010-12-31": "10.82200", "2010-09-30": "10.64530", "2010-06-30": "10.42450", "2010-03-31": "10.05730", "2009-12-31": "9.65690", "2009-09-30": "9.43470", "2009-06-30": "9.37270", "2009-03-31": "9.13660", "2008-12-31": "8.85760", "2008-09-30": "8.67410", "2008-06-30": "8.57310", "2008-03-31": "9.14220", "2007-12-31": "8.87570", "2007-09-30": "9.14500", "2007-06-30": "10.33110", "2007-03-31": "10.75230", "2006-12-31": "10.39760", "2006-09-30": "10.54530", "2006-06-30": "10.51100", "2006-03-31": "10.66070", "2005-12-31": "10.36080", "2005-09-30": "10.20330", "2005-06-30": "10.11370", "2005-03-31": "9.98730"}, "Operating Cash Flow Per Share": {"2020-12-31": "4.36680", "2020-09-30": 6.3609, "2020-06-30": -0.3921, "2020-03-31": 4.1205, "2019-12-31": "0.68820", "2019-09-30": 3.1508, "2019-06-30": 2.7237, "2019-03-31": 2.9521, "2018-12-31": "2.23850", "2018-09-30": 3.0262, "2018-06-30": 3.7269, "2018-03-31": -0.3943, "2017-12-31": "0.04680", "2017-09-30": 6.2301, "2017-06-30": -1.1077, "2017-03-31": 3.6039, "2016-12-31": "-1.93870", "2016-09-30": 5.953, "2016-06-30": 0.8748, "2016-03-31": 3.9237, "2015-12-31": "3.31520", "2015-09-30": 6.5198, "2015-06-30": 4.0495, "2015-03-31": 3.3531, "2014-12-31": "4.08720", "2014-09-30": 3.4198, "2014-06-30": 2.3252, "2014-03-31": 4.7114, "2013-12-31": "-4.23460", "2013-09-30": -0.1267, "2013-06-30": 0.3054, "2013-03-31": 4.1943, "2012-12-31": "-1.02420", "2012-09-30": 2.1093, "2012-06-30": 0.4256, "2012-03-31": 0.9057, "2011-12-31": "1.64090", "2011-09-30": 1.3102, "2011-06-30": 0.8321, "2011-03-31": 2.4166, "2010-12-31": "-0.35340", "2010-09-30": 1.9083, "2010-06-30": 0.7449, "2010-03-31": 1.3494, "2009-12-31": "-0.14310", "2009-09-30": 1.1568, "2009-06-30": 1.3256, "2009-03-31": 1.0877, "2008-12-31": "-0.98130", "2008-09-30": 1.5766, "2008-06-30": 0.4093, "2008-03-31": 0.585, "2007-12-31": "-0.30240", "2007-09-30": 0.3405, "2007-06-30": 1.021, "2007-03-31": 1.1148, "2006-12-31": "0.73820", "2006-09-30": -0.1877, "2006-06-30": 0.4666, "2006-03-31": 1.1189, "2005-12-31": "0.54790", "2005-09-30": 0.5474, "2005-06-30": 0.2884, "2005-03-31": 2.7056}, "Free Cash Flow Per Share": {"2020-12-31": "4.05050", "2020-09-30": 5.9548, "2020-06-30": -0.9165, "2020-03-31": 3.7477, "2019-12-31": "0.36380", "2019-09-30": 2.7853, "2019-06-30": 2.3906, "2019-03-31": 2.5627, "2018-12-31": "1.86820", "2018-09-30": 2.6612, "2018-06-30": 3.3613, "2018-03-31": -0.8202, "2017-12-31": "-0.28670", "2017-09-30": 5.7995, "2017-06-30": -1.5943, "2017-03-31": 3.0349, "2016-12-31": "-2.55720", "2016-09-30": 5.2766, "2016-06-30": 0.2934, "2016-03-31": 3.5228, "2015-12-31": "2.91770", "2015-09-30": 6.1103, "2015-06-30": 3.8732, "2015-03-31": 3.115, "2014-12-31": "3.84770", "2014-09-30": 3.1765, "2014-06-30": 1.9758, "2014-03-31": 4.4304, "2013-12-31": "-4.48430", "2013-09-30": -0.4016, "2013-06-30": 0.0969, "2013-03-31": 4.056, "2012-12-31": "-1.26270", "2012-09-30": 1.9536, "2012-06-30": 0.3044, "2012-03-31": 0.8367, "2011-12-31": "1.46790", "2011-09-30": 1.2079, "2011-06-30": 0.7105, "2011-03-31": 2.2599, "2010-12-31": "-0.53190", "2010-09-30": 1.7564, "2010-06-30": 0.59, "2010-03-31": 1.189, "2009-12-31": "-0.28930", "2009-09-30": 1.0154, "2009-06-30": 1.2107, "2009-03-31": 0.9991, "2008-12-31": "-1.11780", "2008-09-30": 1.4054, "2008-06-30": 0.3326, "2008-03-31": 0.4979, "2007-12-31": "-0.38070", "2007-09-30": 0.246, "2007-06-30": 0.9797, "2007-03-31": 1.0429, "2006-12-31": "0.67120", "2006-09-30": -0.2514, "2006-06-30": 0.523, "2006-03-31": 1.0381, "2005-12-31": "0.48600", "2005-09-30": 0.477, "2005-06-30": 0.1763, "2005-03-31": 2.4261}}, "revenue": {"AmerisourceBergen Annual Revenue (Millions of US $)": {"2020": "$189,894", "2019": "$179,589", "2018": "$167,940", "2017": "$153,144", "2016": "$146,850", "2015": "$135,962", "2014": "$119,569", "2013": "$87,959", "2012": "$78,081", "2011": "$78,696", "2010": "$77,776", "2009": "$71,760", "2008": "$70,190", "2007": "$65,672", "2006": "$60,812", "2005": "$54,577"}, "AmerisourceBergen Quarterly Revenue (Millions of US $)": {"2020-12-31": "$52,517", "2020-09-30": "$49,245", "2020-06-30": "$45,367", "2020-03-31": "$47,418", "2019-12-31": "$47,865", "2019-09-30": "$45,638", "2019-06-30": "$45,239", "2019-03-31": "$43,320", "2018-12-31": "$45,392", "2018-09-30": "$43,297", "2018-06-30": "$43,142", "2018-03-31": "$41,034", "2017-12-31": "$40,466", "2017-09-30": "$39,120", "2017-06-30": "$38,707", "2017-03-31": "$37,147", "2016-12-31": "$38,169", "2016-09-30": "$37,561", "2016-06-30": "$36,882", "2016-03-31": "$35,698", "2015-12-31": "$36,709", "2015-09-30": "$35,470", "2015-06-30": "$34,234", "2015-03-31": "$32,669", "2014-12-31": "$33,589", "2014-09-30": "$31,589", "2014-06-30": "$30,348", "2014-03-31": "$28,456", "2013-12-31": "$29,176", "2013-09-30": "$24,469", "2013-06-30": "$21,907", "2013-03-31": "$20,524", "2012-12-31": "$21,060", "2012-09-30": "$18,734", "2012-06-30": "$19,327", "2012-03-31": "$19,708", "2011-12-31": "$20,312", "2011-09-30": "$18,886", "2011-06-30": "$20,161", "2011-03-31": "$19,760", "2010-12-31": "$19,889", "2010-09-30": "$19,538", "2010-06-30": "$19,602", "2010-03-31": "$19,301", "2009-12-31": "$19,336", "2009-09-30": "$18,716", "2009-06-30": "$18,394", "2009-03-31": "$17,312", "2008-12-31": "$17,338", "2008-09-30": "$17,158", "2008-06-30": "$17,997", "2008-03-31": "$17,756", "2007-12-31": "$17,279", "2007-09-30": "$16,090", "2007-06-30": "$16,344", "2007-03-31": "$16,513", "2006-12-31": "$16,725", "2006-09-30": "$15,252", "2006-06-30": "$15,686", "2006-03-31": "$15,221", "2005-12-31": "$14,653", "2005-09-30": "$13,918", "2005-06-30": "$13,832", "2005-03-31": "$13,190"}}, "gross-profit": {"AmerisourceBergen Annual Gross Profit (Millions of US $)": {"2020": "$5,192", "2019": "$5,138", "2018": "$4,612", "2017": "$4,546", "2016": "$4,273", "2015": "$3,529", "2014": "$2,982", "2013": "$2,508", "2012": "$2,635", "2011": "$2,459", "2010": "$2,325", "2009": "$2,100", "2008": "$2,047", "2007": "$2,219", "2006": "$2,122", "2005": "$1,980"}, "AmerisourceBergen Quarterly Gross Profit (Millions of US $)": {"2020-12-31": "$1,452", "2020-09-30": "$1,347", "2020-06-30": "$1,226", "2020-03-31": "$1,388", "2019-12-31": "$1,231", "2019-09-30": "$1,185", "2019-06-30": "$1,231", "2019-03-31": "$1,425", "2018-12-31": "$1,298", "2018-09-30": "$1,033", "2018-06-30": "$1,211", "2018-03-31": "$1,256", "2017-12-31": "$1,113", "2017-09-30": "$1,172", "2017-06-30": "$1,080", "2017-03-31": "$1,256", "2016-12-31": "$1,038", "2016-09-30": "$1,125", "2016-06-30": "$1,108", "2016-03-31": "$1,075", "2015-12-31": "$965", "2015-09-30": "$974", "2015-06-30": "$891", "2015-03-31": "$912", "2014-12-31": "$752", "2014-09-30": "$873", "2014-06-30": "$692", "2014-03-31": "$730", "2013-12-31": "$688", "2013-09-30": "$568", "2013-06-30": "$562", "2013-03-31": "$717", "2012-12-31": "$661", "2012-09-30": "$703", "2012-06-30": "$668", "2012-03-31": "$680", "2011-12-31": "$584", "2011-09-30": "$538", "2011-06-30": "$654", "2011-03-31": "$687", "2010-12-31": "$580", "2010-09-30": "$561", "2010-06-30": "$588", "2010-03-31": "$612", "2009-12-31": "$563", "2009-09-30": "$539", "2009-06-30": "$519", "2009-03-31": "$552", "2008-12-31": "$490", "2008-09-30": "$527", "2008-06-30": "$498", "2008-03-31": "$537", "2007-12-31": "$484", "2007-09-30": "$447", "2007-06-30": "$571", "2007-03-31": "$606", "2006-12-31": "$595", "2006-09-30": "$475", "2006-06-30": "$557", "2006-03-31": "$561", "2005-12-31": "$528", "2005-09-30": "$522", "2005-06-30": "$502", "2005-03-31": "$502"}}, "operating-income": {"AmerisourceBergen Annual Operating Income (Millions of US $)": {"2020": "$-5,135", "2019": "$1,112", "2018": "$1,444", "2017": "$1,060", "2016": "$1,526", "2015": "$422", "2014": "$782", "2013": "$898", "2012": "$1,304", "2011": "$1,190", "2010": "$1,092", "2009": "$884", "2008": "$828", "2007": "$789", "2006": "$693", "2005": "$637"}, "AmerisourceBergen Quarterly Operating Income (Millions of US $)": {"2020-12-31": "$547", "2020-09-30": "$-6,113", "2020-06-30": "$405", "2020-03-31": "$310", "2019-12-31": "$263", "2019-09-30": "$180", "2019-06-30": "$407", "2019-03-31": "$48", "2018-12-31": "$478", "2018-09-30": "$154", "2018-06-30": "$389", "2018-03-31": "$481", "2017-12-31": "$419", "2017-09-30": "$-135", "2017-06-30": "$170", "2017-03-31": "$625", "2016-12-31": "$400", "2016-09-30": "$225", "2016-06-30": "$529", "2016-03-31": "$950", "2015-12-31": "$-178", "2015-09-30": "$542", "2015-06-30": "$333", "2015-03-31": "$-364", "2014-12-31": "$-88", "2014-09-30": "$210", "2014-06-30": "$111", "2014-03-31": "$301", "2013-12-31": "$160", "2013-09-30": "$114", "2013-06-30": "$135", "2013-03-31": "$350", "2012-12-31": "$299", "2012-09-30": "$321", "2012-06-30": "$324", "2012-03-31": "$377", "2011-12-31": "$281", "2011-09-30": "$230", "2011-06-30": "$317", "2011-03-31": "$365", "2010-12-31": "$277", "2010-09-30": "$236", "2010-06-30": "$282", "2010-03-31": "$311", "2009-12-31": "$262", "2009-09-30": "$225", "2009-06-30": "$213", "2009-03-31": "$248", "2008-12-31": "$198", "2008-09-30": "$203", "2008-06-30": "$198", "2008-03-31": "$235", "2007-12-31": "$193", "2007-09-30": "$156", "2007-06-30": "$203", "2007-03-31": "$221", "2006-12-31": "$209", "2006-09-30": "$140", "2006-06-30": "$189", "2006-03-31": "$198", "2005-12-31": "$167", "2005-09-30": "$155", "2005-06-30": "$169", "2005-03-31": "$179"}}, "ebitda": {"AmerisourceBergen Annual EBITDA (Millions of US $)": {"2020": "$-4,727", "2019": "$1,609", "2018": "$2,013", "2017": "$1,493", "2016": "$1,918", "2015": "$678", "2014": "$979", "2013": "$1,069", "2012": "$1,444", "2011": "$1,296", "2010": "$1,181", "2009": "$978", "2008": "$924", "2007": "$887", "2006": "$786", "2005": "$728"}, "AmerisourceBergen Quarterly EBITDA (Millions of US $)": {"2020-12-31": "$652", "2020-09-30": "$-6,014", "2020-06-30": "$504", "2020-03-31": "$410", "2019-12-31": "$373", "2019-09-30": "$293", "2019-06-30": "$519", "2019-03-31": "$184", "2018-12-31": "$613", "2018-09-30": "$341", "2018-06-30": "$535", "2018-03-31": "$607", "2017-12-31": "$531", "2017-09-30": "$-23", "2017-06-30": "$278", "2017-03-31": "$731", "2016-12-31": "$506", "2016-09-30": "$328", "2016-06-30": "$629", "2016-03-31": "$1,050", "2015-12-31": "$-89", "2015-09-30": "$620", "2015-06-30": "$403", "2015-03-31": "$-308", "2014-12-31": "$-37", "2014-09-30": "$266", "2014-06-30": "$160", "2014-03-31": "$347", "2013-12-31": "$205", "2013-09-30": "$158", "2013-06-30": "$178", "2013-03-31": "$392", "2012-12-31": "$341", "2012-09-30": "$361", "2012-06-30": "$361", "2012-03-31": "$409", "2011-12-31": "$313", "2011-09-30": "$245", "2011-06-30": "$349", "2011-03-31": "$396", "2010-12-31": "$307", "2010-09-30": "$250", "2010-06-30": "$308", "2010-03-31": "$336", "2009-12-31": "$288", "2009-09-30": "$250", "2009-06-30": "$237", "2009-03-31": "$271", "2008-12-31": "$221", "2008-09-30": "$225", "2008-06-30": "$223", "2008-03-31": "$260", "2007-12-31": "$216", "2007-09-30": "$180", "2007-06-30": "$225", "2007-03-31": "$246", "2006-12-31": "$236", "2006-09-30": "$160", "2006-06-30": "$214", "2006-03-31": "$221", "2005-12-31": "$190", "2005-09-30": "$178", "2005-06-30": "$189", "2005-03-31": "$203"}}, "net-income": {"AmerisourceBergen Annual Net Income (Millions of US $)": {"2020": "$-3,409", "2019": "$855", "2018": "$1,658", "2017": "$364", "2016": "$1,428", "2015": "$-138", "2014": "$274", "2013": "$434", "2012": "$719", "2011": "$707", "2010": "$637", "2009": "$503", "2008": "$251", "2007": "$469", "2006": "$468", "2005": "$265"}, "AmerisourceBergen Quarterly Net Income (Millions of US $)": {"2020-12-31": "$375", "2020-09-30": "$-4,846", "2020-06-30": "$289", "2020-03-31": "$960", "2019-12-31": "$188", "2019-09-30": "$133", "2019-06-30": "$302", "2019-03-31": "$27", "2018-12-31": "$394", "2018-09-30": "$233", "2018-06-30": "$276", "2018-03-31": "$287", "2017-12-31": "$862", "2017-09-30": "$-345", "2017-06-30": "$50", "2017-03-31": "$411", "2016-12-31": "$247", "2016-09-30": "$146", "2016-06-30": "$349", "2016-03-31": "$603", "2015-12-31": "$330", "2015-09-30": "$361", "2015-06-30": "$214", "2015-03-31": "$-513", "2014-12-31": "$-200", "2014-09-30": "$66", "2014-06-30": "$-13", "2014-03-31": "$180", "2013-12-31": "$41", "2013-09-30": "$51", "2013-06-30": "$168", "2013-03-31": "$46", "2012-12-31": "$169", "2012-09-30": "$163", "2012-06-30": "$181", "2012-03-31": "$212", "2011-12-31": "$162", "2011-09-30": "$147", "2011-06-30": "$184", "2011-03-31": "$214", "2010-12-31": "$161", "2010-09-30": "$141", "2010-06-30": "$163", "2010-03-31": "$181", "2009-12-31": "$151", "2009-09-30": "$130", "2009-06-30": "$119", "2009-03-31": "$143", "2008-12-31": "$111", "2008-09-30": "$115", "2008-06-30": "$-108", "2008-03-31": "$134", "2007-12-31": "$110", "2007-09-30": "$88", "2007-06-30": "$130", "2007-03-31": "$129", "2006-12-31": "$122", "2006-09-30": "$122", "2006-06-30": "$119", "2006-03-31": "$129", "2005-12-31": "$97", "2005-09-30": "$20", "2005-06-30": "$95", "2005-03-31": "$99"}}, "eps-earnings-per-share-diluted": {"AmerisourceBergen Annual EPS": {"2020": "$-16.65", "2019": "$4.04", "2018": "$7.53", "2017": "$1.64", "2016": "$6.32", "2015": "$-0.63", "2014": "$1.16", "2013": "$1.84", "2012": "$2.80", "2011": "$2.54", "2010": "$2.22", "2009": "$1.66", "2008": "$0.77", "2007": "$1.25", "2006": "$1.13", "2005": "$0.62"}, "AmerisourceBergen Quarterly EPS": {"2020-12-31": "$1.81", "2020-09-30": "$-23.60", "2020-06-30": "$1.41", "2020-03-31": "$4.64", "2019-12-31": "$0.90", "2019-09-30": "$0.64", "2019-06-30": "$1.43", "2019-03-31": "$0.13", "2018-12-31": "$1.84", "2018-09-30": "$1.09", "2018-06-30": "$1.25", "2018-03-31": "$1.29", "2017-12-31": "$3.90", "2017-09-30": "$-1.56", "2017-06-30": "$0.23", "2017-03-31": "$1.86", "2016-12-31": "$1.11", "2016-09-30": "$0.64", "2016-06-30": "$1.55", "2016-03-31": "$2.68", "2015-12-31": "$1.45", "2015-09-30": "$1.72", "2015-06-30": "$0.89", "2015-03-31": "$-2.33", "2014-12-31": "$-0.91", "2014-09-30": "$0.29", "2014-06-30": "$-0.06", "2014-03-31": "$0.76", "2013-12-31": "$0.17", "2013-09-30": "$0.23", "2013-06-30": "$0.71", "2013-03-31": "$0.19", "2012-12-31": "$0.71", "2012-09-30": "$0.66", "2012-06-30": "$0.71", "2012-03-31": "$0.81", "2011-12-31": "$0.62", "2011-09-30": "$0.54", "2011-06-30": "$0.66", "2011-03-31": "$0.77", "2010-12-31": "$0.57", "2010-09-30": "$0.50", "2010-06-30": "$0.57", "2010-03-31": "$0.63", "2009-12-31": "$0.52", "2009-09-30": "$0.43", "2009-06-30": "$0.40", "2009-03-31": "$0.47", "2008-12-31": "$0.36", "2008-09-30": "$0.37", "2008-06-30": "$-0.34", "2008-03-31": "$0.41", "2007-12-31": "$0.33", "2007-09-30": "$0.25", "2007-06-30": "$0.35", "2007-03-31": "$0.34", "2006-12-31": "$0.32", "2006-09-30": "$0.30", "2006-06-30": "$0.29", "2006-03-31": "$0.31", "2005-12-31": "$0.23", "2005-09-30": "$0.05", "2005-06-30": "$0.23", "2005-03-31": "$0.23"}}, "shares-outstanding": {"AmerisourceBergen Annual Shares Outstanding (Millions of Shares)": {"2020": "205", "2019": "212", "2018": "220", "2017": "222", "2016": "226", "2015": "218", "2014": "235", "2013": "235", "2012": "257", "2011": "278", "2010": "287", "2009": "303", "2008": "325", "2007": "376", "2006": "415", "2005": "431"}, "AmerisourceBergen Quarterly Shares Outstanding (Millions of Shares)": {"2020-12-31": "207", "2020-09-30": "205", "2020-06-30": "206", "2020-03-31": "207", "2019-12-31": "208", "2019-09-30": "212", "2019-06-30": "211", "2019-03-31": "213", "2018-12-31": "214", "2018-09-30": "220", "2018-06-30": "221", "2018-03-31": "222", "2017-12-31": "221", "2017-09-30": "222", "2017-06-30": "222", "2017-03-31": "221", "2016-12-31": "222", "2016-09-30": "226", "2016-06-30": "225", "2016-03-31": "225", "2015-12-31": "227", "2015-09-30": "218", "2015-06-30": "240", "2015-03-31": "220", "2014-12-31": "219", "2014-09-30": "235", "2014-06-30": "226", "2014-03-31": "236", "2013-12-31": "237", "2013-09-30": "235", "2013-06-30": "236", "2013-03-31": "235", "2012-12-31": "236", "2012-09-30": "257", "2012-06-30": "256", "2012-03-31": "262", "2011-12-31": "263", "2011-09-30": "278", "2011-06-30": "279", "2011-03-31": "280", "2010-12-31": "281", "2010-09-30": "287", "2010-06-30": "287", "2010-03-31": "287", "2009-12-31": "291", "2009-09-30": "303", "2009-06-30": "301", "2009-03-31": "305", "2008-12-31": "310", "2008-09-30": "325", "2008-06-30": "322", "2008-03-31": "327", "2007-12-31": "334", "2007-09-30": "376", "2007-06-30": "376", "2007-03-31": "384", "2006-12-31": "390", "2006-09-30": "415", "2006-06-30": "415", "2006-03-31": "422", "2005-12-31": "421", "2005-09-30": "431", "2005-06-30": "418", "2005-03-31": "441"}}, "total-assets": {"AmerisourceBergen Annual Total Assets (Millions of US $)": {"2020": "$44,275", "2019": "$39,172", "2018": "$37,670", "2017": "$35,316", "2016": "$33,638", "2015": "$27,963", "2014": "$21,532", "2013": "$18,919", "2012": "$15,442", "2011": "$14,983", "2010": "$14,435", "2009": "$13,573", "2008": "$12,218", "2007": "$12,310", "2006": "$12,784", "2005": "$11,381"}, "AmerisourceBergen Quarterly Total Assets (Millions of US $)": {"2020-12-31": "$45,847", "2020-09-30": "$44,275", "2020-06-30": "$40,790", "2020-03-31": "$42,042", "2019-12-31": "$40,017", "2019-09-30": "$39,172", "2019-06-30": "$38,479", "2019-03-31": "$38,810", "2018-12-31": "$39,268", "2018-09-30": "$37,670", "2018-06-30": "$38,310", "2018-03-31": "$38,396", "2017-12-31": "$36,362", "2017-09-30": "$35,316", "2017-06-30": "$34,654", "2017-03-31": "$34,397", "2016-12-31": "$33,919", "2016-09-30": "$33,638", "2016-06-30": "$31,914", "2016-03-31": "$32,495", "2015-12-31": "$30,756", "2015-09-30": "$27,963", "2015-06-30": "$27,334", "2015-03-31": "$27,006", "2014-12-31": "$24,905", "2014-09-30": "$21,532", "2014-06-30": "$20,631", "2014-03-31": "$20,361", "2013-12-31": "$19,796", "2013-09-30": "$18,919", "2013-06-30": "$16,579", "2013-03-31": "$16,111", "2012-12-31": "$15,496", "2012-09-30": "$15,442", "2012-06-30": "$15,748", "2012-03-31": "$15,645", "2011-12-31": "$15,978", "2011-09-30": "$14,983", "2011-06-30": "$14,856", "2011-03-31": "$14,681", "2010-12-31": "$14,132", "2010-09-30": "$14,435", "2010-06-30": "$14,004", "2010-03-31": "$13,822", "2009-12-31": "$13,556", "2009-09-30": "$13,573", "2009-06-30": "$12,736", "2009-03-31": "$12,550", "2008-12-31": "$12,561", "2008-09-30": "$12,218", "2008-06-30": "$11,988", "2008-03-31": "$12,573", "2007-12-31": "$12,612", "2007-09-30": "$12,310", "2007-06-30": "$12,891", "2007-03-31": "$13,587", "2006-12-31": "$13,043", "2006-09-30": "$12,784", "2006-06-30": "$12,867", "2006-03-31": "$12,782", "2005-12-31": "$12,576", "2005-09-30": "$11,381", "2005-06-30": "$11,407", "2005-03-31": "$11,633"}}, "cash-on-hand": {"AmerisourceBergen Annual Cash on Hand (Millions of US $)": {"2020": "$4,598", "2019": "$3,374", "2018": "$2,493", "2017": "$2,435", "2016": "$2,742", "2015": "$2,167", "2014": "$1,809", "2013": "$1,231", "2012": "$1,067", "2011": "$1,826", "2010": "$1,658", "2009": "$1,009", "2008": "$878", "2007": "$1,108", "2006": "$1,329", "2005": "$1,316"}, "AmerisourceBergen Quarterly Cash on Hand (Millions of US $)": {"2020-12-31": "$4,891", "2020-09-30": "$4,598", "2020-06-30": "$3,420", "2020-03-31": "$3,692", "2019-12-31": "$3,233", "2019-09-30": "$3,374", "2019-06-30": "$3,000", "2019-03-31": "$2,876", "2018-12-31": "$2,540", "2018-09-30": "$2,493", "2018-06-30": "$2,389", "2018-03-31": "$2,091", "2017-12-31": "$3,038", "2017-09-30": "$2,435", "2017-06-30": "$1,311", "2017-03-31": "$2,404", "2016-12-31": "$1,791", "2016-09-30": "$2,742", "2016-06-30": "$1,865", "2016-03-31": "$2,525", "2015-12-31": "$978", "2015-09-30": "$2,167", "2015-06-30": "$2,555", "2015-03-31": "$2,337", "2014-12-31": "$2,299", "2014-09-30": "$1,809", "2014-06-30": "$1,262", "2014-03-31": "$697", "2013-12-31": "$347", "2013-09-30": "$1,231", "2013-06-30": "$1,568", "2013-03-31": "$1,347", "2012-12-31": "$417", "2012-09-30": "$1,067", "2012-06-30": "$1,656", "2012-03-31": "$2,327", "2011-12-31": "$2,370", "2011-09-30": "$1,826", "2011-06-30": "$2,000", "2011-03-31": "$1,912", "2010-12-31": "$1,401", "2010-09-30": "$1,658", "2010-06-30": "$1,311", "2010-03-31": "$1,200", "2009-12-31": "$980", "2009-09-30": "$1,009", "2009-06-30": "$913", "2009-03-31": "$655", "2008-12-31": "$471", "2008-09-30": "$878", "2008-06-30": "$583", "2008-03-31": "$591", "2007-12-31": "$524", "2007-09-30": "$1,108", "2007-06-30": "$1,441", "2007-03-31": "$1,609", "2006-12-31": "$1,244", "2006-09-30": "$1,329", "2006-06-30": "$1,658", "2006-03-31": "$1,836", "2005-12-31": "$1,506", "2005-09-30": "$1,316", "2005-06-30": "$994", "2005-03-31": "$1,153"}}, "long-term-debt": {"AmerisourceBergen Annual Long Term Debt (Millions of US $)": {"2020": "$3,618", "2019": "$4,354", "2018": "$4,511", "2017": "$3,782", "2016": "$3,852", "2015": "$3,739", "2014": "$1,996", "2013": "$1,397", "2012": "$1,396", "2011": "$973", "2010": "$1,343", "2009": "$1,177", "2008": "$1,187", "2007": "$1,227", "2006": "$1,094", "2005": "$951"}, "AmerisourceBergen Quarterly Long Term Debt (Millions of US $)": {"2020-12-31": "$3,641", "2020-09-30": "$3,618", "2020-06-30": "$3,621", "2020-03-31": "$3,622", "2019-12-31": "$3,636", "2019-09-30": "$4,354", "2019-06-30": "$4,340", "2019-03-31": "$4,360", "2018-12-31": "$4,517", "2018-09-30": "$4,511", "2018-06-30": "$4,570", "2018-03-31": "$4,640", "2017-12-31": "$4,617", "2017-09-30": "$3,782", "2017-06-30": "$3,782", "2017-03-31": "$3,840", "2016-12-31": "$3,872", "2016-09-30": "$3,852", "2016-06-30": "$3,794", "2016-03-31": "$4,369", "2015-12-31": "$4,393", "2015-09-30": "$3,739", "2015-06-30": "$3,743", "2015-03-31": "$3,943", "2014-12-31": "$1,996", "2014-09-30": "$1,996", "2014-06-30": "$1,995", "2014-03-31": "$1,397", "2013-12-31": "$1,397", "2013-09-30": "$1,397", "2013-06-30": "$1,396", "2013-03-31": "$1,396", "2012-12-31": "$1,396", "2012-09-30": "$1,396", "2012-06-30": "$1,484", "2012-03-31": "$1,490", "2011-12-31": "$1,482", "2011-09-30": "$973", "2011-06-30": "$1,362", "2011-03-31": "$1,343", "2010-12-31": "$1,287", "2010-09-30": "$1,343", "2010-06-30": "$1,360", "2010-03-31": "$1,359", "2009-12-31": "$1,375", "2009-09-30": "$1,177", "2009-06-30": "$1,190", "2009-03-31": "$1,159", "2008-12-31": "$1,185", "2008-09-30": "$1,187", "2008-06-30": "$1,231", "2008-03-31": "$1,224", "2007-12-31": "$1,250", "2007-09-30": "$1,227", "2007-06-30": "$1,213", "2007-03-31": "$1,199", "2006-12-31": "$1,211", "2006-09-30": "$1,094", "2006-06-30": "$1,082", "2006-03-31": "$1,078", "2005-12-31": "$1,051", "2005-09-30": "$951", "2005-06-30": "$856", "2005-03-31": "$856"}}, "total-liabilities": {"AmerisourceBergen Annual Total Liabilities (Millions of US $)": {"2020": "$45,114", "2019": "$36,179", "2018": "$34,620", "2017": "$33,252", "2016": "$31,508", "2015": "$27,347", "2014": "$19,575", "2013": "$16,599", "2012": "$12,987", "2011": "$12,116", "2010": "$11,481", "2009": "$10,856", "2008": "$9,508", "2007": "$9,210", "2006": "$8,643", "2005": "$7,101"}, "AmerisourceBergen Quarterly Total Liabilities (Millions of US $)": {"2020-12-31": "$46,358", "2020-09-30": "$45,114", "2020-06-30": "$36,822", "2020-03-31": "$38,337", "2019-12-31": "$36,948", "2019-09-30": "$36,179", "2019-06-30": "$35,371", "2019-03-31": "$35,772", "2018-12-31": "$36,103", "2018-09-30": "$34,620", "2018-06-30": "$35,034", "2018-03-31": "$35,032", "2017-12-31": "$33,487", "2017-09-30": "$33,252", "2017-06-30": "$32,101", "2017-03-31": "$31,868", "2016-12-31": "$31,803", "2016-09-30": "$31,508", "2016-06-30": "$30,035", "2016-03-31": "$30,304", "2015-12-31": "$29,456", "2015-09-30": "$27,347", "2015-06-30": "$25,758", "2015-03-31": "$25,089", "2014-12-31": "$23,137", "2014-09-30": "$19,575", "2014-06-30": "$18,644", "2014-03-31": "$18,216", "2013-12-31": "$17,548", "2013-09-30": "$16,599", "2013-06-30": "$14,161", "2013-03-31": "$13,765", "2012-12-31": "$13,158", "2012-09-30": "$12,987", "2012-06-30": "$12,818", "2012-03-31": "$12,699", "2011-12-31": "$13,074", "2011-09-30": "$12,116", "2011-06-30": "$11,653", "2011-03-31": "$11,548", "2010-12-31": "$11,170", "2010-09-30": "$11,481", "2010-06-30": "$11,073", "2010-03-31": "$10,990", "2009-12-31": "$10,815", "2009-09-30": "$10,856", "2009-06-30": "$9,951", "2009-03-31": "$9,791", "2008-12-31": "$9,845", "2008-09-30": "$9,508", "2008-06-30": "$9,264", "2008-03-31": "$9,625", "2007-12-31": "$9,727", "2007-09-30": "$9,210", "2007-06-30": "$9,155", "2007-03-31": "$9,492", "2006-12-31": "$9,104", "2006-09-30": "$8,643", "2006-06-30": "$8,637", "2006-03-31": "$8,315", "2005-12-31": "$8,256", "2005-09-30": "$7,101", "2005-06-30": "$7,223", "2005-03-31": "$7,471"}}, "total-share-holder-equity": {"AmerisourceBergen Annual Share Holder Equity (Millions of US $)": {"2020": "$-840", "2019": "$2,993", "2018": "$3,050", "2017": "$2,064", "2016": "$2,129", "2015": "$616", "2014": "$1,957", "2013": "$2,320", "2012": "$2,455", "2011": "$2,867", "2010": "$2,954", "2009": "$2,716", "2008": "$2,710", "2007": "$3,100", "2006": "$4,141", "2005": "$4,280"}, "AmerisourceBergen Quarterly Share Holder Equity (Millions of US $)": {"2020-12-31": "$-512", "2020-09-30": "$-840", "2020-06-30": "$3,968", "2020-03-31": "$3,705", "2019-12-31": "$3,069", "2019-09-30": "$2,993", "2019-06-30": "$3,107", "2019-03-31": "$3,038", "2018-12-31": "$3,165", "2018-09-30": "$3,050", "2018-06-30": "$3,276", "2018-03-31": "$3,364", "2017-12-31": "$2,875", "2017-09-30": "$2,064", "2017-06-30": "$2,554", "2017-03-31": "$2,529", "2016-12-31": "$2,117", "2016-09-30": "$2,129", "2016-06-30": "$1,879", "2016-03-31": "$2,191", "2015-12-31": "$1,300", "2015-09-30": "$616", "2015-06-30": "$1,576", "2015-03-31": "$1,916", "2014-12-31": "$1,768", "2014-09-30": "$1,957", "2014-06-30": "$1,986", "2014-03-31": "$2,146", "2013-12-31": "$2,248", "2013-09-30": "$2,320", "2013-06-30": "$2,418", "2013-03-31": "$2,346", "2012-12-31": "$2,337", "2012-09-30": "$2,455", "2012-06-30": "$2,930", "2012-03-31": "$2,946", "2011-12-31": "$2,905", "2011-09-30": "$2,867", "2011-06-30": "$3,203", "2011-03-31": "$3,133", "2010-12-31": "$2,962", "2010-09-30": "$2,954", "2010-06-30": "$2,931", "2010-03-31": "$2,832", "2009-12-31": "$2,741", "2009-09-30": "$2,716", "2009-06-30": "$2,784", "2009-03-31": "$2,759", "2008-12-31": "$2,716", "2008-09-30": "$2,710", "2008-06-30": "$2,724", "2008-03-31": "$2,948", "2007-12-31": "$2,885", "2007-09-30": "$3,100", "2007-06-30": "$3,736", "2007-03-31": "$4,095", "2006-12-31": "$3,939", "2006-09-30": "$4,141", "2006-06-30": "$4,230", "2006-03-31": "$4,467", "2005-12-31": "$4,320", "2005-09-30": "$4,280", "2005-06-30": "$4,184", "2005-03-31": "$4,162"}}, "profit-margins": {"current": "-1.66%"}, "gross margin": {"2020-12-31": "2.78%", "2020-09-30": "2.73%", "2020-06-30": "2.70%", "2020-03-31": "2.70%", "2019-12-31": "2.79%", "2019-09-30": "2.86%", "2019-06-30": "2.81%", "2019-03-31": "2.84%", "2018-12-31": "2.78%", "2018-09-30": "2.75%", "2018-06-30": "2.90%", "2018-03-31": "2.90%", "2017-12-31": "2.97%", "2017-09-30": "2.97%", "2017-06-30": "2.97%", "2017-03-31": "3.02%", "2016-12-31": "2.93%", "2016-09-30": "2.91%", "2016-06-30": "2.85%", "2016-03-31": "2.75%", "2015-12-31": "2.69%", "2015-09-30": "2.60%", "2015-06-30": "2.60%", "2015-03-31": "2.52%", "2014-12-31": "2.46%", "2014-09-30": "2.49%", "2014-06-30": "2.38%", "2014-03-31": "2.45%", "2013-12-31": "2.64%", "2013-09-30": "2.85%", "2013-06-30": "3.21%", "2013-03-31": "3.45%", "2012-12-31": "3.44%", "2012-09-30": "3.37%", "2012-06-30": "3.16%", "2012-03-31": "3.11%", "2011-12-31": "3.11%", "2011-09-30": "3.12%", "2011-06-30": "3.13%", "2011-03-31": "3.07%", "2010-12-31": "2.99%", "2010-09-30": "2.99%", "2010-06-30": "2.99%", "2010-03-31": "2.95%", "2009-12-31": "2.95%", "2009-09-30": "2.93%", "2009-06-30": "2.97%", "2009-03-31": "2.96%", "2008-12-31": "2.92%", "2008-09-30": "2.91%", "2008-06-30": "2.84%", "2008-03-31": "3.02%", "2007-12-31": "3.18%", "2007-09-30": "3.38%", "2007-06-30": "3.47%", "2007-03-31": "3.48%", "2006-12-31": "3.48%", "2006-09-30": "3.49%", "2006-06-30": "3.65%", "2006-03-31": "3.67%", "2005-12-31": "3.69%"}, "operating margin": {"2020-12-31": "-2.49%", "2020-09-30": "-2.70%", "2020-06-30": "0.62%", "2020-03-31": "0.62%", "2019-12-31": "0.49%", "2019-09-30": "0.62%", "2019-06-30": "0.61%", "2019-03-31": "0.61%", "2018-12-31": "0.87%", "2018-09-30": "0.86%", "2018-06-30": "0.70%", "2018-03-31": "0.59%", "2017-12-31": "0.69%", "2017-09-30": "0.69%", "2017-06-30": "0.94%", "2017-03-31": "1.19%", "2016-12-31": "1.42%", "2016-09-30": "1.04%", "2016-06-30": "1.27%", "2016-03-31": "1.16%", "2015-12-31": "0.24%", "2015-09-30": "0.31%", "2015-06-30": "0.07%", "2015-03-31": "-0.10%", "2014-12-31": "0.43%", "2014-09-30": "0.65%", "2014-06-30": "0.61%", "2014-03-31": "0.68%", "2013-12-31": "0.79%", "2013-09-30": "1.02%", "2013-06-30": "1.34%", "2013-03-31": "1.62%", "2012-12-31": "1.68%", "2012-09-30": "1.67%", "2012-06-30": "1.55%", "2012-03-31": "1.52%", "2011-12-31": "1.51%", "2011-09-30": "1.51%", "2011-06-30": "1.51%", "2011-03-31": "1.47%", "2010-12-31": "1.41%", "2010-09-30": "1.40%", "2010-06-30": "1.40%", "2010-03-31": "1.33%", "2009-12-31": "1.29%", "2009-09-30": "1.23%", "2009-06-30": "1.23%", "2009-03-31": "1.21%", "2008-12-31": "1.19%", "2008-09-30": "1.18%", "2008-06-30": "1.13%", "2008-03-31": "1.17%", "2007-12-31": "1.17%", "2007-09-30": "1.20%", "2007-06-30": "1.19%", "2007-03-31": "1.18%", "2006-12-31": "1.17%", "2006-09-30": "1.14%", "2006-06-30": "1.19%", "2006-03-31": "1.20%", "2005-12-31": "1.21%"}, "ebitda margin": {"2020-12-31": "-2.29%", "2020-09-30": "-2.49%", "2020-06-30": "0.85%", "2020-03-31": "0.86%", "2019-12-31": "0.75%", "2019-09-30": "0.90%", "2019-06-30": "0.93%", "2019-03-31": "0.96%", "2018-12-31": "1.21%", "2018-09-30": "1.20%", "2018-06-30": "1.01%", "2018-03-31": "0.87%", "2017-12-31": "0.98%", "2017-09-30": "0.97%", "2017-06-30": "1.22%", "2017-03-31": "1.47%", "2016-12-31": "1.69%", "2016-09-30": "1.31%", "2016-06-30": "1.53%", "2016-03-31": "1.40%", "2015-12-31": "0.45%", "2015-09-30": "0.50%", "2015-06-30": "0.25%", "2015-03-31": "0.06%", "2014-12-31": "0.59%", "2014-09-30": "0.82%", "2014-06-30": "0.77%", "2014-03-31": "0.85%", "2013-12-31": "0.97%", "2013-09-30": "1.22%", "2013-06-30": "1.55%", "2013-03-31": "1.83%", "2012-12-31": "1.87%", "2012-09-30": "1.85%", "2012-06-30": "1.70%", "2012-03-31": "1.66%", "2011-12-31": "1.65%", "2011-09-30": "1.65%", "2011-06-30": "1.64%", "2011-03-31": "1.60%", "2010-12-31": "1.53%", "2010-09-30": "1.52%", "2010-06-30": "1.54%", "2010-03-31": "1.47%", "2009-12-31": "1.42%", "2009-09-30": "1.36%", "2009-06-30": "1.36%", "2009-03-31": "1.35%", "2008-12-31": "1.32%", "2008-09-30": "1.32%", "2008-06-30": "1.27%", "2008-03-31": "1.31%", "2007-12-31": "1.31%", "2007-09-30": "1.35%", "2007-06-30": "1.34%", "2007-03-31": "1.33%", "2006-12-31": "1.32%", "2006-09-30": "1.29%", "2006-06-30": "1.35%", "2006-03-31": "1.35%", "2005-12-31": "1.37%"}, "pre tax profit margin": {"2020-12-31": "-2.57%", "2020-09-30": "-2.79%", "2020-06-30": "0.53%", "2020-03-31": "0.55%", "2019-12-31": "0.42%", "2019-09-30": "0.54%", "2019-06-30": "0.53%", "2019-03-31": "0.52%", "2018-12-31": "0.72%", "2018-09-30": "0.70%", "2018-06-30": "0.55%", "2018-03-31": "0.43%", "2017-12-31": "0.59%", "2017-09-30": "0.60%", "2017-06-30": "0.85%", "2017-03-31": "1.10%", "2016-12-31": "1.33%", "2016-09-30": "0.95%", "2016-06-30": "1.15%", "2016-03-31": "1.04%", "2015-12-31": "0.12%", "2015-09-30": "0.20%", "2015-06-30": "-0.01%", "2015-03-31": "-0.21%", "2014-12-31": "0.34%", "2014-09-30": "0.56%", "2014-06-30": "0.52%", "2014-03-31": "0.61%", "2013-12-31": "0.71%", "2013-09-30": "0.94%", "2013-06-30": "1.25%", "2013-03-31": "1.53%", "2012-12-31": "1.57%", "2012-09-30": "1.56%", "2012-06-30": "1.45%", "2012-03-31": "1.42%", "2011-12-31": "1.41%", "2011-09-30": "1.42%", "2011-06-30": "1.41%", "2011-03-31": "1.38%", "2010-12-31": "1.31%", "2010-09-30": "1.31%", "2010-06-30": "1.31%", "2010-03-31": "1.25%", "2009-12-31": "1.20%", "2009-09-30": "1.15%", "2009-06-30": "1.14%", "2009-03-31": "1.12%", "2008-12-31": "1.09%", "2008-09-30": "1.08%", "2008-06-30": "1.04%", "2008-03-31": "1.09%", "2007-12-31": "1.10%", "2007-09-30": "1.15%", "2007-06-30": "1.15%", "2007-03-31": "1.15%", "2006-12-31": "1.15%", "2006-09-30": "1.12%", "2006-06-30": "0.97%", "2006-03-31": "0.95%", "2005-12-31": "0.93%"}, "net profit margin": {"2020-12-31": "-1.66%", "2020-09-30": "-1.80%", "2020-06-30": "0.84%", "2020-03-31": "0.85%", "2019-12-31": "0.36%", "2019-09-30": "0.48%", "2019-06-30": "0.54%", "2019-03-31": "0.53%", "2018-12-31": "0.69%", "2018-09-30": "0.99%", "2018-06-30": "0.66%", "2018-03-31": "0.54%", "2017-12-31": "0.63%", "2017-09-30": "0.24%", "2017-06-30": "0.56%", "2017-03-31": "0.77%", "2016-12-31": "0.91%", "2016-09-30": "0.97%", "2016-06-30": "1.13%", "2016-03-31": "1.06%", "2015-12-31": "0.28%", "2015-09-30": "-0.10%", "2015-06-30": "-0.33%", "2015-03-31": "-0.51%", "2014-12-31": "0.03%", "2014-09-30": "0.23%", "2014-06-30": "0.23%", "2014-03-31": "0.42%", "2013-12-31": "0.32%", "2013-09-30": "0.49%", "2013-06-30": "0.66%", "2013-03-31": "0.70%", "2012-12-31": "0.92%", "2012-09-30": "0.92%", "2012-06-30": "0.90%", "2012-03-31": "0.89%", "2011-12-31": "0.89%", "2011-09-30": "0.90%", "2011-06-30": "0.88%", "2011-03-31": "0.86%", "2010-12-31": "0.82%", "2010-09-30": "0.82%", "2010-06-30": "0.81%", "2010-03-31": "0.77%", "2009-12-31": "0.74%", "2009-09-30": "0.70%", "2009-06-30": "0.70%", "2009-03-31": "0.37%", "2008-12-31": "0.36%", "2008-09-30": "0.36%", "2008-06-30": "0.32%", "2008-03-31": "0.68%", "2007-12-31": "0.69%", "2007-09-30": "0.71%", "2007-06-30": "0.78%", "2007-03-31": "0.77%", "2006-12-31": "0.78%", "2006-09-30": "0.77%", "2006-06-30": "0.61%", "2006-03-31": "0.59%", "2005-12-31": "0.56%"}, "pe ratio": {"current": "13.18", "2021-02-05": "0.00", "2020-12-31": "0.00", "2020-09-30": "0.00", "2020-06-30": "13.19", "2020-03-31": "11.49", "2019-12-31": "27.04", "2019-09-30": "19.98", "2019-06-30": "18.57", "2019-03-31": "17.96", "2018-12-31": "13.16", "2018-09-30": "11.79", "2018-06-30": "16.01", "2018-03-31": "20.16", "2017-12-31": "18.76", "2017-09-30": "42.20", "2017-06-30": "23.12", "2017-03-31": "16.01", "2016-12-31": "12.16", "2016-09-30": "11.81", "2016-06-30": "10.09", "2016-03-31": "12.08", "2015-12-31": "60.12", "2015-09-30": "0.00", "2015-06-30": "0.00", "2015-03-31": "0.00", "2014-12-31": "1020.25", "2014-09-30": "60.13", "2014-06-30": "59.97", "2014-03-31": "31.61", "2013-12-31": "48.69", "2013-09-30": "29.73", "2013-06-30": "21.74", "2013-03-31": "19.96", "2012-12-31": "13.10", "2012-09-30": "12.05", "2012-06-30": "12.76", "2012-03-31": "13.06", "2011-12-31": "12.39", "2011-09-30": "12.62", "2011-06-30": "14.19", "2011-03-31": "14.03", "2010-12-31": "12.81", "2010-09-30": "11.74", "2010-06-30": "12.46", "2010-03-31": "12.28", "2009-12-31": "12.01", "2009-09-30": "11.26", "2009-06-30": "9.32", "2009-03-31": "15.86", "2008-12-31": "18.57", "2008-09-30": "20.29", "2008-06-30": "25.29", "2008-03-31": "12.69", "2007-12-31": "14.64", "2007-09-30": "14.95", "2007-06-30": "15.15", "2007-03-31": "16.84", "2006-12-31": "14.76"}, "price sales": {"2021-02-05": "0.12", "2020-12-31": "0.10", "2020-09-30": "0.10", "2020-06-30": "0.11", "2020-03-31": "0.10", "2019-12-31": "0.10", "2019-09-30": "0.10", "2019-06-30": "0.10", "2019-03-31": "0.10", "2018-12-31": "0.09", "2018-09-30": "0.12", "2018-06-30": "0.11", "2018-03-31": "0.11", "2017-12-31": "0.12", "2017-09-30": "0.11", "2017-06-30": "0.13", "2017-03-31": "0.12", "2016-12-31": "0.11", "2016-09-30": "0.12", "2016-06-30": "0.11", "2016-03-31": "0.13", "2015-12-31": "0.15", "2015-09-30": "0.14", "2015-06-30": "0.17", "2015-03-31": "0.18", "2014-12-31": "0.15", "2014-09-30": "0.14", "2014-06-30": "0.14", "2014-03-31": "0.13", "2013-12-31": "0.15", "2013-09-30": "0.15", "2013-06-30": "0.14", "2013-03-31": "0.14", "2012-12-31": "0.12", "2012-09-30": "0.11", "2012-06-30": "0.12", "2012-03-31": "0.12", "2011-12-31": "0.11", "2011-09-30": "0.11", "2011-06-30": "0.13", "2011-03-31": "0.12", "2010-12-31": "0.11", "2010-09-30": "0.10", "2010-06-30": "0.10", "2010-03-31": "0.10", "2009-12-31": "0.09", "2009-09-30": "0.08", "2009-06-30": "0.07", "2009-03-31": "0.06", "2008-12-31": "0.07", "2008-09-30": "0.07", "2008-06-30": "0.08", "2008-03-31": "0.09", "2007-12-31": "0.10", "2007-09-30": "0.11", "2007-06-30": "0.12", "2007-03-31": "0.13", "2006-12-31": "0.12"}, "price book": {"current": "0.00", "2021-02-05": "0.00", "2020-12-31": "-55.00", "2020-09-30": "-23.48", "2020-06-30": "5.14", "2020-03-31": "4.79", "2019-12-31": "5.60", "2019-09-30": "5.56", "2019-06-30": "5.57", "2019-03-31": "5.33", "2018-12-31": "4.78", "2018-09-30": "6.19", "2018-06-30": "5.40", "2018-03-31": "5.36", "2017-12-31": "6.62", "2017-09-30": "8.24", "2017-06-30": "7.62", "2017-03-31": "7.14", "2016-12-31": "7.47", "2016-09-30": "7.74", "2016-06-30": "8.37", "2016-03-31": "8.14", "2015-12-31": "15.08", "2015-09-30": "29.10", "2015-06-30": "13.30", "2015-03-31": "11.91", "2014-12-31": "10.12", "2014-09-30": "7.91", "2014-06-30": "7.38", "2014-03-31": "6.24", "2013-12-31": "6.44", "2013-09-30": "5.39", "2013-06-30": "4.71", "2013-03-31": "4.46", "2012-12-31": "3.72", "2012-09-30": "3.24", "2012-06-30": "2.93", "2012-03-31": "2.98", "2011-12-31": "2.85", "2011-09-30": "2.92", "2011-06-30": "3.01", "2011-03-31": "2.95", "2010-12-31": "2.69", "2010-09-30": "2.45", "2010-06-30": "2.58", "2010-03-31": "2.43", "2009-12-31": "2.28", "2009-09-30": "1.99", "2009-06-30": "1.59", "2009-03-31": "1.49", "2008-12-31": "1.68", "2008-09-30": "1.80", "2008-06-30": "1.93", "2008-03-31": "1.85", "2007-12-31": "2.09", "2007-09-30": "2.04", "2007-06-30": "1.91", "2007-03-31": "1.96", "2006-12-31": "1.72", "2006-09-30": "1.71", "2006-06-30": "1.59", "2006-03-31": "1.80"}, "price fcf": {"2021-02-05": "", "2020-12-31": "$12.84", "2020-09-30": "$9.15", "2020-06-30": "$5.98", "2020-03-31": "$9.29", "2019-12-31": "$8.10", "2019-09-30": "$9.61", "2019-06-30": "$9.48", "2019-03-31": "$10.45", "2018-12-31": "$7.07", "2018-09-30": "$4.92", "2018-06-30": "$8.05", "2018-03-31": "$3.10", "2017-12-31": "$6.95", "2017-09-30": "$4.68", "2017-06-30": "$4.16", "2017-03-31": "$6.05", "2016-12-31": "$6.54", "2016-09-30": "$12.01", "2016-06-30": "$12.84", "2016-03-31": "$16.42", "2015-12-31": "$16.02", "2015-09-30": "$16.95", "2015-06-30": "$14.01", "2015-03-31": "$12.12", "2014-12-31": "$13.43", "2014-09-30": "$5.10", "2014-06-30": "$1.52", "2014-03-31": "$-0.36", "2013-12-31": "$-0.73", "2013-09-30": "$2.49", "2013-06-30": "$4.84", "2013-03-31": "$5.05", "2012-12-31": "$1.83", "2012-09-30": "$4.56", "2012-06-30": "$3.82", "2012-03-31": "$4.22", "2011-12-31": "$5.65", "2011-09-30": "$3.65", "2011-06-30": "$4.19", "2011-03-31": "$4.07", "2010-12-31": "$3.00", "2010-09-30": "$3.25", "2010-06-30": "$2.51", "2010-03-31": "$3.13", "2009-12-31": "$2.94", "2009-09-30": "$2.11", "2009-06-30": "$2.50", "2009-03-31": "$1.62", "2008-12-31": "$1.12", "2008-09-30": "$1.86", "2008-06-30": "$0.70", "2008-03-31": "$1.34", "2007-12-31": "$1.89", "2007-09-30": "$2.94", "2007-06-30": "$2.44", "2007-03-31": "$1.99", "2006-12-31": "$2.47"}, "net worth": {"value": "$22.4B"}, "current ratio": {"current": "0.99", "2020-12-31": "0.99", "2020-09-30": "0.98", "2020-06-30": "0.98", "2020-03-31": "0.97", "2019-12-31": "0.95", "2019-09-30": "0.95", "2019-06-30": "0.95", "2019-03-31": "0.95", "2018-12-31": "0.94", "2018-09-30": "0.93", "2018-06-30": "0.94", "2018-03-31": "0.94", "2017-12-31": "0.95", "2017-09-30": "0.91", "2017-06-30": "0.92", "2017-03-31": "0.92", "2016-12-31": "0.90", "2016-09-30": "0.90", "2016-06-30": "0.89", "2016-03-31": "0.93", "2015-12-31": "0.85", "2015-09-30": "0.94", "2015-06-30": "0.94", "2015-03-31": "0.97", "2014-12-31": "0.97", "2014-09-30": "0.97", "2014-06-30": "0.97", "2014-03-31": "0.96", "2013-12-31": "0.96", "2013-09-30": "0.97", "2013-06-30": "0.98", "2013-03-31": "0.97", "2012-12-31": "0.96", "2012-09-30": "0.98", "2012-06-30": "1.02", "2012-03-31": "1.06", "2011-12-31": "1.06", "2011-09-30": "1.05", "2011-06-30": "1.11", "2011-03-31": "1.10", "2010-12-31": "1.08", "2010-09-30": "1.09", "2010-06-30": "1.09", "2010-03-31": "1.08", "2009-12-31": "1.07", "2009-09-30": "1.05", "2009-06-30": "1.06", "2009-03-31": "1.06", "2008-12-31": "1.06", "2008-09-30": "1.06", "2008-06-30": "1.07", "2008-03-31": "1.07", "2007-12-31": "1.06", "2007-09-30": "1.14", "2007-06-30": "1.17", "2007-03-31": "1.21", "2006-12-31": "1.20", "2006-09-30": "1.24", "2006-06-30": "1.25", "2006-03-31": "1.29", "2005-12-31": "1.29", "2005-09-30": "1.32", "2005-06-30": "1.28", "2005-03-31": "1.26"}, "quick ratio": {"2020-12-31": "0.61", "2020-09-30": "0.61", "2020-06-30": "0.59", "2020-03-31": "0.63", "2019-12-31": "0.56", "2019-09-30": "0.58", "2019-06-30": "0.56", "2019-03-31": "0.56", "2018-12-31": "0.53", "2018-09-30": "0.50", "2018-06-30": "0.51", "2018-03-31": "0.48", "2017-12-31": "0.50", "2017-09-30": "0.48", "2017-06-30": "0.47", "2017-03-31": "0.48", "2016-12-31": "0.46", "2016-09-30": "0.48", "2016-06-30": "0.46", "2016-03-31": "0.48", "2015-12-31": "0.40", "2015-09-30": "0.49", "2015-06-30": "0.49", "2015-03-31": "0.50", "2014-12-31": "0.46", "2014-09-30": "0.48", "2014-06-30": "0.46", "2014-03-31": "0.44", "2013-12-31": "0.42", "2013-09-30": "0.50", "2013-06-30": "0.50", "2013-03-31": "0.50", "2012-12-31": "0.44", "2012-09-30": "0.50", "2012-06-30": "0.52", "2012-03-31": "0.57", "2011-12-31": "0.54", "2011-09-30": "0.55", "2011-06-30": "0.60", "2011-03-31": "0.58", "2010-12-31": "0.52", "2010-09-30": "0.56", "2010-06-30": "0.55", "2010-03-31": "0.55", "2009-12-31": "0.49", "2009-09-30": "0.53", "2009-06-30": "0.55", "2009-03-31": "0.52", "2008-12-31": "0.48", "2008-09-30": "0.55", "2008-06-30": "0.55", "2008-03-31": "0.52", "2007-12-31": "0.48", "2007-09-30": "0.62", "2007-06-30": "0.64", "2007-03-31": "0.64", "2006-12-31": "0.60", "2006-09-30": "0.64", "2006-06-30": "0.65", "2006-03-31": "0.68", "2005-12-31": "0.59", "2005-09-30": "0.66", "2005-06-30": "0.55", "2005-03-31": "0.55"}, "debt equity ratio": {"current": "0.91", "2020-12-31": "-90.62", "2020-09-30": "-53.73", "2020-06-30": "9.28", "2020-03-31": "10.35", "2019-12-31": "12.04", "2019-09-30": "12.09", "2019-06-30": "11.38", "2019-03-31": "11.77", "2018-12-31": "11.41", "2018-09-30": "11.35", "2018-06-30": "10.69", "2018-03-31": "10.42", "2017-12-31": "11.65", "2017-09-30": "16.11", "2017-06-30": "12.57", "2017-03-31": "12.60", "2016-12-31": "15.03", "2016-09-30": "14.80", "2016-06-30": "15.98", "2016-03-31": "13.83", "2015-12-31": "22.66", "2015-09-30": "44.37", "2015-06-30": "16.35", "2015-03-31": "13.09", "2014-12-31": "13.08", "2014-09-30": "10.00", "2014-06-30": "9.39", "2014-03-31": "8.49", "2013-12-31": "7.81", "2013-09-30": "7.16", "2013-06-30": "5.86", "2013-03-31": "5.87", "2012-12-31": "5.63", "2012-09-30": "5.29", "2012-06-30": "4.38", "2012-03-31": "4.31", "2011-12-31": "4.50", "2011-09-30": "4.23", "2011-06-30": "3.64", "2011-03-31": "3.69", "2010-12-31": "3.77", "2010-09-30": "3.89", "2010-06-30": "3.78", "2010-03-31": "3.88", "2009-12-31": "3.95", "2009-09-30": "4.00", "2009-06-30": "3.57", "2009-03-31": "3.55", "2008-12-31": "3.63", "2008-09-30": "3.51", "2008-06-30": "3.40", "2008-03-31": "3.27", "2007-12-31": "3.37", "2007-09-30": "2.97", "2007-06-30": "2.45", "2007-03-31": "2.32", "2006-12-31": "2.31", "2006-09-30": "2.09", "2006-06-30": "2.04", "2006-03-31": "1.86", "2005-12-31": "1.91", "2005-09-30": "1.66", "2005-06-30": "1.73", "2005-03-31": "1.80"}, "return on equity": {"2020-12-31": "-203.89%", "2020-09-30": "-137.71%", "2020-06-30": "45.72%", "2020-03-31": "49.18%", "2019-12-31": "21.30%", "2019-09-30": "27.83%", "2019-06-30": "30.94%", "2019-03-31": "29.69%", "2018-12-31": "37.03%", "2018-09-30": "52.78%", "2018-06-30": "37.31%", "2018-03-31": "31.46%", "2017-12-31": "39.03%", "2017-09-30": "15.67%", "2017-06-30": "36.62%", "2017-03-31": "53.29%", "2016-12-31": "64.69%", "2016-09-30": "76.17%", "2016-06-30": "109.79%", "2016-03-31": "106.14%", "2015-12-31": "28.99%", "2015-09-30": "-9.39%", "2015-06-30": "-24.00%", "2015-03-31": "-34.61%", "2014-12-31": "1.68%", "2014-09-30": "13.15%", "2014-06-30": "11.91%", "2014-03-31": "19.27%", "2013-12-31": "13.12%", "2013-09-30": "18.43%", "2013-06-30": "22.85%", "2013-03-31": "22.21%", "2012-12-31": "27.18%", "2012-09-30": "25.56%", "2012-06-30": "24.11%", "2012-03-31": "23.66%", "2011-12-31": "23.36%", "2011-09-30": "23.21%", "2011-06-30": "22.85%", "2011-03-31": "22.67%", "2010-12-31": "22.13%", "2010-09-30": "22.20%", "2010-06-30": "22.28%", "2010-03-31": "20.99%", "2009-12-31": "19.75%", "2009-09-30": "18.33%", "2009-06-30": "17.80%", "2009-03-31": "9.57%", "2008-12-31": "9.08%", "2008-09-30": "8.91%", "2008-06-30": "7.69%", "2008-03-31": "14.59%", "2007-12-31": "13.23%", "2007-09-30": "12.62%", "2007-06-30": "12.65%", "2007-03-31": "12.00%", "2006-12-31": "11.73%", "2006-09-30": "10.89%", "2006-06-30": "8.44%", "2006-03-31": "7.91%", "2005-12-31": "7.34%"}, "return on assets": {"2020-12-31": "-7.45%", "2020-09-30": "-8.16%", "2020-06-30": "3.88%", "2020-03-31": "3.96%", "2019-12-31": "1.66%", "2019-09-30": "2.20%", "2019-06-30": "2.48%", "2019-03-31": "2.41%", "2018-12-31": "3.10%", "2018-09-30": "4.40%", "2018-06-30": "2.91%", "2018-03-31": "2.36%", "2017-12-31": "2.78%", "2017-09-30": "1.05%", "2017-06-30": "2.50%", "2017-03-31": "3.45%", "2016-12-31": "4.08%", "2016-09-30": "4.43%", "2016-06-30": "5.34%", "2016-03-31": "5.09%", "2015-12-31": "1.39%", "2015-09-30": "-0.51%", "2015-06-30": "-1.72%", "2015-03-31": "-2.81%", "2014-12-31": "0.15%", "2014-09-30": "1.33%", "2014-06-30": "1.30%", "2014-03-31": "2.33%", "2013-12-31": "1.71%", "2013-09-30": "2.59%", "2013-06-30": "3.43%", "2013-03-31": "3.56%", "2012-12-31": "4.65%", "2012-09-30": "4.57%", "2012-06-30": "4.50%", "2012-03-31": "4.59%", "2011-12-31": "4.67%", "2011-09-30": "4.81%", "2011-06-30": "4.82%", "2011-03-31": "4.74%", "2010-12-31": "4.58%", "2010-09-30": "4.56%", "2010-06-30": "4.55%", "2010-03-31": "4.33%", "2009-12-31": "4.14%", "2009-09-30": "3.91%", "2009-06-30": "3.90%", "2009-03-31": "2.12%", "2008-12-31": "2.04%", "2008-09-30": "2.03%", "2008-06-30": "1.81%", "2008-03-31": "3.67%", "2007-12-31": "3.56%", "2007-09-30": "3.62%", "2007-06-30": "3.85%", "2007-03-31": "3.76%", "2006-12-31": "3.82%", "2006-09-30": "3.66%", "2006-06-30": "2.94%", "2006-03-31": "2.83%", "2005-12-31": "2.65%"}, "return on investments": {"2020-12-31": "-93.18%", "2020-09-30": "-84.18%", "2020-06-30": "15.99%", "2020-03-31": "16.10%", "2019-12-31": "12.43%", "2019-09-30": "14.90%", "2019-06-30": "14.45%", "2019-03-31": "14.03%", "2018-12-31": "19.32%", "2018-09-30": "18.68%", "2018-06-30": "15.81%", "2018-03-31": "13.51%", "2017-12-31": "16.57%", "2017-09-30": "17.28%", "2017-06-30": "23.02%", "2017-03-31": "29.64%", "2016-12-31": "34.77%", "2016-09-30": "25.53%", "2016-06-30": "33.09%", "2016-03-31": "30.05%", "2015-12-31": "6.28%", "2015-09-30": "8.77%", "2015-06-30": "1.93%", "2015-03-31": "-2.98%", "2014-12-31": "14.01%", "2014-09-30": "20.69%", "2014-06-30": "18.43%", "2014-03-31": "19.30%", "2013-12-31": "20.35%", "2013-09-30": "23.94%", "2013-06-30": "29.19%", "2013-03-31": "32.88%", "2012-12-31": "32.15%", "2012-09-30": "30.50%", "2012-06-30": "28.39%", "2012-03-31": "27.98%", "2011-12-31": "27.63%", "2011-09-30": "27.76%", "2011-06-30": "27.18%", "2011-03-31": "26.80%", "2010-12-31": "25.98%", "2010-09-30": "25.83%", "2010-06-30": "26.20%", "2010-03-31": "25.00%", "2009-12-31": "23.85%", "2009-09-30": "22.54%", "2009-06-30": "21.97%", "2009-03-31": "21.62%", "2008-12-31": "20.95%", "2008-09-30": "20.52%", "2008-06-30": "18.86%", "2008-03-31": "17.90%", "2007-12-31": "16.53%", "2007-09-30": "16.00%", "2007-06-30": "14.99%", "2007-03-31": "14.46%", "2006-12-31": "13.86%", "2006-09-30": "12.93%", "2006-06-30": "13.22%", "2006-03-31": "13.01%", "2005-12-31": "12.97%"}, "return on tangible equity": {"2020-12-31": "45.87%", "2020-09-30": "55.00%", "2020-06-30": "-29.39%", "2020-03-31": "-27.96%", "2019-12-31": "-10.96%", "2019-09-30": "-14.03%", "2019-06-30": "-15.32%", "2019-03-31": "-14.60%", "2018-12-31": "-18.41%", "2018-09-30": "-26.09%", "2018-06-30": "-16.83%", "2018-03-31": "-13.35%", "2017-12-31": "-15.31%", "2017-09-30": "-5.52%", "2017-06-30": "-12.97%", "2017-03-31": "-17.03%", "2016-12-31": "-19.51%", "2016-09-30": "-20.02%", "2016-06-30": "-24.15%", "2016-03-31": "-24.47%", "2015-12-31": "-7.12%", "2015-09-30": "3.45%", "2015-06-30": "14.43%", "2015-03-31": "29.44%", "2014-12-31": "-2.16%", "2014-09-30": "-19.46%", "2014-06-30": "-19.60%", "2014-03-31": "-36.13%", "2013-12-31": "-26.11%", "2013-09-30": "-37.37%", "2013-06-30": "-48.17%", "2013-03-31": "-54.48%", "2012-12-31": "-93.55%", "2012-09-30": "-137.68%", "2012-06-30": "-293.72%", "2012-03-31": "4700.00%", "2011-12-31": "555.60%", "2011-09-30": "342.72%", "2011-06-30": "321.10%", "2011-03-31": "454.18%", "2010-12-31": "897.22%", "2010-09-30": "4625.45%", "2010-06-30": "-1269.04%", "2010-03-31": "-658.36%", "2009-12-31": "-522.12%", "2009-09-30": "-460.41%", "2009-06-30": "-425.27%", "2009-03-31": "-152.86%", "2008-12-31": "-114.03%", "2008-09-30": "-90.37%", "2008-06-30": "-151.86%", "2008-03-31": "806.99%", "2007-12-31": "128.37%", "2007-09-30": "74.00%", "2007-06-30": "61.79%", "2007-03-31": "50.31%", "2006-12-31": "44.55%", "2006-09-30": "36.78%", "2006-06-30": "27.02%", "2006-03-31": "24.73%", "2005-12-31": "23.16%"}, "dividend yield history": {"last payout": "$1.76", "last yield": "1.60%"}}