{"ticker": "AIG", "price": {"title": "American Historical Annual Stock Price Data", "value": 41.68, "historical": {"2021": {"Average Stock Price": "39.8700", "Year Open": "37.1300", "Year High": "42.2500", "Year Low": "37.1300", "Year Close": "41.6800", "Annual % Change": "10.09%"}, "2020": {"Average Stock Price": "33.9498", "Year Open": "51.7600", "Year High": "54.4700", "Year Low": "18.7800", "Year Close": "37.8600", "Annual % Change": "-26.24%"}, "2019": {"Average Stock Price": "50.2985", "Year Open": "39.6200", "Year High": "57.8900", "Year Low": "38.7500", "Year Close": "51.3300", "Annual % Change": "30.25%"}, "2018": {"Average Stock Price": "52.5934", "Year Open": "59.5000", "Year High": "64.8000", "Year Low": "36.5900", "Year Close": "39.4100", "Annual % Change": "-33.85%"}, "2017": {"Average Stock Price": "62.5205", "Year Open": "65.1200", "Year High": "67.2000", "Year Low": "58.1100", "Year Close": "59.5800", "Annual % Change": "-8.77%"}, "2016": {"Average Stock Price": "57.3047", "Year Open": "60.4300", "Year High": "66.7000", "Year Low": "48.7900", "Year Close": "65.3100", "Annual % Change": "5.39%"}, "2015": {"Average Stock Price": "58.7616", "Year Open": "56.1100", "Year High": "64.5400", "Year Low": "48.8700", "Year Close": "61.9700", "Annual % Change": "10.64%"}, "2014": {"Average Stock Price": "52.7725", "Year Open": "50.7100", "Year High": "56.5100", "Year Low": "46.8800", "Year Close": "56.0100", "Annual % Change": "9.72%"}, "2013": {"Average Stock Price": "44.5854", "Year Open": "36.4800", "Year High": "52.3000", "Year Low": "34.8400", "Year Close": "51.0500", "Annual % Change": "44.62%"}, "2012": {"Average Stock Price": "31.3242", "Year Open": "24.0700", "Year High": "37.2100", "Year Low": "23.5400", "Year Close": "35.3000", "Annual % Change": "52.16%"}, "2011": {"Average Stock Price": "30.3606", "Year Open": "58.0500", "Year High": "61.1800", "Year Low": "20.0700", "Year Close": "23.2000", "Annual % Change": "-59.74%"}, "2010": {"Average Stock Price": "37.1308", "Year Open": "29.8900", "Year High": "59.3800", "Year Low": "22.1600", "Year Close": "57.6200", "Annual % Change": "92.19%"}, "2009": {"Average Stock Price": "28.7419", "Year Open": "33.8000", "Year High": "50.2300", "Year Low": "7.0000", "Year Close": "29.9800", "Annual % Change": "-4.52%"}, "2008": {"Average Stock Price": "551.4253", "Year Open": "1126.0000", "Year High": "1186.4000", "Year Low": "27.0000", "Year Close": "31.4000", "Annual % Change": "-97.31%"}, "2007": {"Average Stock Price": "1334.0773", "Year Open": "1443.0000", "Year High": "1453.0000", "Year Low": "1026.6000", "Year Close": "1166.0000", "Annual % Change": "-18.64%"}, "2006": {"Average Stock Price": "1306.5355", "Year Open": "1392.4000", "Year High": "1456.2000", "Year Low": "1155.2000", "Year Close": "1433.2000", "Annual % Change": "5.03%"}, "2005": {"Average Stock Price": "1225.5412", "Year Open": "1320.6000", "Year High": "1462.4000", "Year Low": "1007.0000", "Year Close": "1364.6000", "Annual % Change": "3.90%"}, "2004": {"Average Stock Price": "1385.9675", "Year Open": "1335.8000", "Year High": "1535.4000", "Year Low": "1094.0000", "Year Close": "1313.4000", "Annual % Change": "-0.92%"}, "2003": {"Average Stock Price": "1152.6524", "Year Open": "1206.0000", "Year High": "1325.6000", "Year Low": "889.4000", "Year Close": "1325.6000", "Annual % Change": "14.57%"}, "2002": {"Average Stock Price": "1329.0643", "Year Open": "1575.0000", "Year High": "1592.2000", "Year Low": "1022.0000", "Year Close": "1157.0000", "Annual % Change": "-27.14%"}, "2001": {"Average Stock Price": "1631.3298", "Year Open": "1937.6000", "Year High": "1937.6000", "Year Low": "1341.0000", "Year Close": "1588.0000", "Annual % Change": "-19.44%"}, "2000": {"Average Stock Price": "1624.1751", "Year Open": "1385.3333", "Year High": "2074.0000", "Year Low": "1085.8667", "Year Close": "1971.2000", "Annual % Change": "36.76%"}, "1999": {"Average Stock Price": "1258.7933", "Year Open": "1062.7200", "Year High": "1489.3333", "Year Low": "1040.0000", "Year Close": "1441.3333", "Annual % Change": "39.84%"}, "1998": {"Average Stock Price": "915.3820", "Year Open": "782.9333", "Year High": "1087.2889", "Year Low": "709.9733", "Year Close": "1030.7200", "Annual % Change": "33.22%"}, "1997": {"Average Stock Price": "665.5568", "Year Open": "509.6296", "Year High": "796.4444", "Year Low": "509.6296", "Year Close": "773.6889", "Annual % Change": "50.76%"}, "1996": {"Average Stock Price": "466.5411", "Year Open": "442.6904", "Year High": "545.7778", "Year Low": "420.1481", "Year Close": "513.1852", "Annual % Change": "17.03%"}, "1995": {"Average Stock Price": "365.6056", "Year Open": "308.5590", "Year High": "449.8015", "Year Low": "306.5679", "Year Close": "438.5185", "Annual % Change": "41.58%"}, "1994": {"Average Stock Price": "285.9622", "Year Open": "276.1640", "Year High": "314.8800", "Year Low": "260.7407", "Year Close": "309.7284", "Annual % Change": "11.68%"}, "1993": {"Average Stock Price": "276.1627", "Year Open": "244.6854", "Year High": "316.0494", "Year Low": "237.0370", "Year Close": "277.3333", "Annual % Change": "13.47%"}, "1992": {"Average Stock Price": "202.4787", "Year Open": "203.8519", "Year High": "254.1669", "Year Low": "174.8807", "Year Close": "244.4115", "Annual % Change": "17.91%"}, "1991": {"Average Stock Price": "182.6000", "Year Open": "157.2451", "Year High": "214.3868", "Year Low": "151.7037", "Year Close": "207.2863", "Annual % Change": "27.97%"}, "1990": {"Average Stock Price": "153.8781", "Year Open": "177.8305", "Year High": "177.8305", "Year Low": "123.5332", "Year Close": "161.9858", "Annual % Change": "-7.15%"}, "1989": {"Average Stock Price": "149.1320", "Year Open": "112.2945", "Year High": "187.7249", "Year Low": "112.2945", "Year Close": "174.4593", "Annual % Change": "52.77%"}, "1988": {"Average Stock Price": "101.2661", "Year Open": "105.9735", "Year High": "115.6656", "Year Low": "85.1226", "Year Close": "114.1992", "Annual % Change": "12.92%"}, "1987": {"Average Stock Price": "117.4632", "Year Open": "105.5521", "Year High": "140.3259", "Year Low": "93.3315", "Year Close": "101.1358", "Annual % Change": "-1.83%"}, "1986": {"Average Stock Price": "105.6949", "Year Open": "88.4938", "Year High": "120.5202", "Year Low": "88.2831", "Year Close": "103.0237", "Annual % Change": "15.32%"}, "1985": {"Average Stock Price": "70.2416", "Year Open": "56.7793", "Year High": "91.8650", "Year Low": "54.7819", "Year Close": "89.3366", "Annual % Change": "55.61%"}}}, "market cap": {"value": "$35.91B"}, "income statement": {"Revenue": {"2019-12-31": "49746.00000", "2018-12-31": "47389.00000", "2017-12-31": "49520.00000", "2016-12-31": "52367.00000", "2015-12-31": "58327.00000", "2014-12-31": "64406.00000", "2013-12-31": "68874.00000", "2012-12-31": "71214.00000", "2011-12-31": "65105.00000", "2010-12-31": "72829.00000", "2009-12-31": "75447.00000", "2008-12-31": "-6840.00000", "2007-12-31": "103632.00000", "2006-12-31": "113387.00000", "2005-12-31": "108781.00000"}, "Cost Of Goods Sold": {"2019-12-31": "37771.00000", "2018-12-31": "40468.00000", "2017-12-31": "42671.00000", "2016-12-31": "47131.00000", "2015-12-31": "47762.00000", "2014-12-31": "45187.00000", "2013-12-31": "46959.00000", "2012-12-31": "49389.00000", "2011-12-31": "46413.00000", "2010-12-31": "56042.00000", "2009-12-31": "56833.00000", "2008-12-31": "71869.00000", "2007-12-31": "82271.00000", "2006-12-31": "79700.00000", "2005-12-31": "93568.00000"}, "Gross Profit": {"2019-12-31": "11975.00000", "2018-12-31": "6921.00000", "2017-12-31": "6849.00000", "2016-12-31": "5236.00000", "2015-12-31": "10565.00000", "2014-12-31": "19219.00000", "2013-12-31": "21915.00000", "2012-12-31": "21825.00000", "2011-12-31": "18692.00000", "2010-12-31": "16787.00000", "2009-12-31": "18614.00000", "2008-12-31": "-78709.00000", "2007-12-31": "21361.00000", "2006-12-31": "33687.00000", "2005-12-31": "15213.00000"}, "Research And Development Expenses": {"2019-12-31": "", "2018-12-31": "", "2017-12-31": "", "2016-12-31": "", "2015-12-31": "", "2014-12-31": "", "2013-12-31": "", "2012-12-31": "", "2011-12-31": "", "2010-12-31": "", "2009-12-31": "", "2008-12-31": "", "2007-12-31": "", "2006-12-31": "", "2005-12-31": ""}, "SG&A Expenses": {"2019-12-31": "5164.00000", "2018-12-31": "5386.00000", "2017-12-31": "4288.00000", "2016-12-31": "4521.00000", "2015-12-31": "5236.00000", "2014-12-31": "5330.00000", "2013-12-31": "5157.00000", "2012-12-31": "5709.00000", "2011-12-31": "5486.00000", "2010-12-31": "5821.00000", "2009-12-31": "9442.00000", "2008-12-31": "", "2007-12-31": "", "2006-12-31": "", "2005-12-31": ""}, "Other Operating Income Or Expenses": {"2019-12-31": "", "2018-12-31": "", "2017-12-31": "", "2016-12-31": "", "2015-12-31": "", "2014-12-31": "-1585.00000", "2013-12-31": "-4549.00000", "2012-12-31": "-4138.00000", "2011-12-31": "-5401.00000", "2010-12-31": "", "2009-12-31": "-3656.00000", "2008-12-31": "0.00000", "2007-12-31": "", "2006-12-31": "", "2005-12-31": ""}, "Operating Expenses": {"2019-12-31": "44352.00000", "2018-12-31": "47163.00000", "2017-12-31": "48127.00000", "2016-12-31": "52912.00000", "2015-12-31": "54279.00000", "2014-12-31": "53820.00000", "2013-12-31": "58807.00000", "2012-12-31": "61555.00000", "2011-12-31": "59744.00000", "2010-12-31": "68605.00000", "2009-12-31": "84289.00000", "2008-12-31": "87582.00000", "2007-12-31": "87022.00000", "2006-12-31": "83357.00000", "2005-12-31": "93568.00000"}, "Operating Income": {"2019-12-31": "5394.00000", "2018-12-31": "226.00000", "2017-12-31": "1393.00000", "2016-12-31": "-545.00000", "2015-12-31": "4048.00000", "2014-12-31": "10586.00000", "2013-12-31": "10067.00000", "2012-12-31": "9659.00000", "2011-12-31": "5361.00000", "2010-12-31": "4224.00000", "2009-12-31": "-8842.00000", "2008-12-31": "-94422.00000", "2007-12-31": "16610.00000", "2006-12-31": "30030.00000", "2005-12-31": "15213.00000"}, "Total Non-Operating Income/Expense": {"2019-12-31": "-107.00000", "2018-12-31": "31.00000", "2017-12-31": "73.00000", "2016-12-31": "471.00000", "2015-12-31": "-767.00000", "2014-12-31": "-85.00000", "2013-12-31": "-699.00000", "2012-12-31": "-6768.00000", "2011-12-31": "-6262.00000", "2010-12-31": "16023.00000", "2009-12-31": "-5465.00000", "2008-12-31": "-8607.00000", "2007-12-31": "-8476.00000", "2006-12-31": "-8343.00000", "2005-12-31": ""}, "Pre-Tax Income": {"2019-12-31": "5287.00000", "2018-12-31": "257.00000", "2017-12-31": "1466.00000", "2016-12-31": "-74.00000", "2015-12-31": "3281.00000", "2014-12-31": "10501.00000", "2013-12-31": "9368.00000", "2012-12-31": "2891.00000", "2011-12-31": "-901.00000", "2010-12-31": "20247.00000", "2009-12-31": "-14307.00000", "2008-12-31": "-103029.00000", "2007-12-31": "8134.00000", "2006-12-31": "21687.00000", "2005-12-31": "15213.00000"}, "Income Taxes": {"2019-12-31": "1166.00000", "2018-12-31": "154.00000", "2017-12-31": "7526.00000", "2016-12-31": "185.00000", "2015-12-31": "1059.00000", "2014-12-31": "2927.00000", "2013-12-31": "360.00000", "2012-12-31": "-808.00000", "2011-12-31": "-19764.00000", "2010-12-31": "6993.00000", "2009-12-31": "-1489.00000", "2008-12-31": "-9683.00000", "2007-12-31": "1267.00000", "2006-12-31": "6537.00000", "2005-12-31": "4258.00000"}, "Income After Taxes": {"2019-12-31": "4121.00000", "2018-12-31": "103.00000", "2017-12-31": "-6060.00000", "2016-12-31": "-259.00000", "2015-12-31": "2222.00000", "2014-12-31": "7574.00000", "2013-12-31": "9008.00000", "2012-12-31": "3699.00000", "2011-12-31": "18863.00000", "2010-12-31": "13254.00000", "2009-12-31": "-12818.00000", "2008-12-31": "-93346.00000", "2007-12-31": "6867.00000", "2006-12-31": "15150.00000", "2005-12-31": "10955.00000"}, "Other Income": {"2019-12-31": "", "2018-12-31": "", "2017-12-31": "", "2016-12-31": "", "2015-12-31": "", "2014-12-31": "", "2013-12-31": "", "2012-12-31": "", "2011-12-31": "", "2010-12-31": "", "2009-12-31": "", "2008-12-31": "", "2007-12-31": "", "2006-12-31": "", "2005-12-31": ""}, "Income From Continuous Operations": {"2019-12-31": "4121.00000", "2018-12-31": "103.00000", "2017-12-31": "-6060.00000", "2016-12-31": "-259.00000", "2015-12-31": "2222.00000", "2014-12-31": "7574.00000", "2013-12-31": "9008.00000", "2012-12-31": "3699.00000", "2011-12-31": "18863.00000", "2010-12-31": "13254.00000", "2009-12-31": "-12818.00000", "2008-12-31": "-93346.00000", "2007-12-31": "6867.00000", "2006-12-31": "14014.00000", "2005-12-31": "10477.00000"}, "Income From Discontinued Operations": {"2019-12-31": "48.00000", "2018-12-31": "-42.00000", "2017-12-31": "4.00000", "2016-12-31": "-90.00000", "2015-12-31": "", "2014-12-31": "-50.00000", "2013-12-31": "84.00000", "2012-12-31": "1.00000", "2011-12-31": "2467.00000", "2010-12-31": "-969.00000", "2009-12-31": "505.00000", "2008-12-31": "-7041.00000", "2007-12-31": "621.00000", "2006-12-31": "", "2005-12-31": ""}, "Net Income": {"2019-12-31": "3326.00000", "2018-12-31": "-6.00000", "2017-12-31": "-6084.00000", "2016-12-31": "-849.00000", "2015-12-31": "2196.00000", "2014-12-31": "7529.00000", "2013-12-31": "9085.00000", "2012-12-31": "3438.00000", "2011-12-31": "19810.00000", "2010-12-31": "2046.00000", "2009-12-31": "-12244.00000", "2008-12-31": "-99689.00000", "2007-12-31": "6200.00000", "2006-12-31": "14048.00000", "2005-12-31": "10477.00000"}, "EBITDA": {"2019-12-31": "11817.00000", "2018-12-31": "6897.00000", "2017-12-31": "6435.00000", "2016-12-31": "4805.00000", "2015-12-31": "9958.00000", "2014-12-31": "16752.00000", "2013-12-31": "16922.00000", "2012-12-31": "19327.00000", "2011-12-31": "15225.00000", "2010-12-31": "21166.00000", "2009-12-31": "27765.00000", "2008-12-31": "-54671.00000", "2007-12-31": "36606.00000", "2006-12-31": "48829.00000", "2005-12-31": "28313.00000"}, "EBIT": {"2019-12-31": "6811.00000", "2018-12-31": "1535.00000", "2017-12-31": "2561.00000", "2016-12-31": "715.00000", "2015-12-31": "5329.00000", "2014-12-31": "12304.00000", "2013-12-31": "12209.00000", "2012-12-31": "11978.00000", "2011-12-31": "7805.00000", "2010-12-31": "10966.00000", "2009-12-31": "5516.00000", "2008-12-31": "-78709.00000", "2007-12-31": "21361.00000", "2006-12-31": "33687.00000", "2005-12-31": "15213.00000"}, "Basic Shares Outstanding": {"2019-12-31": "876.75000", "2018-12-31": "898.40600", "2017-12-31": "930.56100", "2016-12-31": "1091.08500", "2015-12-31": "1299.82500", "2014-12-31": "1427.96000", "2013-12-31": "1474.17200", "2012-12-31": "1687.19700", "2011-12-31": "1799.38600", "2010-12-31": "136.58600", "2009-12-31": "135.32500", "2008-12-31": "131.71400", "2007-12-31": "129.22700", "2006-12-31": "130.40000", "2005-12-31": "129.85000"}, "Shares Outstanding": {"2019-12-31": "889.51200", "2018-12-31": "910.14100", "2017-12-31": "930.56100", "2016-12-31": "1091.08500", "2015-12-31": "1334.46500", "2014-12-31": "1447.55400", "2013-12-31": "1481.20700", "2012-12-31": "1687.22700", "2011-12-31": "1799.45800", "2010-12-31": "136.64900", "2009-12-31": "135.32500", "2008-12-31": "131.71400", "2007-12-31": "129.90100", "2006-12-31": "131.15000", "2005-12-31": "131.35000"}, "Basic EPS": {"2019-12-31": "3.79000", "2018-12-31": "-0.01000", "2017-12-31": "-6.54000", "2016-12-31": "-0.78000", "2015-12-31": "1.69000", "2014-12-31": "5.27000", "2013-12-31": "6.16000", "2012-12-31": "2.04000", "2011-12-31": "11.01000", "2010-12-31": "14.98000", "2009-12-31": "-90.48000", "2008-12-31": "-756.85000", "2007-12-31": "47.98000", "2006-12-31": "107.80000", "2005-12-31": "80.60000"}, "EPS - Earnings Per Share": {"2019-12-31": "3.74000", "2018-12-31": "-0.01000", "2017-12-31": "-6.54000", "2016-12-31": "-0.78000", "2015-12-31": "1.65000", "2014-12-31": "5.20000", "2013-12-31": "6.13000", "2012-12-31": "2.04000", "2011-12-31": "11.01000", "2010-12-31": "14.98000", "2009-12-31": "-90.48000", "2008-12-31": "-756.85000", "2007-12-31": "47.98000", "2006-12-31": "107.20000", "2005-12-31": "79.80000"}}, "income statement, quarterly": {"Revenue": {"2020-09-30": "10221.00000", "2020-06-30": "9396.00000", "2020-03-31": "14443.00000", "2019-12-31": "11815.00000", "2019-09-30": "12914.00000", "2019-06-30": "12561.00000", "2019-03-31": "12456.00000", "2018-12-31": "12560.00000", "2018-09-30": "11486.00000", "2018-06-30": "11631.00000", "2018-03-31": "11712.00000", "2017-12-31": "12635.00000", "2017-09-30": "11751.00000", "2017-06-30": "12502.00000", "2017-03-31": "12632.00000", "2016-12-31": "13010.00000", "2016-09-30": "12854.00000", "2016-06-30": "14724.00000", "2016-03-31": "11779.00000", "2015-12-31": "13831.00000", "2015-09-30": "12822.00000", "2015-06-30": "15699.00000", "2015-03-31": "15975.00000", "2014-12-31": "15410.00000", "2014-09-30": "16697.00000", "2014-06-30": "16136.00000", "2014-03-31": "16163.00000", "2013-12-31": "17542.00000", "2013-09-30": "15944.00000", "2013-06-30": "18426.00000", "2013-03-31": "16962.00000", "2012-12-31": "20774.00000", "2012-09-30": "16722.00000", "2012-06-30": "16221.00000", "2012-03-31": "17497.00000", "2011-12-31": "18267.00000", "2011-09-30": "12719.00000", "2011-06-30": "16680.00000", "2011-03-31": "17439.00000", "2010-12-31": "16505.00000", "2010-09-30": "19455.00000", "2010-06-30": "18314.00000", "2010-03-31": "18555.00000", "2009-12-31": "18606.00000", "2009-09-30": "19604.00000", "2009-06-30": "23922.00000", "2009-03-31": "13315.00000", "2008-12-31": "-41702.00000", "2008-09-30": "898.00000", "2008-06-30": "19933.00000", "2008-03-31": "14031.00000", "2007-12-31": "12001.00000", "2007-09-30": "29836.00000", "2007-06-30": "31150.00000", "2007-03-31": "30645.00000", "2006-12-31": "30008.00000", "2006-09-30": "29247.00000", "2006-06-30": "26854.00000", "2006-03-31": "27278.00000", "2005-12-31": "27268.00000", "2005-09-30": "26408.00000", "2005-06-30": "27903.00000", "2005-03-31": "27202.00000"}, "Cost Of Goods Sold": {"2020-09-30": "8745.00000", "2020-06-30": "9526.00000", "2020-03-31": "9435.00000", "2019-12-31": "9145.00000", "2019-09-30": "10045.00000", "2019-06-30": "8909.00000", "2019-03-31": "9672.00000", "2018-12-31": "11281.00000", "2018-09-30": "11570.00000", "2018-06-30": "8763.00000", "2018-03-31": "8854.00000", "2017-12-31": "10561.00000", "2017-09-30": "13338.00000", "2017-06-30": "9372.00000", "2017-03-31": "9400.00000", "2016-12-31": "21049.00000", "2016-09-30": "10912.00000", "2016-06-30": "10419.00000", "2016-03-31": "7337.00000", "2015-12-31": "18152.00000", "2015-09-30": "10992.00000", "2015-06-30": "11132.00000", "2015-03-31": "7486.00000", "2014-12-31": "14751.00000", "2014-09-30": "11236.00000", "2014-06-30": "11448.00000", "2014-03-31": "7752.00000", "2013-12-31": "15078.00000", "2013-09-30": "10591.00000", "2013-06-30": "11307.00000", "2013-03-31": "9983.00000", "2012-12-31": "16438.00000", "2012-09-30": "11405.00000", "2012-06-30": "11107.00000", "2012-03-31": "10439.00000", "2011-12-31": "13572.00000", "2011-09-30": "11546.00000", "2011-06-30": "11329.00000", "2011-03-31": "12033.00000", "2010-12-31": "20048.00000", "2010-09-30": "13108.00000", "2010-06-30": "11574.00000", "2010-03-31": "11312.00000", "2009-12-31": "15866.00000", "2009-09-30": "14873.00000", "2009-06-30": "18054.00000", "2009-03-31": "14929.00000", "2008-12-31": "1925.00000", "2008-09-30": "23971.00000", "2008-06-30": "24479.00000", "2008-03-31": "21494.00000", "2007-12-31": "12024.00000", "2007-09-30": "20952.00000", "2007-06-30": "24822.00000", "2007-03-31": "24473.00000", "2006-12-31": "12656.00000", "2006-09-30": "22946.00000", "2006-06-30": "21613.00000", "2006-03-31": "22485.00000", "2005-12-31": "26952.00000", "2005-09-30": "23861.00000", "2005-06-30": "21202.00000", "2005-03-31": "21553.00000"}, "Gross Profit": {"2020-09-30": "1476.00000", "2020-06-30": "-130.00000", "2020-03-31": "5008.00000", "2019-12-31": "2670.00000", "2019-09-30": "2869.00000", "2019-06-30": "3652.00000", "2019-03-31": "2784.00000", "2018-12-31": "1279.00000", "2018-09-30": "-84.00000", "2018-06-30": "2868.00000", "2018-03-31": "2858.00000", "2017-12-31": "2074.00000", "2017-09-30": "-1587.00000", "2017-06-30": "3130.00000", "2017-03-31": "3232.00000", "2016-12-31": "-8039.00000", "2016-09-30": "1942.00000", "2016-06-30": "4305.00000", "2016-03-31": "4442.00000", "2015-12-31": "-4321.00000", "2015-09-30": "1830.00000", "2015-06-30": "4567.00000", "2015-03-31": "8489.00000", "2014-12-31": "659.00000", "2014-09-30": "5461.00000", "2014-06-30": "4688.00000", "2014-03-31": "8411.00000", "2013-12-31": "2464.00000", "2013-09-30": "5353.00000", "2013-06-30": "7119.00000", "2013-03-31": "6979.00000", "2012-12-31": "4336.00000", "2012-09-30": "5317.00000", "2012-06-30": "5114.00000", "2012-03-31": "7058.00000", "2011-12-31": "4695.00000", "2011-09-30": "1173.00000", "2011-06-30": "5351.00000", "2011-03-31": "5406.00000", "2010-12-31": "-3543.00000", "2010-09-30": "6347.00000", "2010-06-30": "6740.00000", "2010-03-31": "7243.00000", "2009-12-31": "2740.00000", "2009-09-30": "4731.00000", "2009-06-30": "5868.00000", "2009-03-31": "-1614.00000", "2008-12-31": "-43627.00000", "2008-09-30": "-23073.00000", "2008-06-30": "-4546.00000", "2008-03-31": "-7463.00000", "2007-12-31": "-23.00000", "2007-09-30": "8884.00000", "2007-06-30": "6328.00000", "2007-03-31": "6172.00000", "2006-12-31": "17352.00000", "2006-09-30": "6301.00000", "2006-06-30": "5241.00000", "2006-03-31": "4793.00000", "2005-12-31": "316.00000", "2005-09-30": "2547.00000", "2005-06-30": "6701.00000", "2005-03-31": "5649.00000"}, "Research And Development Expenses": {"2020-09-30": "", "2020-06-30": "", "2020-03-31": "", "2019-12-31": "", "2019-09-30": "", "2019-06-30": "", "2019-03-31": "", "2018-12-31": "", "2018-09-30": "", "2018-06-30": "", "2018-03-31": "", "2017-12-31": "", "2017-09-30": "", "2017-06-30": "", "2017-03-31": "", "2016-12-31": "", "2016-09-30": "", "2016-06-30": "", "2016-03-31": "", "2015-12-31": "", "2015-09-30": "", "2015-06-30": "", "2015-03-31": "", "2014-12-31": "", "2014-09-30": "", "2014-06-30": "", "2014-03-31": "", "2013-12-31": "", "2013-09-30": "", "2013-06-30": "", "2013-03-31": "", "2012-12-31": "", "2012-09-30": "", "2012-06-30": "", "2012-03-31": "", "2011-12-31": "", "2011-09-30": "", "2011-06-30": "", "2011-03-31": "", "2010-12-31": "", "2010-09-30": "", "2010-06-30": "", "2010-03-31": "", "2009-12-31": "", "2009-09-30": "", "2009-06-30": "", "2009-03-31": "", "2008-12-31": "", "2008-09-30": "", "2008-06-30": "", "2008-03-31": "", "2007-12-31": "", "2007-09-30": "", "2007-06-30": "", "2007-03-31": "", "2006-12-31": "", "2006-09-30": "", "2006-06-30": "", "2006-03-31": "", "2005-12-31": "", "2005-09-30": "", "2005-06-30": "", "2005-03-31": ""}, "SG&A Expenses": {"2020-09-30": "707.00000", "2020-06-30": "754.00000", "2020-03-31": "1862.00000", "2019-12-31": "1184.00000", "2019-09-30": "1252.00000", "2019-06-30": "1439.00000", "2019-03-31": "1289.00000", "2018-12-31": "1573.00000", "2018-09-30": "1118.00000", "2018-06-30": "1337.00000", "2018-03-31": "1358.00000", "2017-12-31": "1153.00000", "2017-09-30": "912.00000", "2017-06-30": "1115.00000", "2017-03-31": "1108.00000", "2016-12-31": "896.00000", "2016-09-30": "1018.00000", "2016-06-30": "1345.00000", "2016-03-31": "1262.00000", "2015-12-31": "1255.00000", "2015-09-30": "1275.00000", "2015-06-30": "1356.00000", "2015-03-31": "1350.00000", "2014-12-31": "1341.00000", "2014-09-30": "1288.00000", "2014-06-30": "1396.00000", "2014-03-31": "1305.00000", "2013-12-31": "1298.00000", "2013-09-30": "1220.00000", "2013-06-30": "1353.00000", "2013-03-31": "1286.00000", "2012-12-31": "1368.00000", "2012-09-30": "1522.00000", "2012-06-30": "1472.00000", "2012-03-31": "1347.00000", "2011-12-31": "1393.00000", "2011-09-30": "1540.00000", "2011-06-30": "1322.00000", "2011-03-31": "1231.00000", "2010-12-31": "-162.00000", "2010-09-30": "1994.00000", "2010-06-30": "1967.00000", "2010-03-31": "2022.00000", "2009-12-31": "", "2009-09-30": "", "2009-06-30": "", "2009-03-31": "", "2008-12-31": "", "2008-09-30": "", "2008-06-30": "", "2008-03-31": "", "2007-12-31": "", "2007-09-30": "", "2007-06-30": "", "2007-03-31": "", "2006-12-31": "", "2006-09-30": "", "2006-06-30": "", "2006-03-31": "", "2005-12-31": "", "2005-09-30": "", "2005-06-30": "", "2005-03-31": ""}, "Other Operating Income Or Expenses": {"2020-09-30": "-24.00000", "2020-06-30": "-8412.00000", "2020-03-31": "", "2019-12-31": "", "2019-09-30": "-9.00000", "2019-06-30": "-1.00000", "2019-03-31": "", "2018-12-31": "", "2018-09-30": "2.00000", "2018-06-30": "25.00000", "2018-03-31": "8.00000", "2017-12-31": "", "2017-09-30": "", "2017-06-30": "", "2017-03-31": "-100.00000", "2016-12-31": "", "2016-09-30": "", "2016-06-30": "", "2016-03-31": "", "2015-12-31": "", "2015-09-30": "", "2015-06-30": "", "2015-03-31": "", "2014-12-31": "", "2014-09-30": "", "2014-06-30": "-489.00000", "2014-03-31": "-1096.00000", "2013-12-31": "-1259.00000", "2013-09-30": "-1119.00000", "2013-06-30": "-1140.00000", "2013-03-31": "-1031.00000", "2012-12-31": "", "2012-09-30": "", "2012-06-30": "", "2012-03-31": "", "2011-12-31": "-2096.00000", "2011-09-30": "-2057.00000", "2011-06-30": "-578.00000", "2011-03-31": "-670.00000", "2010-12-31": "", "2010-09-30": "-1031.00000", "2010-06-30": "-636.00000", "2010-03-31": "-1004.00000", "2009-12-31": "-2467.00000", "2009-09-30": "-885.00000", "2009-06-30": "-566.00000", "2009-03-31": "262.00000", "2008-12-31": "", "2008-09-30": "", "2008-06-30": "", "2008-03-31": "", "2007-12-31": "", "2007-09-30": "-2773.00000", "2007-06-30": "", "2007-03-31": "", "2006-12-31": "", "2006-09-30": "", "2006-06-30": "", "2006-03-31": "", "2005-12-31": "", "2005-09-30": "", "2005-06-30": "", "2005-03-31": ""}, "Operating Expenses": {"2020-09-30": "9855.00000", "2020-06-30": "19057.00000", "2020-03-31": "11652.00000", "2019-12-31": "10679.00000", "2019-09-30": "11654.00000", "2019-06-30": "10709.00000", "2019-03-31": "11310.00000", "2018-12-31": "13296.00000", "2018-09-30": "13012.00000", "2018-06-30": "10374.00000", "2018-03-31": "10481.00000", "2017-12-31": "11902.00000", "2017-09-30": "14540.00000", "2017-06-30": "10779.00000", "2017-03-31": "10906.00000", "2016-12-31": "19664.00000", "2016-09-30": "12259.00000", "2016-06-30": "12084.00000", "2016-03-31": "8905.00000", "2015-12-31": "19711.00000", "2015-09-30": "12588.00000", "2015-06-30": "12804.00000", "2015-03-31": "9176.00000", "2014-12-31": "16438.00000", "2014-09-30": "12954.00000", "2014-06-30": "13796.00000", "2014-03-31": "10632.00000", "2013-12-31": "18149.00000", "2013-09-30": "13446.00000", "2013-06-30": "14335.00000", "2013-03-31": "12877.00000", "2012-12-31": "22529.00000", "2012-09-30": "13529.00000", "2012-06-30": "13146.00000", "2012-03-31": "12351.00000", "2011-12-31": "14406.00000", "2011-09-30": "16113.00000", "2011-06-30": "14230.00000", "2011-03-31": "14995.00000", "2010-12-31": "18162.00000", "2010-09-30": "18443.00000", "2010-06-30": "15911.00000", "2010-03-31": "16089.00000", "2009-12-31": "28011.00000", "2009-09-30": "17851.00000", "2009-06-30": "21173.00000", "2009-03-31": "17254.00000", "2008-12-31": "12736.00000", "2008-09-30": "26268.00000", "2008-06-30": "25812.00000", "2008-03-31": "22766.00000", "2007-12-31": "12770.00000", "2007-09-30": "24957.00000", "2007-06-30": "24822.00000", "2007-03-31": "24473.00000", "2006-12-31": "16313.00000", "2006-09-30": "22946.00000", "2006-06-30": "21613.00000", "2006-03-31": "22485.00000", "2005-12-31": "26952.00000", "2005-09-30": "23861.00000", "2005-06-30": "21202.00000", "2005-03-31": "21553.00000"}, "Operating Income": {"2020-09-30": "366.00000", "2020-06-30": "-9661.00000", "2020-03-31": "2791.00000", "2019-12-31": "1136.00000", "2019-09-30": "1260.00000", "2019-06-30": "1852.00000", "2019-03-31": "1146.00000", "2018-12-31": "-736.00000", "2018-09-30": "-1526.00000", "2018-06-30": "1257.00000", "2018-03-31": "1231.00000", "2017-12-31": "733.00000", "2017-09-30": "-2789.00000", "2017-06-30": "1723.00000", "2017-03-31": "1726.00000", "2016-12-31": "-6654.00000", "2016-09-30": "595.00000", "2016-06-30": "2640.00000", "2016-03-31": "2874.00000", "2015-12-31": "-5880.00000", "2015-09-30": "234.00000", "2015-06-30": "2895.00000", "2015-03-31": "6799.00000", "2014-12-31": "-1028.00000", "2014-09-30": "3743.00000", "2014-06-30": "2340.00000", "2014-03-31": "5531.00000", "2013-12-31": "-607.00000", "2013-09-30": "2498.00000", "2013-06-30": "4091.00000", "2013-03-31": "4085.00000", "2012-12-31": "-1755.00000", "2012-09-30": "3193.00000", "2012-06-30": "3075.00000", "2012-03-31": "5146.00000", "2011-12-31": "3861.00000", "2011-09-30": "-3394.00000", "2011-06-30": "2450.00000", "2011-03-31": "2444.00000", "2010-12-31": "-1657.00000", "2010-09-30": "1012.00000", "2010-06-30": "2403.00000", "2010-03-31": "2466.00000", "2009-12-31": "-9405.00000", "2009-09-30": "1753.00000", "2009-06-30": "2749.00000", "2009-03-31": "-3939.00000", "2008-12-31": "-54438.00000", "2008-09-30": "-25370.00000", "2008-06-30": "-5879.00000", "2008-03-31": "-8735.00000", "2007-12-31": "-769.00000", "2007-09-30": "4879.00000", "2007-06-30": "6328.00000", "2007-03-31": "6172.00000", "2006-12-31": "13695.00000", "2006-09-30": "6301.00000", "2006-06-30": "5241.00000", "2006-03-31": "4793.00000", "2005-12-31": "316.00000", "2005-09-30": "2547.00000", "2005-06-30": "6701.00000", "2005-03-31": "5649.00000"}, "Total Non-Operating Income/Expense": {"2020-09-30": "2.00000", "2020-06-30": "", "2020-03-31": "-233.00000", "2019-12-31": "-100.00000", "2019-09-30": "", "2019-06-30": "-15.00000", "2019-03-31": "8.00000", "2018-12-31": "41.00000", "2018-09-30": "-1.00000", "2018-06-30": "-5.00000", "2018-03-31": "-4.00000", "2017-12-31": "142.00000", "2017-09-30": "-14.00000", "2017-06-30": "-56.00000", "2017-03-31": "1.00000", "2016-12-31": "3199.00000", "2016-09-30": "142.00000", "2016-06-30": "218.00000", "2016-03-31": "-3088.00000", "2015-12-31": "2948.00000", "2015-09-30": "-349.00000", "2015-06-30": "-343.00000", "2015-03-31": "-3023.00000", "2014-12-31": "1757.00000", "2014-09-30": "-724.00000", "2014-06-30": "2140.00000", "2014-03-31": "-3258.00000", "2013-12-31": "2757.00000", "2013-09-30": "-1320.00000", "2013-06-30": "-926.00000", "2013-03-31": "-1210.00000", "2012-12-31": "-4047.00000", "2012-09-30": "-635.00000", "2012-06-30": "-1406.00000", "2012-03-31": "-680.00000", "2011-12-31": "-976.00000", "2011-09-30": "-876.00000", "2011-06-30": "-656.00000", "2011-03-31": "-3754.00000", "2010-12-31": "18456.00000", "2010-09-30": "-706.00000", "2010-06-30": "-902.00000", "2010-03-31": "-825.00000", "2009-12-31": "1960.00000", "2009-09-30": "-2270.00000", "2009-06-30": "-2578.00000", "2009-03-31": "-2577.00000", "2008-12-31": "-386.00000", "2008-09-30": "-2815.00000", "2008-06-30": "-2877.00000", "2008-03-31": "-2529.00000", "2007-12-31": "", "2007-09-30": "", "2007-06-30": "", "2007-03-31": "", "2006-12-31": "", "2006-09-30": "", "2006-06-30": "", "2006-03-31": "", "2005-12-31": "", "2005-09-30": "", "2005-06-30": "", "2005-03-31": ""}, "Pre-Tax Income": {"2020-09-30": "368.00000", "2020-06-30": "-9661.00000", "2020-03-31": "2558.00000", "2019-12-31": "1036.00000", "2019-09-30": "1260.00000", "2019-06-30": "1837.00000", "2019-03-31": "1154.00000", "2018-12-31": "-695.00000", "2018-09-30": "-1527.00000", "2018-06-30": "1252.00000", "2018-03-31": "1227.00000", "2017-12-31": "875.00000", "2017-09-30": "-2803.00000", "2017-06-30": "1667.00000", "2017-03-31": "1727.00000", "2016-12-31": "-3455.00000", "2016-09-30": "737.00000", "2016-06-30": "2858.00000", "2016-03-31": "-214.00000", "2015-12-31": "-2932.00000", "2015-09-30": "-115.00000", "2015-06-30": "2552.00000", "2015-03-31": "3776.00000", "2014-12-31": "729.00000", "2014-09-30": "3019.00000", "2014-06-30": "4480.00000", "2014-03-31": "2273.00000", "2013-12-31": "2150.00000", "2013-09-30": "1178.00000", "2013-06-30": "3165.00000", "2013-03-31": "2875.00000", "2012-12-31": "-5802.00000", "2012-09-30": "2558.00000", "2012-06-30": "1669.00000", "2012-03-31": "4466.00000", "2011-12-31": "2885.00000", "2011-09-30": "-4270.00000", "2011-06-30": "1794.00000", "2011-03-31": "-1310.00000", "2010-12-31": "16799.00000", "2010-09-30": "306.00000", "2010-06-30": "1501.00000", "2010-03-31": "1641.00000", "2009-12-31": "-7445.00000", "2009-09-30": "-517.00000", "2009-06-30": "171.00000", "2009-03-31": "-6516.00000", "2008-12-31": "-54824.00000", "2008-09-30": "-28185.00000", "2008-06-30": "-8756.00000", "2008-03-31": "-11264.00000", "2007-12-31": "-9245.00000", "2007-09-30": "4879.00000", "2007-06-30": "6328.00000", "2007-03-31": "6172.00000", "2006-12-31": "5352.00000", "2006-09-30": "6301.00000", "2006-06-30": "5241.00000", "2006-03-31": "4793.00000", "2005-12-31": "316.00000", "2005-09-30": "2547.00000", "2005-06-30": "6701.00000", "2005-03-31": "5649.00000"}, "Income Taxes": {"2020-09-30": "74.00000", "2020-06-30": "-1896.00000", "2020-03-31": "904.00000", "2019-12-31": "216.00000", "2019-09-30": "287.00000", "2019-06-30": "446.00000", "2019-03-31": "217.00000", "2018-12-31": "-137.00000", "2018-09-30": "-307.00000", "2018-06-30": "321.00000", "2018-03-31": "277.00000", "2017-12-31": "7544.00000", "2017-09-30": "-1091.00000", "2017-06-30": "557.00000", "2017-03-31": "516.00000", "2016-12-31": "-985.00000", "2016-09-30": "304.00000", "2016-06-30": "924.00000", "2016-03-31": "-58.00000", "2015-12-31": "-1083.00000", "2015-09-30": "65.00000", "2015-06-30": "777.00000", "2015-03-31": "1300.00000", "2014-12-31": "19.00000", "2014-09-30": "820.00000", "2014-06-30": "1474.00000", "2014-03-31": "614.00000", "2013-12-31": "188.00000", "2013-09-30": "-970.00000", "2013-06-30": "425.00000", "2013-03-31": "717.00000", "2012-12-31": "-2132.00000", "2012-09-30": "734.00000", "2012-06-30": "-491.00000", "2012-03-31": "1081.00000", "2011-12-31": "-18577.00000", "2011-09-30": "-665.00000", "2011-06-30": "-296.00000", "2011-03-31": "-226.00000", "2010-12-31": "5949.00000", "2010-09-30": "486.00000", "2010-06-30": "1005.00000", "2010-03-31": "-447.00000", "2009-12-31": "637.00000", "2009-09-30": "-408.00000", "2009-06-30": "-415.00000", "2009-03-31": "-1303.00000", "2008-12-31": "691.00000", "2008-09-30": "-3480.00000", "2008-06-30": "-3357.00000", "2008-03-31": "-3537.00000", "2007-12-31": "-3601.00000", "2007-09-30": "1463.00000", "2007-06-30": "1679.00000", "2007-03-31": "1726.00000", "2006-12-31": "1471.00000", "2006-09-30": "1943.00000", "2006-06-30": "1688.00000", "2006-03-31": "1435.00000", "2005-12-31": "-279.00000", "2005-09-30": "748.00000", "2005-06-30": "2083.00000", "2005-03-31": "1706.00000"}, "Income After Taxes": {"2020-09-30": "294.00000", "2020-06-30": "-7765.00000", "2020-03-31": "1654.00000", "2019-12-31": "820.00000", "2019-09-30": "973.00000", "2019-06-30": "1391.00000", "2019-03-31": "937.00000", "2018-12-31": "-558.00000", "2018-09-30": "-1220.00000", "2018-06-30": "931.00000", "2018-03-31": "950.00000", "2017-12-31": "-6669.00000", "2017-09-30": "-1712.00000", "2017-06-30": "1110.00000", "2017-03-31": "1211.00000", "2016-12-31": "-2470.00000", "2016-09-30": "433.00000", "2016-06-30": "1934.00000", "2016-03-31": "-156.00000", "2015-12-31": "-1849.00000", "2015-09-30": "-180.00000", "2015-06-30": "1775.00000", "2015-03-31": "2476.00000", "2014-12-31": "710.00000", "2014-09-30": "2199.00000", "2014-06-30": "3006.00000", "2014-03-31": "1659.00000", "2013-12-31": "1962.00000", "2013-09-30": "2148.00000", "2013-06-30": "2740.00000", "2013-03-31": "2158.00000", "2012-12-31": "-3670.00000", "2012-09-30": "1824.00000", "2012-06-30": "2160.00000", "2012-03-31": "3385.00000", "2011-12-31": "21462.00000", "2011-09-30": "-3605.00000", "2011-06-30": "2090.00000", "2011-03-31": "-1084.00000", "2010-12-31": "10850.00000", "2010-09-30": "-180.00000", "2010-06-30": "496.00000", "2010-03-31": "2088.00000", "2009-12-31": "-8082.00000", "2009-09-30": "-109.00000", "2009-06-30": "586.00000", "2009-03-31": "-5213.00000", "2008-12-31": "-55515.00000", "2008-09-30": "-24705.00000", "2008-06-30": "-5399.00000", "2008-03-31": "-7727.00000", "2007-12-31": "-5644.00000", "2007-09-30": "3416.00000", "2007-06-30": "4649.00000", "2007-03-31": "4446.00000", "2006-12-31": "3881.00000", "2006-09-30": "4358.00000", "2006-06-30": "3553.00000", "2006-03-31": "3358.00000", "2005-12-31": "595.00000", "2005-09-30": "1799.00000", "2005-06-30": "4618.00000", "2005-03-31": "3943.00000"}, "Other Income": {"2020-09-30": "", "2020-06-30": "", "2020-03-31": "", "2019-12-31": "", "2019-09-30": "", "2019-06-30": "", "2019-03-31": "", "2018-12-31": "", "2018-09-30": "", "2018-06-30": "", "2018-03-31": "", "2017-12-31": "", "2017-09-30": "", "2017-06-30": "", "2017-03-31": "", "2016-12-31": "", "2016-09-30": "", "2016-06-30": "", "2016-03-31": "", "2015-12-31": "", "2015-09-30": "", "2015-06-30": "", "2015-03-31": "", "2014-12-31": "", "2014-09-30": "", "2014-06-30": "", "2014-03-31": "", "2013-12-31": "", "2013-09-30": "", "2013-06-30": "", "2013-03-31": "", "2012-12-31": "", "2012-09-30": "", "2012-06-30": "", "2012-03-31": "", "2011-12-31": "", "2011-09-30": "", "2011-06-30": "", "2011-03-31": "", "2010-12-31": "", "2010-09-30": "", "2010-06-30": "", "2010-03-31": "", "2009-12-31": "", "2009-09-30": "", "2009-06-30": "", "2009-03-31": "", "2008-12-31": "", "2008-09-30": "", "2008-06-30": "", "2008-03-31": "", "2007-12-31": "", "2007-09-30": "", "2007-06-30": "", "2007-03-31": "", "2006-12-31": "", "2006-09-30": "", "2006-06-30": "", "2006-03-31": "", "2005-12-31": "", "2005-09-30": "", "2005-06-30": "", "2005-03-31": ""}, "Income From Continuous Operations": {"2020-09-30": "294.00000", "2020-06-30": "-7765.00000", "2020-03-31": "1654.00000", "2019-12-31": "820.00000", "2019-09-30": "973.00000", "2019-06-30": "1391.00000", "2019-03-31": "937.00000", "2018-12-31": "-558.00000", "2018-09-30": "-1220.00000", "2018-06-30": "931.00000", "2018-03-31": "950.00000", "2017-12-31": "-6669.00000", "2017-09-30": "-1712.00000", "2017-06-30": "1110.00000", "2017-03-31": "1211.00000", "2016-12-31": "-2470.00000", "2016-09-30": "433.00000", "2016-06-30": "1934.00000", "2016-03-31": "-156.00000", "2015-12-31": "-1849.00000", "2015-09-30": "-180.00000", "2015-06-30": "1775.00000", "2015-03-31": "2476.00000", "2014-12-31": "710.00000", "2014-09-30": "2199.00000", "2014-06-30": "3006.00000", "2014-03-31": "1659.00000", "2013-12-31": "1962.00000", "2013-09-30": "2148.00000", "2013-06-30": "2740.00000", "2013-03-31": "2158.00000", "2012-12-31": "-3670.00000", "2012-09-30": "1824.00000", "2012-06-30": "2160.00000", "2012-03-31": "3385.00000", "2011-12-31": "21462.00000", "2011-09-30": "-3605.00000", "2011-06-30": "2090.00000", "2011-03-31": "-1084.00000", "2010-12-31": "10850.00000", "2010-09-30": "-180.00000", "2010-06-30": "496.00000", "2010-03-31": "2088.00000", "2009-12-31": "-8082.00000", "2009-09-30": "-109.00000", "2009-06-30": "586.00000", "2009-03-31": "-5213.00000", "2008-12-31": "-55515.00000", "2008-09-30": "-24705.00000", "2008-06-30": "-5399.00000", "2008-03-31": "-7727.00000", "2007-12-31": "-4625.00000", "2007-09-30": "3085.00000", "2007-06-30": "4277.00000", "2007-03-31": "4130.00000", "2006-12-31": "3439.00000", "2006-09-30": "4224.00000", "2006-06-30": "3190.00000", "2006-03-31": "3161.00000", "2005-12-31": "444.00000", "2005-09-30": "1745.00000", "2005-06-30": "4489.00000", "2005-03-31": "3799.00000"}, "Income From Discontinued Operations": {"2020-09-30": "5.00000", "2020-06-30": "-1.00000", "2020-03-31": "", "2019-12-31": "49.00000", "2019-09-30": "", "2019-06-30": "-1.00000", "2019-03-31": "", "2018-12-31": "-2.00000", "2018-09-30": "-39.00000", "2018-06-30": "", "2018-03-31": "-1.00000", "2017-12-31": "-3.00000", "2017-09-30": "-1.00000", "2017-06-30": "8.00000", "2017-03-31": "", "2016-12-31": "-36.00000", "2016-09-30": "3.00000", "2016-06-30": "-10.00000", "2016-03-31": "-47.00000", "2015-12-31": "", "2015-09-30": "-17.00000", "2015-06-30": "16.00000", "2015-03-31": "1.00000", "2014-12-31": "-35.00000", "2014-09-30": "2.00000", "2014-06-30": "30.00000", "2014-03-31": "-47.00000", "2013-12-31": "11.00000", "2013-09-30": "-18.00000", "2013-06-30": "18.00000", "2013-03-31": "73.00000", "2012-12-31": "-279.00000", "2012-09-30": "37.00000", "2012-06-30": "179.00000", "2012-03-31": "64.00000", "2011-12-31": "140.00000", "2011-09-30": "-221.00000", "2011-06-30": "-37.00000", "2011-03-31": "2585.00000", "2010-12-31": "3132.00000", "2010-09-30": "-1833.00000", "2010-06-30": "-2611.00000", "2010-03-31": "343.00000", "2009-12-31": "-928.00000", "2009-09-30": "94.00000", "2009-06-30": "1259.00000", "2009-03-31": "80.00000", "2008-12-31": "", "2008-09-30": "", "2008-06-30": "", "2008-03-31": "", "2007-12-31": "", "2007-09-30": "", "2007-06-30": "", "2007-03-31": "", "2006-12-31": "", "2006-09-30": "", "2006-06-30": "", "2006-03-31": "", "2005-12-31": "", "2005-09-30": "", "2005-06-30": "", "2005-03-31": ""}, "Net Income": {"2020-09-30": "281.00000", "2020-06-30": "-7936.00000", "2020-03-31": "1742.00000", "2019-12-31": "922.00000", "2019-09-30": "648.00000", "2019-06-30": "1102.00000", "2019-03-31": "654.00000", "2018-12-31": "-622.00000", "2018-09-30": "-1259.00000", "2018-06-30": "937.00000", "2018-03-31": "938.00000", "2017-12-31": "-6660.00000", "2017-09-30": "-1739.00000", "2017-06-30": "1130.00000", "2017-03-31": "1185.00000", "2016-12-31": "-3041.00000", "2016-09-30": "462.00000", "2016-06-30": "1913.00000", "2016-03-31": "-183.00000", "2015-12-31": "-1841.00000", "2015-09-30": "-231.00000", "2015-06-30": "1800.00000", "2015-03-31": "2468.00000", "2014-12-31": "655.00000", "2014-09-30": "2192.00000", "2014-06-30": "3073.00000", "2014-03-31": "1609.00000", "2013-12-31": "1978.00000", "2013-09-30": "2170.00000", "2013-06-30": "2731.00000", "2013-03-31": "2206.00000", "2012-12-31": "-3958.00000", "2012-09-30": "1856.00000", "2012-06-30": "2332.00000", "2012-03-31": "3208.00000", "2011-12-31": "21479.00000", "2011-09-30": "-3990.00000", "2011-06-30": "1836.00000", "2011-03-31": "485.00000", "2010-12-31": "6860.00000", "2010-09-30": "-2517.00000", "2010-06-30": "-2656.00000", "2010-03-31": "359.00000", "2009-12-31": "-7282.00000", "2009-09-30": "92.00000", "2009-06-30": "311.00000", "2009-03-31": "-5365.00000", "2008-12-31": "-62059.00000", "2008-09-30": "-24468.00000", "2008-06-30": "-5357.00000", "2008-03-31": "-7805.00000", "2007-12-31": "-5292.00000", "2007-09-30": "3085.00000", "2007-06-30": "4277.00000", "2007-03-31": "4130.00000", "2006-12-31": "3439.00000", "2006-09-30": "4224.00000", "2006-06-30": "3190.00000", "2006-03-31": "3195.00000", "2005-12-31": "444.00000", "2005-09-30": "1745.00000", "2005-06-30": "4489.00000", "2005-03-31": "3799.00000"}, "EBITDA": {"2020-09-30": "1408.00000", "2020-06-30": "-8614.00000", "2020-03-31": "5024.00000", "2019-12-31": "2669.00000", "2019-09-30": "2784.00000", "2019-06-30": "3570.00000", "2019-03-31": "2794.00000", "2018-12-31": "1220.00000", "2018-09-30": "-171.00000", "2018-06-30": "2958.00000", "2018-03-31": "2890.00000", "2017-12-31": "2089.00000", "2017-09-30": "-1695.00000", "2017-06-30": "3005.00000", "2017-03-31": "3036.00000", "2016-12-31": "-5073.00000", "2016-09-30": "1468.00000", "2016-06-30": "3583.00000", "2016-03-31": "4827.00000", "2015-12-31": "-4449.00000", "2015-09-30": "1176.00000", "2015-06-30": "4866.00000", "2015-03-31": "8365.00000", "2014-12-31": "394.00000", "2014-09-30": "5202.00000", "2014-06-30": "4025.00000", "2014-03-31": "7131.00000", "2013-12-31": "1062.00000", "2013-09-30": "4072.00000", "2013-06-30": "5923.00000", "2013-03-31": "5865.00000", "2012-12-31": "2160.00000", "2012-09-30": "5256.00000", "2012-06-30": "4985.00000", "2012-03-31": "6926.00000", "2011-12-31": "5075.00000", "2011-09-30": "-391.00000", "2011-06-30": "4739.00000", "2011-03-31": "5802.00000", "2010-12-31": "-1063.00000", "2010-09-30": "4781.00000", "2010-06-30": "8033.00000", "2010-03-31": "9415.00000", "2009-12-31": "-510.00000", "2009-09-30": "14826.00000", "2009-06-30": "10256.00000", "2009-03-31": "3193.00000", "2008-12-31": "-34395.00000", "2008-09-30": "-17506.00000", "2008-06-30": "604.00000", "2008-03-31": "-3374.00000", "2007-12-31": "5896.00000", "2007-09-30": "10691.00000", "2007-06-30": "10155.00000", "2007-03-31": "9864.00000", "2006-12-31": "18209.00000", "2006-09-30": "10146.00000", "2006-06-30": "8445.00000", "2006-03-31": "8372.00000", "2005-12-31": "11748.00000", "2005-09-30": "3192.00000", "2005-06-30": "7085.00000", "2005-03-31": "6288.00000"}, "EBIT": {"2020-09-30": "745.00000", "2020-06-30": "-9296.00000", "2020-03-31": "3146.00000", "2019-12-31": "1496.00000", "2019-09-30": "1608.00000", "2019-06-30": "2212.00000", "2019-03-31": "1495.00000", "2018-12-31": "-329.00000", "2018-09-30": "-1200.00000", "2018-06-30": "1556.00000", "2018-03-31": "1508.00000", "2017-12-31": "1021.00000", "2017-09-30": "-2499.00000", "2017-06-30": "2015.00000", "2017-03-31": "2024.00000", "2016-12-31": "-6349.00000", "2016-09-30": "924.00000", "2016-06-30": "2960.00000", "2016-03-31": "3180.00000", "2015-12-31": "-5576.00000", "2015-09-30": "555.00000", "2015-06-30": "3211.00000", "2015-03-31": "7139.00000", "2014-12-31": "-682.00000", "2014-09-30": "4173.00000", "2014-06-30": "2803.00000", "2014-03-31": "6010.00000", "2013-12-31": "-93.00000", "2013-09-30": "3014.00000", "2013-06-30": "4626.00000", "2013-03-31": "4662.00000", "2012-12-31": "-1170.00000", "2012-09-30": "3795.00000", "2012-06-30": "3642.00000", "2012-03-31": "5711.00000", "2011-12-31": "3273.00000", "2011-09-30": "-2424.00000", "2011-06-30": "3451.00000", "2011-03-31": "3505.00000", "2010-12-31": "-710.00000", "2010-09-30": "3322.00000", "2010-06-30": "4137.00000", "2010-03-31": "4217.00000", "2009-12-31": "-2280.00000", "2009-09-30": "3846.00000", "2009-06-30": "5302.00000", "2009-03-31": "-1352.00000", "2008-12-31": "-43627.00000", "2008-09-30": "-23073.00000", "2008-06-30": "-4546.00000", "2008-03-31": "-7463.00000", "2007-12-31": "2750.00000", "2007-09-30": "6111.00000", "2007-06-30": "6328.00000", "2007-03-31": "6172.00000", "2006-12-31": "17352.00000", "2006-09-30": "6301.00000", "2006-06-30": "5241.00000", "2006-03-31": "4793.00000", "2005-12-31": "316.00000", "2005-09-30": "2547.00000", "2005-06-30": "6701.00000", "2005-03-31": "5649.00000"}, "Basic Shares Outstanding": {"2020-09-30": "867.71300", "2020-06-30": "866.96800", "2020-03-31": "874.21400", "2019-12-31": "876.75000", "2019-09-30": "877.00900", "2019-06-30": "876.38300", "2019-03-31": "875.38300", "2018-12-31": "898.40600", "2018-09-30": "895.23700", "2018-06-30": "903.21500", "2018-03-31": "907.95200", "2017-12-31": "930.56100", "2017-09-30": "908.66700", "2017-06-30": "925.75100", "2017-03-31": "980.77800", "2016-12-31": "1091.08500", "2016-09-30": "1071.29600", "2016-06-30": "1113.58800", "2016-03-31": "1156.54800", "2015-12-31": "1299.82500", "2015-09-30": "1279.07300", "2015-06-30": "1329.15700", "2015-03-31": "1365.95200", "2014-12-31": "1427.96000", "2014-09-30": "1419.24000", "2014-06-30": "1442.39700", "2014-03-31": "1459.24900", "2013-12-31": "1474.17200", "2013-09-30": "1475.05300", "2013-06-30": "1476.51300", "2013-03-31": "1476.47100", "2012-12-31": "1687.19700", "2012-09-30": "1642.47300", "2012-06-30": "1756.68900", "2012-03-31": "1875.97300", "2011-12-31": "1799.38600", "2011-09-30": "1899.50100", "2011-06-30": "1836.71300", "2011-03-31": "1557.74800", "2010-12-31": "136.58600", "2010-09-30": "135.87900", "2010-06-30": "135.81300", "2010-03-31": "135.65900", "2009-12-31": "135.32500", "2009-09-30": "135.29400", "2009-06-30": "135.28200", "2009-03-31": "135.25300", "2008-12-31": "131.71400", "2008-09-30": "135.16900", "2008-06-30": "130.24900", "2008-03-31": "126.40000", "2007-12-31": "129.22700", "2007-09-30": "128.80000", "2007-06-30": "130.10000", "2007-03-31": "130.60000", "2006-12-31": "130.40000", "2006-09-30": "130.35000", "2006-06-30": "130.30000", "2006-03-31": "130.25000", "2005-12-31": "129.85000", "2005-09-30": "129.85000", "2005-06-30": "129.80000", "2005-03-31": "129.85000"}, "Shares Outstanding": {"2020-09-30": "873.13100", "2020-06-30": "866.96800", "2020-03-31": "878.86600", "2019-12-31": "889.51200", "2019-09-30": "895.81400", "2019-06-30": "888.32500", "2019-03-31": "877.51200", "2018-12-31": "910.14100", "2018-09-30": "895.23700", "2018-06-30": "916.57200", "2018-03-31": "925.26700", "2017-12-31": "930.56100", "2017-09-30": "908.66700", "2017-06-30": "948.24900", "2017-03-31": "1005.31500", "2016-12-31": "1091.08500", "2016-09-30": "1102.40800", "2016-06-30": "1140.04600", "2016-03-31": "1156.54800", "2015-12-31": "1334.46500", "2015-09-30": "1279.07300", "2015-06-30": "1365.39000", "2015-03-31": "1386.26400", "2014-12-31": "1447.55400", "2014-09-30": "1442.06800", "2014-06-30": "1464.67600", "2014-03-31": "1472.51100", "2013-12-31": "1481.20700", "2013-09-30": "1485.32300", "2013-06-30": "1482.24700", "2013-03-31": "1476.67900", "2012-12-31": "1687.22700", "2012-09-30": "1642.50200", "2012-06-30": "1756.71400", "2012-03-31": "1876.00300", "2011-12-31": "1799.45800", "2011-09-30": "1899.50100", "2011-06-30": "1836.77200", "2011-03-31": "1557.74800", "2010-12-31": "136.64900", "2010-09-30": "135.87900", "2010-06-30": "135.81300", "2010-03-31": "135.72500", "2009-12-31": "135.32500", "2009-09-30": "135.45600", "2009-06-30": "135.33600", "2009-03-31": "135.25300", "2008-12-31": "131.71400", "2008-09-30": "135.16900", "2008-06-30": "130.24900", "2008-03-31": "126.40000", "2007-12-31": "129.90100", "2007-09-30": "129.45000", "2007-06-30": "130.65000", "2007-03-31": "131.05000", "2006-12-31": "131.15000", "2006-09-30": "131.30000", "2006-06-30": "131.25000", "2006-03-31": "131.20000", "2005-12-31": "131.35000", "2005-09-30": "131.20000", "2005-06-30": "131.15000", "2005-03-31": "131.20000"}, "Basic EPS": {"2020-09-30": "0.32000", "2020-06-30": "-9.15000", "2020-03-31": "1.99000", "2019-12-31": "1.04000", "2019-09-30": "0.74000", "2019-06-30": "1.26000", "2019-03-31": "0.75000", "2018-12-31": "-0.67000", "2018-09-30": "-1.41000", "2018-06-30": "1.04000", "2018-03-31": "1.03000", "2017-12-31": "-7.06000", "2017-09-30": "-1.91000", "2017-06-30": "1.22000", "2017-03-31": "1.21000", "2016-12-31": "-2.77000", "2016-09-30": "0.43000", "2016-06-30": "1.72000", "2016-03-31": "-0.16000", "2015-12-31": "-1.29000", "2015-09-30": "-0.18000", "2015-06-30": "1.35000", "2015-03-31": "1.81000", "2014-12-31": "0.50000", "2014-09-30": "1.54000", "2014-06-30": "2.13000", "2014-03-31": "1.10000", "2013-12-31": "1.35000", "2013-09-30": "1.47000", "2013-06-30": "1.85000", "2013-03-31": "1.49000", "2012-12-31": "-2.13000", "2012-09-30": "1.13000", "2012-06-30": "1.33000", "2012-03-31": "1.71000", "2011-12-31": "11.80000", "2011-09-30": "-2.10000", "2011-06-30": "1.00000", "2011-03-31": "0.31000", "2010-12-31": "50.42000", "2010-09-30": "-18.53000", "2010-06-30": "-19.57000", "2010-03-31": "2.66000", "2009-12-31": "-53.79000", "2009-09-30": "0.68000", "2009-06-30": "2.30000", "2009-03-31": "-39.67000", "2008-12-31": "-472.90000", "2008-09-30": "-181.02000", "2008-06-30": "-41.13000", "2008-03-31": "-61.80000", "2007-12-31": "-40.42000", "2007-09-30": "24.00000", "2007-06-30": "32.80000", "2007-03-31": "31.60000", "2006-12-31": "26.40000", "2006-09-30": "32.40000", "2006-06-30": "24.60000", "2006-03-31": "24.40000", "2005-12-31": "3.40000", "2005-09-30": "13.40000", "2005-06-30": "34.60000", "2005-03-31": "29.20000"}, "EPS - Earnings Per Share": {"2020-09-30": "0.32000", "2020-06-30": "-9.15000", "2020-03-31": "1.98000", "2019-12-31": "1.03000", "2019-09-30": "0.72000", "2019-06-30": "1.24000", "2019-03-31": "0.75000", "2018-12-31": "-0.63000", "2018-09-30": "-1.41000", "2018-06-30": "1.02000", "2018-03-31": "1.01000", "2017-12-31": "-7.00000", "2017-09-30": "-1.91000", "2017-06-30": "1.19000", "2017-03-31": "1.18000", "2016-12-31": "-2.72000", "2016-09-30": "0.42000", "2016-06-30": "1.68000", "2016-03-31": "-0.16000", "2015-12-31": "-1.27000", "2015-09-30": "-0.18000", "2015-06-30": "1.32000", "2015-03-31": "1.78000", "2014-12-31": "0.49000", "2014-09-30": "1.52000", "2014-06-30": "2.10000", "2014-03-31": "1.09000", "2013-12-31": "1.34000", "2013-09-30": "1.46000", "2013-06-30": "1.84000", "2013-03-31": "1.49000", "2012-12-31": "-2.13000", "2012-09-30": "1.13000", "2012-06-30": "1.33000", "2012-03-31": "1.71000", "2011-12-31": "11.80000", "2011-09-30": "-2.10000", "2011-06-30": "1.00000", "2011-03-31": "0.31000", "2010-12-31": "50.42000", "2010-09-30": "-18.53000", "2010-06-30": "-19.57000", "2010-03-31": "2.66000", "2009-12-31": "-53.79000", "2009-09-30": "0.68000", "2009-06-30": "2.30000", "2009-03-31": "-39.67000", "2008-12-31": "-472.90000", "2008-09-30": "-181.02000", "2008-06-30": "-41.13000", "2008-03-31": "-61.80000", "2007-12-31": "-40.22000", "2007-09-30": "23.80000", "2007-06-30": "32.80000", "2007-03-31": "31.60000", "2006-12-31": "26.40000", "2006-09-30": "32.20000", "2006-06-30": "24.20000", "2006-03-31": "24.40000", "2005-12-31": "3.40000", "2005-09-30": "13.20000", "2005-06-30": "34.20000", "2005-03-31": "29.00000"}}, "balance sheet": {"Cash On Hand": {"2019-12-31": "2856.00000", "2018-12-31": "2873.00000", "2017-12-31": "2362.00000", "2016-12-31": "1868.00000", "2015-12-31": "1629.00000", "2014-12-31": "1758.00000", "2013-12-31": "2241.00000", "2012-12-31": "1151.00000", "2011-12-31": "1474.00000", "2010-12-31": "1558.00000", "2009-12-31": "4400.00000", "2008-12-31": "8642.00000", "2007-12-31": "2284.00000", "2006-12-31": "1590.00000", "2005-12-31": "1897.00000"}, "Receivables": {"2019-12-31": "48251.00000", "2018-12-31": "49183.00000", "2017-12-31": "43272.00000", "2016-12-31": "32366.00000", "2015-12-31": "31864.00000", "2014-12-31": "33990.00000", "2013-12-31": "36768.00000", "2012-12-31": "39584.00000", "2011-12-31": "41932.00000", "2010-12-31": "41523.00000", "2009-12-31": "38974.00000", "2008-12-31": "44583.00000", "2007-12-31": "42170.00000", "2006-12-31": "41144.00000", "2005-12-31": "40311.00000"}, "Inventory": {"2019-12-31": "", "2018-12-31": "", "2017-12-31": "", "2016-12-31": "", "2015-12-31": "", "2014-12-31": "", "2013-12-31": "", "2012-12-31": "", "2011-12-31": "", "2010-12-31": "", "2009-12-31": "", "2008-12-31": "", "2007-12-31": "", "2006-12-31": "", "2005-12-31": ""}, "Pre-Paid Expenses": {"2019-12-31": "", "2018-12-31": "", "2017-12-31": "", "2016-12-31": "", "2015-12-31": "", "2014-12-31": "", "2013-12-31": "", "2012-12-31": "", "2011-12-31": "", "2010-12-31": "", "2009-12-31": "", "2008-12-31": "", "2007-12-31": "", "2006-12-31": "", "2005-12-31": ""}, "Other Current Assets": {"2019-12-31": "", "2018-12-31": "", "2017-12-31": "", "2016-12-31": "", "2015-12-31": "", "2014-12-31": "", "2013-12-31": "", "2012-12-31": "", "2011-12-31": "", "2010-12-31": "", "2009-12-31": "", "2008-12-31": "", "2007-12-31": "", "2006-12-31": "", "2005-12-31": ""}, "Total Current Assets": {"2019-12-31": "51107.00000", "2018-12-31": "52056.00000", "2017-12-31": "45634.00000", "2016-12-31": "34234.00000", "2015-12-31": "33493.00000", "2014-12-31": "35748.00000", "2013-12-31": "39009.00000", "2012-12-31": "40735.00000", "2011-12-31": "43406.00000", "2010-12-31": "43081.00000", "2009-12-31": "43374.00000", "2008-12-31": "53225.00000", "2007-12-31": "44454.00000", "2006-12-31": "42734.00000", "2005-12-31": "42208.00000"}, "Property, Plant, And Equipment": {"2019-12-31": "", "2018-12-31": "", "2017-12-31": "", "2016-12-31": "", "2015-12-31": "", "2014-12-31": "", "2013-12-31": "", "2012-12-31": "", "2011-12-31": "", "2010-12-31": "", "2009-12-31": "4142.00000", "2008-12-31": "5566.00000", "2007-12-31": "5518.00000", "2006-12-31": "4381.00000", "2005-12-31": "3641.00000"}, "Long-Term Investments": {"2019-12-31": "339949.00000", "2018-12-31": "316598.00000", "2017-12-31": "324648.00000", "2016-12-31": "330670.00000", "2015-12-31": "340977.00000", "2014-12-31": "358478.00000", "2013-12-31": "359333.00000", "2012-12-31": "378878.00000", "2011-12-31": "413546.00000", "2010-12-31": "413372.00000", "2009-12-31": "606317.00000", "2008-12-31": "642911.00000", "2007-12-31": "836055.00000", "2006-12-31": "800066.00000", "2005-12-31": "689735.00000"}, "Goodwill And Intangible Assets": {"2019-12-31": "", "2018-12-31": "", "2017-12-31": "", "2016-12-31": "", "2015-12-31": "", "2014-12-31": "", "2013-12-31": "", "2012-12-31": "", "2011-12-31": "", "2010-12-31": "", "2009-12-31": "6195.00000", "2008-12-31": "6952.00000", "2007-12-31": "9414.00000", "2006-12-31": "8628.00000", "2005-12-31": "8093.00000"}, "Other Long-Term Assets": {"2019-12-31": "109655.00000", "2018-12-31": "95415.00000", "2017-12-31": "102992.00000", "2016-12-31": "100986.00000", "2015-12-31": "90863.00000", "2014-12-31": "92189.00000", "2013-12-31": "111626.00000", "2012-12-31": "103372.00000", "2011-12-31": "67550.00000", "2010-12-31": "212322.00000", "2009-12-31": "142635.00000", "2008-12-31": "94248.00000", "2007-12-31": "109006.00000", "2006-12-31": "86366.00000", "2005-12-31": "77220.00000"}, "Total Long-Term Assets": {"2019-12-31": "473957.00000", "2018-12-31": "439928.00000", "2017-12-31": "452667.00000", "2016-12-31": "464030.00000", "2015-12-31": "463349.00000", "2014-12-31": "479833.00000", "2013-12-31": "502320.00000", "2012-12-31": "507898.00000", "2011-12-31": "509648.00000", "2010-12-31": "640362.00000", "2009-12-31": "804211.00000", "2008-12-31": "807193.00000", "2007-12-31": "1003907.00000", "2006-12-31": "936676.00000", "2005-12-31": "810843.00000"}, "Total Assets": {"2019-12-31": "525064.00000", "2018-12-31": "491984.00000", "2017-12-31": "498301.00000", "2016-12-31": "498264.00000", "2015-12-31": "496842.00000", "2014-12-31": "515581.00000", "2013-12-31": "541329.00000", "2012-12-31": "548633.00000", "2011-12-31": "553054.00000", "2010-12-31": "683443.00000", "2009-12-31": "847585.00000", "2008-12-31": "860418.00000", "2007-12-31": "1048361.00000", "2006-12-31": "979410.00000", "2005-12-31": "853051.00000"}, "Total Current Liabilities": {"2019-12-31": "302406.00000", "2018-12-31": "293652.00000", "2017-12-31": "282105.00000", "2016-12-31": "275120.00000", "2015-12-31": "271645.00000", "2014-12-31": "270615.00000", "2013-12-31": "271252.00000", "2012-12-31": "280298.00000", "2011-12-31": "282516.00000", "2010-12-31": "274353.00000", "2009-12-31": "460523.00000", "2008-12-31": "501548.00000", "2007-12-31": "545085.00000", "2006-12-31": "503676.00000", "2005-12-31": "460888.00000"}, "Long Term Debt": {"2019-12-31": "35350.00000", "2018-12-31": "34540.00000", "2017-12-31": "31640.00000", "2016-12-31": "30912.00000", "2015-12-31": "29249.00000", "2014-12-31": "31217.00000", "2013-12-31": "41693.00000", "2012-12-31": "48500.00000", "2011-12-31": "75253.00000", "2010-12-31": "85476.00000", "2009-12-31": "113298.00000", "2008-12-31": "137054.00000", "2007-12-31": "162935.00000", "2006-12-31": "135316.00000", "2005-12-31": "99250.00000"}, "Other Non-Current Liabilities": {"2019-12-31": "119881.00000", "2018-12-31": "106483.00000", "2017-12-31": "118848.00000", "2016-12-31": "115374.00000", "2015-12-31": "105738.00000", "2014-12-31": "106477.00000", "2013-12-31": "127273.00000", "2012-12-31": "120832.00000", "2011-12-31": "84369.00000", "2010-12-31": "207572.00000", "2009-12-31": "174729.00000", "2008-12-31": "159090.00000", "2007-12-31": "230195.00000", "2006-12-31": "221226.00000", "2005-12-31": "193607.00000"}, "Total Long Term Liabilities": {"2019-12-31": "155231.00000", "2018-12-31": "141023.00000", "2017-12-31": "150488.00000", "2016-12-31": "146286.00000", "2015-12-31": "134987.00000", "2014-12-31": "137694.00000", "2013-12-31": "168996.00000", "2012-12-31": "169666.00000", "2011-12-31": "168145.00000", "2010-12-31": "295851.00000", "2009-12-31": "288986.00000", "2008-12-31": "298065.00000", "2007-12-31": "407475.00000", "2006-12-31": "374057.00000", "2005-12-31": "305846.00000"}, "Total Liabilities": {"2019-12-31": "457637.00000", "2018-12-31": "434675.00000", "2017-12-31": "432593.00000", "2016-12-31": "421406.00000", "2015-12-31": "406632.00000", "2014-12-31": "408309.00000", "2013-12-31": "440248.00000", "2012-12-31": "449964.00000", "2011-12-31": "450661.00000", "2010-12-31": "570204.00000", "2009-12-31": "749509.00000", "2008-12-31": "799613.00000", "2007-12-31": "952560.00000", "2006-12-31": "877733.00000", "2005-12-31": "766734.00000"}, "Common Stock Net": {"2019-12-31": "4766.00000", "2018-12-31": "4766.00000", "2017-12-31": "4766.00000", "2016-12-31": "4766.00000", "2015-12-31": "4766.00000", "2014-12-31": "4766.00000", "2013-12-31": "4766.00000", "2012-12-31": "4766.00000", "2011-12-31": "4766.00000", "2010-12-31": "368.00000", "2009-12-31": "354.00000", "2008-12-31": "368.00000", "2007-12-31": "6878.00000", "2006-12-31": "6878.00000", "2005-12-31": "6878.00000"}, "Retained Earnings (Accumulated Deficit)": {"2019-12-31": "23084.00000", "2018-12-31": "20884.00000", "2017-12-31": "21457.00000", "2016-12-31": "28711.00000", "2015-12-31": "30943.00000", "2014-12-31": "29775.00000", "2013-12-31": "22965.00000", "2012-12-31": "14176.00000", "2011-12-31": "10774.00000", "2010-12-31": "-3466.00000", "2009-12-31": "-11491.00000", "2008-12-31": "-12368.00000", "2007-12-31": "89029.00000", "2006-12-31": "84996.00000", "2005-12-31": "72330.00000"}, "Comprehensive Income": {"2019-12-31": "4982.00000", "2018-12-31": "-1413.00000", "2017-12-31": "5465.00000", "2016-12-31": "3230.00000", "2015-12-31": "2537.00000", "2014-12-31": "10617.00000", "2013-12-31": "6360.00000", "2012-12-31": "12574.00000", "2011-12-31": "6481.00000", "2010-12-31": "7624.00000", "2009-12-31": "5693.00000", "2008-12-31": "-6328.00000", "2007-12-31": "4643.00000", "2006-12-31": "9110.00000", "2005-12-31": "6967.00000"}, "Other Share Holders Equity": {"2019-12-31": "", "2018-12-31": "", "2017-12-31": "", "2016-12-31": "", "2015-12-31": "", "2014-12-31": "", "2013-12-31": "", "2012-12-31": "", "2011-12-31": "", "2010-12-31": "", "2009-12-31": "", "2008-12-31": "", "2007-12-31": "-912.00000", "2006-12-31": "", "2005-12-31": ""}, "Share Holder Equity": {"2019-12-31": "67427.00000", "2018-12-31": "57309.00000", "2017-12-31": "65708.00000", "2016-12-31": "76858.00000", "2015-12-31": "90210.00000", "2014-12-31": "107272.00000", "2013-12-31": "101081.00000", "2012-12-31": "98669.00000", "2011-12-31": "102393.00000", "2010-12-31": "113239.00000", "2009-12-31": "98076.00000", "2008-12-31": "60805.00000", "2007-12-31": "95801.00000", "2006-12-31": "101677.00000", "2005-12-31": "86317.00000"}, "Total Liabilities And Share Holders Equity": {"2019-12-31": "525064.00000", "2018-12-31": "491984.00000", "2017-12-31": "498301.00000", "2016-12-31": "498264.00000", "2015-12-31": "496842.00000", "2014-12-31": "515581.00000", "2013-12-31": "541329.00000", "2012-12-31": "548633.00000", "2011-12-31": "553054.00000", "2010-12-31": "683443.00000", "2009-12-31": "847585.00000", "2008-12-31": "860418.00000", "2007-12-31": "1048361.00000", "2006-12-31": "979410.00000", "2005-12-31": "853051.00000"}}, "balance sheet, quarterly": {"Cash On Hand": {"2020-09-30": "3191.00000", "2020-06-30": "3408.00000", "2020-03-31": "2738.00000", "2019-12-31": "2856.00000", "2019-09-30": "3361.00000", "2019-06-30": "2935.00000", "2019-03-31": "2565.00000", "2018-12-31": "2873.00000", "2018-09-30": "2741.00000", "2018-06-30": "2135.00000", "2018-03-31": "2103.00000", "2017-12-31": "2362.00000", "2017-09-30": "2433.00000", "2017-06-30": "2517.00000", "2017-03-31": "1918.00000", "2016-12-31": "1868.00000", "2016-09-30": "2498.00000", "2016-06-30": "1784.00000", "2016-03-31": "1499.00000", "2015-12-31": "1629.00000", "2015-09-30": "1569.00000", "2015-06-30": "1937.00000", "2015-03-31": "1823.00000", "2014-12-31": "1758.00000", "2014-09-30": "1933.00000", "2014-06-30": "1827.00000", "2014-03-31": "2490.00000", "2013-12-31": "2241.00000", "2013-09-30": "2058.00000", "2013-06-30": "1762.00000", "2013-03-31": "1227.00000", "2012-12-31": "1151.00000", "2012-09-30": "1608.00000", "2012-06-30": "1232.00000", "2012-03-31": "1315.00000", "2011-12-31": "1474.00000", "2011-09-30": "1542.00000", "2011-06-30": "2590.00000", "2011-03-31": "1801.00000", "2010-12-31": "1558.00000", "2010-09-30": "1668.00000", "2010-06-30": "2840.00000", "2010-03-31": "2133.00000", "2009-12-31": "4400.00000", "2009-09-30": "4957.00000", "2009-06-30": "5802.00000", "2009-03-31": "4029.00000", "2008-12-31": "8642.00000", "2008-09-30": "18570.00000", "2008-06-30": "2229.00000", "2008-03-31": "2489.00000", "2007-12-31": "2284.00000", "2007-09-30": "2249.00000", "2007-06-30": "1635.00000", "2007-03-31": "1702.00000", "2006-12-31": "1590.00000", "2006-09-30": "1425.00000", "2006-06-30": "2140.00000", "2006-03-31": "1248.00000", "2005-12-31": "1897.00000", "2005-09-30": "2108.00000", "2005-06-30": "1738.00000", "2005-03-31": "2361.00000"}, "Receivables": {"2020-09-30": "86871.00000", "2020-06-30": "88041.00000", "2020-03-31": "51999.00000", "2019-12-31": "48251.00000", "2019-09-30": "51269.00000", "2019-06-30": "53134.00000", "2019-03-31": "53213.00000", "2018-12-31": "49183.00000", "2018-09-30": "49416.00000", "2018-06-30": "45357.00000", "2018-03-31": "45851.00000", "2017-12-31": "43272.00000", "2017-09-30": "45585.00000", "2017-06-30": "45431.00000", "2017-03-31": "45270.00000", "2016-12-31": "32366.00000", "2016-09-30": "33312.00000", "2016-06-30": "33519.00000", "2016-03-31": "33746.00000", "2015-12-31": "31864.00000", "2015-09-30": "32620.00000", "2015-06-30": "34619.00000", "2015-03-31": "35658.00000", "2014-12-31": "33990.00000", "2014-09-30": "37100.00000", "2014-06-30": "38708.00000", "2014-03-31": "39615.00000", "2013-12-31": "36768.00000", "2013-09-30": "39979.00000", "2013-06-30": "40709.00000", "2013-03-31": "42914.00000", "2012-12-31": "39584.00000", "2012-09-30": "41630.00000", "2012-06-30": "42089.00000", "2012-03-31": "43905.00000", "2011-12-31": "41932.00000", "2011-09-30": "46001.00000", "2011-06-30": "48304.00000", "2011-03-31": "47686.00000", "2010-12-31": "41523.00000", "2010-09-30": "41550.00000", "2010-06-30": "42743.00000", "2010-03-31": "44509.00000", "2009-12-31": "38974.00000", "2009-09-30": "39424.00000", "2009-06-30": "40563.00000", "2009-03-31": "40829.00000", "2008-12-31": "44583.00000", "2008-09-30": "43049.00000", "2008-06-30": "51201.00000", "2008-03-31": "46094.00000", "2007-12-31": "42170.00000", "2007-09-30": "41625.00000", "2007-06-30": "43688.00000", "2007-03-31": "42861.00000", "2006-12-31": "41144.00000", "2006-09-30": "41904.00000", "2006-06-30": "42507.00000", "2006-03-31": "42858.00000", "2005-12-31": "40311.00000", "2005-09-30": "37200.00000", "2005-06-30": "36061.00000", "2005-03-31": "35443.00000"}, "Inventory": {"2020-09-30": "", "2020-06-30": "", "2020-03-31": "", "2019-12-31": "", "2019-09-30": "", "2019-06-30": "", "2019-03-31": "", "2018-12-31": "", "2018-09-30": "", "2018-06-30": "", "2018-03-31": "", "2017-12-31": "", "2017-09-30": "", "2017-06-30": "", "2017-03-31": "", "2016-12-31": "", "2016-09-30": "", "2016-06-30": "", "2016-03-31": "", "2015-12-31": "", "2015-09-30": "", "2015-06-30": "", "2015-03-31": "", "2014-12-31": "", "2014-09-30": "", "2014-06-30": "", "2014-03-31": "", "2013-12-31": "", "2013-09-30": "", "2013-06-30": "", "2013-03-31": "", "2012-12-31": "", "2012-09-30": "", "2012-06-30": "", "2012-03-31": "", "2011-12-31": "", "2011-09-30": "", "2011-06-30": "", "2011-03-31": "", "2010-12-31": "", "2010-09-30": "", "2010-06-30": "", "2010-03-31": "", "2009-12-31": "", "2009-09-30": "", "2009-06-30": "", "2009-03-31": "", "2008-12-31": "", "2008-09-30": "", "2008-06-30": "", "2008-03-31": "", "2007-12-31": "", "2007-09-30": "", "2007-06-30": "", "2007-03-31": "", "2006-12-31": "", "2006-09-30": "", "2006-06-30": "", "2006-03-31": "", "2005-12-31": "", "2005-09-30": "", "2005-06-30": "", "2005-03-31": ""}, "Pre-Paid Expenses": {"2020-09-30": "", "2020-06-30": "", "2020-03-31": "", "2019-12-31": "", "2019-09-30": "", "2019-06-30": "", "2019-03-31": "", "2018-12-31": "", "2018-09-30": "", "2018-06-30": "", "2018-03-31": "", "2017-12-31": "", "2017-09-30": "", "2017-06-30": "", "2017-03-31": "", "2016-12-31": "", "2016-09-30": "", "2016-06-30": "", "2016-03-31": "", "2015-12-31": "", "2015-09-30": "", "2015-06-30": "", "2015-03-31": "", "2014-12-31": "", "2014-09-30": "", "2014-06-30": "", "2014-03-31": "", "2013-12-31": "", "2013-09-30": "", "2013-06-30": "", "2013-03-31": "", "2012-12-31": "", "2012-09-30": "", "2012-06-30": "", "2012-03-31": "", "2011-12-31": "", "2011-09-30": "", "2011-06-30": "", "2011-03-31": "", "2010-12-31": "", "2010-09-30": "", "2010-06-30": "", "2010-03-31": "", "2009-12-31": "", "2009-09-30": "", "2009-06-30": "", "2009-03-31": "", "2008-12-31": "", "2008-09-30": "", "2008-06-30": "", "2008-03-31": "", "2007-12-31": "", "2007-09-30": "", "2007-06-30": "", "2007-03-31": "", "2006-12-31": "", "2006-09-30": "", "2006-06-30": "", "2006-03-31": "", "2005-12-31": "", "2005-09-30": "", "2005-06-30": "", "2005-03-31": ""}, "Other Current Assets": {"2020-09-30": "", "2020-06-30": "", "2020-03-31": "", "2019-12-31": "", "2019-09-30": "", "2019-06-30": "", "2019-03-31": "", "2018-12-31": "", "2018-09-30": "", "2018-06-30": "", "2018-03-31": "", "2017-12-31": "", "2017-09-30": "", "2017-06-30": "", "2017-03-31": "", "2016-12-31": "", "2016-09-30": "", "2016-06-30": "", "2016-03-31": "", "2015-12-31": "", "2015-09-30": "", "2015-06-30": "", "2015-03-31": "", "2014-12-31": "", "2014-09-30": "", "2014-06-30": "", "2014-03-31": "", "2013-12-31": "", "2013-09-30": "", "2013-06-30": "", "2013-03-31": "", "2012-12-31": "", "2012-09-30": "", "2012-06-30": "", "2012-03-31": "", "2011-12-31": "", "2011-09-30": "", "2011-06-30": "", "2011-03-31": "", "2010-12-31": "", "2010-09-30": "", "2010-06-30": "", "2010-03-31": "", "2009-12-31": "", "2009-09-30": "", "2009-06-30": "", "2009-03-31": "", "2008-12-31": "", "2008-09-30": "", "2008-06-30": "", "2008-03-31": "", "2007-12-31": "", "2007-09-30": "", "2007-06-30": "", "2007-03-31": "", "2006-12-31": "", "2006-09-30": "", "2006-06-30": "", "2006-03-31": "", "2005-12-31": "", "2005-09-30": "", "2005-06-30": "", "2005-03-31": ""}, "Total Current Assets": {"2020-09-30": "90062.00000", "2020-06-30": "91449.00000", "2020-03-31": "54737.00000", "2019-12-31": "51107.00000", "2019-09-30": "54630.00000", "2019-06-30": "56069.00000", "2019-03-31": "55778.00000", "2018-12-31": "52056.00000", "2018-09-30": "52157.00000", "2018-06-30": "47492.00000", "2018-03-31": "47954.00000", "2017-12-31": "45634.00000", "2017-09-30": "48018.00000", "2017-06-30": "47948.00000", "2017-03-31": "47188.00000", "2016-12-31": "34234.00000", "2016-09-30": "35810.00000", "2016-06-30": "35303.00000", "2016-03-31": "35245.00000", "2015-12-31": "33493.00000", "2015-09-30": "34189.00000", "2015-06-30": "36556.00000", "2015-03-31": "37481.00000", "2014-12-31": "35748.00000", "2014-09-30": "39033.00000", "2014-06-30": "40535.00000", "2014-03-31": "42105.00000", "2013-12-31": "39009.00000", "2013-09-30": "42037.00000", "2013-06-30": "42471.00000", "2013-03-31": "44141.00000", "2012-12-31": "40735.00000", "2012-09-30": "43238.00000", "2012-06-30": "43321.00000", "2012-03-31": "45220.00000", "2011-12-31": "43406.00000", "2011-09-30": "47543.00000", "2011-06-30": "50894.00000", "2011-03-31": "49487.00000", "2010-12-31": "43081.00000", "2010-09-30": "43218.00000", "2010-06-30": "45583.00000", "2010-03-31": "46642.00000", "2009-12-31": "43374.00000", "2009-09-30": "44381.00000", "2009-06-30": "46365.00000", "2009-03-31": "44858.00000", "2008-12-31": "53225.00000", "2008-09-30": "61619.00000", "2008-06-30": "53430.00000", "2008-03-31": "48583.00000", "2007-12-31": "44454.00000", "2007-09-30": "43874.00000", "2007-06-30": "45323.00000", "2007-03-31": "44563.00000", "2006-12-31": "42734.00000", "2006-09-30": "43329.00000", "2006-06-30": "44647.00000", "2006-03-31": "44106.00000", "2005-12-31": "42208.00000", "2005-09-30": "39308.00000", "2005-06-30": "37799.00000", "2005-03-31": "37804.00000"}, "Property, Plant, And Equipment": {"2020-09-30": "", "2020-06-30": "", "2020-03-31": "", "2019-12-31": "", "2019-09-30": "", "2019-06-30": "", "2019-03-31": "", "2018-12-31": "", "2018-09-30": "", "2018-06-30": "", "2018-03-31": "", "2017-12-31": "", "2017-09-30": "", "2017-06-30": "", "2017-03-31": "", "2016-12-31": "", "2016-09-30": "", "2016-06-30": "", "2016-03-31": "", "2015-12-31": "", "2015-09-30": "", "2015-06-30": "", "2015-03-31": "", "2014-12-31": "", "2014-09-30": "", "2014-06-30": "", "2014-03-31": "", "2013-12-31": "", "2013-09-30": "", "2013-06-30": "", "2013-03-31": "", "2012-12-31": "", "2012-09-30": "", "2012-06-30": "", "2012-03-31": "", "2011-12-31": "", "2011-09-30": "", "2011-06-30": "", "2011-03-31": "", "2010-12-31": "", "2010-09-30": "3237.00000", "2010-06-30": "3608.00000", "2010-03-31": "3259.00000", "2009-12-31": "4142.00000", "2009-09-30": "4543.00000", "2009-06-30": "4984.00000", "2009-03-31": "5346.00000", "2008-12-31": "5566.00000", "2008-09-30": "5730.00000", "2008-06-30": "5692.00000", "2008-03-31": "5635.00000", "2007-12-31": "5518.00000", "2007-09-30": "6093.00000", "2007-06-30": "5060.00000", "2007-03-31": "4898.00000", "2006-12-31": "4381.00000", "2006-09-30": "9141.00000", "2006-06-30": "8415.00000", "2006-03-31": "8059.00000", "2005-12-31": "3641.00000", "2005-09-30": "6841.00000", "2005-06-30": "6225.00000", "2005-03-31": "6190.00000"}, "Long-Term Investments": {"2020-09-30": "358728.00000", "2020-06-30": "352445.00000", "2020-03-31": "334648.00000", "2019-12-31": "339949.00000", "2019-09-30": "343384.00000", "2019-06-30": "337287.00000", "2019-03-31": "327345.00000", "2018-12-31": "316598.00000", "2018-09-30": "318587.00000", "2018-06-30": "322207.00000", "2018-03-31": "324765.00000", "2017-12-31": "324648.00000", "2017-09-30": "323539.00000", "2017-06-30": "323083.00000", "2017-03-31": "317891.00000", "2016-12-31": "330670.00000", "2016-09-30": "348976.00000", "2016-06-30": "353257.00000", "2016-03-31": "345503.00000", "2015-12-31": "340977.00000", "2015-09-30": "349097.00000", "2015-06-30": "351211.00000", "2015-03-31": "359539.00000", "2014-12-31": "358478.00000", "2014-09-30": "369311.00000", "2014-06-30": "372822.00000", "2014-03-31": "360459.00000", "2013-12-31": "359333.00000", "2013-09-30": "361310.00000", "2013-06-30": "361123.00000", "2013-03-31": "372792.00000", "2012-12-31": "378878.00000", "2012-09-30": "413268.00000", "2012-06-30": "415559.00000", "2012-03-31": "410126.00000", "2011-12-31": "413546.00000", "2011-09-30": "416312.00000", "2011-06-30": "414856.00000", "2011-03-31": "412283.00000", "2010-12-31": "413372.00000", "2010-09-30": "481413.00000", "2010-06-30": "524225.00000", "2010-03-31": "452514.00000", "2009-12-31": "606317.00000", "2009-09-30": "654676.00000", "2009-06-30": "635274.00000", "2009-03-31": "625928.00000", "2008-12-31": "642911.00000", "2008-09-30": "771082.00000", "2008-06-30": "842844.00000", "2008-03-31": "848658.00000", "2007-12-31": "836055.00000", "2007-09-30": "869764.00000", "2007-06-30": "836123.00000", "2007-03-31": "812257.00000", "2006-12-31": "800066.00000", "2006-09-30": "757295.00000", "2006-06-30": "717145.00000", "2006-03-31": "701464.00000", "2005-12-31": "689735.00000", "2005-09-30": "681228.00000", "2005-06-30": "672715.00000", "2005-03-31": "671319.00000"}, "Goodwill And Intangible Assets": {"2020-09-30": "", "2020-06-30": "", "2020-03-31": "", "2019-12-31": "", "2019-09-30": "", "2019-06-30": "", "2019-03-31": "", "2018-12-31": "", "2018-09-30": "", "2018-06-30": "", "2018-03-31": "", "2017-12-31": "", "2017-09-30": "", "2017-06-30": "", "2017-03-31": "", "2016-12-31": "", "2016-09-30": "", "2016-06-30": "", "2016-03-31": "", "2015-12-31": "", "2015-09-30": "", "2015-06-30": "", "2015-03-31": "", "2014-12-31": "", "2014-09-30": "", "2014-06-30": "", "2014-03-31": "", "2013-12-31": "", "2013-09-30": "", "2013-06-30": "", "2013-03-31": "", "2012-12-31": "", "2012-09-30": "", "2012-06-30": "", "2012-03-31": "", "2011-12-31": "", "2011-09-30": "", "2011-06-30": "", "2011-03-31": "", "2010-12-31": "", "2010-09-30": "1447.00000", "2010-06-30": "2640.00000", "2010-03-31": "2565.00000", "2009-12-31": "6195.00000", "2009-09-30": "5847.00000", "2009-06-30": "6439.00000", "2009-03-31": "6798.00000", "2008-12-31": "6952.00000", "2008-09-30": "10334.00000", "2008-06-30": "10661.00000", "2008-03-31": "10182.00000", "2007-12-31": "9414.00000", "2007-09-30": "8909.00000", "2007-06-30": "8590.00000", "2007-03-31": "8687.00000", "2006-12-31": "8628.00000", "2006-09-30": "8576.00000", "2006-06-30": "8425.00000", "2006-03-31": "8208.00000", "2005-12-31": "8093.00000", "2005-09-30": "8354.00000", "2005-06-30": "8423.00000", "2005-03-31": "8577.00000"}, "Other Long-Term Assets": {"2020-09-30": "105306.00000", "2020-06-30": "102197.00000", "2020-03-31": "95228.00000", "2019-12-31": "109655.00000", "2019-09-30": "103054.00000", "2019-06-30": "104190.00000", "2019-03-31": "103126.00000", "2018-12-31": "95415.00000", "2018-09-30": "106345.00000", "2018-06-30": "100380.00000", "2018-03-31": "100235.00000", "2017-12-31": "102992.00000", "2017-09-30": "99624.00000", "2017-06-30": "97497.00000", "2017-03-31": "103111.00000", "2016-12-31": "100986.00000", "2016-09-30": "100833.00000", "2016-06-30": "92760.00000", "2016-03-31": "91113.00000", "2015-12-31": "90863.00000", "2015-09-30": "88651.00000", "2015-06-30": "93285.00000", "2015-03-31": "95963.00000", "2014-12-31": "92189.00000", "2014-09-30": "89637.00000", "2014-06-30": "86734.00000", "2014-03-31": "113699.00000", "2013-12-31": "111626.00000", "2013-09-30": "106538.00000", "2013-06-30": "105030.00000", "2013-03-31": "106234.00000", "2012-12-31": "103372.00000", "2012-09-30": "71894.00000", "2012-06-30": "71743.00000", "2012-03-31": "74349.00000", "2011-12-31": "67550.00000", "2011-09-30": "66210.00000", "2011-06-30": "136494.00000", "2011-03-31": "134841.00000", "2010-12-31": "212322.00000", "2010-09-30": "317297.00000", "2010-06-30": "241506.00000", "2010-03-31": "332848.00000", "2009-12-31": "142635.00000", "2009-09-30": "85924.00000", "2009-06-30": "82038.00000", "2009-03-31": "77528.00000", "2008-12-31": "94248.00000", "2008-09-30": "110457.00000", "2008-06-30": "90516.00000", "2008-03-31": "93962.00000", "2007-12-31": "109006.00000", "2007-09-30": "102587.00000", "2007-06-30": "99076.00000", "2007-03-31": "91651.00000", "2006-12-31": "86366.00000", "2006-09-30": "86861.00000", "2006-06-30": "83737.00000", "2006-03-31": "81973.00000", "2005-12-31": "77220.00000", "2005-09-30": "75583.00000", "2005-06-30": "72668.00000", "2005-03-31": "72830.00000"}, "Total Long-Term Assets": {"2020-09-30": "487168.00000", "2020-06-30": "477939.00000", "2020-03-31": "455740.00000", "2019-12-31": "473957.00000", "2019-09-30": "470492.00000", "2019-06-30": "466200.00000", "2019-03-31": "457144.00000", "2018-12-31": "439928.00000", "2018-09-30": "452703.00000", "2018-06-30": "449337.00000", "2018-03-31": "451189.00000", "2017-12-31": "452667.00000", "2017-09-30": "455055.00000", "2017-06-30": "451814.00000", "2017-03-31": "452974.00000", "2016-12-31": "464030.00000", "2016-09-30": "478758.00000", "2016-06-30": "475046.00000", "2016-03-31": "467532.00000", "2015-12-31": "463349.00000", "2015-09-30": "467796.00000", "2015-06-30": "473431.00000", "2015-03-31": "483220.00000", "2014-12-31": "479833.00000", "2014-09-30": "488157.00000", "2014-06-30": "488574.00000", "2014-03-31": "505006.00000", "2013-12-31": "502320.00000", "2013-09-30": "498707.00000", "2013-06-30": "494967.00000", "2013-03-31": "504739.00000", "2012-12-31": "507898.00000", "2012-09-30": "507485.00000", "2012-06-30": "512062.00000", "2012-03-31": "509183.00000", "2011-12-31": "509648.00000", "2011-09-30": "496714.00000", "2011-06-30": "565904.00000", "2011-03-31": "561760.00000", "2010-12-31": "640362.00000", "2010-09-30": "828747.00000", "2010-06-30": "804948.00000", "2010-03-31": "817055.00000", "2009-12-31": "804211.00000", "2009-09-30": "799963.00000", "2009-06-30": "784047.00000", "2009-03-31": "774900.00000", "2008-12-31": "807193.00000", "2008-09-30": "960618.00000", "2008-06-30": "996446.00000", "2008-03-31": "1002503.00000", "2007-12-31": "1003907.00000", "2007-09-30": "1028231.00000", "2007-06-30": "988543.00000", "2007-03-31": "955184.00000", "2006-12-31": "936676.00000", "2006-09-30": "898215.00000", "2006-06-30": "856023.00000", "2006-03-31": "835692.00000", "2005-12-31": "810843.00000", "2005-09-30": "804089.00000", "2005-06-30": "790843.00000", "2005-03-31": "790452.00000"}, "Total Assets": {"2020-09-30": "577230.00000", "2020-06-30": "569388.00000", "2020-03-31": "510477.00000", "2019-12-31": "525064.00000", "2019-09-30": "525122.00000", "2019-06-30": "522269.00000", "2019-03-31": "512922.00000", "2018-12-31": "491984.00000", "2018-09-30": "504860.00000", "2018-06-30": "496829.00000", "2018-03-31": "499143.00000", "2017-12-31": "498301.00000", "2017-09-30": "503073.00000", "2017-06-30": "499762.00000", "2017-03-31": "500162.00000", "2016-12-31": "498264.00000", "2016-09-30": "514568.00000", "2016-06-30": "510349.00000", "2016-03-31": "502777.00000", "2015-12-31": "496842.00000", "2015-09-30": "501985.00000", "2015-06-30": "509987.00000", "2015-03-31": "520701.00000", "2014-12-31": "515581.00000", "2014-09-30": "527190.00000", "2014-06-30": "529109.00000", "2014-03-31": "547111.00000", "2013-12-31": "541329.00000", "2013-09-30": "540744.00000", "2013-06-30": "537438.00000", "2013-03-31": "548880.00000", "2012-12-31": "548633.00000", "2012-09-30": "550723.00000", "2012-06-30": "555383.00000", "2012-03-31": "554403.00000", "2011-12-31": "553054.00000", "2011-09-30": "544257.00000", "2011-06-30": "616798.00000", "2011-03-31": "611247.00000", "2010-12-31": "683443.00000", "2010-09-30": "871965.00000", "2010-06-30": "850531.00000", "2010-03-31": "863697.00000", "2009-12-31": "847585.00000", "2009-09-30": "844344.00000", "2009-06-30": "830412.00000", "2009-03-31": "819758.00000", "2008-12-31": "860418.00000", "2008-09-30": "1022237.00000", "2008-06-30": "1049876.00000", "2008-03-31": "1051086.00000", "2007-12-31": "1048361.00000", "2007-09-30": "1072105.00000", "2007-06-30": "1033866.00000", "2007-03-31": "999747.00000", "2006-12-31": "979410.00000", "2006-09-30": "941544.00000", "2006-06-30": "900670.00000", "2006-03-31": "879798.00000", "2005-12-31": "853051.00000", "2005-09-30": "843397.00000", "2005-06-30": "828642.00000", "2005-03-31": "828256.00000"}, "Total Current Liabilities": {"2020-09-30": "354086.00000", "2020-06-30": "349924.00000", "2020-03-31": "305205.00000", "2019-12-31": "302406.00000", "2019-09-30": "305993.00000", "2019-06-30": "301226.00000", "2019-03-31": "298689.00000", "2018-12-31": "293652.00000", "2018-09-30": "291391.00000", "2018-06-30": "283443.00000", "2018-03-31": "284657.00000", "2017-12-31": "282105.00000", "2017-09-30": "282469.00000", "2017-06-30": "277574.00000", "2017-03-31": "274967.00000", "2016-12-31": "275120.00000", "2016-09-30": "278608.00000", "2016-06-30": "278518.00000", "2016-03-31": "274789.00000", "2015-12-31": "271645.00000", "2015-09-30": "267946.00000", "2015-06-30": "267370.00000", "2015-03-31": "269521.00000", "2014-12-31": "270615.00000", "2014-09-30": "273262.00000", "2014-06-30": "274370.00000", "2014-03-31": "273598.00000", "2013-12-31": "271252.00000", "2013-09-30": "273501.00000", "2013-06-30": "274315.00000", "2013-03-31": "278001.00000", "2012-12-31": "280298.00000", "2012-09-30": "281443.00000", "2012-06-30": "280449.00000", "2012-03-31": "282249.00000", "2011-12-31": "282516.00000", "2011-09-30": "285943.00000", "2011-06-30": "282962.00000", "2011-03-31": "282352.00000", "2010-12-31": "274353.00000", "2010-09-30": "341885.00000", "2010-06-30": "378132.00000", "2010-03-31": "315020.00000", "2009-12-31": "460523.00000", "2009-09-30": "492786.00000", "2009-06-30": "488929.00000", "2009-03-31": "488730.00000", "2008-12-31": "501548.00000", "2008-09-30": "550887.00000", "2008-06-30": "564531.00000", "2008-03-31": "552394.00000", "2007-12-31": "545085.00000", "2007-09-30": "525850.00000", "2007-06-30": "513060.00000", "2007-03-31": "504767.00000", "2006-12-31": "503676.00000", "2006-09-30": "489100.00000", "2006-06-30": "485171.00000", "2006-03-31": "476931.00000", "2005-12-31": "460888.00000", "2005-09-30": "455652.00000", "2005-06-30": "450615.00000", "2005-03-31": "448342.00000"}, "Long Term Debt": {"2020-09-30": "38237.00000", "2020-06-30": "39280.00000", "2020-03-31": "35410.00000", "2019-12-31": "35350.00000", "2019-09-30": "35262.00000", "2019-06-30": "36291.00000", "2019-03-31": "35776.00000", "2018-12-31": "34540.00000", "2018-09-30": "34594.00000", "2018-06-30": "33784.00000", "2018-03-31": "33619.00000", "2017-12-31": "31640.00000", "2017-09-30": "31039.00000", "2017-06-30": "31812.00000", "2017-03-31": "30747.00000", "2016-12-31": "30912.00000", "2016-09-30": "32277.00000", "2016-06-30": "33329.00000", "2016-03-31": "31952.00000", "2015-12-31": "29249.00000", "2015-09-30": "30719.00000", "2015-06-30": "30360.00000", "2015-03-31": "31999.00000", "2014-12-31": "31217.00000", "2014-09-30": "36223.00000", "2014-06-30": "38414.00000", "2014-03-31": "39508.00000", "2013-12-31": "41693.00000", "2013-09-30": "42231.00000", "2013-06-30": "42614.00000", "2013-03-31": "45266.00000", "2012-12-31": "48500.00000", "2012-09-30": "73748.00000", "2012-06-30": "73897.00000", "2012-03-31": "76096.00000", "2011-12-31": "75253.00000", "2011-09-30": "77389.00000", "2011-06-30": "79461.00000", "2011-03-31": "82166.00000", "2010-12-31": "85476.00000", "2010-09-30": "93419.00000", "2010-06-30": "108286.00000", "2010-03-31": "109744.00000", "2009-12-31": "113298.00000", "2009-09-30": "122197.00000", "2009-06-30": "123528.00000", "2009-03-31": "127360.00000", "2008-12-31": "137054.00000", "2008-09-30": "155990.00000", "2008-06-30": "163577.00000", "2008-03-31": "158909.00000", "2007-12-31": "162935.00000", "2007-09-30": "151088.00000", "2007-06-30": "141190.00000", "2007-03-31": "133935.00000", "2006-12-31": "135316.00000", "2006-09-30": "114275.00000", "2006-06-30": "104983.00000", "2006-03-31": "97817.00000", "2005-12-31": "99250.00000", "2005-09-30": "93634.00000", "2005-06-30": "88746.00000", "2005-03-31": "91330.00000"}, "Other Non-Current Liabilities": {"2020-09-30": "120300.00000", "2020-06-30": "117366.00000", "2020-03-31": "108019.00000", "2019-12-31": "119881.00000", "2019-09-30": "116422.00000", "2019-06-30": "118647.00000", "2019-03-31": "116364.00000", "2018-12-31": "106483.00000", "2018-09-30": "119698.00000", "2018-06-30": "117805.00000", "2018-03-31": "117510.00000", "2017-12-31": "118848.00000", "2017-09-30": "116553.00000", "2017-06-30": "116052.00000", "2017-03-31": "119781.00000", "2016-12-31": "115374.00000", "2016-09-30": "114518.00000", "2016-06-30": "107965.00000", "2016-03-31": "106955.00000", "2015-12-31": "105738.00000", "2015-09-30": "103701.00000", "2015-06-30": "107615.00000", "2015-03-31": "110814.00000", "2014-12-31": "106477.00000", "2014-09-30": "108722.00000", "2014-06-30": "107744.00000", "2014-03-31": "129585.00000", "2013-12-31": "127273.00000", "2013-09-30": "125497.00000", "2013-06-30": "122274.00000", "2013-03-31": "125042.00000", "2012-12-31": "120832.00000", "2012-09-30": "92959.00000", "2012-06-30": "95396.00000", "2012-03-31": "91593.00000", "2011-12-31": "84369.00000", "2011-09-30": "83103.00000", "2011-06-30": "147833.00000", "2011-03-31": "147374.00000", "2010-12-31": "207572.00000", "2010-09-30": "325921.00000", "2010-06-30": "259466.00000", "2010-03-31": "335274.00000", "2009-12-31": "174729.00000", "2009-09-30": "151666.00000", "2009-06-30": "154750.00000", "2009-03-31": "149446.00000", "2008-12-31": "159090.00000", "2008-09-30": "232365.00000", "2008-06-30": "232431.00000", "2008-03-31": "249146.00000", "2007-12-31": "230195.00000", "2007-09-30": "269877.00000", "2007-06-30": "255460.00000", "2007-03-31": "237292.00000", "2006-12-31": "221226.00000", "2006-09-30": "225640.00000", "2006-06-30": "210076.00000", "2006-03-31": "202594.00000", "2005-12-31": "193607.00000", "2005-09-30": "189476.00000", "2005-06-30": "183941.00000", "2005-03-31": "191965.00000"}, "Total Long Term Liabilities": {"2020-09-30": "158537.00000", "2020-06-30": "156646.00000", "2020-03-31": "143429.00000", "2019-12-31": "155231.00000", "2019-09-30": "151684.00000", "2019-06-30": "154938.00000", "2019-03-31": "152140.00000", "2018-12-31": "141023.00000", "2018-09-30": "154292.00000", "2018-06-30": "151589.00000", "2018-03-31": "151129.00000", "2017-12-31": "150488.00000", "2017-09-30": "147592.00000", "2017-06-30": "147864.00000", "2017-03-31": "150528.00000", "2016-12-31": "146286.00000", "2016-09-30": "146795.00000", "2016-06-30": "141294.00000", "2016-03-31": "138907.00000", "2015-12-31": "134987.00000", "2015-09-30": "134420.00000", "2015-06-30": "137975.00000", "2015-03-31": "142813.00000", "2014-12-31": "137694.00000", "2014-09-30": "144945.00000", "2014-06-30": "146158.00000", "2014-03-31": "169120.00000", "2013-12-31": "168996.00000", "2013-09-30": "167794.00000", "2013-06-30": "164968.00000", "2013-03-31": "170696.00000", "2012-12-31": "169666.00000", "2012-09-30": "166866.00000", "2012-06-30": "169405.00000", "2012-03-31": "167810.00000", "2011-12-31": "168145.00000", "2011-09-30": "171512.00000", "2011-06-30": "240207.00000", "2011-03-31": "243050.00000", "2010-12-31": "295851.00000", "2010-09-30": "421367.00000", "2010-06-30": "369675.00000", "2010-03-31": "446958.00000", "2009-12-31": "288986.00000", "2009-09-30": "275021.00000", "2009-06-30": "279350.00000", "2009-03-31": "277819.00000", "2008-12-31": "298065.00000", "2008-09-30": "400168.00000", "2008-06-30": "407257.00000", "2008-03-31": "418989.00000", "2007-12-31": "407475.00000", "2007-09-30": "442188.00000", "2007-06-30": "416476.00000", "2007-03-31": "391925.00000", "2006-12-31": "374057.00000", "2006-09-30": "356290.00000", "2006-06-30": "327790.00000", "2006-03-31": "314477.00000", "2005-12-31": "305846.00000", "2005-09-30": "298463.00000", "2005-06-30": "289148.00000", "2005-03-31": "297231.00000"}, "Total Liabilities": {"2020-09-30": "512623.00000", "2020-06-30": "506570.00000", "2020-03-31": "448634.00000", "2019-12-31": "457637.00000", "2019-09-30": "457677.00000", "2019-06-30": "456164.00000", "2019-03-31": "450829.00000", "2018-12-31": "434675.00000", "2018-09-30": "445683.00000", "2018-06-30": "435032.00000", "2018-03-31": "435786.00000", "2017-12-31": "432593.00000", "2017-09-30": "430061.00000", "2017-06-30": "425438.00000", "2017-03-31": "425495.00000", "2016-12-31": "421406.00000", "2016-09-30": "425403.00000", "2016-06-30": "419812.00000", "2016-03-31": "413696.00000", "2015-12-31": "406632.00000", "2015-09-30": "402366.00000", "2015-06-30": "405345.00000", "2015-03-31": "412334.00000", "2014-12-31": "408309.00000", "2014-09-30": "418207.00000", "2014-06-30": "420528.00000", "2014-03-31": "442718.00000", "2013-12-31": "440248.00000", "2013-09-30": "441295.00000", "2013-06-30": "439283.00000", "2013-03-31": "448697.00000", "2012-12-31": "449964.00000", "2012-09-30": "448309.00000", "2012-06-30": "449854.00000", "2012-03-31": "450059.00000", "2011-12-31": "450661.00000", "2011-09-30": "457455.00000", "2011-06-30": "523169.00000", "2011-03-31": "525402.00000", "2010-12-31": "570204.00000", "2010-09-30": "763252.00000", "2010-06-30": "747807.00000", "2010-03-31": "761978.00000", "2009-12-31": "749509.00000", "2009-09-30": "767807.00000", "2009-06-30": "768279.00000", "2009-03-31": "766549.00000", "2008-12-31": "799613.00000", "2008-09-30": "951055.00000", "2008-06-30": "971788.00000", "2008-03-31": "971383.00000", "2007-12-31": "952560.00000", "2007-09-30": "968038.00000", "2007-06-30": "929536.00000", "2007-03-31": "896692.00000", "2006-12-31": "877733.00000", "2006-09-30": "845390.00000", "2006-06-30": "812961.00000", "2006-03-31": "791408.00000", "2005-12-31": "766734.00000", "2005-09-30": "754115.00000", "2005-06-30": "739763.00000", "2005-03-31": "745573.00000"}, "Common Stock Net": {"2020-09-30": "4766.00000", "2020-06-30": "4766.00000", "2020-03-31": "4766.00000", "2019-12-31": "4766.00000", "2019-09-30": "4766.00000", "2019-06-30": "4766.00000", "2019-03-31": "4766.00000", "2018-12-31": "4766.00000", "2018-09-30": "4766.00000", "2018-06-30": "4766.00000", "2018-03-31": "4766.00000", "2017-12-31": "4766.00000", "2017-09-30": "4766.00000", "2017-06-30": "4766.00000", "2017-03-31": "4766.00000", "2016-12-31": "4766.00000", "2016-09-30": "4766.00000", "2016-06-30": "4766.00000", "2016-03-31": "4766.00000", "2015-12-31": "4766.00000", "2015-09-30": "4766.00000", "2015-06-30": "4766.00000", "2015-03-31": "4766.00000", "2014-12-31": "4766.00000", "2014-09-30": "4766.00000", "2014-06-30": "4766.00000", "2014-03-31": "4766.00000", "2013-12-31": "4766.00000", "2013-09-30": "4766.00000", "2013-06-30": "4766.00000", "2013-03-31": "4766.00000", "2012-12-31": "4766.00000", "2012-09-30": "4766.00000", "2012-06-30": "4766.00000", "2012-03-31": "4766.00000", "2011-12-31": "4766.00000", "2011-09-30": "4764.00000", "2011-06-30": "4761.00000", "2011-03-31": "4508.00000", "2010-12-31": "368.00000", "2010-09-30": "354.00000", "2010-06-30": "354.00000", "2010-03-31": "354.00000", "2009-12-31": "354.00000", "2009-09-30": "368.00000", "2009-06-30": "368.00000", "2009-03-31": "7370.00000", "2008-12-31": "368.00000", "2008-09-30": "7370.00000", "2008-06-30": "7370.00000", "2008-03-31": "6878.00000", "2007-12-31": "6878.00000", "2007-09-30": "6878.00000", "2007-06-30": "6878.00000", "2007-03-31": "6878.00000", "2006-12-31": "6878.00000", "2006-09-30": "6878.00000", "2006-06-30": "6878.00000", "2006-03-31": "6878.00000", "2005-12-31": "6878.00000", "2005-09-30": "6878.00000", "2005-06-30": "6878.00000", "2005-03-31": "6878.00000"}, "Retained Earnings (Accumulated Deficit)": {"2020-09-30": "15838.00000", "2020-06-30": "15847.00000", "2020-03-31": "24062.00000", "2019-12-31": "23084.00000", "2019-09-30": "22439.00000", "2019-06-30": "22077.00000", "2019-03-31": "21259.00000", "2018-12-31": "20884.00000", "2018-09-30": "21749.00000", "2018-06-30": "23318.00000", "2018-03-31": "22671.00000", "2017-12-31": "21457.00000", "2017-09-30": "28389.00000", "2017-06-30": "30420.00000", "2017-03-31": "29591.00000", "2016-12-31": "28711.00000", "2016-09-30": "32077.00000", "2016-06-30": "31951.00000", "2016-03-31": "30396.00000", "2015-12-31": "30943.00000", "2015-09-30": "33122.00000", "2015-06-30": "33707.00000", "2015-03-31": "32073.00000", "2014-12-31": "29775.00000", "2014-09-30": "29300.00000", "2014-06-30": "27286.00000", "2014-03-31": "24393.00000", "2013-12-31": "22965.00000", "2013-09-30": "21136.00000", "2013-06-30": "19113.00000", "2013-03-31": "16382.00000", "2012-12-31": "14176.00000", "2012-09-30": "18170.00000", "2012-06-30": "16314.00000", "2012-03-31": "13982.00000", "2011-12-31": "10774.00000", "2011-09-30": "-5466.00000", "2011-06-30": "-1357.00000", "2011-03-31": "-3202.00000", "2010-12-31": "-3466.00000", "2010-09-30": "-14486.00000", "2010-06-30": "-12120.00000", "2010-03-31": "-9871.00000", "2009-12-31": "-11491.00000", "2009-09-30": "-2618.00000", "2009-06-30": "-3073.00000", "2009-03-31": "-16706.00000", "2008-12-31": "-12368.00000", "2008-09-30": "49291.00000", "2008-06-30": "73743.00000", "2008-03-31": "79732.00000", "2007-12-31": "89029.00000", "2007-09-30": "94830.00000", "2007-06-30": "92251.00000", "2007-03-31": "88493.00000", "2006-12-31": "84996.00000", "2006-09-30": "81987.00000", "2006-06-30": "78192.00000", "2006-03-31": "75433.00000", "2005-12-31": "72330.00000", "2005-09-30": "73246.00000", "2005-06-30": "71428.00000", "2005-03-31": "67752.00000"}, "Comprehensive Income": {"2020-09-30": "10978.00000", "2020-06-30": "9169.00000", "2020-03-31": "-994.00000", "2019-12-31": "4982.00000", "2019-09-30": "5615.00000", "2019-06-30": "4991.00000", "2019-03-31": "2128.00000", "2018-12-31": "-1413.00000", "2018-09-30": "-536.00000", "2018-06-30": "230.00000", "2018-03-31": "2220.00000", "2017-12-31": "5465.00000", "2017-09-30": "5939.00000", "2017-06-30": "4962.00000", "2017-03-31": "3781.00000", "2016-12-31": "3230.00000", "2016-09-30": "9057.00000", "2016-06-30": "8259.00000", "2016-03-31": "5525.00000", "2015-12-31": "2537.00000", "2015-09-30": "6557.00000", "2015-06-30": "7620.00000", "2015-03-31": "10657.00000", "2014-12-31": "10617.00000", "2014-09-30": "11331.00000", "2014-06-30": "11511.00000", "2014-03-31": "9085.00000", "2013-12-31": "6360.00000", "2013-09-30": "6509.00000", "2013-06-30": "7039.00000", "2013-03-31": "11839.00000", "2012-12-31": "12574.00000", "2012-09-30": "10887.00000", "2012-06-30": "7791.00000", "2012-03-31": "6873.00000", "2011-12-31": "6481.00000", "2011-09-30": "5829.00000", "2011-06-30": "9093.00000", "2011-03-31": "6896.00000", "2010-12-31": "7624.00000", "2010-09-30": "18000.00000", "2010-06-30": "9829.00000", "2010-03-31": "7053.00000", "2009-12-31": "5693.00000", "2009-09-30": "925.00000", "2009-06-30": "-11286.00000", "2009-03-31": "-8860.00000", "2008-12-31": "-6328.00000", "2008-09-30": "-9480.00000", "2008-06-30": "-3903.00000", "2008-03-31": "-1271.00000", "2007-12-31": "4643.00000", "2007-09-30": "6194.00000", "2007-06-30": "8187.00000", "2007-03-31": "9854.00000", "2006-12-31": "9110.00000", "2006-09-30": "6744.00000", "2006-06-30": "2201.00000", "2006-03-31": "5709.00000", "2005-12-31": "6967.00000", "2005-09-30": "9175.00000", "2005-06-30": "10805.00000", "2005-03-31": "8374.00000"}, "Other Share Holders Equity": {"2020-09-30": "", "2020-06-30": "", "2020-03-31": "", "2019-12-31": "", "2019-09-30": "", "2019-06-30": "", "2019-03-31": "", "2018-12-31": "", "2018-09-30": "", "2018-06-30": "", "2018-03-31": "", "2017-12-31": "", "2017-09-30": "", "2017-06-30": "", "2017-03-31": "", "2016-12-31": "", "2016-09-30": "", "2016-06-30": "", "2016-03-31": "", "2015-12-31": "", "2015-09-30": "", "2015-06-30": "", "2015-03-31": "", "2014-12-31": "", "2014-09-30": "", "2014-06-30": "", "2014-03-31": "", "2013-12-31": "", "2013-09-30": "", "2013-06-30": "", "2013-03-31": "", "2012-12-31": "", "2012-09-30": "", "2012-06-30": "", "2012-03-31": "", "2011-12-31": "", "2011-09-30": "", "2011-06-30": "", "2011-03-31": "", "2010-12-31": "", "2010-09-30": "", "2010-06-30": "", "2010-03-31": "", "2009-12-31": "", "2009-09-30": "0.00000", "2009-06-30": "0.00000", "2009-03-31": "0.00000", "2008-12-31": "", "2008-09-30": "", "2008-06-30": "", "2008-03-31": "-179.00000", "2007-12-31": "-912.00000", "2007-09-30": "-1275.00000", "2007-06-30": "-2336.00000", "2007-03-31": "-2851.00000", "2006-12-31": "", "2006-09-30": "", "2006-06-30": "", "2006-03-31": "", "2005-12-31": "", "2005-09-30": "", "2005-06-30": "", "2005-03-31": ""}, "Share Holder Equity": {"2020-09-30": "64607.00000", "2020-06-30": "62818.00000", "2020-03-31": "61843.00000", "2019-12-31": "67427.00000", "2019-09-30": "67445.00000", "2019-06-30": "66105.00000", "2019-03-31": "62093.00000", "2018-12-31": "57309.00000", "2018-09-30": "59177.00000", "2018-06-30": "61797.00000", "2018-03-31": "63357.00000", "2017-12-31": "65708.00000", "2017-09-30": "73012.00000", "2017-06-30": "74324.00000", "2017-03-31": "74667.00000", "2016-12-31": "76858.00000", "2016-09-30": "89165.00000", "2016-06-30": "90537.00000", "2016-03-31": "89081.00000", "2015-12-31": "90210.00000", "2015-09-30": "99619.00000", "2015-06-30": "104642.00000", "2015-03-31": "108367.00000", "2014-12-31": "107272.00000", "2014-09-30": "108983.00000", "2014-06-30": "108581.00000", "2014-03-31": "104393.00000", "2013-12-31": "101081.00000", "2013-09-30": "99449.00000", "2013-06-30": "98155.00000", "2013-03-31": "100183.00000", "2012-12-31": "98669.00000", "2012-09-30": "102414.00000", "2012-06-30": "105529.00000", "2012-03-31": "104344.00000", "2011-12-31": "102393.00000", "2011-09-30": "86802.00000", "2011-06-30": "93629.00000", "2011-03-31": "85845.00000", "2010-12-31": "113239.00000", "2010-09-30": "108713.00000", "2010-06-30": "102724.00000", "2010-03-31": "101719.00000", "2009-12-31": "98076.00000", "2009-09-30": "76537.00000", "2009-06-30": "62133.00000", "2009-03-31": "53209.00000", "2008-12-31": "60805.00000", "2008-09-30": "71182.00000", "2008-06-30": "78088.00000", "2008-03-31": "79703.00000", "2007-12-31": "95801.00000", "2007-09-30": "104067.00000", "2007-06-30": "104330.00000", "2007-03-31": "103055.00000", "2006-12-31": "101677.00000", "2006-09-30": "96154.00000", "2006-06-30": "87709.00000", "2006-03-31": "88390.00000", "2005-12-31": "86317.00000", "2005-09-30": "89282.00000", "2005-06-30": "88879.00000", "2005-03-31": "82683.00000"}, "Total Liabilities And Share Holders Equity": {"2020-09-30": "577230.00000", "2020-06-30": "569388.00000", "2020-03-31": "510477.00000", "2019-12-31": "525064.00000", "2019-09-30": "525122.00000", "2019-06-30": "522269.00000", "2019-03-31": "512922.00000", "2018-12-31": "491984.00000", "2018-09-30": "504860.00000", "2018-06-30": "496829.00000", "2018-03-31": "499143.00000", "2017-12-31": "498301.00000", "2017-09-30": "503073.00000", "2017-06-30": "499762.00000", "2017-03-31": "500162.00000", "2016-12-31": "498264.00000", "2016-09-30": "514568.00000", "2016-06-30": "510349.00000", "2016-03-31": "502777.00000", "2015-12-31": "496842.00000", "2015-09-30": "501985.00000", "2015-06-30": "509987.00000", "2015-03-31": "520701.00000", "2014-12-31": "515581.00000", "2014-09-30": "527190.00000", "2014-06-30": "529109.00000", "2014-03-31": "547111.00000", "2013-12-31": "541329.00000", "2013-09-30": "540744.00000", "2013-06-30": "537438.00000", "2013-03-31": "548880.00000", "2012-12-31": "548633.00000", "2012-09-30": "550723.00000", "2012-06-30": "555383.00000", "2012-03-31": "554403.00000", "2011-12-31": "553054.00000", "2011-09-30": "544257.00000", "2011-06-30": "616798.00000", "2011-03-31": "611247.00000", "2010-12-31": "683443.00000", "2010-09-30": "871965.00000", "2010-06-30": "850531.00000", "2010-03-31": "863697.00000", "2009-12-31": "847585.00000", "2009-09-30": "844344.00000", "2009-06-30": "830412.00000", "2009-03-31": "819758.00000", "2008-12-31": "860418.00000", "2008-09-30": "1022237.00000", "2008-06-30": "1049876.00000", "2008-03-31": "1051086.00000", "2007-12-31": "1048361.00000", "2007-09-30": "1072105.00000", "2007-06-30": "1033866.00000", "2007-03-31": "999747.00000", "2006-12-31": "979410.00000", "2006-09-30": "941544.00000", "2006-06-30": "900670.00000", "2006-03-31": "879798.00000", "2005-12-31": "853051.00000", "2005-09-30": "843397.00000", "2005-06-30": "828642.00000", "2005-03-31": "828256.00000"}}, "cash flow statement": {"Net Income/Loss": {"2019-12-31": "4169.00000", "2018-12-31": "61.00000", "2017-12-31": "-6056.00000", "2016-12-31": "-349.00000", "2015-12-31": "2222.00000", "2014-12-31": "7524.00000", "2013-12-31": "9092.00000", "2012-12-31": "3700.00000", "2011-12-31": "21330.00000", "2010-12-31": "12285.00000", "2009-12-31": "-12313.00000", "2008-12-31": "-100387.00000", "2007-12-31": "7488.00000", "2006-12-31": "14048.00000", "2005-12-31": "10477.00000"}, "Total Depreciation And Amortization - Cash Flow": {"2019-12-31": "5006.00000", "2018-12-31": "5362.00000", "2017-12-31": "3874.00000", "2016-12-31": "4090.00000", "2015-12-31": "4629.00000", "2014-12-31": "4448.00000", "2013-12-31": "4713.00000", "2012-12-31": "7349.00000", "2011-12-31": "7420.00000", "2010-12-31": "10200.00000", "2009-12-31": "22249.00000", "2008-12-31": "24038.00000", "2007-12-31": "15245.00000", "2006-12-31": "15142.00000", "2005-12-31": "13100.00000"}, "Other Non-Cash Items": {"2019-12-31": "-37.00000", "2018-12-31": "1340.00000", "2017-12-31": "606.00000", "2016-12-31": "1220.00000", "2015-12-31": "153.00000", "2014-12-31": "-2652.00000", "2013-12-31": "-2434.00000", "2012-12-31": "-1707.00000", "2011-12-31": "4161.00000", "2010-12-31": "-9998.00000", "2009-12-31": "13417.00000", "2008-12-31": "81396.00000", "2007-12-31": "-178.00000", "2006-12-31": "-17718.00000", "2005-12-31": "-4058.00000"}, "Total Non-Cash Items": {"2019-12-31": "4969.00000", "2018-12-31": "6702.00000", "2017-12-31": "4480.00000", "2016-12-31": "5310.00000", "2015-12-31": "4782.00000", "2014-12-31": "1796.00000", "2013-12-31": "2279.00000", "2012-12-31": "5642.00000", "2011-12-31": "11581.00000", "2010-12-31": "202.00000", "2009-12-31": "35666.00000", "2008-12-31": "105434.00000", "2007-12-31": "15067.00000", "2006-12-31": "-2576.00000", "2005-12-31": "9042.00000"}, "Change In Accounts Receivable": {"2019-12-31": "654.00000", "2018-12-31": "-2402.00000", "2017-12-31": "-10460.00000", "2016-12-31": "-1268.00000", "2015-12-31": "1455.00000", "2014-12-31": "2692.00000", "2013-12-31": "2174.00000", "2012-12-31": "3085.00000", "2011-12-31": "725.00000", "2010-12-31": "-3028.00000", "2009-12-31": "2036.00000", "2008-12-31": "-5885.00000", "2007-12-31": "3403.00000", "2006-12-31": "451.00000", "2005-12-31": "-5173.00000"}, "Change In Inventories": {"2019-12-31": "", "2018-12-31": "", "2017-12-31": "", "2016-12-31": "", "2015-12-31": "", "2014-12-31": "", "2013-12-31": "", "2012-12-31": "", "2011-12-31": "", "2010-12-31": "", "2009-12-31": "993.00000", "2008-12-31": "14740.00000", "2007-12-31": "-4604.00000", "2006-12-31": "-17049.00000", "2005-12-31": "-3491.00000"}, "Change In Accounts Payable": {"2019-12-31": "", "2018-12-31": "", "2017-12-31": "", "2016-12-31": "", "2015-12-31": "", "2014-12-31": "", "2013-12-31": "", "2012-12-31": "", "2011-12-31": "", "2010-12-31": "", "2009-12-31": "", "2008-12-31": "", "2007-12-31": "", "2006-12-31": "", "2005-12-31": ""}, "Change In Assets/Liabilities": {"2019-12-31": "-11632.00000", "2018-12-31": "-4300.00000", "2017-12-31": "-2763.00000", "2016-12-31": "117.00000", "2015-12-31": "-6130.00000", "2014-12-31": "-9195.00000", "2013-12-31": "-7243.00000", "2012-12-31": "-7496.00000", "2011-12-31": "-13237.00000", "2010-12-31": "1086.00000", "2009-12-31": "-5401.00000", "2008-12-31": "-4209.00000", "2007-12-31": "15252.00000", "2006-12-31": "9375.00000", "2005-12-31": "11015.00000"}, "Total Change In Assets/Liabilities": {"2019-12-31": "-10066.00000", "2018-12-31": "-6702.00000", "2017-12-31": "-6242.00000", "2016-12-31": "-1459.00000", "2015-12-31": "-4127.00000", "2014-12-31": "-4313.00000", "2013-12-31": "-5506.00000", "2012-12-31": "-5666.00000", "2011-12-31": "-32992.00000", "2010-12-31": "4110.00000", "2009-12-31": "-4769.00000", "2008-12-31": "-5169.00000", "2007-12-31": "10237.00000", "2006-12-31": "-5220.00000", "2005-12-31": "3894.00000"}, "Cash Flow From Operating Activities": {"2019-12-31": "-928.00000", "2018-12-31": "61.00000", "2017-12-31": "-7818.00000", "2016-12-31": "3502.00000", "2015-12-31": "2877.00000", "2014-12-31": "5007.00000", "2013-12-31": "5865.00000", "2012-12-31": "3676.00000", "2011-12-31": "-81.00000", "2010-12-31": "16597.00000", "2009-12-31": "18584.00000", "2008-12-31": "-122.00000", "2007-12-31": "32792.00000", "2006-12-31": "6252.00000", "2005-12-31": "23413.00000"}, "Net Change In Property, Plant, And Equipment": {"2019-12-31": "", "2018-12-31": "", "2017-12-31": "", "2016-12-31": "", "2015-12-31": "", "2014-12-31": "", "2013-12-31": "", "2012-12-31": "", "2011-12-31": "", "2010-12-31": "", "2009-12-31": "", "2008-12-31": "-1023.00000", "2007-12-31": "-850.00000", "2006-12-31": "-6409.00000", "2005-12-31": "-6561.00000"}, "Net Change In Intangible Assets": {"2019-12-31": "", "2018-12-31": "", "2017-12-31": "", "2016-12-31": "", "2015-12-31": "", "2014-12-31": "", "2013-12-31": "", "2012-12-31": "", "2011-12-31": "", "2010-12-31": "", "2009-12-31": "", "2008-12-31": "", "2007-12-31": "", "2006-12-31": "", "2005-12-31": ""}, "Net Acquisitions/Divestitures": {"2019-12-31": "2.00000", "2018-12-31": "-5707.00000", "2017-12-31": "792.00000", "2016-12-31": "2809.00000", "2015-12-31": "", "2014-12-31": "2348.00000", "2013-12-31": "", "2012-12-31": "", "2011-12-31": "587.00000", "2010-12-31": "21760.00000", "2009-12-31": "5278.00000", "2008-12-31": "", "2007-12-31": "", "2006-12-31": "", "2005-12-31": ""}, "Net Change In Short-term Investments": {"2019-12-31": "4285.00000", "2018-12-31": "5279.00000", "2017-12-31": "5890.00000", "2016-12-31": "1075.00000", "2015-12-31": "7218.00000", "2014-12-31": "13690.00000", "2013-12-31": "12976.00000", "2012-12-31": "9705.00000", "2011-12-31": "28602.00000", "2010-12-31": "537.00000", "2009-12-31": "-1382.00000", "2008-12-31": "-1720.00000", "2007-12-31": "-23112.00000", "2006-12-31": "", "2005-12-31": "1801.00000"}, "Net Change In Long-Term Investments": {"2019-12-31": "-15450.00000", "2018-12-31": "-4360.00000", "2017-12-31": "2589.00000", "2016-12-31": "-8059.00000", "2015-12-31": "-6706.00000", "2014-12-31": "-3168.00000", "2013-12-31": "-12369.00000", "2012-12-31": "-11987.00000", "2011-12-31": "-32672.00000", "2010-12-31": "-13376.00000", "2009-12-31": "-10470.00000", "2008-12-31": "-19907.00000", "2007-12-31": "-62194.00000", "2006-12-31": "-83525.00000", "2005-12-31": "-78125.00000"}, "Net Change In Investments - Total": {"2019-12-31": "-11165.00000", "2018-12-31": "919.00000", "2017-12-31": "8479.00000", "2016-12-31": "-6984.00000", "2015-12-31": "512.00000", "2014-12-31": "10522.00000", "2013-12-31": "607.00000", "2012-12-31": "-2282.00000", "2011-12-31": "-4070.00000", "2010-12-31": "-12839.00000", "2009-12-31": "-11852.00000", "2008-12-31": "-21627.00000", "2007-12-31": "-85306.00000", "2006-12-31": "-83525.00000", "2005-12-31": "-76324.00000"}, "Investing Activities - Other": {"2019-12-31": "5688.00000", "2018-12-31": "4565.00000", "2017-12-31": "4770.00000", "2016-12-31": "7427.00000", "2015-12-31": "7950.00000", "2014-12-31": "1414.00000", "2013-12-31": "6492.00000", "2012-12-31": "18894.00000", "2011-12-31": "39931.00000", "2010-12-31": "-18833.00000", "2009-12-31": "12352.00000", "2008-12-31": "69826.00000", "2007-12-31": "18915.00000", "2006-12-31": "23020.00000", "2005-12-31": "21426.00000"}, "Cash Flow From Investing Activities": {"2019-12-31": "-5475.00000", "2018-12-31": "-223.00000", "2017-12-31": "14041.00000", "2016-12-31": "3252.00000", "2015-12-31": "8462.00000", "2014-12-31": "14284.00000", "2013-12-31": "7099.00000", "2012-12-31": "16612.00000", "2011-12-31": "36448.00000", "2010-12-31": "-9912.00000", "2009-12-31": "5778.00000", "2008-12-31": "47176.00000", "2007-12-31": "-67241.00000", "2006-12-31": "-66914.00000", "2005-12-31": "-61459.00000"}, "Net Long-Term Debt": {"2019-12-31": "5430.00000", "2018-12-31": "7241.00000", "2017-12-31": "1781.00000", "2016-12-31": "5931.00000", "2015-12-31": "-528.00000", "2014-12-31": "-7754.00000", "2013-12-31": "-9509.00000", "2012-12-31": "-11815.00000", "2011-12-31": "-59194.00000", "2010-12-31": "-3249.00000", "2009-12-31": "-14611.00000", "2008-12-31": "11804.00000", "2007-12-31": "28370.00000", "2006-12-31": "-5914.00000", "2005-12-31": "30317.00000"}, "Net Current Debt": {"2019-12-31": "", "2018-12-31": "", "2017-12-31": "", "2016-12-31": "", "2015-12-31": "", "2014-12-31": "", "2013-12-31": "", "2012-12-31": "", "2011-12-31": "", "2010-12-31": "", "2009-12-31": "-11072.00000", "2008-12-31": "-8912.00000", "2007-12-31": "", "2006-12-31": "", "2005-12-31": ""}, "Debt Issuance/Retirement Net - Total": {"2019-12-31": "5430.00000", "2018-12-31": "7241.00000", "2017-12-31": "1781.00000", "2016-12-31": "5931.00000", "2015-12-31": "-528.00000", "2014-12-31": "-7754.00000", "2013-12-31": "-9509.00000", "2012-12-31": "-11815.00000", "2011-12-31": "-59194.00000", "2010-12-31": "-3249.00000", "2009-12-31": "-25683.00000", "2008-12-31": "2892.00000", "2007-12-31": "28370.00000", "2006-12-31": "-5914.00000", "2005-12-31": "30317.00000"}, "Net Common Equity Issued/Repurchased": {"2019-12-31": "", "2018-12-31": "-1739.00000", "2017-12-31": "-6275.00000", "2016-12-31": "-11460.00000", "2015-12-31": "-10691.00000", "2014-12-31": "-4902.00000", "2013-12-31": "-597.00000", "2012-12-31": "-13000.00000", "2011-12-31": "4985.00000", "2010-12-31": "", "2009-12-31": "", "2008-12-31": "7343.00000", "2007-12-31": "-6000.00000", "2006-12-31": "143.00000", "2005-12-31": "-94.00000"}, "Net Total Equity Issued/Repurchased": {"2019-12-31": "485.00000", "2018-12-31": "-1739.00000", "2017-12-31": "-6275.00000", "2016-12-31": "-11460.00000", "2015-12-31": "-10691.00000", "2014-12-31": "-4902.00000", "2013-12-31": "-597.00000", "2012-12-31": "-13000.00000", "2011-12-31": "4985.00000", "2010-12-31": "", "2009-12-31": "", "2008-12-31": "47343.00000", "2007-12-31": "-6000.00000", "2006-12-31": "143.00000", "2005-12-31": "-194.00000"}, "Total Common And Preferred Stock Dividends Paid": {"2019-12-31": "-1136.00000", "2018-12-31": "-1138.00000", "2017-12-31": "-1172.00000", "2016-12-31": "-1372.00000", "2015-12-31": "-1028.00000", "2014-12-31": "-712.00000", "2013-12-31": "-294.00000", "2012-12-31": "", "2011-12-31": "", "2010-12-31": "", "2009-12-31": "", "2008-12-31": "-1628.00000", "2007-12-31": "-1881.00000", "2006-12-31": "-1638.00000", "2005-12-31": "-1421.00000"}, "Financial Activities - Other": {"2019-12-31": "1600.00000", "2018-12-31": "-3570.00000", "2017-12-31": "-31.00000", "2016-12-31": "68.00000", "2015-12-31": "818.00000", "2014-12-31": "-6420.00000", "2013-12-31": "-1358.00000", "2012-12-31": "4251.00000", "2011-12-31": "17283.00000", "2010-12-31": "-6012.00000", "2009-12-31": "-3314.00000", "2008-12-31": "-89341.00000", "2007-12-31": "14604.00000", "2006-12-31": "67650.00000", "2005-12-31": "9395.00000"}, "Cash Flow From Financial Activities": {"2019-12-31": "6379.00000", "2018-12-31": "794.00000", "2017-12-31": "-5697.00000", "2016-12-31": "-6833.00000", "2015-12-31": "-11429.00000", "2014-12-31": "-19788.00000", "2013-12-31": "-11758.00000", "2012-12-31": "-20564.00000", "2011-12-31": "-36926.00000", "2010-12-31": "-9261.00000", "2009-12-31": "-28997.00000", "2008-12-31": "-40734.00000", "2007-12-31": "35093.00000", "2006-12-31": "60241.00000", "2005-12-31": "38097.00000"}, "Net Cash Flow": {"2019-12-31": "-71.00000", "2018-12-31": "621.00000", "2017-12-31": "630.00000", "2016-12-31": "-131.00000", "2015-12-31": "-129.00000", "2014-12-31": "-483.00000", "2013-12-31": "1090.00000", "2012-12-31": "-323.00000", "2011-12-31": "-84.00000", "2010-12-31": "-2842.00000", "2009-12-31": "-4242.00000", "2008-12-31": "6358.00000", "2007-12-31": "694.00000", "2006-12-31": "-307.00000", "2005-12-31": "-112.00000"}, "Stock-Based Compensation": {"2019-12-31": "", "2018-12-31": "", "2017-12-31": "", "2016-12-31": "", "2015-12-31": "", "2014-12-31": "", "2013-12-31": "", "2012-12-31": "", "2011-12-31": "", "2010-12-31": "", "2009-12-31": "", "2008-12-31": "", "2007-12-31": "", "2006-12-31": "", "2005-12-31": ""}, "Common Stock Dividends Paid": {"2019-12-31": "-1114.00000", "2018-12-31": "-1138.00000", "2017-12-31": "-1172.00000", "2016-12-31": "-1372.00000", "2015-12-31": "-1028.00000", "2014-12-31": "-712.00000", "2013-12-31": "-294.00000", "2012-12-31": "0.00000", "2011-12-31": "0.00000", "2010-12-31": "", "2009-12-31": "", "2008-12-31": "-1628.00000", "2007-12-31": "-1881.00000", "2006-12-31": "-1638.00000", "2005-12-31": "-1421.00000"}}, "cash flow statement, quarterly": {"Net Income/Loss": {"2020-09-30": 299, "2020-06-30": -7766, "2020-03-31": "1654.00000", "2019-12-31": 869, "2019-09-30": 973, "2019-06-30": 1390, "2019-03-31": "937.00000", "2018-12-31": -560, "2018-09-30": -1259, "2018-06-30": 931, "2018-03-31": "949.00000", "2017-12-31": -6672, "2017-09-30": -1713, "2017-06-30": 1118, "2017-03-31": "1211.00000", "2016-12-31": -2506, "2016-09-30": 436, "2016-06-30": 1924, "2016-03-31": "-203.00000", "2015-12-31": -1849, "2015-09-30": -197, "2015-06-30": 1791, "2015-03-31": "2477.00000", "2014-12-31": 675, "2014-09-30": 2201, "2014-06-30": 3036, "2014-03-31": "1612.00000", "2013-12-31": 1973, "2013-09-30": 2130, "2013-06-30": 2758, "2013-03-31": "2231.00000", "2012-12-31": -3949, "2012-09-30": 1861, "2012-06-30": 2339, "2012-03-31": "3449.00000", "2011-12-31": 21602, "2011-09-30": -3826, "2011-06-30": 2053, "2011-03-31": "1501.00000", "2010-12-31": 13982, "2010-09-30": -2013, "2010-06-30": -2115, "2010-03-31": "2431.00000", "2009-12-31": -9010, "2009-09-30": -15, "2009-06-30": 1845, "2009-03-31": "-5133.00000", "2008-12-31": -62556, "2008-09-30": -24705, "2008-06-30": -5399, "2008-03-31": "-7727.00000", "2007-12-31": -4004, "2007-09-30": 3085, "2007-06-30": 4277, "2007-03-31": "4130.00000", "2006-12-31": 3439, "2006-09-30": 4224, "2006-06-30": 3190, "2006-03-31": "3195.00000", "2005-12-31": 444, "2005-09-30": 1745, "2005-06-30": 4489, "2005-03-31": "3799.00000"}, "Total Depreciation And Amortization - Cash Flow": {"2020-09-30": 663, "2020-06-30": 682, "2020-03-31": "1878.00000", "2019-12-31": 1173, "2019-09-30": 1176, "2019-06-30": 1358, "2019-03-31": "1299.00000", "2018-12-31": 1549, "2018-09-30": 1029, "2018-06-30": 1402, "2018-03-31": "1382.00000", "2017-12-31": 1068, "2017-09-30": 804, "2017-06-30": 990, "2017-03-31": "1012.00000", "2016-12-31": 1276, "2016-09-30": 544, "2016-06-30": 623, "2016-03-31": "1647.00000", "2015-12-31": 1127, "2015-09-30": 621, "2015-06-30": 1655, "2015-03-31": "1226.00000", "2014-12-31": 1076, "2014-09-30": 1029, "2014-06-30": 1222, "2014-03-31": "1121.00000", "2013-12-31": 1155, "2013-09-30": 1058, "2013-06-30": 1297, "2013-03-31": "1203.00000", "2012-12-31": 3330, "2012-09-30": 1461, "2012-06-30": 1343, "2012-03-31": "1215.00000", "2011-12-31": 1802, "2011-09-30": 2033, "2011-06-30": 1288, "2011-03-31": "2297.00000", "2010-12-31": -353, "2010-09-30": 1459, "2010-06-30": 3896, "2010-03-31": "5198.00000", "2009-12-31": 1770, "2009-09-30": 10980, "2009-06-30": 4954, "2009-03-31": "4545.00000", "2008-12-31": 9232, "2008-09-30": 5567, "2008-06-30": 5150, "2008-03-31": "4089.00000", "2007-12-31": 3146, "2007-09-30": 4580, "2007-06-30": 3827, "2007-03-31": "3692.00000", "2006-12-31": 4514, "2006-09-30": 3845, "2006-06-30": 3204, "2006-03-31": "3579.00000", "2005-12-31": 11432, "2005-09-30": 645, "2005-06-30": 384, "2005-03-31": "639.00000"}, "Other Non-Cash Items": {"2020-09-30": -213, "2020-06-30": 10951, "2020-03-31": "-2389.00000", "2019-12-31": 491, "2019-09-30": -870, "2019-06-30": -37, "2019-03-31": "379.00000", "2018-12-31": 385, "2018-09-30": 734, "2018-06-30": 57, "2018-03-31": "164.00000", "2017-12-31": -56, "2017-09-30": 932, "2017-06-30": -95, "2017-03-31": "-175.00000", "2016-12-31": 3846, "2016-09-30": -3554, "2016-06-30": 934, "2016-03-31": "-6.00000", "2015-12-31": 395, "2015-09-30": 2164, "2015-06-30": -1812, "2015-03-31": "-594.00000", "2014-12-31": 605, "2014-09-30": 2408, "2014-06-30": -4450, "2014-03-31": "-1215.00000", "2013-12-31": -165, "2013-09-30": 745, "2013-06-30": -1874, "2013-03-31": "-1140.00000", "2012-12-31": 3095, "2012-09-30": -648, "2012-06-30": -790, "2012-03-31": "-3364.00000", "2011-12-31": -2069, "2011-09-30": 5629, "2011-06-30": 1135, "2011-03-31": "-534.00000", "2010-12-31": -22472, "2010-09-30": 6835, "2010-06-30": 4155, "2010-03-31": "1484.00000", "2009-12-31": 11771, "2009-09-30": -5346, "2009-06-30": -1820, "2009-03-31": "8812.00000", "2008-12-31": 20097, "2008-09-30": 31381, "2008-06-30": 12161, "2008-03-31": "17757.00000", "2007-12-31": 1001, "2007-09-30": 671, "2007-06-30": -1191, "2007-03-31": "-659.00000", "2006-12-31": -16155, "2006-09-30": -913, "2006-06-30": -190, "2006-03-31": "-460.00000", "2005-12-31": -563, "2005-09-30": -2759, "2005-06-30": -240, "2005-03-31": "-496.00000"}, "Total Non-Cash Items": {"2020-09-30": 450, "2020-06-30": 11633, "2020-03-31": "-511.00000", "2019-12-31": 1664, "2019-09-30": 306, "2019-06-30": 1321, "2019-03-31": "1678.00000", "2018-12-31": 1934, "2018-09-30": 1763, "2018-06-30": 1459, "2018-03-31": "1546.00000", "2017-12-31": 1012, "2017-09-30": 1736, "2017-06-30": 895, "2017-03-31": "837.00000", "2016-12-31": 5122, "2016-09-30": -3010, "2016-06-30": 1557, "2016-03-31": "1641.00000", "2015-12-31": 1522, "2015-09-30": 2785, "2015-06-30": -157, "2015-03-31": "632.00000", "2014-12-31": 1681, "2014-09-30": 3437, "2014-06-30": -3228, "2014-03-31": "-94.00000", "2013-12-31": 990, "2013-09-30": 1803, "2013-06-30": -577, "2013-03-31": "63.00000", "2012-12-31": 6425, "2012-09-30": 813, "2012-06-30": 553, "2012-03-31": "-2149.00000", "2011-12-31": -267, "2011-09-30": 7662, "2011-06-30": 2423, "2011-03-31": "1763.00000", "2010-12-31": -22825, "2010-09-30": 8294, "2010-06-30": 8051, "2010-03-31": "6682.00000", "2009-12-31": 13541, "2009-09-30": 5634, "2009-06-30": 3134, "2009-03-31": "13357.00000", "2008-12-31": 29329, "2008-09-30": 36948, "2008-06-30": 17311, "2008-03-31": "21846.00000", "2007-12-31": 4147, "2007-09-30": 5251, "2007-06-30": 2636, "2007-03-31": "3033.00000", "2006-12-31": -11641, "2006-09-30": 2932, "2006-06-30": 3014, "2006-03-31": "3119.00000", "2005-12-31": 10869, "2005-09-30": -2114, "2005-06-30": 144, "2005-03-31": "143.00000"}, "Change In Accounts Receivable": {"2020-09-30": 521, "2020-06-30": 1676, "2020-03-31": "-2193.00000", "2019-12-31": 1896, "2019-09-30": 1070, "2019-06-30": -132, "2019-03-31": "-2180.00000", "2018-12-31": -1313, "2018-09-30": 311, "2018-06-30": -94, "2018-03-31": "-1306.00000", "2017-12-31": 1945, "2017-09-30": 132, "2017-06-30": -111, "2017-03-31": "-12426.00000", "2016-12-31": -381, "2016-09-30": 715, "2016-06-30": 105, "2016-03-31": "-1707.00000", "2015-12-31": 448, "2015-09-30": 1793, "2015-06-30": 58, "2015-03-31": "-844.00000", "2014-12-31": 2715, "2014-09-30": 1574, "2014-06-30": -896, "2014-03-31": "-701.00000", "2013-12-31": 2554, "2013-09-30": 728, "2013-06-30": 1385, "2013-03-31": "-2493.00000", "2012-12-31": 1791, "2012-09-30": 1144, "2012-06-30": 1260, "2012-03-31": "-1110.00000", "2011-12-31": 4297, "2011-09-30": 1938, "2011-06-30": -785, "2011-03-31": "-4725.00000", "2010-12-31": -298, "2010-09-30": 671, "2010-06-30": 1435, "2010-03-31": "-4836.00000", "2009-12-31": 491, "2009-09-30": -736, "2009-06-30": 981, "2009-03-31": "1300.00000", "2008-12-31": 2472, "2008-09-30": -1201, "2008-06-30": -1653, "2008-03-31": "-5503.00000", "2007-12-31": 4489, "2007-09-30": 126, "2007-06-30": -2149, "2007-03-31": "937.00000", "2006-12-31": 250, "2006-09-30": 384, "2006-06-30": 1537, "2006-03-31": "-1720.00000", "2005-12-31": -2397, "2005-09-30": -2631, "2005-06-30": -394, "2005-03-31": "249.00000"}, "Change In Inventories": {"2020-09-30": 0, "2020-06-30": 0, "2020-03-31": "", "2019-12-31": 0, "2019-09-30": 0, "2019-06-30": 0, "2019-03-31": "", "2018-12-31": 0, "2018-09-30": 0, "2018-06-30": 0, "2018-03-31": "", "2017-12-31": 0, "2017-09-30": 0, "2017-06-30": 0, "2017-03-31": "", "2016-12-31": 0, "2016-09-30": 0, "2016-06-30": 0, "2016-03-31": "", "2015-12-31": 0, "2015-09-30": 0, "2015-06-30": 0, "2015-03-31": "", "2014-12-31": 0, "2014-09-30": 0, "2014-06-30": 0, "2014-03-31": "", "2013-12-31": 0, "2013-09-30": 0, "2013-06-30": 0, "2013-03-31": "", "2012-12-31": 0, "2012-09-30": 0, "2012-06-30": 0, "2012-03-31": "", "2011-12-31": 0, "2011-09-30": 0, "2011-06-30": -278, "2011-03-31": "278.00000", "2010-12-31": -542, "2010-09-30": 221, "2010-06-30": 300, "2010-03-31": "21.00000", "2009-12-31": 1918, "2009-09-30": 2506, "2009-06-30": -3320, "2009-03-31": "-111.00000", "2008-12-31": 6293, "2008-09-30": 3458, "2008-06-30": 2300, "2008-03-31": "2689.00000", "2007-12-31": -4054, "2007-09-30": -403, "2007-06-30": 2537, "2007-03-31": "-2684.00000", "2006-12-31": -9142, "2006-09-30": -5797, "2006-06-30": -3243, "2006-03-31": "1133.00000", "2005-12-31": -3175, "2005-09-30": -324, "2005-06-30": 7526, "2005-03-31": "-7518.00000"}, "Change In Accounts Payable": {"2020-09-30": 0, "2020-06-30": 0, "2020-03-31": "", "2019-12-31": 0, "2019-09-30": 0, "2019-06-30": 0, "2019-03-31": "", "2018-12-31": 0, "2018-09-30": 0, "2018-06-30": 0, "2018-03-31": "", "2017-12-31": 0, "2017-09-30": 0, "2017-06-30": 0, "2017-03-31": "", "2016-12-31": 0, "2016-09-30": 0, "2016-06-30": 0, "2016-03-31": "", "2015-12-31": 0, "2015-09-30": 0, "2015-06-30": 0, "2015-03-31": "", "2014-12-31": 0, "2014-09-30": 0, "2014-06-30": 0, "2014-03-31": "", "2013-12-31": 0, "2013-09-30": 0, "2013-06-30": 0, "2013-03-31": "", "2012-12-31": 0, "2012-09-30": 0, "2012-06-30": 0, "2012-03-31": "", "2011-12-31": 0, "2011-09-30": 0, "2011-06-30": 0, "2011-03-31": "", "2010-12-31": 0, "2010-09-30": 0, "2010-06-30": 0, "2010-03-31": "", "2009-12-31": 0, "2009-09-30": 0, "2009-06-30": 0, "2009-03-31": "", "2008-12-31": 0, "2008-09-30": 0, "2008-06-30": 0, "2008-03-31": "", "2007-12-31": 0, "2007-09-30": 0, "2007-06-30": 0, "2007-03-31": "", "2006-12-31": 0, "2006-09-30": 0, "2006-06-30": 0, "2006-03-31": "", "2005-12-31": 0, "2005-09-30": 0, "2005-06-30": 0, "2005-03-31": ""}, "Change In Assets/Liabilities": {"2020-09-30": -302, "2020-06-30": -1630, "2020-03-31": "194.00000", "2019-12-31": -4723, "2019-09-30": -2100, "2019-06-30": -3231, "2019-03-31": "-1578.00000", "2018-12-31": 262, "2018-09-30": -174, "2018-06-30": -2011, "2018-03-31": "-2377.00000", "2017-12-31": -2730, "2017-09-30": 1196, "2017-06-30": -825, "2017-03-31": "-404.00000", "2016-12-31": 784, "2016-09-30": 2829, "2016-06-30": -2906, "2016-03-31": "-590.00000", "2015-12-31": 1710, "2015-09-30": -2637, "2015-06-30": -2165, "2015-03-31": "-3038.00000", "2014-12-31": -4320, "2014-09-30": -5182, "2014-06-30": 811, "2014-03-31": "-504.00000", "2013-12-31": -3369, "2013-09-30": -1248, "2013-06-30": -2063, "2013-03-31": "-563.00000", "2012-12-31": -1227, "2012-09-30": -3273, "2012-06-30": -1897, "2012-03-31": "-1099.00000", "2011-12-31": -5861, "2011-09-30": -2677, "2011-06-30": -1181, "2011-03-31": "-3518.00000", "2010-12-31": 5373, "2010-09-30": -2452, "2010-06-30": -2097, "2010-03-31": "262.00000", "2009-12-31": 438, "2009-09-30": -3062, "2009-06-30": 1105, "2009-03-31": "-3882.00000", "2008-12-31": 22332, "2008-09-30": -25765, "2008-06-30": -405, "2008-03-31": "-371.00000", "2007-12-31": 9186, "2007-09-30": 1127, "2007-06-30": 1501, "2007-03-31": "3438.00000", "2006-12-31": 19211, "2006-09-30": -3991, "2006-06-30": -3222, "2006-03-31": "-2623.00000", "2005-12-31": -1529, "2005-09-30": 8463, "2005-06-30": 2645, "2005-03-31": "1436.00000"}, "Total Change In Assets/Liabilities": {"2020-09-30": 158, "2020-06-30": -2528, "2020-03-31": "-1157.00000", "2019-12-31": -2672, "2019-09-30": -796, "2019-06-30": -3007, "2019-03-31": "-3591.00000", "2018-12-31": -1275, "2018-09-30": -202, "2018-06-30": -1792, "2018-03-31": "-3433.00000", "2017-12-31": 6704, "2017-09-30": 151, "2017-06-30": -713, "2017-03-31": "-12384.00000", "2016-12-31": -867, "2016-09-30": 3756, "2016-06-30": -1942, "2016-03-31": "-2406.00000", "2015-12-31": 970, "2015-09-30": -847, "2015-06-30": -1529, "2015-03-31": "-2721.00000", "2014-12-31": -1706, "2014-09-30": -2922, "2014-06-30": 1070, "2014-03-31": "-755.00000", "2013-12-31": -1046, "2013-09-30": -1659, "2013-06-30": -358, "2013-03-31": "-2443.00000", "2012-12-31": -1639, "2012-09-30": -1467, "2012-06-30": -1354, "2012-03-31": "-1206.00000", "2011-12-31": -20215, "2011-09-30": -1500, "2011-06-30": -2701, "2011-03-31": "-8576.00000", "2010-12-31": 10325, "2010-09-30": -937, "2010-06-30": 640, "2010-03-31": "-5918.00000", "2009-12-31": 2079, "2009-09-30": -1681, "2009-06-30": -713, "2009-03-31": "-4454.00000", "2008-12-31": 32217, "2008-09-30": -27483, "2008-06-30": -4083, "2008-03-31": "-5820.00000", "2007-12-31": 5100, "2007-09-30": 1782, "2007-06-30": 588, "2007-03-31": "2767.00000", "2006-12-31": 10417, "2006-09-30": -8384, "2006-06-30": -4787, "2006-03-31": "-2466.00000", "2005-12-31": -8090, "2005-09-30": 6870, "2005-06-30": 9490, "2005-03-31": "-4376.00000"}, "Cash Flow From Operating Activities": {"2020-09-30": 907, "2020-06-30": 1339, "2020-03-31": "-14.00000", "2019-12-31": -139, "2019-09-30": 483, "2019-06-30": -296, "2019-03-31": "-976.00000", "2018-12-31": 99, "2018-09-30": 302, "2018-06-30": 598, "2018-03-31": "-938.00000", "2017-12-31": 1044, "2017-09-30": 174, "2017-06-30": 1300, "2017-03-31": "-10336.00000", "2016-12-31": 1749, "2016-09-30": 1182, "2016-06-30": 1539, "2016-03-31": "-968.00000", "2015-12-31": 643, "2015-09-30": 1741, "2015-06-30": 105, "2015-03-31": "388.00000", "2014-12-31": 650, "2014-09-30": 2716, "2014-06-30": 878, "2014-03-31": "763.00000", "2013-12-31": 1917, "2013-09-30": 2274, "2013-06-30": 1823, "2013-03-31": "-149.00000", "2012-12-31": 837, "2012-09-30": 1207, "2012-06-30": 1538, "2012-03-31": "94.00000", "2011-12-31": 1120, "2011-09-30": 2336, "2011-06-30": 1775, "2011-03-31": "-5312.00000", "2010-12-31": 1482, "2010-09-30": 5344, "2010-06-30": 6576, "2010-03-31": "3195.00000", "2009-12-31": 6610, "2009-09-30": 3938, "2009-06-30": 4266, "2009-03-31": "3770.00000", "2008-12-31": -1010, "2008-09-30": -15240, "2008-06-30": 7829, "2008-03-31": "8299.00000", "2007-12-31": 5243, "2007-09-30": 10118, "2007-06-30": 7501, "2007-03-31": "9930.00000", "2006-12-31": 2215, "2006-09-30": -1228, "2006-06-30": 1417, "2006-03-31": "3848.00000", "2005-12-31": 3223, "2005-09-30": 6501, "2005-06-30": 14123, "2005-03-31": "-434.00000"}, "Net Change In Property, Plant, And Equipment": {"2020-09-30": 0, "2020-06-30": 0, "2020-03-31": "", "2019-12-31": 0, "2019-09-30": 0, "2019-06-30": 0, "2019-03-31": "", "2018-12-31": 0, "2018-09-30": 0, "2018-06-30": 0, "2018-03-31": "", "2017-12-31": 0, "2017-09-30": 0, "2017-06-30": 0, "2017-03-31": "", "2016-12-31": 0, "2016-09-30": 0, "2016-06-30": 0, "2016-03-31": "", "2015-12-31": 0, "2015-09-30": 0, "2015-06-30": 0, "2015-03-31": "", "2014-12-31": 0, "2014-09-30": 0, "2014-06-30": 0, "2014-03-31": "", "2013-12-31": 0, "2013-09-30": 0, "2013-06-30": 0, "2013-03-31": "", "2012-12-31": 0, "2012-09-30": 0, "2012-06-30": 0, "2012-03-31": "", "2011-12-31": 0, "2011-09-30": 0, "2011-06-30": 0, "2011-03-31": "", "2010-12-31": 0, "2010-09-30": 0, "2010-06-30": 0, "2010-03-31": "", "2009-12-31": 270, "2009-09-30": -55, "2009-06-30": -114, "2009-03-31": "-101.00000", "2008-12-31": 2781, "2008-09-30": -563, "2008-06-30": -1744, "2008-03-31": "-1497.00000", "2007-12-31": 3984, "2007-09-30": -513, "2007-06-30": -2172, "2007-03-31": "-2149.00000", "2006-12-31": -1309, "2006-09-30": -797, "2006-06-30": -2317, "2006-03-31": "-1986.00000", "2005-12-31": -57, "2005-09-30": -2104, "2005-06-30": -2112, "2005-03-31": "-2288.00000"}, "Net Change In Intangible Assets": {"2020-09-30": 0, "2020-06-30": 0, "2020-03-31": "", "2019-12-31": 0, "2019-09-30": 0, "2019-06-30": 0, "2019-03-31": "", "2018-12-31": 0, "2018-09-30": 0, "2018-06-30": 0, "2018-03-31": "", "2017-12-31": 0, "2017-09-30": 0, "2017-06-30": 0, "2017-03-31": "", "2016-12-31": 0, "2016-09-30": 0, "2016-06-30": 0, "2016-03-31": "", "2015-12-31": 0, "2015-09-30": 0, "2015-06-30": 0, "2015-03-31": "", "2014-12-31": 0, "2014-09-30": 0, "2014-06-30": 0, "2014-03-31": "", "2013-12-31": 0, "2013-09-30": 0, "2013-06-30": 0, "2013-03-31": "", "2012-12-31": 0, "2012-09-30": 0, "2012-06-30": 0, "2012-03-31": "", "2011-12-31": 0, "2011-09-30": 0, "2011-06-30": 0, "2011-03-31": "", "2010-12-31": 0, "2010-09-30": 0, "2010-06-30": 0, "2010-03-31": "", "2009-12-31": 0, "2009-09-30": 0, "2009-06-30": 0, "2009-03-31": "", "2008-12-31": 0, "2008-09-30": 0, "2008-06-30": 0, "2008-03-31": "", "2007-12-31": 0, "2007-09-30": 0, "2007-06-30": 0, "2007-03-31": "", "2006-12-31": 0, "2006-09-30": 0, "2006-06-30": 0, "2006-03-31": "", "2005-12-31": 0, "2005-09-30": 0, "2005-06-30": 0, "2005-03-31": ""}, "Net Acquisitions/Divestitures": {"2020-09-30": 0, "2020-06-30": 2119, "2020-03-31": "", "2019-12-31": 0, "2019-09-30": 2, "2019-06-30": 0, "2019-03-31": "", "2018-12-31": -665, "2018-09-30": -5052, "2018-06-30": 4, "2018-03-31": "6.00000", "2017-12-31": 187, "2017-09-30": 67, "2017-06-30": 514, "2017-03-31": "24.00000", "2016-12-31": 2809, "2016-09-30": 0, "2016-06-30": 0, "2016-03-31": "", "2015-12-31": 0, "2015-09-30": 0, "2015-06-30": 0, "2015-03-31": "", "2014-12-31": 0, "2014-09-30": 0, "2014-06-30": 2348, "2014-03-31": "", "2013-12-31": 0, "2013-09-30": 0, "2013-06-30": 0, "2013-03-31": "", "2012-12-31": 0, "2012-09-30": 0, "2012-06-30": 0, "2012-03-31": "", "2011-12-31": 0, "2011-09-30": 0, "2011-06-30": 587, "2011-03-31": "", "2010-12-31": 19857, "2010-09-30": 230, "2010-06-30": 201, "2010-03-31": "1472.00000", "2009-12-31": 620, "2009-09-30": 1803, "2009-06-30": 2151, "2009-03-31": "704.00000", "2008-12-31": 0, "2008-09-30": 0, "2008-06-30": 0, "2008-03-31": "", "2007-12-31": 0, "2007-09-30": 0, "2007-06-30": 0, "2007-03-31": "", "2006-12-31": 0, "2006-09-30": 0, "2006-06-30": 0, "2006-03-31": "", "2005-12-31": 0, "2005-09-30": 0, "2005-06-30": 0, "2005-03-31": ""}, "Net Change In Short-term Investments": {"2020-09-30": 2702, "2020-06-30": -9076, "2020-03-31": "700.00000", "2019-12-31": 4364, "2019-09-30": 5163, "2019-06-30": -10104, "2019-03-31": "4862.00000", "2018-12-31": 550, "2018-09-30": 30366, "2018-06-30": -23598, "2018-03-31": "-2039.00000", "2017-12-31": 783, "2017-09-30": 30366, "2017-06-30": -27212, "2017-03-31": "1953.00000", "2016-12-31": -880, "2016-09-30": 31664, "2016-06-30": -30640, "2016-03-31": "931.00000", "2015-12-31": 41306, "2015-09-30": -6614, "2015-06-30": -27288, "2015-03-31": "-186.00000", "2014-12-31": 42343, "2014-09-30": -9419, "2014-06-30": -24366, "2014-03-31": "5132.00000", "2013-12-31": 53207, "2013-09-30": -14659, "2013-06-30": -31957, "2013-03-31": "6385.00000", "2012-12-31": 42914, "2012-09-30": -6634, "2012-06-30": -30211, "2012-03-31": "3636.00000", "2011-12-31": 5047, "2011-09-30": 3655, "2011-06-30": 8932, "2011-03-31": "10968.00000", "2010-12-31": -7246, "2010-09-30": 4426, "2010-06-30": 4079, "2010-03-31": "-722.00000", "2009-12-31": -1867, "2009-09-30": 2047, "2009-06-30": 1404, "2009-03-31": "-2966.00000", "2008-12-31": -4195, "2008-09-30": 56788, "2008-06-30": -61205, "2008-03-31": "6892.00000", "2007-12-31": 87977, "2007-09-30": -40535, "2007-06-30": -69244, "2007-03-31": "-1310.00000", "2006-12-31": 9603, "2006-09-30": -9371, "2006-06-30": -632, "2006-03-31": "400.00000", "2005-12-31": -8070, "2005-09-30": 11116, "2005-06-30": -105, "2005-03-31": "-1140.00000"}, "Net Change In Long-Term Investments": {"2020-09-30": -2712, "2020-06-30": 4925, "2020-03-31": "-9789.00000", "2019-12-31": -4560, "2019-09-30": -6456, "2019-06-30": 4576, "2019-03-31": "-9010.00000", "2018-12-31": -848, "2018-09-30": -23179, "2018-06-30": 21061, "2018-03-31": "-1394.00000", "2017-12-31": -3609, "2017-09-30": -26466, "2017-06-30": 21661, "2017-03-31": "11003.00000", "2016-12-31": 47, "2016-09-30": -30277, "2016-06-30": 24145, "2016-03-31": "-1974.00000", "2015-12-31": -39757, "2015-09-30": 10463, "2015-06-30": 22734, "2015-03-31": "-146.00000", "2014-12-31": -32261, "2014-09-30": 9477, "2014-06-30": 21256, "2014-03-31": "-1640.00000", "2013-12-31": -54635, "2013-09-30": 14539, "2013-06-30": 31892, "2013-03-31": "-4165.00000", "2012-12-31": -55115, "2012-09-30": 13191, "2012-06-30": 29571, "2012-03-31": "366.00000", "2011-12-31": -6587, "2011-09-30": -8534, "2011-06-30": -12933, "2011-03-31": "-4618.00000", "2010-12-31": 7629, "2010-09-30": -8345, "2010-06-30": -6327, "2010-03-31": "-6333.00000", "2009-12-31": -13528, "2009-09-30": -5607, "2009-06-30": 4407, "2009-03-31": "4258.00000", "2008-12-31": 1820, "2008-09-30": -54090, "2008-06-30": 36765, "2008-03-31": "-4402.00000", "2007-12-31": -142636, "2007-09-30": 27598, "2007-06-30": 58887, "2007-03-31": "-6043.00000", "2006-12-31": -59005, "2006-09-30": -4346, "2006-06-30": -8141, "2006-03-31": "-12033.00000", "2005-12-31": -32009, "2005-09-30": -25009, "2005-06-30": -8177, "2005-03-31": "-12930.00000"}, "Net Change In Investments - Total": {"2020-09-30": -10, "2020-06-30": -4151, "2020-03-31": "-9089.00000", "2019-12-31": -196, "2019-09-30": -1293, "2019-06-30": -5528, "2019-03-31": "-4148.00000", "2018-12-31": -298, "2018-09-30": 7187, "2018-06-30": -2537, "2018-03-31": "-3433.00000", "2017-12-31": -2826, "2017-09-30": 3900, "2017-06-30": -5551, "2017-03-31": "12956.00000", "2016-12-31": -833, "2016-09-30": 1387, "2016-06-30": -6495, "2016-03-31": "-1043.00000", "2015-12-31": 1549, "2015-09-30": 3849, "2015-06-30": -4554, "2015-03-31": "-332.00000", "2014-12-31": 10082, "2014-09-30": 58, "2014-06-30": -3110, "2014-03-31": "3492.00000", "2013-12-31": -1428, "2013-09-30": -120, "2013-06-30": -65, "2013-03-31": "2220.00000", "2012-12-31": -12201, "2012-09-30": 6557, "2012-06-30": -640, "2012-03-31": "4002.00000", "2011-12-31": -1540, "2011-09-30": -4879, "2011-06-30": -4001, "2011-03-31": "6350.00000", "2010-12-31": 383, "2010-09-30": -3919, "2010-06-30": -2248, "2010-03-31": "-7055.00000", "2009-12-31": -15395, "2009-09-30": -3560, "2009-06-30": 5811, "2009-03-31": "1292.00000", "2008-12-31": -2375, "2008-09-30": 2698, "2008-06-30": -24440, "2008-03-31": "2490.00000", "2007-12-31": -54659, "2007-09-30": -12937, "2007-06-30": -10357, "2007-03-31": "-7353.00000", "2006-12-31": -49402, "2006-09-30": -13717, "2006-06-30": -8773, "2006-03-31": "-11633.00000", "2005-12-31": -40079, "2005-09-30": -13893, "2005-06-30": -8282, "2005-03-31": "-14070.00000"}, "Investing Activities - Other": {"2020-09-30": -2308, "2020-06-30": -238, "2020-03-31": "8456.00000", "2019-12-31": -486, "2019-09-30": 645, "2019-06-30": 3360, "2019-03-31": "2169.00000", "2018-12-31": 1657, "2018-09-30": -1582, "2018-06-30": 3035, "2018-03-31": "1455.00000", "2017-12-31": 2205, "2017-09-30": -4217, "2017-06-30": 5263, "2017-03-31": "1519.00000", "2016-12-31": 951, "2016-09-30": -798, "2016-06-30": 5846, "2016-03-31": "1428.00000", "2015-12-31": 233, "2015-09-30": -2455, "2015-06-30": 9526, "2015-03-31": "646.00000", "2014-12-31": -665, "2014-09-30": 1147, "2014-06-30": 641, "2014-03-31": "291.00000", "2013-12-31": 2009, "2013-09-30": 567, "2013-06-30": 2172, "2013-03-31": "1744.00000", "2012-12-31": 9655, "2012-09-30": 1730, "2012-06-30": 1530, "2012-03-31": "5979.00000", "2011-12-31": 1842, "2011-09-30": 3204, "2011-06-30": 1618, "2011-03-31": "33267.00000", "2010-12-31": -22625, "2010-09-30": 2229, "2010-06-30": 496, "2010-03-31": "1067.00000", "2009-12-31": 11134, "2009-09-30": 3427, "2009-06-30": -1746, "2009-03-31": "-463.00000", "2008-12-31": 54716, "2008-09-30": 12059, "2008-06-30": 407, "2008-03-31": "2644.00000", "2007-12-31": 49296, "2007-09-30": -12098, "2007-06-30": -9761, "2007-03-31": "-8522.00000", "2006-12-31": 35941, "2006-09-30": -3700, "2006-06-30": -4733, "2006-03-31": "-4488.00000", "2005-12-31": 31254, "2005-09-30": -1350, "2005-06-30": -4718, "2005-03-31": "-3760.00000"}, "Cash Flow From Investing Activities": {"2020-09-30": -2318, "2020-06-30": -2270, "2020-03-31": "-633.00000", "2019-12-31": -682, "2019-09-30": -646, "2019-06-30": -2168, "2019-03-31": "-1979.00000", "2018-12-31": 694, "2018-09-30": 553, "2018-06-30": 502, "2018-03-31": "-1972.00000", "2017-12-31": -434, "2017-09-30": -250, "2017-06-30": 226, "2017-03-31": "14499.00000", "2016-12-31": 2927, "2016-09-30": 589, "2016-06-30": -649, "2016-03-31": "385.00000", "2015-12-31": 1782, "2015-09-30": 1394, "2015-06-30": 4972, "2015-03-31": "314.00000", "2014-12-31": 9417, "2014-09-30": 1205, "2014-06-30": -121, "2014-03-31": "3783.00000", "2013-12-31": 581, "2013-09-30": 447, "2013-06-30": 2107, "2013-03-31": "3964.00000", "2012-12-31": -2546, "2012-09-30": 8287, "2012-06-30": 890, "2012-03-31": "9981.00000", "2011-12-31": 302, "2011-09-30": -1675, "2011-06-30": -1796, "2011-03-31": "39617.00000", "2010-12-31": -2385, "2010-09-30": -1460, "2010-06-30": -1551, "2010-03-31": "-4516.00000", "2009-12-31": -3371, "2009-09-30": 1615, "2009-06-30": 6102, "2009-03-31": "1432.00000", "2008-12-31": 55122, "2008-09-30": 14194, "2008-06-30": -25777, "2008-03-31": "3637.00000", "2007-12-31": -1379, "2007-09-30": -25548, "2007-06-30": -22290, "2007-03-31": "-18024.00000", "2006-12-31": -14770, "2006-09-30": -18214, "2006-06-30": -15823, "2006-03-31": "-18107.00000", "2005-12-31": -8882, "2005-09-30": -17347, "2005-06-30": -15112, "2005-03-31": "-20118.00000"}, "Net Long-Term Debt": {"2020-09-30": 731, "2020-06-30": 1744, "2020-03-31": "1731.00000", "2019-12-31": 464, "2019-09-30": 565, "2019-06-30": 2107, "2019-03-31": "2294.00000", "2018-12-31": 824, "2018-09-30": 1017, "2018-06-30": 779, "2018-03-31": "4621.00000", "2017-12-31": 326, "2017-09-30": -159, "2017-06-30": 1745, "2017-03-31": "-131.00000", "2016-12-31": -1414, "2016-09-30": 824, "2016-06-30": 2556, "2016-03-31": "3965.00000", "2015-12-31": -49, "2015-09-30": 132, "2015-06-30": -1483, "2015-03-31": "872.00000", "2014-12-31": -3295, "2014-09-30": -2381, "2014-06-30": -840, "2014-03-31": "-1238.00000", "2013-12-31": -654, "2013-09-30": -1565, "2013-06-30": -3152, "2013-03-31": "-4138.00000", "2012-12-31": -1178, "2012-09-30": -507, "2012-06-30": -1310, "2012-03-31": "-8820.00000", "2011-12-31": -27841, "2011-09-30": -2399, "2011-06-30": -2595, "2011-03-31": "-26359.00000", "2010-12-31": -2438, "2010-09-30": -3881, "2010-06-30": -1453, "2010-03-31": "4523.00000", "2009-12-31": 7565, "2009-09-30": -6548, "2009-06-30": -10240, "2009-03-31": "-5388.00000", "2008-12-31": -43228, "2008-09-30": 48666, "2008-06-30": 12764, "2008-03-31": "-6398.00000", "2007-12-31": 1256, "2007-09-30": 10802, "2007-06-30": 9190, "2007-03-31": "7122.00000", "2006-12-31": -41580, "2006-09-30": 15792, "2006-06-30": 9078, "2006-03-31": "10796.00000", "2005-12-31": 5058, "2005-09-30": 9460, "2005-06-30": -2529, "2005-03-31": "18328.00000"}, "Net Current Debt": {"2020-09-30": 0, "2020-06-30": 0, "2020-03-31": "", "2019-12-31": 0, "2019-09-30": 0, "2019-06-30": 0, "2019-03-31": "", "2018-12-31": 0, "2018-09-30": 0, "2018-06-30": 0, "2018-03-31": "", "2017-12-31": 0, "2017-09-30": 0, "2017-06-30": 0, "2017-03-31": "", "2016-12-31": 0, "2016-09-30": 0, "2016-06-30": 0, "2016-03-31": "", "2015-12-31": 0, "2015-09-30": 0, "2015-06-30": 0, "2015-03-31": "", "2014-12-31": 0, "2014-09-30": 0, "2014-06-30": 0, "2014-03-31": "", "2013-12-31": 0, "2013-09-30": 0, "2013-06-30": 0, "2013-03-31": "", "2012-12-31": 0, "2012-09-30": 0, "2012-06-30": 0, "2012-03-31": "", "2011-12-31": 0, "2011-09-30": 0, "2011-06-30": 0, "2011-03-31": "", "2010-12-31": 5855, "2010-09-30": 0, "2010-06-30": -2290, "2010-03-31": "-3565.00000", "2009-12-31": -11072, "2009-09-30": 0, "2009-06-30": 0, "2009-03-31": "", "2008-12-31": -8912, "2008-09-30": 0, "2008-06-30": 0, "2008-03-31": "", "2007-12-31": 0, "2007-09-30": 0, "2007-06-30": 0, "2007-03-31": "", "2006-12-31": 0, "2006-09-30": 0, "2006-06-30": 0, "2006-03-31": "", "2005-12-31": -7, "2005-09-30": 101, "2005-06-30": -458, "2005-03-31": "364.00000"}, "Debt Issuance/Retirement Net - Total": {"2020-09-30": 731, "2020-06-30": 1744, "2020-03-31": "1731.00000", "2019-12-31": 464, "2019-09-30": 565, "2019-06-30": 2107, "2019-03-31": "2294.00000", "2018-12-31": 824, "2018-09-30": 1017, "2018-06-30": 779, "2018-03-31": "4621.00000", "2017-12-31": 326, "2017-09-30": -159, "2017-06-30": 1745, "2017-03-31": "-131.00000", "2016-12-31": -1414, "2016-09-30": 824, "2016-06-30": 2556, "2016-03-31": "3965.00000", "2015-12-31": -49, "2015-09-30": 132, "2015-06-30": -1483, "2015-03-31": "872.00000", "2014-12-31": -3295, "2014-09-30": -2381, "2014-06-30": -840, "2014-03-31": "-1238.00000", "2013-12-31": -654, "2013-09-30": -1565, "2013-06-30": -3152, "2013-03-31": "-4138.00000", "2012-12-31": -1178, "2012-09-30": -507, "2012-06-30": -1310, "2012-03-31": "-8820.00000", "2011-12-31": -27841, "2011-09-30": -2399, "2011-06-30": -2595, "2011-03-31": "-26359.00000", "2010-12-31": 3417, "2010-09-30": -3881, "2010-06-30": -3743, "2010-03-31": "958.00000", "2009-12-31": -3507, "2009-09-30": -6548, "2009-06-30": -10240, "2009-03-31": "-5388.00000", "2008-12-31": -52140, "2008-09-30": 48666, "2008-06-30": 12764, "2008-03-31": "-6398.00000", "2007-12-31": 1256, "2007-09-30": 10802, "2007-06-30": 9190, "2007-03-31": "7122.00000", "2006-12-31": -41580, "2006-09-30": 15792, "2006-06-30": 9078, "2006-03-31": "10796.00000", "2005-12-31": 5051, "2005-09-30": 9561, "2005-06-30": -2987, "2005-03-31": "18692.00000"}, "Net Common Equity Issued/Repurchased": {"2020-09-30": 0, "2020-06-30": 0, "2020-03-31": "-500.00000", "2019-12-31": 0, "2019-09-30": 0, "2019-06-30": 0, "2019-03-31": "", "2018-12-31": -745, "2018-09-30": -348, "2018-06-30": -348, "2018-03-31": "-298.00000", "2017-12-31": 0, "2017-09-30": -275, "2017-06-30": -2415, "2017-03-31": "-3585.00000", "2016-12-31": -2954, "2016-09-30": -2258, "2016-06-30": -2762, "2016-03-31": "-3486.00000", "2015-12-31": -3218, "2015-09-30": -3730, "2015-06-30": -2345, "2015-03-31": "-1398.00000", "2014-12-31": -1499, "2014-09-30": -1554, "2014-06-30": -982, "2014-03-31": "-867.00000", "2013-12-31": -405, "2013-09-30": -192, "2013-06-30": 0, "2013-03-31": "", "2012-12-31": 0, "2012-09-30": -8000, "2012-06-30": -2000, "2012-03-31": "-3000.00000", "2011-12-31": -70, "2011-09-30": 723, "2011-06-30": 3609, "2011-03-31": "723.00000", "2010-12-31": 0, "2010-09-30": 0, "2010-06-30": 0, "2010-03-31": "", "2009-12-31": 0, "2009-09-30": 0, "2009-06-30": 0, "2009-03-31": "", "2008-12-31": -16, "2008-09-30": 5, "2008-06-30": 7340, "2008-03-31": "14.00000", "2007-12-31": -6188, "2007-09-30": 24, "2007-06-30": 128, "2007-03-31": "36.00000", "2006-12-31": 56, "2006-09-30": 28, "2006-06-30": 27, "2006-03-31": "32.00000", "2005-12-31": 32, "2005-09-30": 6, "2005-06-30": 3, "2005-03-31": "-135.00000"}, "Net Total Equity Issued/Repurchased": {"2020-09-30": 0, "2020-06-30": 0, "2020-03-31": "-500.00000", "2019-12-31": 0, "2019-09-30": 0, "2019-06-30": 0, "2019-03-31": "485.00000", "2018-12-31": -745, "2018-09-30": -348, "2018-06-30": -348, "2018-03-31": "-298.00000", "2017-12-31": 0, "2017-09-30": -275, "2017-06-30": -2415, "2017-03-31": "-3585.00000", "2016-12-31": -2954, "2016-09-30": -2258, "2016-06-30": -2762, "2016-03-31": "-3486.00000", "2015-12-31": -3218, "2015-09-30": -3730, "2015-06-30": -2345, "2015-03-31": "-1398.00000", "2014-12-31": -1499, "2014-09-30": -1554, "2014-06-30": -982, "2014-03-31": "-867.00000", "2013-12-31": -405, "2013-09-30": -192, "2013-06-30": 0, "2013-03-31": "", "2012-12-31": 0, "2012-09-30": -8000, "2012-06-30": -2000, "2012-03-31": "-3000.00000", "2011-12-31": -70, "2011-09-30": 723, "2011-06-30": 3609, "2011-03-31": "723.00000", "2010-12-31": 0, "2010-09-30": 0, "2010-06-30": 0, "2010-03-31": "", "2009-12-31": 0, "2009-09-30": 0, "2009-06-30": 0, "2009-03-31": "", "2008-12-31": 39984, "2008-09-30": 5, "2008-06-30": 7340, "2008-03-31": "14.00000", "2007-12-31": -6188, "2007-09-30": 24, "2007-06-30": 128, "2007-03-31": "36.00000", "2006-12-31": 56, "2006-09-30": 28, "2006-06-30": 27, "2006-03-31": "32.00000", "2005-12-31": -68, "2005-09-30": 6, "2005-06-30": 3, "2005-03-31": "-135.00000"}, "Total Common And Preferred Stock Dividends Paid": {"2020-09-30": 544, "2020-06-30": -283, "2020-03-31": "-283.00000", "2019-12-31": -1121, "2019-09-30": 549, "2019-06-30": -286, "2019-03-31": "-278.00000", "2018-12-31": -280, "2018-09-30": -283, "2018-06-30": -286, "2018-03-31": "-289.00000", "2017-12-31": -288, "2017-09-30": -287, "2017-06-30": -290, "2017-03-31": "-307.00000", "2016-12-31": -321, "2016-09-30": -338, "2016-06-30": -350, "2016-03-31": "-363.00000", "2015-12-31": -341, "2015-09-30": -352, "2015-06-30": -165, "2015-03-31": "-170.00000", "2014-12-31": -173, "2014-09-30": -178, "2014-06-30": -179, "2014-03-31": "-182.00000", "2013-12-31": -147, "2013-09-30": -147, "2013-06-30": 0, "2013-03-31": "", "2012-12-31": 0, "2012-09-30": 0, "2012-06-30": 0, "2012-03-31": "", "2011-12-31": 0, "2011-09-30": 0, "2011-06-30": 0, "2011-03-31": "", "2010-12-31": 0, "2010-09-30": 0, "2010-06-30": 0, "2010-03-31": "", "2009-12-31": 0, "2009-09-30": 0, "2009-06-30": 0, "2009-03-31": "", "2008-12-31": 1, "2008-09-30": -593, "2008-06-30": -538, "2008-03-31": "-498.00000", "2007-12-31": -509, "2007-09-30": -513, "2007-06-30": -429, "2007-03-31": "-430.00000", "2006-12-31": -429, "2006-09-30": -429, "2006-06-30": -390, "2006-03-31": "-390.00000", "2005-12-31": -390, "2005-09-30": -390, "2005-06-30": -316, "2005-03-31": "-325.00000"}, "Financial Activities - Other": {"2020-09-30": -133, "2020-06-30": 19, "2020-03-31": "-288.00000", "2019-12-31": 1081, "2019-09-30": -377, "2019-06-30": 633, "2019-03-31": "263.00000", "2018-12-31": -338, "2018-09-30": -476, "2018-06-30": -1208, "2018-03-31": "-1548.00000", "2017-12-31": -609, "2017-09-30": 622, "2017-06-30": -19, "2017-03-31": "-25.00000", "2016-12-31": -847, "2016-09-30": 665, "2016-06-30": -87, "2016-03-31": "337.00000", "2015-12-31": 1243, "2015-09-30": 452, "2015-06-30": -969, "2015-03-31": "92.00000", "2014-12-31": -5220, "2014-09-30": 314, "2014-06-30": 488, "2014-03-31": "-2002.00000", "2013-12-31": -1080, "2013-09-30": -513, "2013-06-30": -185, "2013-03-31": "420.00000", "2012-12-31": 2468, "2012-09-30": -626, "2012-06-30": 821, "2012-03-31": "1588.00000", "2011-12-31": 26429, "2011-09-30": -54, "2011-06-30": -243, "2011-03-31": "-8849.00000", "2010-12-31": -3906, "2010-09-30": -364, "2010-06-30": -518, "2010-03-31": "-1224.00000", "2009-12-31": -487, "2009-09-30": -14, "2009-06-30": 1443, "2009-03-31": "-4256.00000", "2008-12-31": -51918, "2008-09-30": -30651, "2008-06-30": -1865, "2008-03-31": "-4907.00000", "2007-12-31": 1570, "2007-09-30": 5704, "2007-06-30": 5842, "2007-03-31": "1488.00000", "2006-12-31": 54618, "2006-09-30": 3324, "2006-06-30": 6559, "2006-03-31": "3149.00000", "2005-12-31": 928, "2005-09-30": 1302, "2005-06-30": 4436, "2005-03-31": "2729.00000"}, "Cash Flow From Financial Activities": {"2020-09-30": 1142, "2020-06-30": 1480, "2020-03-31": "660.00000", "2019-12-31": 424, "2019-09-30": 737, "2019-06-30": 2454, "2019-03-31": "2764.00000", "2018-12-31": -539, "2018-09-30": -90, "2018-06-30": -1063, "2018-03-31": "2486.00000", "2017-12-31": -571, "2017-09-30": -99, "2017-06-30": -979, "2017-03-31": "-4048.00000", "2016-12-31": -5536, "2016-09-30": -1107, "2016-06-30": -643, "2016-03-31": "453.00000", "2015-12-31": -2365, "2015-09-30": -3498, "2015-06-30": -4962, "2015-03-31": "-604.00000", "2014-12-31": -10187, "2014-09-30": -3799, "2014-06-30": -1513, "2014-03-31": "-4289.00000", "2013-12-31": -2286, "2013-09-30": -2417, "2013-06-30": -3337, "2013-03-31": "-3718.00000", "2012-12-31": 1290, "2012-09-30": -9133, "2012-06-30": -2489, "2012-03-31": "-10232.00000", "2011-12-31": -1482, "2011-09-30": -1730, "2011-06-30": 771, "2011-03-31": "-34485.00000", "2010-12-31": -489, "2010-09-30": -4245, "2010-06-30": -4261, "2010-03-31": "-266.00000", "2009-12-31": -3994, "2009-09-30": -6562, "2009-06-30": -8797, "2009-03-31": "-9644.00000", "2008-12-31": -64073, "2008-09-30": 17427, "2008-06-30": 17701, "2008-03-31": "-11789.00000", "2007-12-31": -3871, "2007-09-30": 16017, "2007-06-30": 14731, "2007-03-31": "8216.00000", "2006-12-31": 12665, "2006-09-30": 18715, "2006-06-30": 15274, "2006-03-31": "13587.00000", "2005-12-31": 5521, "2005-09-30": 10479, "2005-06-30": 1136, "2005-03-31": "20961.00000"}, "Net Cash Flow": {"2020-09-30": -245, "2020-06-30": 533, "2020-03-31": "32.00000", "2019-12-31": -483, "2019-09-30": 585, "2019-06-30": 6, "2019-03-31": "-179.00000", "2018-12-31": 235, "2018-09-30": 743, "2018-06-30": 9, "2018-03-31": "-366.00000", "2017-12-31": 32, "2017-09-30": -105, "2017-06-30": 670, "2017-03-31": "33.00000", "2016-12-31": -1000, "2016-09-30": 714, "2016-06-30": 285, "2016-03-31": "-130.00000", "2015-12-31": 60, "2015-09-30": -368, "2015-06-30": 114, "2015-03-31": "65.00000", "2014-12-31": -175, "2014-09-30": 106, "2014-06-30": -663, "2014-03-31": "249.00000", "2013-12-31": 183, "2013-09-30": 296, "2013-06-30": 535, "2013-03-31": "76.00000", "2012-12-31": -457, "2012-09-30": 376, "2012-06-30": -83, "2012-03-31": "-159.00000", "2011-12-31": -68, "2011-09-30": -1048, "2011-06-30": 789, "2011-03-31": "243.00000", "2010-12-31": -110, "2010-09-30": -1172, "2010-06-30": 707, "2010-03-31": "-2267.00000", "2009-12-31": -557, "2009-09-30": -845, "2009-06-30": 1773, "2009-03-31": "-4613.00000", "2008-12-31": -9928, "2008-09-30": 16341, "2008-06-30": -260, "2008-03-31": "205.00000", "2007-12-31": 35, "2007-09-30": 614, "2007-06-30": -67, "2007-03-31": "112.00000", "2006-12-31": 165, "2006-09-30": -715, "2006-06-30": 892, "2006-03-31": "-649.00000", "2005-12-31": -211, "2005-09-30": 370, "2005-06-30": -623, "2005-03-31": "352.00000"}, "Stock-Based Compensation": {"2020-09-30": 0, "2020-06-30": 0, "2020-03-31": "", "2019-12-31": 0, "2019-09-30": 0, "2019-06-30": 0, "2019-03-31": "", "2018-12-31": 0, "2018-09-30": 0, "2018-06-30": 0, "2018-03-31": "", "2017-12-31": 0, "2017-09-30": 0, "2017-06-30": 0, "2017-03-31": "", "2016-12-31": 0, "2016-09-30": 0, "2016-06-30": 0, "2016-03-31": "", "2015-12-31": 0, "2015-09-30": 0, "2015-06-30": 0, "2015-03-31": "", "2014-12-31": 0, "2014-09-30": 0, "2014-06-30": 0, "2014-03-31": "", "2013-12-31": 0, "2013-09-30": 0, "2013-06-30": 0, "2013-03-31": "", "2012-12-31": 0, "2012-09-30": 0, "2012-06-30": 0, "2012-03-31": "", "2011-12-31": 0, "2011-09-30": 0, "2011-06-30": 0, "2011-03-31": "", "2010-12-31": 0, "2010-09-30": 0, "2010-06-30": 0, "2010-03-31": "", "2009-12-31": 0, "2009-09-30": 0, "2009-06-30": 0, "2009-03-31": "", "2008-12-31": 0, "2008-09-30": 0, "2008-06-30": 0, "2008-03-31": "", "2007-12-31": 0, "2007-09-30": 0, "2007-06-30": 0, "2007-03-31": "", "2006-12-31": 0, "2006-09-30": 0, "2006-06-30": 0, "2006-03-31": "", "2005-12-31": 0, "2005-09-30": 0, "2005-06-30": 0, "2005-03-31": ""}, "Common Stock Dividends Paid": {"2020-09-30": 551, "2020-06-30": -275, "2020-03-31": "-276.00000", "2019-12-31": -1114, "2019-09-30": 557, "2019-06-30": -279, "2019-03-31": "-278.00000", "2018-12-31": -280, "2018-09-30": -283, "2018-06-30": -286, "2018-03-31": "-289.00000", "2017-12-31": -288, "2017-09-30": -287, "2017-06-30": -290, "2017-03-31": "-307.00000", "2016-12-31": -321, "2016-09-30": -338, "2016-06-30": -350, "2016-03-31": "-363.00000", "2015-12-31": -341, "2015-09-30": -352, "2015-06-30": -165, "2015-03-31": "-170.00000", "2014-12-31": -173, "2014-09-30": -178, "2014-06-30": -179, "2014-03-31": "-182.00000", "2013-12-31": -147, "2013-09-30": -147, "2013-06-30": 0, "2013-03-31": "0.00000", "2012-12-31": 0, "2012-09-30": 0, "2012-06-30": 0, "2012-03-31": "", "2011-12-31": 0, "2011-09-30": 0, "2011-06-30": 0, "2011-03-31": "", "2010-12-31": 0, "2010-09-30": 0, "2010-06-30": 0, "2010-03-31": "", "2009-12-31": 0, "2009-09-30": 0, "2009-06-30": 0, "2009-03-31": "", "2008-12-31": 1, "2008-09-30": -593, "2008-06-30": -538, "2008-03-31": "-498.00000", "2007-12-31": -509, "2007-09-30": -513, "2007-06-30": -429, "2007-03-31": "-430.00000", "2006-12-31": -429, "2006-09-30": -429, "2006-06-30": -390, "2006-03-31": "-390.00000", "2005-12-31": -390, "2005-09-30": -390, "2005-06-30": -316, "2005-03-31": "-325.00000"}}, "financial ratios": {"Current Ratio": {"2019-12-31": "", "2018-12-31": "", "2017-12-31": "", "2016-12-31": "", "2015-12-31": "", "2014-12-31": "", "2013-12-31": "", "2012-12-31": "", "2011-12-31": "", "2010-12-31": "", "2009-12-31": "", "2008-12-31": "", "2007-12-31": "", "2006-12-31": "", "2005-12-31": ""}, "Long-term Debt / Capital": {"2019-12-31": "0.34390", "2018-12-31": "0.37610", "2017-12-31": "0.32500", "2016-12-31": "0.28680", "2015-12-31": "0.24480", "2014-12-31": "0.22540", "2013-12-31": "0.29200", "2012-12-31": "0.32960", "2011-12-31": "0.42360", "2010-12-31": "0.43010", "2009-12-31": "0.53600", "2008-12-31": "0.69270", "2007-12-31": "0.62970", "2006-12-31": "0.57100", "2005-12-31": "0.53480"}, "Debt/Equity Ratio": {"2019-12-31": "0.52430", "2018-12-31": "0.60270", "2017-12-31": "0.48150", "2016-12-31": "0.40220", "2015-12-31": "0.32420", "2014-12-31": "0.29100", "2013-12-31": "0.41250", "2012-12-31": "0.49150", "2011-12-31": "0.73490", "2010-12-31": "0.75480", "2009-12-31": "1.15520", "2008-12-31": "2.26410", "2007-12-31": "1.83770", "2006-12-31": "1.46230", "2005-12-31": "1.25650"}, "Gross Margin": {"2019-12-31": "", "2018-12-31": "", "2017-12-31": "", "2016-12-31": "", "2015-12-31": "", "2014-12-31": "", "2013-12-31": "", "2012-12-31": "", "2011-12-31": "", "2010-12-31": "", "2009-12-31": "", "2008-12-31": "", "2007-12-31": "", "2006-12-31": "", "2005-12-31": ""}, "Operating Margin": {"2019-12-31": "10.84310", "2018-12-31": "0.47690", "2017-12-31": "2.81300", "2016-12-31": "-1.04070", "2015-12-31": "6.94020", "2014-12-31": "16.43640", "2013-12-31": "14.61660", "2012-12-31": "13.56330", "2011-12-31": "8.23440", "2010-12-31": "5.79990", "2009-12-31": "-11.71950", "2008-12-31": "1380.43900", "2007-12-31": "16.02790", "2006-12-31": "26.48450", "2005-12-31": "13.98500"}, "EBIT Margin": {"2019-12-31": "13.69160", "2018-12-31": "3.23910", "2017-12-31": "5.17160", "2016-12-31": "1.36540", "2015-12-31": "9.13640", "2014-12-31": "19.10380", "2013-12-31": "17.72660", "2012-12-31": "16.81970", "2011-12-31": "11.98830", "2010-12-31": "15.05720", "2009-12-31": "7.31110", "2008-12-31": "1150.71600", "2007-12-31": "20.61240", "2006-12-31": "29.70980", "2005-12-31": "13.98500"}, "EBITDA Margin": {"2019-12-31": "23.75470", "2018-12-31": "14.55400", "2017-12-31": "12.99480", "2016-12-31": "9.17560", "2015-12-31": "17.07270", "2014-12-31": "26.01000", "2013-12-31": "24.56950", "2012-12-31": "27.13930", "2011-12-31": "23.38530", "2010-12-31": "29.06260", "2009-12-31": "36.80070", "2008-12-31": "799.28360", "2007-12-31": "35.32310", "2006-12-31": "43.06400", "2005-12-31": "26.02750"}, "Pre-Tax Profit Margin": {"2019-12-31": "10.62800", "2018-12-31": "0.54230", "2017-12-31": "2.96040", "2016-12-31": "-0.14130", "2015-12-31": "5.62520", "2014-12-31": "16.30440", "2013-12-31": "13.60170", "2012-12-31": "4.05960", "2011-12-31": "-1.38390", "2010-12-31": "27.80070", "2009-12-31": "-18.96300", "2008-12-31": "1506.27200", "2007-12-31": "7.84890", "2006-12-31": "19.12650", "2005-12-31": "13.98500"}, "Net Profit Margin": {"2019-12-31": "6.68600", "2018-12-31": "-0.01270", "2017-12-31": "-12.28590", "2016-12-31": "-1.62130", "2015-12-31": "3.76500", "2014-12-31": "11.68990", "2013-12-31": "13.19080", "2012-12-31": "4.82770", "2011-12-31": "30.42780", "2010-12-31": "2.80930", "2009-12-31": "-16.22860", "2008-12-31": "1457.44200", "2007-12-31": "5.98270", "2006-12-31": "12.38940", "2005-12-31": "9.63130"}, "Asset Turnover": {"2019-12-31": "0.09470", "2018-12-31": "0.09630", "2017-12-31": "0.09940", "2016-12-31": "0.10510", "2015-12-31": "0.11740", "2014-12-31": "0.12490", "2013-12-31": "0.12720", "2012-12-31": "0.12980", "2011-12-31": "0.11770", "2010-12-31": "0.10660", "2009-12-31": "0.08900", "2008-12-31": "-0.00790", "2007-12-31": "0.09890", "2006-12-31": "0.11580", "2005-12-31": "0.12750"}, "Inventory Turnover Ratio": {"2019-12-31": "", "2018-12-31": "", "2017-12-31": "", "2016-12-31": "", "2015-12-31": "", "2014-12-31": "", "2013-12-31": "", "2012-12-31": "", "2011-12-31": "", "2010-12-31": "", "2009-12-31": "", "2008-12-31": "", "2007-12-31": "", "2006-12-31": "", "2005-12-31": ""}, "Receiveable Turnover": {"2019-12-31": "", "2018-12-31": "", "2017-12-31": "", "2016-12-31": "", "2015-12-31": "", "2014-12-31": "", "2013-12-31": "", "2012-12-31": "", "2011-12-31": "", "2010-12-31": "", "2009-12-31": "", "2008-12-31": "", "2007-12-31": "", "2006-12-31": "", "2005-12-31": ""}, "Days Sales In Receivables": {"2019-12-31": "", "2018-12-31": "", "2017-12-31": "", "2016-12-31": "", "2015-12-31": "", "2014-12-31": "", "2013-12-31": "", "2012-12-31": "", "2011-12-31": "", "2010-12-31": "", "2009-12-31": "", "2008-12-31": "", "2007-12-31": "", "2006-12-31": "", "2005-12-31": ""}, "ROE - Return On Equity": {"2019-12-31": "6.15610", "2018-12-31": "0.17970", "2017-12-31": "-9.22260", "2016-12-31": "-0.33700", "2015-12-31": "2.46310", "2014-12-31": "7.06060", "2013-12-31": "8.91170", "2012-12-31": "3.74890", "2011-12-31": "18.42220", "2010-12-31": "32.12620", "2009-12-31": "-45.30610", "2008-12-31": "-448.67100", "2007-12-31": "7.16800", "2006-12-31": "13.78290", "2005-12-31": "12.13780"}, "Return On Tangible Equity": {"2019-12-31": "6.11180", "2018-12-31": "0.17970", "2017-12-31": "-9.22260", "2016-12-31": "-0.33700", "2015-12-31": "2.46310", "2014-12-31": "7.06060", "2013-12-31": "8.91170", "2012-12-31": "3.74890", "2011-12-31": "18.42220", "2010-12-31": "11.70450", "2009-12-31": "-13.95070", "2008-12-31": "-173.33480", "2007-12-31": "7.94910", "2006-12-31": "15.06090", "2005-12-31": "13.39360"}, "ROA - Return On Assets": {"2019-12-31": "0.78490", "2018-12-31": "0.02090", "2017-12-31": "-1.21610", "2016-12-31": "-0.05200", "2015-12-31": "0.44720", "2014-12-31": "1.46900", "2013-12-31": "1.66410", "2012-12-31": "0.67420", "2011-12-31": "3.41070", "2010-12-31": "1.93930", "2009-12-31": "-1.51230", "2008-12-31": "-10.84890", "2007-12-31": "0.65500", "2006-12-31": "1.43090", "2005-12-31": "1.22820"}, "ROI - Return On Investment": {"2019-12-31": "4.00970", "2018-12-31": "0.11210", "2017-12-31": "-6.22510", "2016-12-31": "-0.24030", "2015-12-31": "1.86010", "2014-12-31": "5.46900", "2013-12-31": "6.30930", "2012-12-31": "2.51340", "2011-12-31": "10.61830", "2010-12-31": "6.66990", "2009-12-31": "-6.06410", "2008-12-31": "-47.17800", "2007-12-31": "2.65410", "2006-12-31": "5.91330", "2005-12-31": "5.64590"}, "Book Value Per Share": {"2019-12-31": "77.50240", "2018-12-31": "66.13020", "2017-12-31": "73.08640", "2016-12-31": "77.21820", "2015-12-31": "75.55800", "2014-12-31": "77.96340", "2013-12-31": "69.04140", "2012-12-31": "66.83430", "2011-12-31": "53.98140", "2010-12-31": "806.18380", "2009-12-31": "726.10700", "2008-12-31": "452.13890", "2007-12-31": "757.44470", "2006-12-31": "781.77120", "2005-12-31": "627.45730"}, "Operating Cash Flow Per Share": {"2019-12-31": -1.1103, "2018-12-31": 8.4684, "2017-12-31": -11.611, "2016-12-31": 1.0537, "2015-12-31": -1.303, "2014-12-31": -0.5007, "2013-12-31": 1.7809, "2012-12-31": 2.2237, "2011-12-31": -121.5022, "2010-12-31": -15.8715, "2009-12-31": 138.2549, "2008-12-31": -253.3646, "2007-12-31": 204.7678, "2006-12-31": -130.5783, "2005-12-31": 178.2489}, "Free Cash Flow Per Share": {"2019-12-31": -1.1103, "2018-12-31": 8.4684, "2017-12-31": -11.611, "2016-12-31": 1.0537, "2015-12-31": -1.303, "2014-12-31": -0.5007, "2013-12-31": 1.7809, "2012-12-31": 2.2237, "2011-12-31": -121.5022, "2010-12-31": -15.8715, "2009-12-31": 146.0218, "2008-12-31": -254.588, "2007-12-31": 247.092, "2006-12-31": -129.4955, "2005-12-31": 128.2984}}, "financial ratios, quarterly": {"Current Ratio": {"2020-09-30": "", "2020-06-30": "", "2020-03-31": "", "2019-12-31": "", "2019-09-30": "", "2019-06-30": "", "2019-03-31": "", "2018-12-31": "", "2018-09-30": "", "2018-06-30": "", "2018-03-31": "", "2017-12-31": "", "2017-09-30": "", "2017-06-30": "", "2017-03-31": "", "2016-12-31": "", "2016-09-30": "", "2016-06-30": "", "2016-03-31": "", "2015-12-31": "", "2015-09-30": "", "2015-06-30": "", "2015-03-31": "", "2014-12-31": "", "2014-09-30": "", "2014-06-30": "", "2014-03-31": "", "2013-12-31": "", "2013-09-30": "", "2013-06-30": "", "2013-03-31": "", "2012-12-31": "", "2012-09-30": "", "2012-06-30": "", "2012-03-31": "", "2011-12-31": "", "2011-09-30": "", "2011-06-30": "", "2011-03-31": "", "2010-12-31": "", "2010-09-30": "", "2010-06-30": "", "2010-03-31": "", "2009-12-31": "", "2009-09-30": "", "2009-06-30": "", "2009-03-31": "", "2008-12-31": "", "2008-09-30": "", "2008-06-30": "", "2008-03-31": "", "2007-12-31": "", "2007-09-30": "", "2007-06-30": "", "2007-03-31": "", "2006-12-31": "", "2006-09-30": "", "2006-06-30": "", "2006-03-31": "", "2005-12-31": "", "2005-09-30": "", "2005-06-30": "", "2005-03-31": ""}, "Long-term Debt / Capital": {"2020-09-30": "0.37180", "2020-06-30": "0.38470", "2020-03-31": "0.36410", "2019-12-31": "0.34390", "2019-09-30": "0.34330", "2019-06-30": "0.35440", "2019-03-31": "0.36550", "2018-12-31": "0.37610", "2018-09-30": "0.36890", "2018-06-30": "0.35350", "2018-03-31": "0.34670", "2017-12-31": "0.32500", "2017-09-30": "0.29830", "2017-06-30": "0.29970", "2017-03-31": "0.29170", "2016-12-31": "0.28680", "2016-09-30": "0.26580", "2016-06-30": "0.26910", "2016-03-31": "0.26400", "2015-12-31": "0.24480", "2015-09-30": "0.23570", "2015-06-30": "0.22490", "2015-03-31": "0.22800", "2014-12-31": "0.22540", "2014-09-30": "0.24950", "2014-06-30": "0.26130", "2014-03-31": "0.27450", "2013-12-31": "0.29200", "2013-09-30": "0.29810", "2013-06-30": "0.30270", "2013-03-31": "0.31120", "2012-12-31": "0.32960", "2012-09-30": "0.41860", "2012-06-30": "0.41190", "2012-03-31": "0.42170", "2011-12-31": "0.42360", "2011-09-30": "0.47130", "2011-06-30": "0.45910", "2011-03-31": "0.48910", "2010-12-31": "0.43010", "2010-09-30": "0.46220", "2010-06-30": "0.51320", "2010-03-31": "0.51900", "2009-12-31": "0.53600", "2009-09-30": "0.61490", "2009-06-30": "0.66530", "2009-03-31": "0.70530", "2008-12-31": "0.69270", "2008-09-30": "0.68670", "2008-06-30": "0.67690", "2008-03-31": "0.66600", "2007-12-31": "0.62970", "2007-09-30": "0.59210", "2007-06-30": "0.57510", "2007-03-31": "0.56520", "2006-12-31": "0.57100", "2006-09-30": "0.54310", "2006-06-30": "0.54480", "2006-03-31": "0.52530", "2005-12-31": "0.53480", "2005-09-30": "0.51190", "2005-06-30": "0.49960", "2005-03-31": "0.52480"}, "Debt/Equity Ratio": {"2020-09-30": "0.59180", "2020-06-30": "0.62530", "2020-03-31": "0.57260", "2019-12-31": "0.52430", "2019-09-30": "0.52280", "2019-06-30": "0.54900", "2019-03-31": "0.57620", "2018-12-31": "0.60270", "2018-09-30": "0.58460", "2018-06-30": "0.54670", "2018-03-31": "0.53060", "2017-12-31": "0.48150", "2017-09-30": "0.42510", "2017-06-30": "0.42800", "2017-03-31": "0.41180", "2016-12-31": "0.40220", "2016-09-30": "0.36200", "2016-06-30": "0.36810", "2016-03-31": "0.35870", "2015-12-31": "0.32420", "2015-09-30": "0.30840", "2015-06-30": "0.29010", "2015-03-31": "0.29530", "2014-12-31": "0.29100", "2014-09-30": "0.33240", "2014-06-30": "0.35380", "2014-03-31": "0.37850", "2013-12-31": "0.41250", "2013-09-30": "0.42460", "2013-06-30": "0.43420", "2013-03-31": "0.45180", "2012-12-31": "0.49150", "2012-09-30": "0.72010", "2012-06-30": "0.70030", "2012-03-31": "0.72930", "2011-12-31": "0.73490", "2011-09-30": "0.89160", "2011-06-30": "0.84870", "2011-03-31": "0.95710", "2010-12-31": "0.75480", "2010-09-30": "0.85930", "2010-06-30": "1.05410", "2010-03-31": "1.07890", "2009-12-31": "1.15520", "2009-09-30": "1.59660", "2009-06-30": "1.99130", "2009-03-31": "2.39730", "2008-12-31": "2.26410", "2008-09-30": "2.27010", "2008-06-30": "2.28770", "2008-03-31": "2.16010", "2007-12-31": "1.83770", "2007-09-30": "1.60520", "2007-06-30": "1.49250", "2007-03-31": "1.42950", "2006-12-31": "1.46230", "2006-09-30": "1.32680", "2006-06-30": "1.34590", "2006-03-31": "1.25900", "2005-12-31": "1.25650", "2005-09-30": "1.15740", "2005-06-30": "1.14320", "2005-03-31": "1.24920"}, "Gross Margin": {"2020-09-30": "", "2020-06-30": "", "2020-03-31": "", "2019-12-31": "", "2019-09-30": "", "2019-06-30": "", "2019-03-31": "", "2018-12-31": "", "2018-09-30": "", "2018-06-30": "", "2018-03-31": "", "2017-12-31": "", "2017-09-30": "", "2017-06-30": "", "2017-03-31": "", "2016-12-31": "", "2016-09-30": "", "2016-06-30": "", "2016-03-31": "", "2015-12-31": "", "2015-09-30": "", "2015-06-30": "", "2015-03-31": "", "2014-12-31": "", "2014-09-30": "", "2014-06-30": "", "2014-03-31": "", "2013-12-31": "", "2013-09-30": "", "2013-06-30": "", "2013-03-31": "", "2012-12-31": "", "2012-09-30": "", "2012-06-30": "", "2012-03-31": "", "2011-12-31": "", "2011-09-30": "", "2011-06-30": "", "2011-03-31": "", "2010-12-31": "", "2010-09-30": "", "2010-06-30": "", "2010-03-31": "", "2009-12-31": "", "2009-09-30": "", "2009-06-30": "", "2009-03-31": "", "2008-12-31": "", "2008-09-30": "", "2008-06-30": "", "2008-03-31": "", "2007-12-31": "", "2007-09-30": "", "2007-06-30": "", "2007-03-31": "", "2006-12-31": "", "2006-09-30": "", "2006-06-30": "", "2006-03-31": "", "2005-12-31": "", "2005-09-30": "", "2005-06-30": "", "2005-03-31": ""}, "Operating Margin": {"2020-09-30": "3.58090", "2020-06-30": "-102.82040", "2020-03-31": "19.32420", "2019-12-31": "9.61490", "2019-09-30": "9.75690", "2019-06-30": "14.74410", "2019-03-31": "9.20040", "2018-12-31": "-5.85990", "2018-09-30": "-13.28570", "2018-06-30": "10.80730", "2018-03-31": "10.51060", "2017-12-31": "5.80130", "2017-09-30": "-23.73420", "2017-06-30": "13.78180", "2017-03-31": "13.66370", "2016-12-31": "-51.14530", "2016-09-30": "4.62890", "2016-06-30": "17.92990", "2016-03-31": "24.39940", "2015-12-31": "-42.51320", "2015-09-30": "1.82500", "2015-06-30": "18.44070", "2015-03-31": "42.56030", "2014-12-31": "-6.67100", "2014-09-30": "22.41720", "2014-06-30": "14.50170", "2014-03-31": "34.22010", "2013-12-31": "-3.46030", "2013-09-30": "15.66730", "2013-06-30": "22.20230", "2013-03-31": "24.08320", "2012-12-31": "-8.44810", "2012-09-30": "19.09460", "2012-06-30": "18.95690", "2012-03-31": "29.41080", "2011-12-31": "21.13650", "2011-09-30": "-26.68450", "2011-06-30": "14.68830", "2011-03-31": "14.01460", "2010-12-31": "-10.03940", "2010-09-30": "5.20170", "2010-06-30": "13.12110", "2010-03-31": "13.29020", "2009-12-31": "-50.54820", "2009-09-30": "8.94210", "2009-06-30": "11.49150", "2009-03-31": "-29.58320", "2008-12-31": "130.54050", "2008-09-30": "-2825.16700", "2008-06-30": "-29.49380", "2008-03-31": "-62.25500", "2007-12-31": "-6.40780", "2007-09-30": "16.35270", "2007-06-30": "20.31460", "2007-03-31": "20.14030", "2006-12-31": "45.63780", "2006-09-30": "21.54410", "2006-06-30": "19.51670", "2006-03-31": "17.57090", "2005-12-31": "1.15890", "2005-09-30": "9.64480", "2005-06-30": "24.01530", "2005-03-31": "20.76690"}, "EBIT Margin": {"2020-09-30": "7.28890", "2020-06-30": "-98.93570", "2020-03-31": "21.78220", "2019-12-31": "12.66190", "2019-09-30": "12.45160", "2019-06-30": "17.61010", "2019-03-31": "12.00230", "2018-12-31": "-2.61940", "2018-09-30": "-10.44750", "2018-06-30": "13.37800", "2018-03-31": "12.87570", "2017-12-31": "8.08070", "2017-09-30": "-21.26630", "2017-06-30": "16.11740", "2017-03-31": "16.02280", "2016-12-31": "-48.80090", "2016-09-30": "7.18840", "2016-06-30": "20.10320", "2016-03-31": "26.99720", "2015-12-31": "-40.31520", "2015-09-30": "4.32850", "2015-06-30": "20.45350", "2015-03-31": "44.68860", "2014-12-31": "-4.42570", "2014-09-30": "24.99250", "2014-06-30": "17.37110", "2014-03-31": "37.18370", "2013-12-31": "-0.53020", "2013-09-30": "18.90370", "2013-06-30": "25.10580", "2013-03-31": "27.48500", "2012-12-31": "-5.63200", "2012-09-30": "22.69470", "2012-06-30": "22.45240", "2012-03-31": "32.63990", "2011-12-31": "17.91760", "2011-09-30": "-19.05810", "2011-06-30": "20.68950", "2011-03-31": "20.09860", "2010-12-31": "-4.30170", "2010-09-30": "17.07530", "2010-06-30": "22.58930", "2010-03-31": "22.72700", "2009-12-31": "-12.25410", "2009-09-30": "19.61850", "2009-06-30": "22.16370", "2009-03-31": "-10.15400", "2008-12-31": "104.61610", "2008-09-30": "-2569.37600", "2008-06-30": "-22.80640", "2008-03-31": "-53.18940", "2007-12-31": "22.91480", "2007-09-30": "20.48200", "2007-06-30": "20.31460", "2007-03-31": "20.14030", "2006-12-31": "57.82460", "2006-09-30": "21.54410", "2006-06-30": "19.51670", "2006-03-31": "17.57090", "2005-12-31": "1.15890", "2005-09-30": "9.64480", "2005-06-30": "24.01530", "2005-03-31": "20.76690"}, "EBITDA Margin": {"2020-09-30": "", "2020-06-30": "", "2020-03-31": "", "2019-12-31": "", "2019-09-30": "", "2019-06-30": "", "2019-03-31": "", "2018-12-31": "", "2018-09-30": "", "2018-06-30": "", "2018-03-31": "", "2017-12-31": "", "2017-09-30": "", "2017-06-30": "", "2017-03-31": "", "2016-12-31": "", "2016-09-30": "", "2016-06-30": "", "2016-03-31": "", "2015-12-31": "", "2015-09-30": "", "2015-06-30": "", "2015-03-31": "", "2014-12-31": "", "2014-09-30": "", "2014-06-30": "", "2014-03-31": "", "2013-12-31": "", "2013-09-30": "", "2013-06-30": "", "2013-03-31": "", "2012-12-31": "", "2012-09-30": "", "2012-06-30": "", "2012-03-31": "", "2011-12-31": "", "2011-09-30": "", "2011-06-30": "", "2011-03-31": "", "2010-12-31": "", "2010-09-30": "", "2010-06-30": "", "2010-03-31": "", "2009-12-31": "", "2009-09-30": "", "2009-06-30": "", "2009-03-31": "", "2008-12-31": "", "2008-09-30": "", "2008-06-30": "", "2008-03-31": "", "2007-12-31": "", "2007-09-30": "", "2007-06-30": "", "2007-03-31": "", "2006-12-31": "", "2006-09-30": "", "2006-06-30": "", "2006-03-31": "", "2005-12-31": "", "2005-09-30": "", "2005-06-30": "", "2005-03-31": ""}, "Pre-Tax Profit Margin": {"2020-09-30": "3.60040", "2020-06-30": "-102.82040", "2020-03-31": "17.71100", "2019-12-31": "8.76850", "2019-09-30": "9.75690", "2019-06-30": "14.62460", "2019-03-31": "9.26460", "2018-12-31": "-5.53340", "2018-09-30": "-13.29450", "2018-06-30": "10.76430", "2018-03-31": "10.47640", "2017-12-31": "6.92520", "2017-09-30": "-23.85330", "2017-06-30": "13.33390", "2017-03-31": "13.67160", "2016-12-31": "-26.55650", "2016-09-30": "5.73360", "2016-06-30": "19.41050", "2016-03-31": "-1.81680", "2015-12-31": "-21.19880", "2015-09-30": "-0.89690", "2015-06-30": "16.25580", "2015-03-31": "23.63690", "2014-12-31": "4.73070", "2014-09-30": "18.08110", "2014-06-30": "27.76400", "2014-03-31": "14.06300", "2013-12-31": "12.25630", "2013-09-30": "7.38840", "2013-06-30": "17.17680", "2013-03-31": "16.94970", "2012-12-31": "-27.92910", "2012-09-30": "15.29720", "2012-06-30": "10.28910", "2012-03-31": "25.52440", "2011-12-31": "15.79350", "2011-09-30": "-33.57180", "2011-06-30": "10.75540", "2011-03-31": "-7.51190", "2010-12-31": "101.78130", "2010-09-30": "1.57290", "2010-06-30": "8.19590", "2010-03-31": "8.84400", "2009-12-31": "-40.01400", "2009-09-30": "-2.63720", "2009-06-30": "0.71480", "2009-03-31": "-48.93730", "2008-12-31": "131.46610", "2008-09-30": "-3138.64100", "2008-06-30": "-43.92720", "2008-03-31": "-80.27940", "2007-12-31": "-77.03530", "2007-09-30": "16.35270", "2007-06-30": "20.31460", "2007-03-31": "20.14030", "2006-12-31": "17.83530", "2006-09-30": "21.54410", "2006-06-30": "19.51670", "2006-03-31": "17.57090", "2005-12-31": "1.15890", "2005-09-30": "9.64480", "2005-06-30": "24.01530", "2005-03-31": "20.76690"}, "Net Profit Margin": {"2020-09-30": "2.74920", "2020-06-30": "-84.46150", "2020-03-31": "12.06120", "2019-12-31": "7.80360", "2019-09-30": "5.01780", "2019-06-30": "8.77320", "2019-03-31": "5.25050", "2018-12-31": "-4.95220", "2018-09-30": "-10.96120", "2018-06-30": "8.05610", "2018-03-31": "8.00890", "2017-12-31": "-52.71070", "2017-09-30": "-14.79870", "2017-06-30": "9.03860", "2017-03-31": "9.38090", "2016-12-31": "-23.37430", "2016-09-30": "3.59420", "2016-06-30": "12.99240", "2016-03-31": "-1.55360", "2015-12-31": "-13.31070", "2015-09-30": "-1.80160", "2015-06-30": "11.46570", "2015-03-31": "15.44910", "2014-12-31": "4.25050", "2014-09-30": "13.12810", "2014-06-30": "19.04440", "2014-03-31": "9.95480", "2013-12-31": "11.27580", "2013-09-30": "13.61010", "2013-06-30": "14.82150", "2013-03-31": "13.00550", "2012-12-31": "-19.05270", "2012-09-30": "11.09920", "2012-06-30": "14.37640", "2012-03-31": "18.33460", "2011-12-31": "117.58360", "2011-09-30": "-31.37040", "2011-06-30": "11.00720", "2011-03-31": "2.78110", "2010-12-31": "41.56320", "2010-09-30": "-12.93760", "2010-06-30": "-14.50260", "2010-03-31": "1.93480", "2009-12-31": "-39.13790", "2009-09-30": "0.46930", "2009-06-30": "1.30010", "2009-03-31": "-40.29290", "2008-12-31": "148.81540", "2008-09-30": "-2724.72100", "2008-06-30": "-26.87500", "2008-03-31": "-55.62680", "2007-12-31": "-44.09630", "2007-09-30": "10.33990", "2007-06-30": "13.73030", "2007-03-31": "13.47690", "2006-12-31": "11.46030", "2006-09-30": "14.44250", "2006-06-30": "11.87910", "2006-03-31": "11.71270", "2005-12-31": "1.62830", "2005-09-30": "6.60780", "2005-06-30": "16.08790", "2005-03-31": "13.96590"}, "Asset Turnover": {"2020-09-30": "0.01770", "2020-06-30": "0.01650", "2020-03-31": "0.02830", "2019-12-31": "0.02250", "2019-09-30": "0.02460", "2019-06-30": "0.02410", "2019-03-31": "0.02430", "2018-12-31": "0.02550", "2018-09-30": "0.02280", "2018-06-30": "0.02340", "2018-03-31": "0.02350", "2017-12-31": "0.02540", "2017-09-30": "0.02340", "2017-06-30": "0.02500", "2017-03-31": "0.02530", "2016-12-31": "0.02610", "2016-09-30": "0.02500", "2016-06-30": "0.02890", "2016-03-31": "0.02340", "2015-12-31": "0.02780", "2015-09-30": "0.02550", "2015-06-30": "0.03080", "2015-03-31": "0.03070", "2014-12-31": "0.02990", "2014-09-30": "0.03170", "2014-06-30": "0.03050", "2014-03-31": "0.02950", "2013-12-31": "0.03240", "2013-09-30": "0.02950", "2013-06-30": "0.03430", "2013-03-31": "0.03090", "2012-12-31": "0.03790", "2012-09-30": "0.03040", "2012-06-30": "0.02920", "2012-03-31": "0.03160", "2011-12-31": "0.03300", "2011-09-30": "0.02340", "2011-06-30": "0.02700", "2011-03-31": "0.02850", "2010-12-31": "0.02410", "2010-09-30": "0.02230", "2010-06-30": "0.02150", "2010-03-31": "0.02150", "2009-12-31": "0.02200", "2009-09-30": "0.02320", "2009-06-30": "0.02880", "2009-03-31": "0.01620", "2008-12-31": "-0.04850", "2008-09-30": "0.00090", "2008-06-30": "0.01900", "2008-03-31": "0.01330", "2007-12-31": "0.01140", "2007-09-30": "0.02780", "2007-06-30": "0.03010", "2007-03-31": "0.03070", "2006-12-31": "0.03060", "2006-09-30": "0.03110", "2006-06-30": "0.02980", "2006-03-31": "0.03100", "2005-12-31": "0.03200", "2005-09-30": "0.03130", "2005-06-30": "0.03370", "2005-03-31": "0.03280"}, "Inventory Turnover Ratio": {"2020-09-30": "", "2020-06-30": "", "2020-03-31": "", "2019-12-31": "", "2019-09-30": "", "2019-06-30": "", "2019-03-31": "", "2018-12-31": "", "2018-09-30": "", "2018-06-30": "", "2018-03-31": "", "2017-12-31": "", "2017-09-30": "", "2017-06-30": "", "2017-03-31": "", "2016-12-31": "", "2016-09-30": "", "2016-06-30": "", "2016-03-31": "", "2015-12-31": "", "2015-09-30": "", "2015-06-30": "", "2015-03-31": "", "2014-12-31": "", "2014-09-30": "", "2014-06-30": "", "2014-03-31": "", "2013-12-31": "", "2013-09-30": "", "2013-06-30": "", "2013-03-31": "", "2012-12-31": "", "2012-09-30": "", "2012-06-30": "", "2012-03-31": "", "2011-12-31": "", "2011-09-30": "", "2011-06-30": "", "2011-03-31": "", "2010-12-31": "", "2010-09-30": "", "2010-06-30": "", "2010-03-31": "", "2009-12-31": "", "2009-09-30": "", "2009-06-30": "", "2009-03-31": "", "2008-12-31": "", "2008-09-30": "", "2008-06-30": "", "2008-03-31": "", "2007-12-31": "", "2007-09-30": "", "2007-06-30": "", "2007-03-31": "", "2006-12-31": "", "2006-09-30": "", "2006-06-30": "", "2006-03-31": "", "2005-12-31": "", "2005-09-30": "", "2005-06-30": "", "2005-03-31": ""}, "Receiveable Turnover": {"2020-09-30": "", "2020-06-30": "", "2020-03-31": "", "2019-12-31": "", "2019-09-30": "", "2019-06-30": "", "2019-03-31": "", "2018-12-31": "", "2018-09-30": "", "2018-06-30": "", "2018-03-31": "", "2017-12-31": "", "2017-09-30": "", "2017-06-30": "", "2017-03-31": "", "2016-12-31": "", "2016-09-30": "", "2016-06-30": "", "2016-03-31": "", "2015-12-31": "", "2015-09-30": "", "2015-06-30": "", "2015-03-31": "", "2014-12-31": "", "2014-09-30": "", "2014-06-30": "", "2014-03-31": "", "2013-12-31": "", "2013-09-30": "", "2013-06-30": "", "2013-03-31": "", "2012-12-31": "", "2012-09-30": "", "2012-06-30": "", "2012-03-31": "", "2011-12-31": "", "2011-09-30": "", "2011-06-30": "", "2011-03-31": "", "2010-12-31": "", "2010-09-30": "", "2010-06-30": "", "2010-03-31": "", "2009-12-31": "", "2009-09-30": "", "2009-06-30": "", "2009-03-31": "", "2008-12-31": "", "2008-09-30": "", "2008-06-30": "", "2008-03-31": "", "2007-12-31": "", "2007-09-30": "", "2007-06-30": "", "2007-03-31": "", "2006-12-31": "", "2006-09-30": "", "2006-06-30": "", "2006-03-31": "", "2005-12-31": "", "2005-09-30": "", "2005-06-30": "", "2005-03-31": ""}, "Days Sales In Receivables": {"2020-09-30": "", "2020-06-30": "", "2020-03-31": "", "2019-12-31": "", "2019-09-30": "", "2019-06-30": "", "2019-03-31": "", "2018-12-31": "", "2018-09-30": "", "2018-06-30": "", "2018-03-31": "", "2017-12-31": "", "2017-09-30": "", "2017-06-30": "", "2017-03-31": "", "2016-12-31": "", "2016-09-30": "", "2016-06-30": "", "2016-03-31": "", "2015-12-31": "", "2015-09-30": "", "2015-06-30": "", "2015-03-31": "", "2014-12-31": "", "2014-09-30": "", "2014-06-30": "", "2014-03-31": "", "2013-12-31": "", "2013-09-30": "", "2013-06-30": "", "2013-03-31": "", "2012-12-31": "", "2012-09-30": "", "2012-06-30": "", "2012-03-31": "", "2011-12-31": "", "2011-09-30": "", "2011-06-30": "", "2011-03-31": "", "2010-12-31": "", "2010-09-30": "", "2010-06-30": "", "2010-03-31": "", "2009-12-31": "", "2009-09-30": "", "2009-06-30": "", "2009-03-31": "", "2008-12-31": "", "2008-09-30": "", "2008-06-30": "", "2008-03-31": "", "2007-12-31": "", "2007-09-30": "", "2007-06-30": "", "2007-03-31": "", "2006-12-31": "", "2006-09-30": "", "2006-06-30": "", "2006-03-31": "", "2005-12-31": "", "2005-09-30": "", "2005-06-30": "", "2005-03-31": ""}, "ROE - Return On Equity": {"2020-09-30": "0.45850", "2020-06-30": "-12.45730", "2020-03-31": "2.69570", "2019-12-31": "1.22490", "2019-09-30": "1.45310", "2019-06-30": "2.11980", "2019-03-31": "1.52090", "2018-12-31": "-0.97370", "2018-09-30": "-2.06160", "2018-06-30": "1.50650", "2018-03-31": "1.49940", "2017-12-31": "-10.14950", "2017-09-30": "-2.34480", "2017-06-30": "1.49350", "2017-03-31": "1.62190", "2016-12-31": "-3.21370", "2016-09-30": "0.48560", "2016-06-30": "2.13610", "2016-03-31": "-0.17510", "2015-12-31": "-2.04970", "2015-09-30": "-0.18070", "2015-06-30": "1.69630", "2015-03-31": "2.28480", "2014-12-31": "0.66190", "2014-09-30": "2.01770", "2014-06-30": "2.76840", "2014-03-31": "1.58920", "2013-12-31": "1.94100", "2013-09-30": "2.15990", "2013-06-30": "2.79150", "2013-03-31": "2.15410", "2012-12-31": "-3.71950", "2012-09-30": "1.78100", "2012-06-30": "2.04680", "2012-03-31": "3.24410", "2011-12-31": "20.96040", "2011-09-30": "-4.15310", "2011-06-30": "2.23220", "2011-03-31": "-1.26270", "2010-12-31": "26.29920", "2010-09-30": "-0.49010", "2010-06-30": "1.61350", "2010-03-31": "7.02180", "2009-12-31": "-28.56640", "2009-09-30": "-1.22600", "2009-06-30": "0.94320", "2009-03-31": "-9.80110", "2008-12-31": "-266.83490", "2008-09-30": "-34.70680", "2008-06-30": "-6.91400", "2008-03-31": "-9.69470", "2007-12-31": "-4.82770", "2007-09-30": "2.96440", "2007-06-30": "4.09950", "2007-03-31": "4.00760", "2006-12-31": "3.38230", "2006-09-30": "4.39300", "2006-06-30": "3.63700", "2006-03-31": "3.57620", "2005-12-31": "0.51440", "2005-09-30": "1.95450", "2005-06-30": "5.05070", "2005-03-31": "4.59470"}, "Return On Tangible Equity": {"2020-09-30": "0.45510", "2020-06-30": "-12.36110", "2020-03-31": "2.67450", "2019-12-31": "1.21610", "2019-09-30": "1.44270", "2019-06-30": "2.10420", "2019-03-31": "1.50900", "2018-12-31": "-0.97370", "2018-09-30": "-2.06160", "2018-06-30": "1.50650", "2018-03-31": "1.49940", "2017-12-31": "-10.14950", "2017-09-30": "-2.34480", "2017-06-30": "1.49350", "2017-03-31": "1.62190", "2016-12-31": "-3.21370", "2016-09-30": "0.48560", "2016-06-30": "2.13610", "2016-03-31": "-0.17510", "2015-12-31": "-2.04970", "2015-09-30": "-0.18070", "2015-06-30": "1.69630", "2015-03-31": "2.28480", "2014-12-31": "0.66190", "2014-09-30": "2.01770", "2014-06-30": "2.76840", "2014-03-31": "1.58920", "2013-12-31": "1.94100", "2013-09-30": "2.15990", "2013-06-30": "2.79150", "2013-03-31": "2.15410", "2012-12-31": "-3.71950", "2012-09-30": "1.78100", "2012-06-30": "2.04680", "2012-03-31": "3.24410", "2011-12-31": "20.96040", "2011-09-30": "-4.15310", "2011-06-30": "2.23220", "2011-03-31": "-1.26270", "2010-12-31": "9.58150", "2010-09-30": "-0.16780", "2010-06-30": "0.49560", "2010-03-31": "2.10580", "2009-12-31": "-8.79620", "2009-09-30": "-0.15420", "2009-06-30": "1.05220", "2009-03-31": "-11.23230", "2008-12-31": "-103.08620", "2008-09-30": "-40.60120", "2008-06-30": "-8.00720", "2008-03-31": "-11.11460", "2007-12-31": "-5.35380", "2007-09-30": "3.24200", "2007-06-30": "4.46730", "2007-03-31": "4.37650", "2006-12-31": "3.69590", "2006-09-30": "4.82310", "2006-06-30": "4.02350", "2006-03-31": "3.94230", "2005-12-31": "0.56760", "2005-09-30": "2.15620", "2005-06-30": "5.57940", "2005-03-31": "5.12640"}, "ROA - Return On Assets": {"2020-09-30": "0.05090", "2020-06-30": "-1.36370", "2020-03-31": "0.32400", "2019-12-31": "0.15620", "2019-09-30": "0.18530", "2019-06-30": "0.26630", "2019-03-31": "0.18270", "2018-12-31": "-0.11340", "2018-09-30": "-0.24170", "2018-06-30": "0.18740", "2018-03-31": "0.19030", "2017-12-31": "-1.33830", "2017-09-30": "-0.34030", "2017-06-30": "0.22210", "2017-03-31": "0.24210", "2016-12-31": "-0.49570", "2016-09-30": "0.08410", "2016-06-30": "0.37900", "2016-03-31": "-0.03100", "2015-12-31": "-0.37220", "2015-09-30": "-0.03590", "2015-06-30": "0.34800", "2015-03-31": "0.47550", "2014-12-31": "0.13770", "2014-09-30": "0.41710", "2014-06-30": "0.56810", "2014-03-31": "0.30320", "2013-12-31": "0.36240", "2013-09-30": "0.39720", "2013-06-30": "0.50980", "2013-03-31": "0.39320", "2012-12-31": "-0.66890", "2012-09-30": "0.33120", "2012-06-30": "0.38890", "2012-03-31": "0.61060", "2011-12-31": "3.88060", "2011-09-30": "-0.66240", "2011-06-30": "0.33880", "2011-03-31": "-0.17730", "2010-12-31": "1.58760", "2010-09-30": "-0.02060", "2010-06-30": "0.05830", "2010-03-31": "0.24180", "2009-12-31": "-0.95350", "2009-09-30": "-0.01290", "2009-06-30": "0.07060", "2009-03-31": "-0.63590", "2008-12-31": "-6.45210", "2008-09-30": "-2.41680", "2008-06-30": "-0.51430", "2008-03-31": "-0.73510", "2007-12-31": "-0.44120", "2007-09-30": "0.28780", "2007-06-30": "0.41370", "2007-03-31": "0.41310", "2006-12-31": "0.35110", "2006-09-30": "0.44860", "2006-06-30": "0.35420", "2006-03-31": "0.35930", "2005-12-31": "0.05200", "2005-09-30": "0.20690", "2005-06-30": "0.54170", "2005-03-31": "0.45870"}, "ROI - Return On Investment": {"2020-09-30": "0.28590", "2020-06-30": "-7.60540", "2020-03-31": "1.70070", "2019-12-31": "0.79780", "2019-09-30": "0.94740", "2019-06-30": "1.35850", "2019-03-31": "0.95740", "2018-12-31": "-0.60750", "2018-09-30": "-1.30100", "2018-06-30": "0.97400", "2018-03-31": "0.97960", "2017-12-31": "-6.85070", "2017-09-30": "-1.64530", "2017-06-30": "1.04580", "2017-03-31": "1.14880", "2016-12-31": "-2.29190", "2016-09-30": "0.35650", "2016-06-30": "1.56140", "2016-03-31": "-0.12890", "2015-12-31": "-1.54780", "2015-09-30": "-0.13810", "2015-06-30": "1.31480", "2015-03-31": "1.76400", "2014-12-31": "0.51270", "2014-09-30": "1.51440", "2014-06-30": "2.04500", "2014-03-31": "1.15290", "2013-12-31": "1.37420", "2013-09-30": "1.51610", "2013-06-30": "1.94650", "2013-03-31": "1.48370", "2012-12-31": "-2.49370", "2012-09-30": "1.03540", "2012-06-30": "1.20380", "2012-03-31": "1.87600", "2011-12-31": "12.08130", "2011-09-30": "-2.19560", "2011-06-30": "1.20750", "2011-03-31": "-0.64520", "2010-12-31": "5.46010", "2010-09-30": "-0.08910", "2010-06-30": "0.23510", "2010-03-31": "0.98740", "2009-12-31": "-3.82360", "2009-09-30": "-0.05480", "2009-06-30": "0.31560", "2009-03-31": "-2.88700", "2008-12-31": "-28.05790", "2008-09-30": "-10.87500", "2008-06-30": "-2.23410", "2008-03-31": "-3.23830", "2007-12-31": "-1.78750", "2007-09-30": "1.20910", "2007-06-30": "1.74200", "2007-03-31": "1.74270", "2006-12-31": "1.45110", "2006-09-30": "2.00730", "2006-06-30": "1.65550", "2006-03-31": "1.69760", "2005-12-31": "0.23930", "2005-09-30": "0.95400", "2005-06-30": "2.52720", "2005-03-31": "2.18320"}, "Book Value Per Share": {"2020-09-30": "74.99810", "2020-06-30": "72.92260", "2020-03-31": "71.80270", "2019-12-31": "77.50240", "2019-09-30": "77.52750", "2019-06-30": "75.99130", "2019-03-31": "71.39290", "2018-12-31": "66.13020", "2018-09-30": "66.89330", "2018-06-30": "69.34730", "2018-03-31": "70.57850", "2017-12-31": "73.08640", "2017-09-30": "81.22550", "2017-06-30": "82.27210", "2017-03-31": "79.22400", "2016-12-31": "77.21820", "2016-09-30": "85.49810", "2016-06-30": "83.62240", "2016-03-31": "78.78130", "2015-12-31": "75.55800", "2015-09-30": "79.90010", "2015-06-30": "80.03530", "2015-03-31": "80.44600", "2014-12-31": "77.96340", "2014-09-30": "77.63580", "2014-06-30": "76.00650", "2014-03-31": "72.16200", "2013-12-31": "69.04140", "2013-09-30": "67.54470", "2013-06-30": "66.48500", "2013-03-31": "67.85880", "2012-12-31": "66.83430", "2012-09-30": "69.37230", "2012-06-30": "61.05340", "2012-03-31": "58.18070", "2011-12-31": "53.98140", "2011-09-30": "45.70430", "2011-06-30": "49.33140", "2011-03-31": "47.77870", "2010-12-31": "806.18380", "2010-09-30": "804.45920", "2010-06-30": "760.26530", "2010-03-31": "753.78670", "2009-12-31": "726.10700", "2009-09-30": "568.61290", "2009-06-30": "461.71850", "2009-03-31": "395.48920", "2008-12-31": "452.13890", "2008-09-30": "529.25090", "2008-06-30": "580.83620", "2008-03-31": "638.68990", "2007-12-31": "757.44470", "2007-09-30": "816.20660", "2007-06-30": "808.75400", "2007-03-31": "792.80050", "2006-12-31": "781.77120", "2006-09-30": "739.86810", "2006-06-30": "675.15380", "2006-03-31": "680.58560", "2005-12-31": "627.45730", "2005-09-30": "687.94700", "2005-06-30": "684.98110", "2005-03-31": "637.27140"}, "Operating Cash Flow Per Share": {"2020-09-30": 1.028, "2020-06-30": 1.5442, "2020-03-31": "-0.01590", "2019-12-31": -0.1625, "2019-09-30": 0.5511, "2019-06-30": -0.3197, "2019-03-31": "-1.11220", "2018-12-31": 0.1094, "2018-09-30": 0.3285, "2018-06-30": 0.6429, "2018-03-31": "-1.01380", "2017-12-31": 1.3513, "2017-09-30": -0.2236, "2017-06-30": 0.7523, "2017-03-31": "-10.28140", "2016-12-31": 1.6194, "2016-09-30": 1.0893, "2016-06-30": 1.3379, "2016-03-31": "-0.83700", "2015-12-31": 0.4093, "2015-09-30": 1.3855, "2015-06-30": 0.0812, "2015-03-31": "0.27990", "2014-12-31": 0.4375, "2014-09-30": 1.901, "2014-06-30": 0.6022, "2014-03-31": "0.51820", "2013-12-31": 1.3016, "2013-09-30": 1.5286, "2013-06-30": 1.2303, "2013-03-31": "-0.10090", "2012-12-31": 0.4502, "2012-09-30": 0.7995, "2012-06-30": 0.8789, "2012-03-31": "0.05010", "2011-12-31": 0.5873, "2011-09-30": 1.2934, "2011-06-30": 1.4844, "2011-03-31": "-3.41010", "2010-12-31": 10.2185, "2010-09-30": 39.2942, "2010-06-30": 48.4042, "2010-03-31": "23.54030", "2009-12-31": 48.931, "2009-09-30": 29.0196, "2009-06-30": 31.5044, "2009-03-31": "27.87370", "2008-12-31": -7.4958, "2008-09-30": -117.2548, "2008-06-30": 58.1677, "2008-03-31": "65.65670", "2007-12-31": 39.6226, "2007-09-30": 79.3983, "2007-06-30": 57.6449, "2007-03-31": "75.77260", "2006-12-31": 16.9242, "2006-09-30": -9.3679, "2006-06-30": 10.785, "2006-03-31": "29.32930", "2005-12-31": 24.3617, "2005-09-30": 49.5105, "2005-06-30": 107.6846, "2005-03-31": "-3.30790"}, "Free Cash Flow Per Share": {"2020-09-30": 1.028, "2020-06-30": 1.5442, "2020-03-31": "-0.01590", "2019-12-31": -0.1625, "2019-09-30": 0.5511, "2019-06-30": -0.3197, "2019-03-31": "-1.11220", "2018-12-31": 0.1094, "2018-09-30": 0.3285, "2018-06-30": 0.6429, "2018-03-31": "-1.01380", "2017-12-31": 1.3513, "2017-09-30": -0.2236, "2017-06-30": 0.7523, "2017-03-31": "-10.28140", "2016-12-31": 1.6194, "2016-09-30": 1.0893, "2016-06-30": 1.3379, "2016-03-31": "-0.83700", "2015-12-31": 0.4093, "2015-09-30": 1.3855, "2015-06-30": 0.0812, "2015-03-31": "0.27990", "2014-12-31": 0.4375, "2014-09-30": 1.901, "2014-06-30": 0.6022, "2014-03-31": "0.51820", "2013-12-31": 1.3016, "2013-09-30": 1.5286, "2013-06-30": 1.2303, "2013-03-31": "-0.10090", "2012-12-31": 0.4502, "2012-09-30": 0.7995, "2012-06-30": 0.8789, "2012-03-31": "0.05010", "2011-12-31": 0.5873, "2011-09-30": 1.2934, "2011-06-30": 1.4844, "2011-03-31": "-3.41010", "2010-12-31": 10.2185, "2010-09-30": 39.2942, "2010-06-30": 48.4042, "2010-03-31": "23.54030", "2009-12-31": 50.9243, "2009-09-30": 28.6149, "2009-06-30": 30.6626, "2009-03-31": "27.12690", "2008-12-31": 12.8799, "2008-09-30": -120.5143, "2008-06-30": 45.128, "2008-03-31": "53.81330", "2007-12-31": 70.4217, "2007-09-30": 75.1288, "2007-06-30": 40.9701, "2007-03-31": "59.37430", "2006-12-31": 6.8989, "2006-09-30": -15.4255, "2006-06-30": -6.8626, "2006-03-31": "14.19210", "2005-12-31": 23.9844, "2005-09-30": 33.4867, "2005-06-30": 91.5743, "2005-03-31": "-20.74700"}}, "revenue": {"American Annual Revenue (Millions of US $)": {"2019": "$49,746", "2018": "$47,389", "2017": "$49,520", "2016": "$52,367", "2015": "$58,327", "2014": "$64,406", "2013": "$68,874", "2012": "$71,214", "2011": "$65,105", "2010": "$72,829", "2009": "$75,447", "2008": "$-6,840", "2007": "$103,632", "2006": "$113,387", "2005": "$108,781"}, "American Quarterly Revenue (Millions of US $)": {"2020-09-30": "$10,221", "2020-06-30": "$9,396", "2020-03-31": "$14,443", "2019-12-31": "$11,815", "2019-09-30": "$12,914", "2019-06-30": "$12,561", "2019-03-31": "$12,456", "2018-12-31": "$12,560", "2018-09-30": "$11,486", "2018-06-30": "$11,631", "2018-03-31": "$11,712", "2017-12-31": "$12,635", "2017-09-30": "$11,751", "2017-06-30": "$12,502", "2017-03-31": "$12,632", "2016-12-31": "$13,010", "2016-09-30": "$12,854", "2016-06-30": "$14,724", "2016-03-31": "$11,779", "2015-12-31": "$13,831", "2015-09-30": "$12,822", "2015-06-30": "$15,699", "2015-03-31": "$15,975", "2014-12-31": "$15,410", "2014-09-30": "$16,697", "2014-06-30": "$16,136", "2014-03-31": "$16,163", "2013-12-31": "$17,542", "2013-09-30": "$15,944", "2013-06-30": "$18,426", "2013-03-31": "$16,962", "2012-12-31": "$20,774", "2012-09-30": "$16,722", "2012-06-30": "$16,221", "2012-03-31": "$17,497", "2011-12-31": "$18,267", "2011-09-30": "$12,719", "2011-06-30": "$16,680", "2011-03-31": "$17,439", "2010-12-31": "$16,505", "2010-09-30": "$19,455", "2010-06-30": "$18,314", "2010-03-31": "$18,555", "2009-12-31": "$18,606", "2009-09-30": "$19,604", "2009-06-30": "$23,922", "2009-03-31": "$13,315", "2008-12-31": "$-41,702", "2008-09-30": "$898", "2008-06-30": "$19,933", "2008-03-31": "$14,031", "2007-12-31": "$12,001", "2007-09-30": "$29,836", "2007-06-30": "$31,150", "2007-03-31": "$30,645", "2006-12-31": "$30,008", "2006-09-30": "$29,247", "2006-06-30": "$26,854", "2006-03-31": "$27,278", "2005-12-31": "$27,268", "2005-09-30": "$26,408", "2005-06-30": "$27,903", "2005-03-31": "$27,202"}}, "gross-profit": {"American Annual Gross Profit (Millions of US $)": {"2019": "$11,975", "2018": "$6,921", "2017": "$6,849", "2016": "$5,236", "2015": "$10,565", "2014": "$19,219", "2013": "$21,915", "2012": "$21,825", "2011": "$18,692", "2010": "$16,787", "2009": "$18,614", "2008": "$-78,709", "2007": "$21,361", "2006": "$33,687", "2005": "$15,213"}, "American Quarterly Gross Profit (Millions of US $)": {"2020-09-30": "$1,476", "2020-06-30": "$-130", "2020-03-31": "$5,008", "2019-12-31": "$2,670", "2019-09-30": "$2,869", "2019-06-30": "$3,652", "2019-03-31": "$2,784", "2018-12-31": "$1,279", "2018-09-30": "$-84", "2018-06-30": "$2,868", "2018-03-31": "$2,858", "2017-12-31": "$2,074", "2017-09-30": "$-1,587", "2017-06-30": "$3,130", "2017-03-31": "$3,232", "2016-12-31": "$-8,039", "2016-09-30": "$1,942", "2016-06-30": "$4,305", "2016-03-31": "$4,442", "2015-12-31": "$-4,321", "2015-09-30": "$1,830", "2015-06-30": "$4,567", "2015-03-31": "$8,489", "2014-12-31": "$659", "2014-09-30": "$5,461", "2014-06-30": "$4,688", "2014-03-31": "$8,411", "2013-12-31": "$2,464", "2013-09-30": "$5,353", "2013-06-30": "$7,119", "2013-03-31": "$6,979", "2012-12-31": "$4,336", "2012-09-30": "$5,317", "2012-06-30": "$5,114", "2012-03-31": "$7,058", "2011-12-31": "$4,695", "2011-09-30": "$1,173", "2011-06-30": "$5,351", "2011-03-31": "$5,406", "2010-12-31": "$-3,543", "2010-09-30": "$6,347", "2010-06-30": "$6,740", "2010-03-31": "$7,243", "2009-12-31": "$2,740", "2009-09-30": "$4,731", "2009-06-30": "$5,868", "2009-03-31": "$-1,614", "2008-12-31": "$-43,627", "2008-09-30": "$-23,073", "2008-06-30": "$-4,546", "2008-03-31": "$-7,463", "2007-12-31": "$-23", "2007-09-30": "$8,884", "2007-06-30": "$6,328", "2007-03-31": "$6,172", "2006-12-31": "$17,352", "2006-09-30": "$6,301", "2006-06-30": "$5,241", "2006-03-31": "$4,793", "2005-12-31": "$316", "2005-09-30": "$2,547", "2005-06-30": "$6,701", "2005-03-31": "$5,649"}}, "operating-income": {"American Annual Operating Income (Millions of US $)": {"2019": "$5,394", "2018": "$226", "2017": "$1,393", "2016": "$-545", "2015": "$4,048", "2014": "$10,586", "2013": "$10,067", "2012": "$9,659", "2011": "$5,361", "2010": "$4,224", "2009": "$-8,842", "2008": "$-94,422", "2007": "$16,610", "2006": "$30,030", "2005": "$15,213"}, "American Quarterly Operating Income (Millions of US $)": {"2020-09-30": "$366", "2020-06-30": "$-9,661", "2020-03-31": "$2,791", "2019-12-31": "$1,136", "2019-09-30": "$1,260", "2019-06-30": "$1,852", "2019-03-31": "$1,146", "2018-12-31": "$-736", "2018-09-30": "$-1,526", "2018-06-30": "$1,257", "2018-03-31": "$1,231", "2017-12-31": "$733", "2017-09-30": "$-2,789", "2017-06-30": "$1,723", "2017-03-31": "$1,726", "2016-12-31": "$-6,654", "2016-09-30": "$595", "2016-06-30": "$2,640", "2016-03-31": "$2,874", "2015-12-31": "$-5,880", "2015-09-30": "$234", "2015-06-30": "$2,895", "2015-03-31": "$6,799", "2014-12-31": "$-1,028", "2014-09-30": "$3,743", "2014-06-30": "$2,340", "2014-03-31": "$5,531", "2013-12-31": "$-607", "2013-09-30": "$2,498", "2013-06-30": "$4,091", "2013-03-31": "$4,085", "2012-12-31": "$-1,755", "2012-09-30": "$3,193", "2012-06-30": "$3,075", "2012-03-31": "$5,146", "2011-12-31": "$3,861", "2011-09-30": "$-3,394", "2011-06-30": "$2,450", "2011-03-31": "$2,444", "2010-12-31": "$-1,657", "2010-09-30": "$1,012", "2010-06-30": "$2,403", "2010-03-31": "$2,466", "2009-12-31": "$-9,405", "2009-09-30": "$1,753", "2009-06-30": "$2,749", "2009-03-31": "$-3,939", "2008-12-31": "$-54,438", "2008-09-30": "$-25,370", "2008-06-30": "$-5,879", "2008-03-31": "$-8,735", "2007-12-31": "$-769", "2007-09-30": "$4,879", "2007-06-30": "$6,328", "2007-03-31": "$6,172", "2006-12-31": "$13,695", "2006-09-30": "$6,301", "2006-06-30": "$5,241", "2006-03-31": "$4,793", "2005-12-31": "$316", "2005-09-30": "$2,547", "2005-06-30": "$6,701", "2005-03-31": "$5,649"}}, "ebitda": {"American Annual EBITDA (Millions of US $)": {"2019": "$11,817", "2018": "$6,897", "2017": "$6,435", "2016": "$4,805", "2015": "$9,958", "2014": "$16,752", "2013": "$16,922", "2012": "$19,327", "2011": "$15,225", "2010": "$21,166", "2009": "$27,765", "2008": "$-54,671", "2007": "$36,606", "2006": "$48,829", "2005": "$28,313"}, "American Quarterly EBITDA (Millions of US $)": {"2020-09-30": "$1,408", "2020-06-30": "$-8,614", "2020-03-31": "$5,024", "2019-12-31": "$2,669", "2019-09-30": "$2,784", "2019-06-30": "$3,570", "2019-03-31": "$2,794", "2018-12-31": "$1,220", "2018-09-30": "$-171", "2018-06-30": "$2,958", "2018-03-31": "$2,890", "2017-12-31": "$2,089", "2017-09-30": "$-1,695", "2017-06-30": "$3,005", "2017-03-31": "$3,036", "2016-12-31": "$-5,073", "2016-09-30": "$1,468", "2016-06-30": "$3,583", "2016-03-31": "$4,827", "2015-12-31": "$-4,449", "2015-09-30": "$1,176", "2015-06-30": "$4,866", "2015-03-31": "$8,365", "2014-12-31": "$394", "2014-09-30": "$5,202", "2014-06-30": "$4,025", "2014-03-31": "$7,131", "2013-12-31": "$1,062", "2013-09-30": "$4,072", "2013-06-30": "$5,923", "2013-03-31": "$5,865", "2012-12-31": "$2,160", "2012-09-30": "$5,256", "2012-06-30": "$4,985", "2012-03-31": "$6,926", "2011-12-31": "$5,075", "2011-09-30": "$-391", "2011-06-30": "$4,739", "2011-03-31": "$5,802", "2010-12-31": "$-1,063", "2010-09-30": "$4,781", "2010-06-30": "$8,033", "2010-03-31": "$9,415", "2009-12-31": "$-510", "2009-09-30": "$14,826", "2009-06-30": "$10,256", "2009-03-31": "$3,193", "2008-12-31": "$-34,395", "2008-09-30": "$-17,506", "2008-06-30": "$604", "2008-03-31": "$-3,374", "2007-12-31": "$5,896", "2007-09-30": "$10,691", "2007-06-30": "$10,155", "2007-03-31": "$9,864", "2006-12-31": "$18,209", "2006-09-30": "$10,146", "2006-06-30": "$8,445", "2006-03-31": "$8,372", "2005-12-31": "$11,748", "2005-09-30": "$3,192", "2005-06-30": "$7,085", "2005-03-31": "$6,288"}}, "net-income": {"American Annual Net Income (Millions of US $)": {"2019": "$3,326", "2018": "$-6", "2017": "$-6,084", "2016": "$-849", "2015": "$2,196", "2014": "$7,529", "2013": "$9,085", "2012": "$3,438", "2011": "$19,810", "2010": "$2,046", "2009": "$-12,244", "2008": "$-99,689", "2007": "$6,200", "2006": "$14,048", "2005": "$10,477"}, "American Quarterly Net Income (Millions of US $)": {"2020-09-30": "$281", "2020-06-30": "$-7,936", "2020-03-31": "$1,742", "2019-12-31": "$922", "2019-09-30": "$648", "2019-06-30": "$1,102", "2019-03-31": "$654", "2018-12-31": "$-622", "2018-09-30": "$-1,259", "2018-06-30": "$937", "2018-03-31": "$938", "2017-12-31": "$-6,660", "2017-09-30": "$-1,739", "2017-06-30": "$1,130", "2017-03-31": "$1,185", "2016-12-31": "$-3,041", "2016-09-30": "$462", "2016-06-30": "$1,913", "2016-03-31": "$-183", "2015-12-31": "$-1,841", "2015-09-30": "$-231", "2015-06-30": "$1,800", "2015-03-31": "$2,468", "2014-12-31": "$655", "2014-09-30": "$2,192", "2014-06-30": "$3,073", "2014-03-31": "$1,609", "2013-12-31": "$1,978", "2013-09-30": "$2,170", "2013-06-30": "$2,731", "2013-03-31": "$2,206", "2012-12-31": "$-3,958", "2012-09-30": "$1,856", "2012-06-30": "$2,332", "2012-03-31": "$3,208", "2011-12-31": "$21,479", "2011-09-30": "$-3,990", "2011-06-30": "$1,836", "2011-03-31": "$485", "2010-12-31": "$6,860", "2010-09-30": "$-2,517", "2010-06-30": "$-2,656", "2010-03-31": "$359", "2009-12-31": "$-7,282", "2009-09-30": "$92", "2009-06-30": "$311", "2009-03-31": "$-5,365", "2008-12-31": "$-62,059", "2008-09-30": "$-24,468", "2008-06-30": "$-5,357", "2008-03-31": "$-7,805", "2007-12-31": "$-5,292", "2007-09-30": "$3,085", "2007-06-30": "$4,277", "2007-03-31": "$4,130", "2006-12-31": "$3,439", "2006-09-30": "$4,224", "2006-06-30": "$3,190", "2006-03-31": "$3,195", "2005-12-31": "$444", "2005-09-30": "$1,745", "2005-06-30": "$4,489", "2005-03-31": "$3,799"}}, "eps-earnings-per-share-diluted": {"American Annual EPS": {"2019": "$3.74", "2018": "$-0.01", "2017": "$-6.54", "2016": "$-0.78", "2015": "$1.65", "2014": "$5.20", "2013": "$6.13", "2012": "$2.04", "2011": "$11.01", "2010": "$14.98", "2009": "$-90.48", "2008": "$-756.85", "2007": "$47.98", "2006": "$107.20", "2005": "$79.80"}, "American Quarterly EPS": {"2020-09-30": "$0.32", "2020-06-30": "$-9.15", "2020-03-31": "$1.98", "2019-12-31": "$1.03", "2019-09-30": "$0.72", "2019-06-30": "$1.24", "2019-03-31": "$0.75", "2018-12-31": "$-0.63", "2018-09-30": "$-1.41", "2018-06-30": "$1.02", "2018-03-31": "$1.01", "2017-12-31": "$-7.00", "2017-09-30": "$-1.91", "2017-06-30": "$1.19", "2017-03-31": "$1.18", "2016-12-31": "$-2.72", "2016-09-30": "$0.42", "2016-06-30": "$1.68", "2016-03-31": "$-0.16", "2015-12-31": "$-1.27", "2015-09-30": "$-0.18", "2015-06-30": "$1.32", "2015-03-31": "$1.78", "2014-12-31": "$0.49", "2014-09-30": "$1.52", "2014-06-30": "$2.10", "2014-03-31": "$1.09", "2013-12-31": "$1.34", "2013-09-30": "$1.46", "2013-06-30": "$1.84", "2013-03-31": "$1.49", "2012-12-31": "$-2.13", "2012-09-30": "$1.13", "2012-06-30": "$1.33", "2012-03-31": "$1.71", "2011-12-31": "$11.80", "2011-09-30": "$-2.10", "2011-06-30": "$1.00", "2011-03-31": "$0.31", "2010-12-31": "$50.42", "2010-09-30": "$-18.53", "2010-06-30": "$-19.57", "2010-03-31": "$2.66", "2009-12-31": "$-53.79", "2009-09-30": "$0.68", "2009-06-30": "$2.30", "2009-03-31": "$-39.67", "2008-12-31": "$-472.90", "2008-09-30": "$-181.02", "2008-06-30": "$-41.13", "2008-03-31": "$-61.80", "2007-12-31": "$-40.22", "2007-09-30": "$23.80", "2007-06-30": "$32.80", "2007-03-31": "$31.60", "2006-12-31": "$26.40", "2006-09-30": "$32.20", "2006-06-30": "$24.20", "2006-03-31": "$24.40", "2005-12-31": "$3.40", "2005-09-30": "$13.20", "2005-06-30": "$34.20", "2005-03-31": "$29.00"}}, "shares-outstanding": {"American Annual Shares Outstanding (Millions of Shares)": {"2019": "890", "2018": "910", "2017": "931", "2016": "1,091", "2015": "1,334", "2014": "1,448", "2013": "1,481", "2012": "1,687", "2011": "1,799", "2010": "137", "2009": "135", "2008": "132", "2007": "130", "2006": "131", "2005": "131"}, "American Quarterly Shares Outstanding (Millions of Shares)": {"2020-09-30": "873", "2020-06-30": "867", "2020-03-31": "879", "2019-12-31": "890", "2019-09-30": "896", "2019-06-30": "888", "2019-03-31": "878", "2018-12-31": "910", "2018-09-30": "895", "2018-06-30": "917", "2018-03-31": "925", "2017-12-31": "931", "2017-09-30": "909", "2017-06-30": "948", "2017-03-31": "1,005", "2016-12-31": "1,091", "2016-09-30": "1,102", "2016-06-30": "1,140", "2016-03-31": "1,157", "2015-12-31": "1,334", "2015-09-30": "1,279", "2015-06-30": "1,365", "2015-03-31": "1,386", "2014-12-31": "1,448", "2014-09-30": "1,442", "2014-06-30": "1,465", "2014-03-31": "1,473", "2013-12-31": "1,481", "2013-09-30": "1,485", "2013-06-30": "1,482", "2013-03-31": "1,477", "2012-12-31": "1,687", "2012-09-30": "1,643", "2012-06-30": "1,757", "2012-03-31": "1,876", "2011-12-31": "1,799", "2011-09-30": "1,900", "2011-06-30": "1,837", "2011-03-31": "1,558", "2010-12-31": "137", "2010-09-30": "136", "2010-06-30": "136", "2010-03-31": "136", "2009-12-31": "135", "2009-09-30": "135", "2009-06-30": "135", "2009-03-31": "135", "2008-12-31": "132", "2008-09-30": "135", "2008-06-30": "130", "2008-03-31": "126", "2007-12-31": "130", "2007-09-30": "129", "2007-06-30": "131", "2007-03-31": "131", "2006-12-31": "131", "2006-09-30": "131", "2006-06-30": "131", "2006-03-31": "131", "2005-12-31": "131", "2005-09-30": "131", "2005-06-30": "131", "2005-03-31": "131"}}, "total-assets": {"American Annual Total Assets (Millions of US $)": {"2019": "$525,064", "2018": "$491,984", "2017": "$498,301", "2016": "$498,264", "2015": "$496,842", "2014": "$515,581", "2013": "$541,329", "2012": "$548,633", "2011": "$553,054", "2010": "$683,443", "2009": "$847,585", "2008": "$860,418", "2007": "$1,048,361", "2006": "$979,410", "2005": "$853,051"}, "American Quarterly Total Assets (Millions of US $)": {"2020-09-30": "$577,230", "2020-06-30": "$569,388", "2020-03-31": "$510,477", "2019-12-31": "$525,064", "2019-09-30": "$525,122", "2019-06-30": "$522,269", "2019-03-31": "$512,922", "2018-12-31": "$491,984", "2018-09-30": "$504,860", "2018-06-30": "$496,829", "2018-03-31": "$499,143", "2017-12-31": "$498,301", "2017-09-30": "$503,073", "2017-06-30": "$499,762", "2017-03-31": "$500,162", "2016-12-31": "$498,264", "2016-09-30": "$514,568", "2016-06-30": "$510,349", "2016-03-31": "$502,777", "2015-12-31": "$496,842", "2015-09-30": "$501,985", "2015-06-30": "$509,987", "2015-03-31": "$520,701", "2014-12-31": "$515,581", "2014-09-30": "$527,190", "2014-06-30": "$529,109", "2014-03-31": "$547,111", "2013-12-31": "$541,329", "2013-09-30": "$540,744", "2013-06-30": "$537,438", "2013-03-31": "$548,880", "2012-12-31": "$548,633", "2012-09-30": "$550,723", "2012-06-30": "$555,383", "2012-03-31": "$554,403", "2011-12-31": "$553,054", "2011-09-30": "$544,257", "2011-06-30": "$616,798", "2011-03-31": "$611,247", "2010-12-31": "$683,443", "2010-09-30": "$871,965", "2010-06-30": "$850,531", "2010-03-31": "$863,697", "2009-12-31": "$847,585", "2009-09-30": "$844,344", "2009-06-30": "$830,412", "2009-03-31": "$819,758", "2008-12-31": "$860,418", "2008-09-30": "$1,022,237", "2008-06-30": "$1,049,876", "2008-03-31": "$1,051,086", "2007-12-31": "$1,048,361", "2007-09-30": "$1,072,105", "2007-06-30": "$1,033,866", "2007-03-31": "$999,747", "2006-12-31": "$979,410", "2006-09-30": "$941,544", "2006-06-30": "$900,670", "2006-03-31": "$879,798", "2005-12-31": "$853,051", "2005-09-30": "$843,397", "2005-06-30": "$828,642", "2005-03-31": "$828,256"}}, "cash-on-hand": {"American Annual Cash on Hand (Millions of US $)": {"2019": "$2,856", "2018": "$2,873", "2017": "$2,362", "2016": "$1,868", "2015": "$1,629", "2014": "$1,758", "2013": "$2,241", "2012": "$1,151", "2011": "$1,474", "2010": "$1,558", "2009": "$4,400", "2008": "$8,642", "2007": "$2,284", "2006": "$1,590", "2005": "$1,897"}, "American Quarterly Cash on Hand (Millions of US $)": {"2020-09-30": "$3,191", "2020-06-30": "$3,408", "2020-03-31": "$2,738", "2019-12-31": "$2,856", "2019-09-30": "$3,361", "2019-06-30": "$2,935", "2019-03-31": "$2,565", "2018-12-31": "$2,873", "2018-09-30": "$2,741", "2018-06-30": "$2,135", "2018-03-31": "$2,103", "2017-12-31": "$2,362", "2017-09-30": "$2,433", "2017-06-30": "$2,517", "2017-03-31": "$1,918", "2016-12-31": "$1,868", "2016-09-30": "$2,498", "2016-06-30": "$1,784", "2016-03-31": "$1,499", "2015-12-31": "$1,629", "2015-09-30": "$1,569", "2015-06-30": "$1,937", "2015-03-31": "$1,823", "2014-12-31": "$1,758", "2014-09-30": "$1,933", "2014-06-30": "$1,827", "2014-03-31": "$2,490", "2013-12-31": "$2,241", "2013-09-30": "$2,058", "2013-06-30": "$1,762", "2013-03-31": "$1,227", "2012-12-31": "$1,151", "2012-09-30": "$1,608", "2012-06-30": "$1,232", "2012-03-31": "$1,315", "2011-12-31": "$1,474", "2011-09-30": "$1,542", "2011-06-30": "$2,590", "2011-03-31": "$1,801", "2010-12-31": "$1,558", "2010-09-30": "$1,668", "2010-06-30": "$2,840", "2010-03-31": "$2,133", "2009-12-31": "$4,400", "2009-09-30": "$4,957", "2009-06-30": "$5,802", "2009-03-31": "$4,029", "2008-12-31": "$8,642", "2008-09-30": "$18,570", "2008-06-30": "$2,229", "2008-03-31": "$2,489", "2007-12-31": "$2,284", "2007-09-30": "$2,249", "2007-06-30": "$1,635", "2007-03-31": "$1,702", "2006-12-31": "$1,590", "2006-09-30": "$1,425", "2006-06-30": "$2,140", "2006-03-31": "$1,248", "2005-12-31": "$1,897", "2005-09-30": "$2,108", "2005-06-30": "$1,738", "2005-03-31": "$2,361"}}, "long-term-debt": {"American Annual Long Term Debt (Millions of US $)": {"2019": "$35,350", "2018": "$34,540", "2017": "$31,640", "2016": "$30,912", "2015": "$29,249", "2014": "$31,217", "2013": "$41,693", "2012": "$48,500", "2011": "$75,253", "2010": "$85,476", "2009": "$113,298", "2008": "$137,054", "2007": "$162,935", "2006": "$135,316", "2005": "$99,250"}, "American Quarterly Long Term Debt (Millions of US $)": {"2020-09-30": "$38,237", "2020-06-30": "$39,280", "2020-03-31": "$35,410", "2019-12-31": "$35,350", "2019-09-30": "$35,262", "2019-06-30": "$36,291", "2019-03-31": "$35,776", "2018-12-31": "$34,540", "2018-09-30": "$34,594", "2018-06-30": "$33,784", "2018-03-31": "$33,619", "2017-12-31": "$31,640", "2017-09-30": "$31,039", "2017-06-30": "$31,812", "2017-03-31": "$30,747", "2016-12-31": "$30,912", "2016-09-30": "$32,277", "2016-06-30": "$33,329", "2016-03-31": "$31,952", "2015-12-31": "$29,249", "2015-09-30": "$30,719", "2015-06-30": "$30,360", "2015-03-31": "$31,999", "2014-12-31": "$31,217", "2014-09-30": "$36,223", "2014-06-30": "$38,414", "2014-03-31": "$39,508", "2013-12-31": "$41,693", "2013-09-30": "$42,231", "2013-06-30": "$42,614", "2013-03-31": "$45,266", "2012-12-31": "$48,500", "2012-09-30": "$73,748", "2012-06-30": "$73,897", "2012-03-31": "$76,096", "2011-12-31": "$75,253", "2011-09-30": "$77,389", "2011-06-30": "$79,461", "2011-03-31": "$82,166", "2010-12-31": "$85,476", "2010-09-30": "$93,419", "2010-06-30": "$108,286", "2010-03-31": "$109,744", "2009-12-31": "$113,298", "2009-09-30": "$122,197", "2009-06-30": "$123,528", "2009-03-31": "$127,360", "2008-12-31": "$137,054", "2008-09-30": "$155,990", "2008-06-30": "$163,577", "2008-03-31": "$158,909", "2007-12-31": "$162,935", "2007-09-30": "$151,088", "2007-06-30": "$141,190", "2007-03-31": "$133,935", "2006-12-31": "$135,316", "2006-09-30": "$114,275", "2006-06-30": "$104,983", "2006-03-31": "$97,817", "2005-12-31": "$99,250", "2005-09-30": "$93,634", "2005-06-30": "$88,746", "2005-03-31": "$91,330"}}, "total-liabilities": {"American Annual Total Liabilities (Millions of US $)": {"2019": "$457,637", "2018": "$434,675", "2017": "$432,593", "2016": "$421,406", "2015": "$406,632", "2014": "$408,309", "2013": "$440,248", "2012": "$449,964", "2011": "$450,661", "2010": "$570,204", "2009": "$749,509", "2008": "$799,613", "2007": "$952,560", "2006": "$877,733", "2005": "$766,734"}, "American Quarterly Total Liabilities (Millions of US $)": {"2020-09-30": "$512,623", "2020-06-30": "$506,570", "2020-03-31": "$448,634", "2019-12-31": "$457,637", "2019-09-30": "$457,677", "2019-06-30": "$456,164", "2019-03-31": "$450,829", "2018-12-31": "$434,675", "2018-09-30": "$445,683", "2018-06-30": "$435,032", "2018-03-31": "$435,786", "2017-12-31": "$432,593", "2017-09-30": "$430,061", "2017-06-30": "$425,438", "2017-03-31": "$425,495", "2016-12-31": "$421,406", "2016-09-30": "$425,403", "2016-06-30": "$419,812", "2016-03-31": "$413,696", "2015-12-31": "$406,632", "2015-09-30": "$402,366", "2015-06-30": "$405,345", "2015-03-31": "$412,334", "2014-12-31": "$408,309", "2014-09-30": "$418,207", "2014-06-30": "$420,528", "2014-03-31": "$442,718", "2013-12-31": "$440,248", "2013-09-30": "$441,295", "2013-06-30": "$439,283", "2013-03-31": "$448,697", "2012-12-31": "$449,964", "2012-09-30": "$448,309", "2012-06-30": "$449,854", "2012-03-31": "$450,059", "2011-12-31": "$450,661", "2011-09-30": "$457,455", "2011-06-30": "$523,169", "2011-03-31": "$525,402", "2010-12-31": "$570,204", "2010-09-30": "$763,252", "2010-06-30": "$747,807", "2010-03-31": "$761,978", "2009-12-31": "$749,509", "2009-09-30": "$767,807", "2009-06-30": "$768,279", "2009-03-31": "$766,549", "2008-12-31": "$799,613", "2008-09-30": "$951,055", "2008-06-30": "$971,788", "2008-03-31": "$971,383", "2007-12-31": "$952,560", "2007-09-30": "$968,038", "2007-06-30": "$929,536", "2007-03-31": "$896,692", "2006-12-31": "$877,733", "2006-09-30": "$845,390", "2006-06-30": "$812,961", "2006-03-31": "$791,408", "2005-12-31": "$766,734", "2005-09-30": "$754,115", "2005-06-30": "$739,763", "2005-03-31": "$745,573"}}, "total-share-holder-equity": {"American Annual Share Holder Equity (Millions of US $)": {"2019": "$67,427", "2018": "$57,309", "2017": "$65,708", "2016": "$76,858", "2015": "$90,210", "2014": "$107,272", "2013": "$101,081", "2012": "$98,669", "2011": "$102,393", "2010": "$113,239", "2009": "$98,076", "2008": "$60,805", "2007": "$95,801", "2006": "$101,677", "2005": "$86,317"}, "American Quarterly Share Holder Equity (Millions of US $)": {"2020-09-30": "$64,607", "2020-06-30": "$62,818", "2020-03-31": "$61,843", "2019-12-31": "$67,427", "2019-09-30": "$67,445", "2019-06-30": "$66,105", "2019-03-31": "$62,093", "2018-12-31": "$57,309", "2018-09-30": "$59,177", "2018-06-30": "$61,797", "2018-03-31": "$63,357", "2017-12-31": "$65,708", "2017-09-30": "$73,012", "2017-06-30": "$74,324", "2017-03-31": "$74,667", "2016-12-31": "$76,858", "2016-09-30": "$89,165", "2016-06-30": "$90,537", "2016-03-31": "$89,081", "2015-12-31": "$90,210", "2015-09-30": "$99,619", "2015-06-30": "$104,642", "2015-03-31": "$108,367", "2014-12-31": "$107,272", "2014-09-30": "$108,983", "2014-06-30": "$108,581", "2014-03-31": "$104,393", "2013-12-31": "$101,081", "2013-09-30": "$99,449", "2013-06-30": "$98,155", "2013-03-31": "$100,183", "2012-12-31": "$98,669", "2012-09-30": "$102,414", "2012-06-30": "$105,529", "2012-03-31": "$104,344", "2011-12-31": "$102,393", "2011-09-30": "$86,802", "2011-06-30": "$93,629", "2011-03-31": "$85,845", "2010-12-31": "$113,239", "2010-09-30": "$108,713", "2010-06-30": "$102,724", "2010-03-31": "$101,719", "2009-12-31": "$98,076", "2009-09-30": "$76,537", "2009-06-30": "$62,133", "2009-03-31": "$53,209", "2008-12-31": "$60,805", "2008-09-30": "$71,182", "2008-06-30": "$78,088", "2008-03-31": "$79,703", "2007-12-31": "$95,801", "2007-09-30": "$104,067", "2007-06-30": "$104,330", "2007-03-31": "$103,055", "2006-12-31": "$101,677", "2006-09-30": "$96,154", "2006-06-30": "$87,709", "2006-03-31": "$88,390", "2005-12-31": "$86,317", "2005-09-30": "$89,282", "2005-06-30": "$88,879", "2005-03-31": "$82,683"}}, "profit-margins": {"current": "-10.82%"}, "gross margin": {"2020-09-30": "19.67%", "2020-06-30": "21.45%", "2020-03-31": "27.45%", "2019-12-31": "24.07%", "2019-09-30": "20.96%", "2019-06-30": "15.55%", "2019-03-31": "14.23%", "2018-12-31": "14.60%", "2018-09-30": "16.26%", "2018-06-30": "13.02%", "2018-03-31": "13.32%", "2017-12-31": "13.83%", "2017-09-30": "-6.54%", "2017-06-30": "0.52%", "2017-03-31": "2.71%", "2016-12-31": "5.06%", "2016-09-30": "11.97%", "2016-06-30": "11.77%", "2016-03-31": "12.04%", "2015-12-31": "18.11%", "2015-09-30": "25.95%", "2015-06-30": "30.07%", "2015-03-31": "30.05%", "2014-12-31": "29.84%", "2014-09-30": "31.60%", "2014-06-30": "31.79%", "2014-03-31": "34.30%", "2013-12-31": "31.82%", "2013-09-30": "32.99%", "2013-06-30": "32.59%", "2013-03-31": "30.77%", "2012-12-31": "30.65%", "2012-09-30": "32.29%", "2012-06-30": "27.88%", "2012-03-31": "28.05%", "2011-12-31": "25.54%", "2011-09-30": "13.24%", "2011-06-30": "19.35%", "2011-03-31": "20.85%", "2010-12-31": "23.05%", "2010-09-30": "30.79%", "2010-06-30": "28.58%", "2010-03-31": "25.51%", "2009-12-31": "15.54%", "2009-09-30": "-228.83%", "2009-06-30": "1750.66%", "2009-03-31": "964.27%", "2008-12-31": "1150.72%", "2008-09-30": "-74.91%", "2008-06-30": "-4.15%", "2008-03-31": "8.88%", "2007-12-31": "20.61%", "2007-09-30": "31.85%", "2007-06-30": "29.87%", "2007-03-31": "30.03%", "2006-12-31": "29.71%", "2006-09-30": "15.05%", "2006-06-30": "11.96%", "2006-03-31": "13.19%", "2005-12-31": "13.98%"}, "operating margin": {"2020-09-30": "-11.70%", "2020-06-30": "-9.21%", "2020-03-31": "13.61%", "2019-12-31": "10.84%", "2019-09-30": "6.98%", "2019-06-30": "1.50%", "2019-03-31": "0.29%", "2018-12-31": "0.48%", "2018-09-30": "3.57%", "2018-06-30": "0.91%", "2018-03-31": "1.85%", "2017-12-31": "2.81%", "2017-09-30": "-12.01%", "2017-06-30": "-5.12%", "2017-03-31": "-3.18%", "2016-12-31": "-1.04%", "2016-09-30": "0.43%", "2016-06-30": "-0.25%", "2016-03-31": "0.23%", "2015-12-31": "6.94%", "2015-09-30": "14.86%", "2015-06-30": "19.46%", "2015-03-31": "18.46%", "2014-12-31": "16.44%", "2014-09-30": "16.54%", "2014-06-30": "14.84%", "2014-03-31": "16.91%", "2013-12-31": "14.62%", "2013-09-30": "12.37%", "2013-06-30": "13.19%", "2013-03-31": "12.16%", "2012-12-31": "13.56%", "2012-09-30": "22.23%", "2012-06-30": "13.43%", "2012-03-31": "12.37%", "2011-12-31": "8.23%", "2011-09-30": "-0.25%", "2011-06-30": "6.06%", "2011-03-31": "5.86%", "2010-12-31": "5.80%", "2010-09-30": "-4.70%", "2010-06-30": "-3.71%", "2010-03-31": "-3.02%", "2009-12-31": "-11.72%", "2009-09-30": "-355.87%", "2009-06-30": "2270.76%", "2009-03-31": "1186.16%", "2008-12-31": "1380.44%", "2008-09-30": "-86.96%", "2008-06-30": "-13.86%", "2008-03-31": "1.96%", "2007-12-31": "16.03%", "2007-09-30": "25.55%", "2007-06-30": "26.85%", "2007-03-31": "26.90%", "2006-12-31": "26.48%", "2006-09-30": "15.05%", "2006-06-30": "11.96%", "2006-03-31": "13.19%", "2005-12-31": "13.98%"}, "ebitda margin": {"2020-09-30": "1.06%", "2020-06-30": "3.84%", "2020-03-31": "27.15%", "2019-12-31": "23.75%", "2019-09-30": "20.53%", "2019-06-30": "15.11%", "2019-03-31": "14.13%", "2018-12-31": "14.55%", "2018-09-30": "16.36%", "2018-06-30": "13.08%", "2018-03-31": "12.94%", "2017-12-31": "12.99%", "2017-09-30": "-1.46%", "2017-06-30": "4.78%", "2017-03-31": "5.66%", "2016-12-31": "9.18%", "2016-09-30": "10.21%", "2016-06-30": "9.66%", "2016-03-31": "11.86%", "2015-12-31": "17.07%", "2015-09-30": "24.71%", "2015-06-30": "29.52%", "2015-03-31": "28.01%", "2014-12-31": "26.01%", "2014-09-30": "26.18%", "2014-06-30": "24.76%", "2014-03-31": "26.72%", "2013-12-31": "24.57%", "2013-09-30": "24.99%", "2013-06-30": "26.35%", "2013-03-31": "25.84%", "2012-12-31": "27.14%", "2012-09-30": "32.37%", "2012-06-30": "25.65%", "2012-03-31": "25.09%", "2011-12-31": "23.39%", "2011-09-30": "14.35%", "2011-06-30": "20.35%", "2011-03-31": "24.48%", "2010-12-31": "29.06%", "2010-09-30": "28.99%", "2010-06-30": "42.31%", "2010-03-31": "42.12%", "2009-12-31": "36.80%", "2009-09-30": "-40.43%", "2009-06-30": "1077.99%", "2009-03-31": "636.63%", "2008-12-31": "799.28%", "2008-09-30": "-30.69%", "2008-06-30": "18.23%", "2008-03-31": "26.85%", "2007-12-31": "35.32%", "2007-09-30": "40.22%", "2007-06-30": "39.96%", "2007-03-31": "39.97%", "2006-12-31": "39.84%", "2006-09-30": "34.99%", "2006-06-30": "29.46%", "2006-03-31": "27.92%", "2005-12-31": "26.03%"}, "pre tax profit margin": {"2020-09-30": "-12.42%", "2020-06-30": "-9.90%", "2020-03-31": "12.93%", "2019-12-31": "10.63%", "2019-09-30": "7.04%", "2019-06-30": "1.57%", "2019-03-31": "0.38%", "2018-12-31": "0.54%", "2018-09-30": "3.85%", "2018-06-30": "1.15%", "2018-03-31": "1.99%", "2017-12-31": "2.96%", "2017-09-30": "-5.74%", "2017-06-30": "1.33%", "2017-03-31": "3.51%", "2016-12-31": "-0.14%", "2016-09-30": "0.84%", "2016-06-30": "-0.76%", "2016-03-31": "-1.31%", "2015-12-31": "5.63%", "2015-09-30": "11.59%", "2015-06-30": "15.80%", "2015-03-31": "18.69%", "2014-12-31": "16.30%", "2014-09-30": "17.92%", "2014-06-30": "15.32%", "2014-03-31": "12.88%", "2013-12-31": "13.60%", "2013-09-30": "1.96%", "2013-06-30": "3.84%", "2013-03-31": "1.84%", "2012-12-31": "4.06%", "2012-09-30": "16.85%", "2012-06-30": "7.34%", "2012-03-31": "7.48%", "2011-12-31": "-1.38%", "2011-09-30": "20.54%", "2011-06-30": "25.10%", "2011-03-31": "24.12%", "2010-12-31": "27.80%", "2010-09-30": "-5.33%", "2010-06-30": "-6.42%", "2010-03-31": "-7.62%", "2009-12-31": "-18.96%", "2009-09-30": "-407.46%", "2009-06-30": "2505.02%", "2009-03-31": "1300.70%", "2008-12-31": "1506.27%", "2008-09-30": "-122.59%", "2008-06-30": "-32.17%", "2008-03-31": "-10.69%", "2007-12-31": "7.85%", "2007-09-30": "18.69%", "2007-06-30": "19.95%", "2007-03-31": "19.76%", "2006-12-31": "19.13%", "2006-09-30": "15.05%", "2006-06-30": "11.96%", "2006-03-31": "13.19%", "2005-12-31": "13.98%"}, "net profit margin": {"2020-09-30": "-10.88%", "2020-06-30": "-9.52%", "2020-03-31": "8.53%", "2019-12-31": "6.69%", "2019-09-30": "3.53%", "2019-06-30": "-0.25%", "2019-03-31": "-0.60%", "2018-12-31": "-0.01%", "2018-09-30": "-12.73%", "2018-06-30": "-13.67%", "2018-03-31": "-13.03%", "2017-12-31": "-12.29%", "2017-09-30": "-4.94%", "2017-06-30": "-0.52%", "2017-03-31": "0.98%", "2016-12-31": "-1.62%", "2016-09-30": "0.66%", "2016-06-30": "-0.64%", "2016-03-31": "-0.84%", "2015-12-31": "3.76%", "2015-09-30": "7.83%", "2015-06-30": "11.16%", "2015-03-31": "13.06%", "2014-12-31": "11.69%", "2014-09-30": "13.30%", "2014-06-30": "13.42%", "2014-03-31": "12.47%", "2013-12-31": "13.19%", "2013-09-30": "4.37%", "2013-06-30": "3.89%", "2013-03-31": "3.45%", "2012-12-31": "4.83%", "2012-09-30": "42.03%", "2012-06-30": "35.59%", "2012-03-31": "34.58%", "2011-12-31": "30.43%", "2011-09-30": "8.20%", "2011-06-30": "9.51%", "2011-03-31": "3.03%", "2010-12-31": "2.81%", "2010-09-30": "-16.14%", "2010-06-30": "-12.64%", "2010-03-31": "-8.08%", "2009-12-31": "-16.23%", "2009-09-30": "-442.70%", "2009-06-30": "2567.45%", "2009-03-31": "1287.04%", "2008-12-31": "1457.44%", "2008-09-30": "-91.59%", "2008-06-30": "-20.28%", "2008-03-31": "-6.59%", "2007-12-31": "5.98%", "2007-09-30": "12.27%", "2007-06-30": "13.28%", "2007-03-31": "12.83%", "2006-12-31": "12.39%", "2006-09-30": "9.99%", "2006-06-30": "7.95%", "2006-03-31": "9.07%", "2005-12-31": "9.63%"}, "pe ratio": {"current": "15.97", "2021-02-05": "0.00", "2020-09-30": "0.00", "2020-06-30": "0.00", "2020-03-31": "4.74", "2019-12-31": "13.19", "2019-09-30": "26.46", "2019-06-30": "0.00", "2019-03-31": "0.00", "2018-12-31": "0.00", "2018-09-30": "0.00", "2018-06-30": "0.00", "2018-03-31": "0.00", "2017-12-31": "0.00", "2017-09-30": "0.00", "2017-06-30": "0.00", "2017-03-31": "180.95", "2016-12-31": "0.00", "2016-09-30": "119.97", "2016-06-30": "0.00", "2016-03-31": "0.00", "2015-12-31": "38.15", "2015-09-30": "14.63", "2015-06-30": "10.54", "2015-03-31": "8.08", "2014-12-31": "9.34", "2014-09-30": "7.68", "2014-06-30": "7.82", "2014-03-31": "7.48", "2013-12-31": "7.12", "2013-09-30": "19.65", "2013-06-30": "21.37", "2013-03-31": "26.01", "2012-12-31": "20.16", "2012-09-30": "1.91", "2012-06-30": "2.41", "2012-03-31": "2.39", "2011-12-31": "2.21", "2011-09-30": "1.24", "2011-06-30": "0.00", "2011-03-31": "0.00", "2010-12-31": "0.00", "2010-09-30": "0.00", "2010-06-30": "0.00", "2010-03-31": "0.00", "2009-12-31": "0.00", "2009-09-30": "0.00", "2009-06-30": "0.00", "2009-03-31": "0.00", "2008-12-31": "0.00", "2008-09-30": "0.00", "2008-06-30": "0.00", "2008-03-31": "0.00", "2007-12-31": "17.49", "2007-09-30": "8.25", "2007-06-30": "7.93", "2007-03-31": "8.16", "2006-12-31": "9.26"}, "price sales": {"2021-02-05": "0.80", "2020-09-30": "0.52", "2020-06-30": "0.56", "2020-03-31": "0.40", "2019-12-31": "0.88", "2019-09-30": "0.94", "2019-06-30": "0.92", "2019-03-31": "0.76", "2018-12-31": "0.71", "2018-09-30": "0.96", "2018-06-30": "0.94", "2018-03-31": "0.95", "2017-12-31": "1.04", "2017-09-30": "1.10", "2017-06-30": "1.14", "2017-03-31": "1.14", "2016-12-31": "1.25", "2016-09-30": "1.17", "2016-06-30": "1.08", "2016-03-31": "1.13", "2015-12-31": "1.25", "2015-09-30": "1.13", "2015-06-30": "1.18", "2015-03-31": "1.06", "2014-12-31": "1.09", "2014-09-30": "1.02", "2014-06-30": "1.05", "2014-03-31": "0.93", "2013-12-31": "0.94", "2013-09-30": "0.88", "2013-06-30": "0.82", "2013-03-31": "0.76", "2012-12-31": "0.73", "2012-09-30": "0.72", "2012-06-30": "0.77", "2012-03-31": "0.74", "2011-12-31": "0.53", "2011-09-30": "0.13", "2011-06-30": "0.09", "2011-03-31": "0.07", "2010-12-31": "0.08", "2010-09-30": "0.05", "2010-06-30": "0.04", "2010-03-31": "0.04", "2009-12-31": "0.04", "2009-09-30": "0.30", "2009-06-30": "0.00", "2009-03-31": "0.00", "2008-12-31": "0.00", "2008-09-30": "0.13", "2008-06-30": "0.64", "2008-03-31": "0.90", "2007-12-31": "1.03", "2007-09-30": "1.01", "2007-06-30": "1.05", "2007-03-31": "1.05", "2006-12-31": "1.15"}, "price book": {"current": "0.56", "2021-02-05": "0.56", "2020-09-30": "0.36", "2020-06-30": "0.42", "2020-03-31": "0.33", "2019-12-31": "0.64", "2019-09-30": "0.69", "2019-06-30": "0.67", "2019-03-31": "0.57", "2018-12-31": "0.56", "2018-09-30": "0.74", "2018-06-30": "0.71", "2018-03-31": "0.71", "2017-12-31": "0.74", "2017-09-30": "0.69", "2017-06-30": "0.69", "2017-03-31": "0.71", "2016-12-31": "0.76", "2016-09-30": "0.62", "2016-06-30": "0.56", "2016-03-31": "0.60", "2015-12-31": "0.72", "2015-09-30": "0.62", "2015-06-30": "0.67", "2015-03-31": "0.59", "2014-12-31": "0.62", "2014-09-30": "0.60", "2014-06-30": "0.62", "2014-03-31": "0.59", "2013-12-31": "0.63", "2013-09-30": "0.61", "2013-06-30": "0.57", "2013-03-31": "0.49", "2012-12-31": "0.45", "2012-09-30": "0.40", "2012-06-30": "0.45", "2012-03-31": "0.45", "2011-12-31": "0.37", "2011-09-30": "0.41", "2011-06-30": "0.51", "2011-03-31": "0.63", "2010-12-31": "0.05", "2010-09-30": "0.03", "2010-06-30": "0.03", "2010-03-31": "0.03", "2009-12-31": "0.03", "2009-09-30": "0.06", "2009-06-30": "0.04", "2009-03-31": "0.04", "2008-12-31": "0.05", "2008-09-30": "0.09", "2008-06-30": "0.64", "2008-03-31": "0.95", "2007-12-31": "1.08", "2007-09-30": "1.16", "2007-06-30": "1.20", "2007-03-31": "1.18", "2006-12-31": "1.27", "2006-09-30": "1.24", "2006-06-30": "1.21", "2006-03-31": "1.33"}, "price fcf": {"2021-02-05": "", "2020-09-30": "$2.39", "2020-06-30": "$1.92", "2020-03-31": "$0.05", "2019-12-31": "$-1.04", "2019-09-30": "$-0.77", "2019-06-30": "$-0.99", "2019-03-31": "$-0.03", "2018-12-31": "$0.07", "2018-09-30": "$1.31", "2018-06-30": "$0.76", "2018-03-31": "$0.87", "2017-12-31": "$-8.40", "2017-09-30": "$-8.13", "2017-06-30": "$-6.82", "2017-03-31": "$-6.23", "2016-12-31": "$3.21", "2016-09-30": "$2.00", "2016-06-30": "$2.30", "2016-03-31": "$1.04", "2015-12-31": "$2.16", "2015-09-30": "$2.18", "2015-06-30": "$2.70", "2015-03-31": "$3.22", "2014-12-31": "$3.46", "2014-09-30": "$4.32", "2014-06-30": "$3.95", "2014-03-31": "$4.58", "2013-12-31": "$3.96", "2013-09-30": "$3.11", "2013-06-30": "$2.38", "2013-03-31": "$2.03", "2012-12-31": "$2.18", "2012-09-30": "$2.32", "2012-06-30": "$2.81", "2012-03-31": "$3.42", "2011-12-31": "$-0.04", "2011-09-30": "$9.59", "2011-06-30": "$47.59", "2011-03-31": "$94.51", "2010-12-31": "$121.46", "2010-09-30": "$162.16", "2010-06-30": "$151.48", "2010-03-31": "$133.74", "2009-12-31": "$137.33", "2009-09-30": "$99.28", "2009-06-30": "$-49.84", "2009-03-31": "$-35.38", "2008-12-31": "$-8.69", "2008-09-30": "$48.85", "2008-06-30": "$244.49", "2008-03-31": "$240.33", "2007-12-31": "$245.89", "2007-09-30": "$182.37", "2007-06-30": "$91.82", "2007-03-31": "$43.99", "2006-12-31": "$-1.20"}, "net worth": {"value": "$35.91B"}, "current ratio": {"2020-09-30": "0.25", "2020-06-30": "0.26", "2020-03-31": "0.18", "2019-12-31": "0.17", "2019-09-30": "0.18", "2019-06-30": "0.19", "2019-03-31": "0.19", "2018-12-31": "0.18", "2018-09-30": "0.18", "2018-06-30": "0.17", "2018-03-31": "0.17", "2017-12-31": "0.16", "2017-09-30": "0.17", "2017-06-30": "0.17", "2017-03-31": "0.17", "2016-12-31": "0.12", "2016-09-30": "0.13", "2016-06-30": "0.13", "2016-03-31": "0.13", "2015-12-31": "0.12", "2015-09-30": "0.13", "2015-06-30": "0.14", "2015-03-31": "0.14", "2014-12-31": "0.13", "2014-09-30": "0.14", "2014-06-30": "0.15", "2014-03-31": "0.15", "2013-12-31": "0.14", "2013-09-30": "0.15", "2013-06-30": "0.16", "2013-03-31": "0.16", "2012-12-31": "0.15", "2012-09-30": "0.15", "2012-06-30": "0.15", "2012-03-31": "0.16", "2011-12-31": "0.15", "2011-09-30": "0.17", "2011-06-30": "0.18", "2011-03-31": "0.18", "2010-12-31": "0.16", "2010-09-30": "0.13", "2010-06-30": "0.12", "2010-03-31": "0.15", "2009-12-31": "0.09", "2009-09-30": "0.09", "2009-06-30": "0.10", "2009-03-31": "0.09", "2008-12-31": "0.11", "2008-09-30": "0.11", "2008-06-30": "0.10", "2008-03-31": "0.09", "2007-12-31": "0.08", "2007-09-30": "0.08", "2007-06-30": "0.09", "2007-03-31": "0.09", "2006-12-31": "0.09", "2006-09-30": "0.09", "2006-06-30": "0.09", "2006-03-31": "0.09", "2005-12-31": "0.09", "2005-09-30": "0.09", "2005-06-30": "0.08", "2005-03-31": "0.08"}, "quick ratio": {"2020-09-30": "0.00", "2020-06-30": "0.00", "2020-03-31": "0.00", "2019-12-31": "0.00", "2019-09-30": "0.00", "2019-06-30": "0.00", "2019-03-31": "0.00", "2018-12-31": "0.00", "2018-09-30": "0.00", "2018-06-30": "0.00", "2018-03-31": "0.00", "2017-12-31": "0.00", "2017-09-30": "0.00", "2017-06-30": "0.00", "2017-03-31": "0.00", "2016-12-31": "0.00", "2016-09-30": "0.00", "2016-06-30": "0.00", "2016-03-31": "0.00", "2015-12-31": "0.00", "2015-09-30": "0.00", "2015-06-30": "0.00", "2015-03-31": "0.00", "2014-12-31": "0.00", "2014-09-30": "0.00", "2014-06-30": "0.00", "2014-03-31": "0.00", "2013-12-31": "0.00", "2013-09-30": "0.00", "2013-06-30": "0.00", "2013-03-31": "0.00", "2012-12-31": "0.00", "2012-09-30": "0.00", "2012-06-30": "0.00", "2012-03-31": "0.00", "2011-12-31": "0.00", "2011-09-30": "0.00", "2011-06-30": "0.00", "2011-03-31": "0.00", "2010-12-31": "0.00", "2010-09-30": "0.00", "2010-06-30": "0.00", "2010-03-31": "0.00", "2009-12-31": "0.00", "2009-09-30": "0.00", "2009-06-30": "0.00", "2009-03-31": "0.00", "2008-12-31": "0.00", "2008-09-30": "0.00", "2008-06-30": "0.00", "2008-03-31": "0.00", "2007-12-31": "0.00", "2007-09-30": "0.00", "2007-06-30": "0.00", "2007-03-31": "0.00", "2006-12-31": "0.00", "2006-09-30": "0.00", "2006-06-30": "0.00", "2006-03-31": "0.00", "2005-12-31": "0.00", "2005-09-30": "0.00", "2005-06-30": "0.00", "2005-03-31": "0.00"}, "debt equity ratio": {"current": "0.60", "2020-09-30": "7.93", "2020-06-30": "8.06", "2020-03-31": "7.25", "2019-12-31": "6.79", "2019-09-30": "6.79", "2019-06-30": "6.90", "2019-03-31": "7.26", "2018-12-31": "7.59", "2018-09-30": "7.53", "2018-06-30": "7.04", "2018-03-31": "6.88", "2017-12-31": "6.58", "2017-09-30": "5.89", "2017-06-30": "5.72", "2017-03-31": "5.70", "2016-12-31": "5.48", "2016-09-30": "4.77", "2016-06-30": "4.64", "2016-03-31": "4.64", "2015-12-31": "4.51", "2015-09-30": "4.04", "2015-06-30": "3.87", "2015-03-31": "3.81", "2014-12-31": "3.81", "2014-09-30": "3.84", "2014-06-30": "3.87", "2014-03-31": "4.24", "2013-12-31": "4.36", "2013-09-30": "4.44", "2013-06-30": "4.48", "2013-03-31": "4.48", "2012-12-31": "4.56", "2012-09-30": "4.38", "2012-06-30": "4.26", "2012-03-31": "4.31", "2011-12-31": "4.40", "2011-09-30": "5.27", "2011-06-30": "5.59", "2011-03-31": "6.12", "2010-12-31": "5.04", "2010-09-30": "7.02", "2010-06-30": "7.28", "2010-03-31": "7.49", "2009-12-31": "7.64", "2009-09-30": "10.03", "2009-06-30": "12.37", "2009-03-31": "14.41", "2008-12-31": "13.15", "2008-09-30": "13.36", "2008-06-30": "12.45", "2008-03-31": "12.19", "2007-12-31": "9.94", "2007-09-30": "9.30", "2007-06-30": "8.91", "2007-03-31": "8.70", "2006-12-31": "8.63", "2006-09-30": "8.79", "2006-06-30": "9.27", "2006-03-31": "8.95", "2005-12-31": "8.88", "2005-09-30": "8.45", "2005-06-30": "8.32", "2005-03-31": "9.02"}, "return on equity": {"2020-09-30": "-7.78%", "2020-06-30": "-7.13%", "2020-03-31": "6.72%", "2019-12-31": "5.06%", "2019-09-30": "2.82%", "2019-06-30": "-0.20%", "2019-03-31": "-0.48%", "2018-12-31": "-0.01%", "2018-09-30": "-9.67%", "2018-06-30": "-9.89%", "2018-03-31": "-9.16%", "2017-12-31": "-8.46%", "2017-09-30": "-3.30%", "2017-06-30": "-0.34%", "2017-03-31": "0.63%", "2016-12-31": "-0.98%", "2016-09-30": "0.39%", "2016-06-30": "-0.37%", "2016-03-31": "-0.47%", "2015-12-31": "2.18%", "2015-09-30": "4.47%", "2015-06-30": "6.63%", "2015-03-31": "7.75%", "2014-12-31": "7.02%", "2014-09-30": "8.37%", "2014-06-30": "8.54%", "2014-03-31": "8.42%", "2013-12-31": "9.11%", "2013-09-30": "3.18%", "2013-06-30": "2.84%", "2013-03-31": "2.40%", "2012-12-31": "3.35%", "2012-09-30": "27.85%", "2012-06-30": "23.08%", "2012-03-31": "23.28%", "2011-12-31": "21.49%", "2011-09-30": "5.47%", "2011-06-30": "6.64%", "2011-03-31": "2.12%", "2010-12-31": "1.92%", "2010-09-30": "-11.77%", "2010-06-30": "-10.01%", "2010-03-31": "-7.71%", "2009-12-31": "-16.89%", "2009-09-30": "-106.09%", "2009-06-30": "-148.11%", "2009-03-31": "-147.75%", "2008-12-31": "-137.61%", "2008-09-30": "-52.86%", "2008-06-30": "-17.19%", "2008-03-31": "-5.98%", "2007-12-31": "6.09%", "2007-09-30": "14.46%", "2007-06-30": "15.86%", "2007-03-31": "15.42%", "2006-12-31": "15.03%", "2006-09-30": "12.33%", "2006-06-30": "9.75%", "2006-03-31": "11.19%", "2005-12-31": "12.07%"}, "return on assets": {"2020-09-30": "-0.91%", "2020-06-30": "-0.87%", "2020-03-31": "0.85%", "2019-12-31": "0.64%", "2019-09-30": "0.35%", "2019-06-30": "-0.02%", "2019-03-31": "-0.06%", "2018-12-31": "0.00%", "2018-09-30": "-1.21%", "2018-06-30": "-1.31%", "2018-03-31": "-1.27%", "2017-12-31": "-1.22%", "2017-09-30": "-0.49%", "2017-06-30": "-0.05%", "2017-03-31": "0.10%", "2016-12-31": "-0.17%", "2016-09-30": "0.07%", "2016-06-30": "-0.07%", "2016-03-31": "-0.09%", "2015-12-31": "0.43%", "2015-09-30": "0.92%", "2015-06-30": "1.37%", "2015-03-31": "1.60%", "2014-12-31": "1.42%", "2014-09-30": "1.65%", "2014-06-30": "1.64%", "2014-03-31": "1.57%", "2013-12-31": "1.68%", "2013-09-30": "0.58%", "2013-06-30": "0.52%", "2013-03-31": "0.44%", "2012-12-31": "0.62%", "2012-09-30": "5.22%", "2012-06-30": "4.17%", "2012-03-31": "3.97%", "2011-12-31": "3.41%", "2011-09-30": "0.85%", "2011-06-30": "0.96%", "2011-03-31": "0.29%", "2010-12-31": "0.25%", "2010-09-30": "-1.41%", "2010-06-30": "-1.11%", "2010-03-31": "-0.77%", "2009-12-31": "-1.47%", "2009-09-30": "-7.99%", "2009-06-30": "-10.37%", "2009-03-31": "-10.37%", "2008-12-31": "-10.01%", "2008-09-30": "-4.12%", "2008-06-30": "-1.46%", "2008-03-31": "-0.55%", "2007-12-31": "0.60%", "2007-09-30": "1.46%", "2007-06-30": "1.63%", "2007-03-31": "1.57%", "2006-12-31": "1.52%", "2006-09-30": "1.24%", "2006-06-30": "0.99%", "2006-03-31": "1.16%", "2005-12-31": "1.25%"}, "return on investments": {"2020-09-30": "-5.30%", "2020-06-30": "-4.42%", "2020-03-31": "6.95%", "2019-12-31": "5.32%", "2019-09-30": "3.57%", "2019-06-30": "0.76%", "2019-03-31": "0.15%", "2018-12-31": "0.24%", "2018-09-30": "1.77%", "2018-06-30": "0.44%", "2018-03-31": "0.89%", "2017-12-31": "1.35%", "2017-09-30": "-5.66%", "2017-06-30": "-2.37%", "2017-03-31": "-1.48%", "2016-12-31": "-0.46%", "2016-09-30": "0.19%", "2016-06-30": "-0.11%", "2016-03-31": "0.10%", "2015-12-31": "3.08%", "2015-09-30": "6.54%", "2015-06-30": "8.88%", "2015-03-31": "8.30%", "2014-12-31": "7.37%", "2014-09-30": "7.61%", "2014-06-30": "6.79%", "2014-03-31": "8.09%", "2013-12-31": "7.06%", "2013-09-30": "6.20%", "2013-06-30": "6.31%", "2013-03-31": "5.31%", "2012-12-31": "5.66%", "2012-09-30": "8.56%", "2012-06-30": "4.95%", "2012-03-31": "4.64%", "2011-12-31": "3.14%", "2011-09-30": "-0.09%", "2011-06-30": "2.29%", "2011-03-31": "2.16%", "2010-12-31": "2.05%", "2010-09-30": "-1.69%", "2010-06-30": "-1.34%", "2010-03-31": "-1.21%", "2009-12-31": "-4.56%", "2009-09-30": "-28.25%", "2009-06-30": "-40.95%", "2009-03-31": "-42.31%", "2008-12-31": "-41.72%", "2008-09-30": "-16.87%", "2008-06-30": "-4.23%", "2008-03-31": "0.68%", "2007-12-31": "6.67%", "2007-09-30": "12.75%", "2007-06-30": "13.98%", "2007-03-31": "14.32%", "2006-12-31": "14.54%", "2006-09-30": "8.60%", "2006-06-30": "6.90%", "2006-03-31": "7.84%", "2005-12-31": "8.45%"}, "return on tangible equity": {"2020-09-30": "-7.78%", "2020-06-30": "-7.13%", "2020-03-31": "6.72%", "2019-12-31": "5.06%", "2019-09-30": "2.82%", "2019-06-30": "-0.20%", "2019-03-31": "-0.48%", "2018-12-31": "-0.01%", "2018-09-30": "-9.67%", "2018-06-30": "-9.89%", "2018-03-31": "-9.16%", "2017-12-31": "-8.46%", "2017-09-30": "-3.30%", "2017-06-30": "-0.34%", "2017-03-31": "0.63%", "2016-12-31": "-0.98%", "2016-09-30": "0.39%", "2016-06-30": "-0.37%", "2016-03-31": "-0.47%", "2015-12-31": "2.18%", "2015-09-30": "4.47%", "2015-06-30": "6.63%", "2015-03-31": "7.75%", "2014-12-31": "7.02%", "2014-09-30": "8.37%", "2014-06-30": "8.54%", "2014-03-31": "8.42%", "2013-12-31": "9.11%", "2013-09-30": "3.18%", "2013-06-30": "2.84%", "2013-03-31": "2.40%", "2012-12-31": "3.35%", "2012-09-30": "27.85%", "2012-06-30": "23.08%", "2012-03-31": "23.28%", "2011-12-31": "21.49%", "2011-09-30": "5.47%", "2011-06-30": "6.66%", "2011-03-31": "2.14%", "2010-12-31": "1.95%", "2010-09-30": "-12.15%", "2010-06-30": "-10.49%", "2010-03-31": "-8.22%", "2009-12-31": "-18.50%", "2009-09-30": "-118.28%", "2009-06-30": "-168.96%", "2009-03-31": "-170.21%", "2008-12-31": "-158.46%", "2008-09-30": "-60.41%", "2008-06-30": "-19.30%", "2008-03-31": "-6.61%", "2007-12-31": "6.67%", "2007-09-30": "15.79%", "2007-06-30": "17.34%", "2007-03-31": "16.92%", "2006-12-31": "16.52%", "2006-09-30": "13.59%", "2006-06-30": "10.76%", "2006-03-31": "12.35%", "2005-12-31": "13.36%"}, "dividend yield history": {"last payout": "$1.28", "last yield": "3.07%"}}