{"ticker": "UHAL", "price": {"title": "Amerco Historical Annual Stock Price Data", "value": 476.46, "historical": {"2021": {"Average Stock Price": "471.1500", "Year Open": "444.7000", "Year High": "495.6300", "Year Low": "444.7000", "Year Close": "476.4600", "Annual % Change": "4.96%"}, "2020": {"Average Stock Price": "342.6950", "Year Open": "382.2000", "Year High": "453.9600", "Year Low": "241.6100", "Year Close": "453.9600", "Annual % Change": "20.79%"}, "2019": {"Average Stock Price": "373.4174", "Year Open": "328.7700", "Year High": "424.5000", "Year Low": "325.4600", "Year Close": "375.8200", "Annual % Change": "14.54%"}, "2018": {"Average Stock Price": "352.4489", "Year Open": "379.6100", "Year High": "384.0000", "Year Low": "318.8200", "Year Close": "328.1100", "Annual % Change": "-13.18%"}, "2017": {"Average Stock Price": "371.5037", "Year Open": "368.2800", "Year High": "396.3000", "Year Low": "340.7200", "Year Close": "377.9100", "Annual % Change": "2.25%"}, "2016": {"Average Stock Price": "352.4318", "Year Open": "381.7000", "Year High": "396.8600", "Year Low": "310.5200", "Year Close": "369.5900", "Annual % Change": "-5.11%"}, "2015": {"Average Stock Price": "351.4852", "Year Open": "288.3000", "Year High": "436.2800", "Year Low": "266.7000", "Year Close": "389.5000", "Annual % Change": "37.02%"}, "2014": {"Average Stock Price": "261.0983", "Year Open": "239.7900", "Year High": "295.0300", "Year Low": "212.2100", "Year Close": "284.2600", "Annual % Change": "19.52%"}, "2013": {"Average Stock Price": "175.6554", "Year Open": "131.8300", "Year High": "238.1200", "Year Low": "128.7100", "Year Close": "237.8400", "Annual % Change": "87.56%"}, "2012": {"Average Stock Price": "102.1928", "Year Open": "92.6100", "Year High": "126.8100", "Year Low": "80.0200", "Year Close": "126.8100", "Annual % Change": "43.45%"}, "2011": {"Average Stock Price": "85.5858", "Year Open": "97.7900", "Year High": "102.5200", "Year Low": "60.7300", "Year Close": "88.4000", "Annual % Change": "-7.96%"}, "2010": {"Average Stock Price": "67.4326", "Year Open": "50.5400", "Year High": "108.6200", "Year Low": "35.6400", "Year Close": "96.0400", "Annual % Change": "93.16%"}, "2009": {"Average Stock Price": "40.3148", "Year Open": "34.0700", "Year High": "54.7900", "Year Low": "22.2800", "Year Close": "49.7200", "Annual % Change": "43.99%"}, "2008": {"Average Stock Price": "48.8447", "Year Open": "63.1000", "Year High": "71.3000", "Year Low": "30.2100", "Year Close": "34.5300", "Annual % Change": "-47.43%"}, "2007": {"Average Stock Price": "69.4328", "Year Open": "87.0200", "Year High": "89.4000", "Year Low": "57.2600", "Year Close": "65.6800", "Annual % Change": "-24.51%"}, "2006": {"Average Stock Price": "87.2390", "Year Open": "74.6400", "Year High": "105.3400", "Year Low": "67.1300", "Year Close": "87.0100", "Annual % Change": "20.76%"}, "2005": {"Average Stock Price": "54.3769", "Year Open": "45.4500", "Year High": "73.3900", "Year Low": "42.9600", "Year Close": "72.0500", "Annual % Change": "56.70%"}, "2004": {"Average Stock Price": "29.0110", "Year Open": "21.8500", "Year High": "46.0300", "Year Low": "21.4200", "Year Close": "45.9800", "Annual % Change": "113.86%"}, "2003": {"Average Stock Price": "10.8872", "Year Open": "4.4000", "Year High": "28.4500", "Year Low": "2.9400", "Year Close": "21.5000", "Annual % Change": "386.43%"}, "2002": {"Average Stock Price": "12.2077", "Year Open": "18.7500", "Year High": "19.1000", "Year Low": "1.8500", "Year Close": "4.4200", "Annual % Change": "-76.51%"}, "2001": {"Average Stock Price": "19.3027", "Year Open": "19.3900", "Year High": "22.5000", "Year Low": "16.9800", "Year Close": "18.8200", "Annual % Change": "-4.08%"}, "2000": {"Average Stock Price": "19.5351", "Year Open": "24.7500", "Year High": "26.9800", "Year Low": "16.2500", "Year Close": "19.6200", "Annual % Change": "-21.52%"}, "1999": {"Average Stock Price": "24.3096", "Year Open": "29.0000", "Year High": "29.7500", "Year Low": "20.3800", "Year Close": "25.0000", "Annual % Change": "-10.52%"}, "1998": {"Average Stock Price": "27.6738", "Year Open": "26.6200", "Year High": "33.5600", "Year Low": "20.1200", "Year Close": "27.9400", "Annual % Change": "9.06%"}, "1997": {"Average Stock Price": "29.3580", "Year Open": "34.5000", "Year High": "38.5000", "Year Low": "23.5000", "Year Close": "25.6200", "Annual % Change": "-26.80%"}, "1996": {"Average Stock Price": "27.3459", "Year Open": "20.0000", "Year High": "48.5000", "Year Low": "17.5000", "Year Close": "35.0000", "Annual % Change": "66.67%"}, "1995": {"Average Stock Price": "19.5443", "Year Open": "17.6200", "Year High": "23.7500", "Year Low": "15.0000", "Year Close": "21.0000", "Annual % Change": "20.83%"}}}, "market cap": {"value": "$9.34B"}, "income statement": {"Revenue": {"2020-03-31": "3978.86800", "2019-03-31": "3768.70700", "2018-03-31": "3601.11400", "2017-03-31": "3421.76700", "2016-03-31": "3275.46800", "2015-03-31": "3074.53100", "2014-03-31": "2835.25200", "2013-03-31": "2558.58700", "2012-03-31": "2512.02700", "2011-03-31": "2251.35900", "2010-03-31": "2002.00500", "2009-03-31": "1992.26600", "2008-03-31": "2049.17400", "2007-03-31": "2069.29800", "2006-03-31": "2087.52500", "2005-03-31": "2008.12100"}, "Cost Of Goods Sold": {"2020-03-31": "2744.33400", "2019-03-31": "2532.00700", "2018-03-31": "2429.56100", "2017-03-31": "2169.60600", "2016-03-31": "2045.10000", "2015-03-31": "2033.88300", "2014-03-31": "1824.97800", "2013-03-31": "1686.58400", "2012-03-31": "1742.11300", "2011-03-31": "1524.09500", "2010-03-31": "1416.31900", "2009-03-31": "1441.18700", "2008-03-31": "1476.45800", "2007-03-31": "1479.68400", "2006-03-31": "1478.41400", "2005-03-31": "1540.15600"}, "Gross Profit": {"2020-03-31": "1234.53400", "2019-03-31": "1236.70000", "2018-03-31": "1171.55300", "2017-03-31": "1252.16100", "2016-03-31": "1230.36800", "2015-03-31": "1040.64800", "2014-03-31": "1010.27400", "2013-03-31": "872.00280", "2012-03-31": "769.91410", "2011-03-31": "727.26400", "2010-03-31": "585.68600", "2009-03-31": "551.07910", "2008-03-31": "572.71610", "2007-03-31": "589.61400", "2006-03-31": "609.11080", "2005-03-31": "467.96500"}, "Research And Development Expenses": {"2020-03-31": "", "2019-03-31": "", "2018-03-31": "", "2017-03-31": "", "2016-03-31": "", "2015-03-31": "", "2014-03-31": "", "2013-03-31": "", "2012-03-31": "", "2011-03-31": "", "2010-03-31": "", "2009-03-31": "", "2008-03-31": "", "2007-03-31": "", "2006-03-31": "", "2005-03-31": ""}, "SG&A Expenses": {"2020-03-31": "", "2019-03-31": "", "2018-03-31": "", "2017-03-31": "", "2016-03-31": "", "2015-03-31": "", "2014-03-31": "", "2013-03-31": "", "2012-03-31": "", "2011-03-31": "", "2010-03-31": "", "2009-03-31": "", "2008-03-31": "", "2007-03-31": "", "2006-03-31": "", "2005-03-31": ""}, "Other Operating Income Or Expenses": {"2020-03-31": "-26.12400", "2019-03-31": "-33.11400", "2018-03-31": "161.45400", "2017-03-31": "-33.75300", "2016-03-31": "-49.23500", "2015-03-31": "-79.79800", "2014-03-31": "-100.46600", "2013-03-31": "-117.44800", "2012-03-31": "-131.21500", "2011-03-31": "-150.80900", "2010-03-31": "-156.95100", "2009-03-31": "-152.42400", "2008-03-31": "-133.93100", "2007-03-31": "-147.65900", "2006-03-31": "-136.65200", "2005-03-31": "-151.35400"}, "Operating Expenses": {"2020-03-31": "3438.74000", "2019-03-31": "3147.72000", "2018-03-31": "2835.86800", "2017-03-31": "2678.60200", "2016-03-31": "2408.84200", "2015-03-31": "2411.50700", "2014-03-31": "2205.03800", "2013-03-31": "2059.40400", "2012-03-31": "2096.02000", "2011-03-31": "1873.66400", "2010-03-31": "1808.46800", "2009-03-31": "1871.21800", "2008-03-31": "1845.45200", "2007-03-31": "1841.03900", "2006-03-31": "1817.77100", "2005-03-31": "1841.12500"}, "Operating Income": {"2020-03-31": "540.12790", "2019-03-31": "620.98710", "2018-03-31": "765.24610", "2017-03-31": "743.16530", "2016-03-31": "866.62600", "2015-03-31": "663.02390", "2014-03-31": "630.21390", "2013-03-31": "499.18290", "2012-03-31": "416.00710", "2011-03-31": "377.69510", "2010-03-31": "193.53700", "2009-03-31": "121.04810", "2008-03-31": "203.72200", "2007-03-31": "228.25900", "2006-03-31": "269.75390", "2005-03-31": "166.99600"}, "Total Non-Operating Income/Expense": {"2020-03-31": "-162.00400", "2019-03-31": "-143.45800", "2018-03-31": "-127.63300", "2017-03-31": "-114.80700", "2016-03-31": "-97.71500", "2015-03-31": "-101.60600", "2014-03-31": "-92.69200", "2013-03-31": "-90.69600", "2012-03-31": "-90.37100", "2011-03-31": "-88.38100", "2010-03-31": "-93.34700", "2009-03-31": "-98.47000", "2008-03-31": "-101.42000", "2007-03-31": "-82.43600", "2006-03-31": "-69.48100", "2005-03-31": "-21.86400"}, "Pre-Tax Income": {"2020-03-31": "378.12400", "2019-03-31": "477.52900", "2018-03-31": "637.61300", "2017-03-31": "628.35800", "2016-03-31": "768.91100", "2015-03-31": "561.41800", "2014-03-31": "537.52200", "2013-03-31": "408.48700", "2012-03-31": "325.63600", "2011-03-31": "289.31400", "2010-03-31": "100.19000", "2009-03-31": "22.57800", "2008-03-31": "102.30200", "2007-03-31": "145.82300", "2006-03-31": "200.27300", "2005-03-31": "145.13200"}, "Income Taxes": {"2020-03-31": "-63.92400", "2019-03-31": "106.67200", "2018-03-31": "-152.97000", "2017-03-31": "229.93400", "2016-03-31": "279.91000", "2015-03-31": "204.67700", "2014-03-31": "195.13100", "2013-03-31": "143.77900", "2012-03-31": "120.26900", "2011-03-31": "105.73900", "2010-03-31": "34.56700", "2009-03-31": "9.16800", "2008-03-31": "34.51800", "2007-03-31": "55.27000", "2006-03-31": "79.11900", "2005-03-31": "55.70800"}, "Income After Taxes": {"2020-03-31": "442.04800", "2019-03-31": "370.85700", "2018-03-31": "790.58300", "2017-03-31": "398.42400", "2016-03-31": "489.00100", "2015-03-31": "356.74100", "2014-03-31": "342.39100", "2013-03-31": "264.70800", "2012-03-31": "205.36700", "2011-03-31": "183.57500", "2010-03-31": "65.62300", "2009-03-31": "13.41000", "2008-03-31": "67.78400", "2007-03-31": "90.55300", "2006-03-31": "121.15400", "2005-03-31": "89.42400"}, "Other Income": {"2020-03-31": "", "2019-03-31": "", "2018-03-31": "", "2017-03-31": "", "2016-03-31": "", "2015-03-31": "", "2014-03-31": "", "2013-03-31": "", "2012-03-31": "", "2011-03-31": "", "2010-03-31": "", "2009-03-31": "", "2008-03-31": "", "2007-03-31": "", "2006-03-31": "", "2005-03-31": ""}, "Income From Continuous Operations": {"2020-03-31": "442.04800", "2019-03-31": "370.85700", "2018-03-31": "790.58300", "2017-03-31": "398.42400", "2016-03-31": "489.00100", "2015-03-31": "356.74100", "2014-03-31": "342.39100", "2013-03-31": "264.70800", "2012-03-31": "205.36700", "2011-03-31": "183.57500", "2010-03-31": "65.62300", "2009-03-31": "13.41000", "2008-03-31": "67.78400", "2007-03-31": "90.55300", "2006-03-31": "121.15400", "2005-03-31": "89.42400"}, "Income From Discontinued Operations": {"2020-03-31": "", "2019-03-31": "", "2018-03-31": "", "2017-03-31": "", "2016-03-31": "", "2015-03-31": "", "2014-03-31": "", "2013-03-31": "", "2012-03-31": "", "2011-03-31": "", "2010-03-31": "", "2009-03-31": "", "2008-03-31": "", "2007-03-31": "", "2006-03-31": "", "2005-03-31": ""}, "Net Income": {"2020-03-31": "442.04800", "2019-03-31": "370.85700", "2018-03-31": "790.58300", "2017-03-31": "398.42400", "2016-03-31": "489.00100", "2015-03-31": "356.74100", "2014-03-31": "342.39100", "2013-03-31": "264.70800", "2012-03-31": "196.54600", "2011-03-31": "170.98500", "2010-03-31": "53.15500", "2009-03-31": "0.44700", "2008-03-31": "54.82100", "2007-03-31": "77.59000", "2006-03-31": "108.19100", "2005-03-31": "76.46100"}, "EBITDA": {"2020-03-31": "1253.21000", "2019-03-31": "1247.59800", "2018-03-31": "1361.48700", "2017-03-31": "1266.79300", "2016-03-31": "1282.71000", "2015-03-31": "1039.26700", "2014-03-31": "943.36490", "2013-03-31": "777.05090", "2012-03-31": "659.58710", "2011-03-31": "599.51310", "2010-03-31": "430.69500", "2009-03-31": "382.01110", "2008-03-31": "444.70100", "2007-03-31": "431.50310", "2006-03-31": "427.58690", "2005-03-31": "313.59900"}, "EBIT": {"2020-03-31": "540.12790", "2019-03-31": "620.98710", "2018-03-31": "765.24610", "2017-03-31": "743.16530", "2016-03-31": "866.62600", "2015-03-31": "663.02390", "2014-03-31": "630.21390", "2013-03-31": "499.18290", "2012-03-31": "416.00710", "2011-03-31": "377.69510", "2010-03-31": "193.53700", "2009-03-31": "121.04810", "2008-03-31": "203.72200", "2007-03-31": "228.25900", "2006-03-31": "269.75390", "2005-03-31": "166.99600"}, "Basic Shares Outstanding": {"2020-03-31": "19.60400", "2019-03-31": "19.59200", "2018-03-31": "19.58900", "2017-03-31": "19.58660", "2016-03-31": "19.59610", "2015-03-31": "19.58700", "2014-03-31": "19.56000", "2013-03-31": "19.51900", "2012-03-31": "19.47600", "2011-03-31": "19.43300", "2010-03-31": "19.38700", "2009-03-31": "19.35000", "2008-03-31": "19.74100", "2007-03-31": "20.83900", "2006-03-31": "20.85700", "2005-03-31": "20.80500"}, "Shares Outstanding": {"2020-03-31": "19.60400", "2019-03-31": "19.59200", "2018-03-31": "19.58900", "2017-03-31": "19.58660", "2016-03-31": "19.59610", "2015-03-31": "19.58700", "2014-03-31": "19.56000", "2013-03-31": "19.51900", "2012-03-31": "19.47600", "2011-03-31": "19.43300", "2010-03-31": "19.38700", "2009-03-31": "19.35000", "2008-03-31": "19.74100", "2007-03-31": "20.83900", "2006-03-31": "20.85700", "2005-03-31": "20.80500"}, "Basic EPS": {"2020-03-31": "22.55000", "2019-03-31": "18.93000", "2018-03-31": "40.36000", "2017-03-31": "20.34000", "2016-03-31": "24.95000", "2015-03-31": "18.21000", "2014-03-31": "17.51000", "2013-03-31": "13.56000", "2012-03-31": "10.09000", "2011-03-31": "8.80000", "2010-03-31": "2.74000", "2009-03-31": "0.02000", "2008-03-31": "2.78000", "2007-03-31": "3.72000", "2006-03-31": "5.19000", "2005-03-31": "3.68000"}, "EPS - Earnings Per Share": {"2020-03-31": "22.55000", "2019-03-31": "18.93000", "2018-03-31": "40.36000", "2017-03-31": "20.34000", "2016-03-31": "24.95000", "2015-03-31": "18.21000", "2014-03-31": "17.51000", "2013-03-31": "13.56000", "2012-03-31": "10.09000", "2011-03-31": "8.80000", "2010-03-31": "2.74000", "2009-03-31": "0.02000", "2008-03-31": "2.78000", "2007-03-31": "3.72000", "2006-03-31": "5.19000", "2005-03-31": "3.68000"}}, "income statement, quarterly": {"Revenue": {"2020-12-31": "1169.98200", "2020-09-30": "1324.90800", "2020-06-30": "987.23700", "2020-03-31": "821.52480", "2019-12-31": "927.88000", "2019-09-30": "1150.21400", "2019-06-30": "1079.24900", "2019-03-31": "725.53200", "2018-12-31": "919.09100", "2018-09-30": "1104.50700", "2018-06-30": "1019.57700", "2018-03-31": "757.62090", "2017-12-31": "842.88200", "2017-09-30": "1042.68600", "2017-06-30": "957.92500", "2017-03-31": "709.43600", "2016-12-31": "790.45500", "2016-09-30": "998.68500", "2016-06-30": "923.19100", "2016-03-31": "683.00900", "2015-12-31": "744.75100", "2015-09-30": "962.90300", "2015-06-30": "884.80500", "2015-03-31": "642.73000", "2014-12-31": "706.35500", "2014-09-30": "906.49100", "2014-06-30": "818.95500", "2014-03-31": "601.74090", "2013-12-31": "645.33100", "2013-09-30": "839.22300", "2013-06-30": "748.95700", "2013-03-31": "564.30690", "2012-12-31": "582.48700", "2012-09-30": "744.11700", "2012-06-30": "667.67600", "2012-03-31": "532.79210", "2011-12-31": "633.08900", "2011-09-30": "703.18100", "2011-06-30": "642.96500", "2011-03-31": "498.45390", "2010-12-31": "529.98200", "2010-09-30": "636.97600", "2010-06-30": "585.94700", "2010-03-31": "443.79390", "2009-12-31": "463.62800", "2009-09-30": "573.92400", "2009-06-30": "520.65900", "2009-03-31": "415.39300", "2008-12-31": "442.58400", "2008-09-30": "591.49500", "2008-06-30": "542.79400", "2008-03-31": "433.09710", "2007-12-31": "465.46000", "2007-09-30": "596.34200", "2007-06-30": "554.27500", "2007-03-31": "429.75510", "2006-12-31": "466.61800", "2006-09-30": "606.25300", "2006-06-30": "566.67200", "2006-03-31": "426.88090", "2005-12-31": "495.67000", "2005-09-30": "605.51600", "2005-06-30": "559.45800", "2005-03-31": "414.25900"}, "Cost Of Goods Sold": {"2020-12-31": "718.21590", "2020-09-30": "779.83300", "2020-06-30": "654.24500", "2020-03-31": "627.58390", "2019-12-31": "662.17700", "2019-09-30": "741.26700", "2019-06-30": "713.30600", "2019-03-31": "527.93010", "2018-12-31": "622.97200", "2018-09-30": "706.85900", "2018-06-30": "674.24600", "2018-03-31": "596.12300", "2017-12-31": "580.49010", "2017-09-30": "665.57600", "2017-06-30": "587.37190", "2017-03-31": "525.53590", "2016-12-31": "528.34400", "2016-09-30": "566.46300", "2016-06-30": "549.26300", "2016-03-31": "468.30000", "2015-12-31": "485.53700", "2015-09-30": "570.39000", "2015-06-30": "520.87300", "2015-03-31": "514.34200", "2014-12-31": "467.96600", "2014-09-30": "539.52400", "2014-06-30": "512.05100", "2014-03-31": "422.70300", "2013-12-31": "439.64400", "2013-09-30": "504.17400", "2013-06-30": "458.45700", "2013-03-31": "396.18110", "2012-12-31": "407.17600", "2012-09-30": "458.16200", "2012-06-30": "425.06500", "2012-03-31": "379.23010", "2011-12-31": "515.95100", "2011-09-30": "435.29700", "2011-06-30": "411.63500", "2011-03-31": "368.59580", "2010-12-31": "388.25100", "2010-09-30": "394.85800", "2010-06-30": "372.39000", "2010-03-31": "338.82600", "2009-12-31": "337.44300", "2009-09-30": "378.99400", "2009-06-30": "361.05600", "2009-03-31": "336.51590", "2008-12-31": "346.44800", "2008-09-30": "388.68500", "2008-06-30": "369.53800", "2008-03-31": "341.65100", "2007-12-31": "359.50400", "2007-09-30": "393.87300", "2007-06-30": "381.43000", "2007-03-31": "343.50610", "2006-12-31": "367.63800", "2006-09-30": "394.70300", "2006-06-30": "373.83700", "2006-03-31": "332.22800", "2005-12-31": "372.49400", "2005-09-30": "400.52400", "2005-06-30": "373.16800", "2005-03-31": "367.58400"}, "Gross Profit": {"2020-12-31": "451.76610", "2020-09-30": "545.07500", "2020-06-30": "332.99200", "2020-03-31": "193.94090", "2019-12-31": "265.70300", "2019-09-30": "408.94700", "2019-06-30": "365.94310", "2019-03-31": "197.60190", "2018-12-31": "296.11900", "2018-09-30": "397.64790", "2018-06-30": "345.33100", "2018-03-31": "161.49790", "2017-12-31": "262.39200", "2017-09-30": "377.11000", "2017-06-30": "370.55300", "2017-03-31": "183.90000", "2016-12-31": "262.11100", "2016-09-30": "432.22200", "2016-06-30": "373.92800", "2016-03-31": "214.70900", "2015-12-31": "259.21400", "2015-09-30": "392.51310", "2015-06-30": "363.93190", "2015-03-31": "128.38800", "2014-12-31": "238.38900", "2014-09-30": "366.96700", "2014-06-30": "306.90400", "2014-03-31": "179.03790", "2013-12-31": "205.68700", "2013-09-30": "335.04900", "2013-06-30": "290.50000", "2013-03-31": "168.12580", "2012-12-31": "175.31100", "2012-09-30": "285.95500", "2012-06-30": "242.61100", "2012-03-31": "153.56190", "2011-12-31": "117.13800", "2011-09-30": "267.88400", "2011-06-30": "231.33000", "2011-03-31": "129.85800", "2010-12-31": "141.73100", "2010-09-30": "242.11800", "2010-06-30": "213.55700", "2010-03-31": "104.96800", "2009-12-31": "126.18500", "2009-09-30": "194.93000", "2009-06-30": "159.60300", "2009-03-31": "78.87710", "2008-12-31": "96.13600", "2008-09-30": "202.81000", "2008-06-30": "173.25600", "2008-03-31": "91.44610", "2007-12-31": "105.95600", "2007-09-30": "202.46900", "2007-06-30": "172.84500", "2007-03-31": "86.24890", "2006-12-31": "98.98000", "2006-09-30": "211.55000", "2006-06-30": "192.83500", "2006-03-31": "94.65290", "2005-12-31": "123.17600", "2005-09-30": "204.99200", "2005-06-30": "186.29000", "2005-03-31": "46.67510"}, "Research And Development Expenses": {"2020-12-31": "", "2020-09-30": "", "2020-06-30": "", "2020-03-31": "", "2019-12-31": "", "2019-09-30": "", "2019-06-30": "", "2019-03-31": "", "2018-12-31": "", "2018-09-30": "", "2018-06-30": "", "2018-03-31": "", "2017-12-31": "", "2017-09-30": "", "2017-06-30": "", "2017-03-31": "", "2016-12-31": "", "2016-09-30": "", "2016-06-30": "", "2016-03-31": "", "2015-12-31": "", "2015-09-30": "", "2015-06-30": "", "2015-03-31": "", "2014-12-31": "", "2014-09-30": "", "2014-06-30": "", "2014-03-31": "", "2013-12-31": "", "2013-09-30": "", "2013-06-30": "", "2013-03-31": "", "2012-12-31": "", "2012-09-30": "", "2012-06-30": "", "2012-03-31": "", "2011-12-31": "", "2011-09-30": "", "2011-06-30": "", "2011-03-31": "", "2010-12-31": "", "2010-09-30": "", "2010-06-30": "", "2010-03-31": "", "2009-12-31": "", "2009-09-30": "", "2009-06-30": "", "2009-03-31": "", "2008-12-31": "", "2008-09-30": "", "2008-06-30": "", "2008-03-31": "", "2007-12-31": "", "2007-09-30": "", "2007-06-30": "", "2007-03-31": "", "2006-12-31": "", "2006-09-30": "", "2006-06-30": "", "2006-03-31": "", "2005-12-31": "", "2005-09-30": "", "2005-06-30": "", "2005-03-31": ""}, "SG&A Expenses": {"2020-12-31": "", "2020-09-30": "", "2020-06-30": "", "2020-03-31": "", "2019-12-31": "", "2019-09-30": "", "2019-06-30": "", "2019-03-31": "", "2018-12-31": "", "2018-09-30": "", "2018-06-30": "", "2018-03-31": "", "2017-12-31": "", "2017-09-30": "", "2017-06-30": "", "2017-03-31": "", "2016-12-31": "", "2016-09-30": "", "2016-06-30": "", "2016-03-31": "", "2015-12-31": "", "2015-09-30": "", "2015-06-30": "", "2015-03-31": "", "2014-12-31": "", "2014-09-30": "", "2014-06-30": "", "2014-03-31": "", "2013-12-31": "", "2013-09-30": "", "2013-06-30": "", "2013-03-31": "", "2012-12-31": "", "2012-09-30": "", "2012-06-30": "", "2012-03-31": "", "2011-12-31": "", "2011-09-30": "", "2011-06-30": "", "2011-03-31": "", "2010-12-31": "", "2010-09-30": "", "2010-06-30": "", "2010-03-31": "", "2009-12-31": "", "2009-09-30": "", "2009-06-30": "", "2009-03-31": "", "2008-12-31": "", "2008-09-30": "", "2008-06-30": "", "2008-03-31": "", "2007-12-31": "", "2007-09-30": "", "2007-06-30": "", "2007-03-31": "", "2006-12-31": "", "2006-09-30": "", "2006-06-30": "", "2006-03-31": "", "2005-12-31": "", "2005-09-30": "", "2005-06-30": "", "2005-03-31": ""}, "Other Operating Income Or Expenses": {"2020-12-31": "-8.64600", "2020-09-30": "-10.29500", "2020-06-30": "-6.34700", "2020-03-31": "-7.55300", "2019-12-31": "-7.01800", "2019-09-30": "-6.13900", "2019-06-30": "-5.41400", "2019-03-31": "-8.87500", "2018-12-31": "-7.89000", "2018-09-30": "-8.18000", "2018-06-30": "-8.16900", "2018-03-31": "-5.49200", "2017-12-31": "183.98900", "2017-09-30": "-8.40900", "2017-06-30": "-8.63400", "2017-03-31": "-6.96700", "2016-12-31": "-6.38900", "2016-09-30": "-9.34900", "2016-06-30": "-11.04800", "2016-03-31": "-8.98600", "2015-12-31": "-10.46100", "2015-09-30": "-12.72400", "2015-06-30": "-17.06400", "2015-03-31": "-18.84800", "2014-12-31": "-18.70500", "2014-09-30": "-19.77500", "2014-06-30": "-22.47000", "2014-03-31": "-23.17300", "2013-12-31": "-24.46800", "2013-09-30": "-25.81800", "2013-06-30": "-27.00700", "2013-03-31": "-27.48600", "2012-12-31": "-27.57500", "2012-09-30": "-29.59100", "2012-06-30": "-32.79600", "2012-03-31": "-31.94400", "2011-12-31": "-32.32500", "2011-09-30": "-32.71200", "2011-06-30": "-34.23400", "2011-03-31": "-37.02000", "2010-12-31": "-37.15900", "2010-09-30": "-37.96400", "2010-06-30": "-38.66600", "2010-03-31": "-39.20500", "2009-12-31": "-38.44700", "2009-09-30": "-40.02600", "2009-06-30": "-39.27300", "2009-03-31": "-40.62100", "2008-12-31": "-38.71900", "2008-09-30": "-38.51600", "2008-06-30": "-34.56800", "2008-03-31": "-32.96400", "2007-12-31": "-33.93100", "2007-09-30": "-34.37700", "2007-06-30": "-32.65900", "2007-03-31": "-36.42100", "2006-12-31": "-36.48100", "2006-09-30": "-37.38500", "2006-06-30": "-37.37200", "2006-03-31": "-29.59700", "2005-12-31": "-37.18200", "2005-09-30": "-36.57800", "2005-06-30": "-33.29500", "2005-03-31": "-35.96500"}, "Operating Expenses": {"2020-12-31": "886.03590", "2020-09-30": "933.11800", "2020-06-30": "833.15100", "2020-03-31": "820.56710", "2019-12-31": "847.31500", "2019-09-30": "905.47400", "2019-06-30": "865.38400", "2019-03-31": "698.29490", "2018-12-31": "780.98900", "2018-09-30": "853.56300", "2018-06-30": "814.87300", "2018-03-31": "754.61910", "2017-12-31": "539.51400", "2017-09-30": "813.07310", "2017-06-30": "728.66190", "2017-03-31": "664.78890", "2016-12-31": "658.47390", "2016-09-30": "691.70500", "2016-06-30": "663.63400", "2016-03-31": "576.46100", "2015-12-31": "586.84900", "2015-09-30": "651.83500", "2015-06-30": "593.69710", "2015-03-31": "607.89310", "2014-12-31": "573.20300", "2014-09-30": "630.65500", "2014-06-30": "599.75600", "2014-03-31": "519.84210", "2013-12-31": "539.35800", "2013-09-30": "599.25700", "2013-06-30": "546.58100", "2013-03-31": "492.27110", "2012-12-31": "500.54100", "2012-09-30": "549.79500", "2012-06-30": "516.79700", "2012-03-31": "474.45400", "2011-12-31": "608.21600", "2011-09-30": "518.74800", "2011-06-30": "494.60200", "2011-03-31": "458.26570", "2010-12-31": "478.70500", "2010-09-30": "478.85500", "2010-06-30": "457.83800", "2010-03-31": "433.82900", "2009-12-31": "435.07000", "2009-09-30": "478.10600", "2009-06-30": "461.46300", "2009-03-31": "447.52790", "2008-12-31": "456.58500", "2008-09-30": "495.97300", "2008-06-30": "471.13200", "2008-03-31": "438.78210", "2007-12-31": "457.13700", "2007-09-30": "487.26200", "2007-06-30": "462.27100", "2007-03-31": "439.20800", "2006-12-31": "458.35600", "2006-09-30": "486.96910", "2006-06-30": "456.50600", "2006-03-31": "443.34400", "2005-12-31": "450.25100", "2005-09-30": "477.27800", "2005-06-30": "446.89800", "2005-03-31": "442.93490"}, "Operating Income": {"2020-12-31": "283.94610", "2020-09-30": "391.79000", "2020-06-30": "154.08600", "2020-03-31": "0.95770", "2019-12-31": "80.56500", "2019-09-30": "244.74000", "2019-06-30": "213.86510", "2019-03-31": "27.23710", "2018-12-31": "138.10200", "2018-09-30": "250.94400", "2018-06-30": "204.70400", "2018-03-31": "3.00180", "2017-12-31": "303.36800", "2017-09-30": "229.61300", "2017-06-30": "229.26310", "2017-03-31": "44.64710", "2016-12-31": "131.98110", "2016-09-30": "306.98000", "2016-06-30": "259.55700", "2016-03-31": "106.54800", "2015-12-31": "157.90200", "2015-09-30": "311.06810", "2015-06-30": "291.10790", "2015-03-31": "34.83700", "2014-12-31": "133.15200", "2014-09-30": "275.83600", "2014-06-30": "219.19900", "2014-03-31": "81.89880", "2013-12-31": "105.97300", "2013-09-30": "239.96600", "2013-06-30": "202.37600", "2013-03-31": "72.03580", "2012-12-31": "81.94600", "2012-09-30": "194.32200", "2012-06-30": "150.87900", "2012-03-31": "58.33810", "2011-12-31": "24.87300", "2011-09-30": "184.43300", "2011-06-30": "148.36300", "2011-03-31": "40.18810", "2010-12-31": "51.27700", "2010-09-30": "158.12100", "2010-06-30": "128.10900", "2010-03-31": "9.96500", "2009-12-31": "28.55800", "2009-09-30": "95.81800", "2009-06-30": "59.19600", "2009-03-31": "-32.13490", "2008-12-31": "-14.00100", "2008-09-30": "95.52200", "2008-06-30": "71.66200", "2008-03-31": "-5.68500", "2007-12-31": "8.32300", "2007-09-30": "109.08000", "2007-06-30": "92.00400", "2007-03-31": "-9.45300", "2006-12-31": "8.26200", "2006-09-30": "119.28390", "2006-06-30": "110.16600", "2006-03-31": "-16.46310", "2005-12-31": "45.41900", "2005-09-30": "128.23800", "2005-06-30": "112.56000", "2005-03-31": "-28.67590"}, "Total Non-Operating Income/Expense": {"2020-12-31": "-42.37500", "2020-09-30": "-40.77100", "2020-06-30": "-39.76800", "2020-03-31": "-43.23100", "2019-12-31": "-40.23600", "2019-09-30": "-39.38600", "2019-06-30": "-39.15100", "2019-03-31": "-37.58700", "2018-12-31": "-35.08000", "2018-09-30": "-35.28400", "2018-06-30": "-35.50700", "2018-03-31": "-33.01200", "2017-12-31": "-31.78900", "2017-09-30": "-32.25500", "2017-06-30": "-30.57700", "2017-03-31": "-31.11100", "2016-12-31": "-29.28100", "2016-09-30": "-27.98900", "2016-06-30": "-26.42600", "2016-03-31": "-26.23500", "2015-12-31": "-25.40700", "2015-09-30": "-23.97300", "2015-06-30": "-22.10000", "2015-03-31": "-22.78100", "2014-12-31": "-25.71900", "2014-09-30": "-28.95800", "2014-06-30": "-24.14800", "2014-03-31": "-22.63900", "2013-12-31": "-23.60700", "2013-09-30": "-23.11800", "2013-06-30": "-23.32800", "2013-03-31": "-23.01600", "2012-12-31": "-22.07600", "2012-09-30": "-22.11300", "2012-06-30": "-23.49100", "2012-03-31": "-22.03100", "2011-12-31": "-22.74400", "2011-09-30": "-22.96300", "2011-06-30": "-22.63300", "2011-03-31": "-22.89300", "2010-12-31": "-22.23600", "2010-09-30": "-21.78800", "2010-06-30": "-21.46400", "2010-03-31": "-22.67100", "2009-12-31": "-23.51700", "2009-09-30": "-23.93800", "2009-06-30": "-23.22100", "2009-03-31": "-23.69600", "2008-12-31": "-26.00000", "2008-09-30": "-24.93000", "2008-06-30": "-23.84400", "2008-03-31": "-25.06400", "2007-12-31": "-25.19100", "2007-09-30": "-27.44900", "2007-06-30": "-23.71600", "2007-03-31": "-20.78000", "2006-12-31": "-22.13100", "2006-09-30": "-21.06300", "2006-06-30": "-18.46200", "2006-03-31": "18.81800", "2005-12-31": "-17.79100", "2005-09-30": "-15.24500", "2005-06-30": "-55.26300", "2005-03-31": "-19.21000"}, "Pre-Tax Income": {"2020-12-31": "241.57100", "2020-09-30": "351.01900", "2020-06-30": "114.31800", "2020-03-31": "-42.27300", "2019-12-31": "40.32900", "2019-09-30": "205.35400", "2019-06-30": "174.71400", "2019-03-31": "-10.35000", "2018-12-31": "103.02200", "2018-09-30": "215.66000", "2018-06-30": "169.19700", "2018-03-31": "-30.01000", "2017-12-31": "271.57900", "2017-09-30": "197.35800", "2017-06-30": "198.68600", "2017-03-31": "13.53600", "2016-12-31": "102.70000", "2016-09-30": "278.99100", "2016-06-30": "233.13100", "2016-03-31": "80.31300", "2015-12-31": "132.49500", "2015-09-30": "287.09500", "2015-06-30": "269.00800", "2015-03-31": "12.05610", "2014-12-31": "107.43300", "2014-09-30": "246.87800", "2014-06-30": "195.05100", "2014-03-31": "59.26000", "2013-12-31": "82.36600", "2013-09-30": "216.84800", "2013-06-30": "179.04800", "2013-03-31": "49.02000", "2012-12-31": "59.87000", "2012-09-30": "172.20900", "2012-06-30": "127.38800", "2012-03-31": "36.30700", "2011-12-31": "2.12900", "2011-09-30": "161.47000", "2011-06-30": "125.73000", "2011-03-31": "17.29500", "2010-12-31": "29.04100", "2010-09-30": "136.33300", "2010-06-30": "106.64500", "2010-03-31": "-12.70600", "2009-12-31": "5.04100", "2009-09-30": "71.88000", "2009-06-30": "35.97500", "2009-03-31": "-55.83100", "2008-12-31": "-40.00100", "2008-09-30": "70.59200", "2008-06-30": "47.81800", "2008-03-31": "-30.74900", "2007-12-31": "-16.86800", "2007-09-30": "81.63100", "2007-06-30": "68.28800", "2007-03-31": "-30.23300", "2006-12-31": "-13.86900", "2006-09-30": "98.22100", "2006-06-30": "91.70400", "2006-03-31": "2.35500", "2005-12-31": "27.62800", "2005-09-30": "112.99300", "2005-06-30": "57.29700", "2005-03-31": "-47.88600"}, "Income Taxes": {"2020-12-31": "58.58600", "2020-09-30": "84.65400", "2020-06-30": "26.59200", "2020-03-31": "-164.64100", "2019-12-31": "9.39700", "2019-09-30": "49.02800", "2019-06-30": "42.29200", "2019-03-31": "-11.18100", "2018-12-31": "24.38700", "2018-09-30": "52.11800", "2018-06-30": "41.34800", "2018-03-31": "-40.85300", "2017-12-31": "-257.31500", "2017-09-30": "72.71900", "2017-06-30": "72.47900", "2017-03-31": "3.98800", "2016-12-31": "37.47200", "2016-09-30": "102.51600", "2016-06-30": "85.95800", "2016-03-31": "27.74500", "2015-12-31": "50.72600", "2015-09-30": "103.71600", "2015-06-30": "97.72300", "2015-03-31": "2.57600", "2014-12-31": "40.89300", "2014-09-30": "90.63100", "2014-06-30": "70.57700", "2014-03-31": "20.04900", "2013-12-31": "30.14500", "2013-09-30": "78.85700", "2013-06-30": "66.08000", "2013-03-31": "11.14700", "2012-12-31": "23.02400", "2012-09-30": "62.78900", "2012-06-30": "46.81900", "2012-03-31": "10.90200", "2011-12-31": "1.40100", "2011-09-30": "60.45900", "2011-06-30": "47.50700", "2011-03-31": "4.04900", "2010-12-31": "10.43300", "2010-09-30": "51.11400", "2010-06-30": "40.14300", "2010-03-31": "-7.68600", "2009-12-31": "1.52100", "2009-09-30": "27.18900", "2009-06-30": "13.54300", "2009-03-31": "-20.54300", "2008-12-31": "-15.04900", "2008-09-30": "26.76800", "2008-06-30": "17.99200", "2008-03-31": "-16.70100", "2007-12-31": "-6.47400", "2007-09-30": "31.15700", "2007-06-30": "26.53600", "2007-03-31": "-14.35400", "2006-12-31": "-4.38900", "2006-09-30": "37.73000", "2006-06-30": "36.28300", "2006-03-31": "0.55500", "2005-12-31": "12.45800", "2005-09-30": "43.87100", "2005-06-30": "22.23500", "2005-03-31": "-18.28600"}, "Income After Taxes": {"2020-12-31": "182.98500", "2020-09-30": "266.36500", "2020-06-30": "87.72600", "2020-03-31": "122.36800", "2019-12-31": "30.93200", "2019-09-30": "156.32600", "2019-06-30": "132.42200", "2019-03-31": "0.83100", "2018-12-31": "78.63500", "2018-09-30": "163.54200", "2018-06-30": "127.84900", "2018-03-31": "10.84300", "2017-12-31": "528.89400", "2017-09-30": "124.63900", "2017-06-30": "126.20700", "2017-03-31": "9.54790", "2016-12-31": "65.22800", "2016-09-30": "176.47500", "2016-06-30": "147.17300", "2016-03-31": "52.56800", "2015-12-31": "81.76900", "2015-09-30": "183.37900", "2015-06-30": "171.28500", "2015-03-31": "9.48000", "2014-12-31": "66.54000", "2014-09-30": "156.24700", "2014-06-30": "124.47400", "2014-03-31": "39.21100", "2013-12-31": "52.22100", "2013-09-30": "137.99100", "2013-06-30": "112.96800", "2013-03-31": "37.87300", "2012-12-31": "36.84600", "2012-09-30": "109.42000", "2012-06-30": "80.56900", "2012-03-31": "25.40500", "2011-12-31": "0.72800", "2011-09-30": "101.01100", "2011-06-30": "78.22300", "2011-03-31": "13.24600", "2010-12-31": "18.60800", "2010-09-30": "85.21900", "2010-06-30": "66.50200", "2010-03-31": "-5.02000", "2009-12-31": "3.52000", "2009-09-30": "44.69100", "2009-06-30": "22.43200", "2009-03-31": "-35.28800", "2008-12-31": "-24.95200", "2008-09-30": "43.82400", "2008-06-30": "29.82600", "2008-03-31": "-14.04800", "2007-12-31": "-10.39400", "2007-09-30": "50.47400", "2007-06-30": "41.75200", "2007-03-31": "-15.87900", "2006-12-31": "-9.48000", "2006-09-30": "60.49100", "2006-06-30": "55.42100", "2006-03-31": "1.80000", "2005-12-31": "15.17000", "2005-09-30": "69.12200", "2005-06-30": "35.06200", "2005-03-31": "-29.60000"}, "Other Income": {"2020-12-31": "", "2020-09-30": "", "2020-06-30": "", "2020-03-31": "", "2019-12-31": "", "2019-09-30": "", "2019-06-30": "", "2019-03-31": "", "2018-12-31": "", "2018-09-30": "", "2018-06-30": "", "2018-03-31": "", "2017-12-31": "", "2017-09-30": "", "2017-06-30": "", "2017-03-31": "", "2016-12-31": "", "2016-09-30": "", "2016-06-30": "", "2016-03-31": "", "2015-12-31": "", "2015-09-30": "", "2015-06-30": "", "2015-03-31": "", "2014-12-31": "", "2014-09-30": "", "2014-06-30": "", "2014-03-31": "", "2013-12-31": "", "2013-09-30": "", "2013-06-30": "", "2013-03-31": "", "2012-12-31": "", "2012-09-30": "", "2012-06-30": "", "2012-03-31": "", "2011-12-31": "", "2011-09-30": "", "2011-06-30": "", "2011-03-31": "", "2010-12-31": "", "2010-09-30": "", "2010-06-30": "", "2010-03-31": "", "2009-12-31": "", "2009-09-30": "", "2009-06-30": "", "2009-03-31": "", "2008-12-31": "", "2008-09-30": "", "2008-06-30": "", "2008-03-31": "", "2007-12-31": "", "2007-09-30": "", "2007-06-30": "", "2007-03-31": "", "2006-12-31": "", "2006-09-30": "", "2006-06-30": "", "2006-03-31": "", "2005-12-31": "", "2005-09-30": "", "2005-06-30": "", "2005-03-31": ""}, "Income From Continuous Operations": {"2020-12-31": "182.98500", "2020-09-30": "266.36500", "2020-06-30": "87.72600", "2020-03-31": "122.36800", "2019-12-31": "30.93200", "2019-09-30": "156.32600", "2019-06-30": "132.42200", "2019-03-31": "0.83100", "2018-12-31": "78.63500", "2018-09-30": "163.54200", "2018-06-30": "127.84900", "2018-03-31": "10.84300", "2017-12-31": "528.89400", "2017-09-30": "124.63900", "2017-06-30": "126.20700", "2017-03-31": "9.54790", "2016-12-31": "65.22800", "2016-09-30": "176.47500", "2016-06-30": "147.17300", "2016-03-31": "52.56800", "2015-12-31": "81.76900", "2015-09-30": "183.37900", "2015-06-30": "171.28500", "2015-03-31": "9.48000", "2014-12-31": "66.54000", "2014-09-30": "156.24700", "2014-06-30": "124.47400", "2014-03-31": "39.21100", "2013-12-31": "52.22100", "2013-09-30": "137.99100", "2013-06-30": "112.96800", "2013-03-31": "37.87300", "2012-12-31": "36.84600", "2012-09-30": "109.42000", "2012-06-30": "80.56900", "2012-03-31": "25.40500", "2011-12-31": "0.72800", "2011-09-30": "101.01100", "2011-06-30": "78.22300", "2011-03-31": "13.24600", "2010-12-31": "18.60800", "2010-09-30": "85.21900", "2010-06-30": "66.50200", "2010-03-31": "-5.02000", "2009-12-31": "3.52000", "2009-09-30": "44.69100", "2009-06-30": "22.43200", "2009-03-31": "-35.28800", "2008-12-31": "-24.95200", "2008-09-30": "43.82400", "2008-06-30": "29.82600", "2008-03-31": "-14.04800", "2007-12-31": "-10.39400", "2007-09-30": "50.47400", "2007-06-30": "41.75200", "2007-03-31": "-15.87900", "2006-12-31": "-9.48000", "2006-09-30": "60.49100", "2006-06-30": "55.42100", "2006-03-31": "1.80000", "2005-12-31": "15.17000", "2005-09-30": "69.12200", "2005-06-30": "35.06200", "2005-03-31": "-29.60000"}, "Income From Discontinued Operations": {"2020-12-31": "", "2020-09-30": "", "2020-06-30": "", "2020-03-31": "", "2019-12-31": "", "2019-09-30": "", "2019-06-30": "", "2019-03-31": "", "2018-12-31": "", "2018-09-30": "", "2018-06-30": "", "2018-03-31": "", "2017-12-31": "", "2017-09-30": "", "2017-06-30": "", "2017-03-31": "", "2016-12-31": "", "2016-09-30": "", "2016-06-30": "", "2016-03-31": "", "2015-12-31": "", "2015-09-30": "", "2015-06-30": "", "2015-03-31": "", "2014-12-31": "", "2014-09-30": "", "2014-06-30": "", "2014-03-31": "", "2013-12-31": "", "2013-09-30": "", "2013-06-30": "", "2013-03-31": "", "2012-12-31": "", "2012-09-30": "", "2012-06-30": "", "2012-03-31": "", "2011-12-31": "", "2011-09-30": "", "2011-06-30": "", "2011-03-31": "", "2010-12-31": "", "2010-09-30": "", "2010-06-30": "", "2010-03-31": "", "2009-12-31": "", "2009-09-30": "", "2009-06-30": "", "2009-03-31": "", "2008-12-31": "", "2008-09-30": "", "2008-06-30": "", "2008-03-31": "", "2007-12-31": "", "2007-09-30": "", "2007-06-30": "", "2007-03-31": "", "2006-12-31": "", "2006-09-30": "", "2006-06-30": "", "2006-03-31": "", "2005-12-31": "", "2005-09-30": "", "2005-06-30": "", "2005-03-31": ""}, "Net Income": {"2020-12-31": "182.98500", "2020-09-30": "266.36500", "2020-06-30": "87.72600", "2020-03-31": "122.36800", "2019-12-31": "30.93200", "2019-09-30": "156.32600", "2019-06-30": "132.42200", "2019-03-31": "0.83100", "2018-12-31": "78.63500", "2018-09-30": "163.54200", "2018-06-30": "127.84900", "2018-03-31": "10.84300", "2017-12-31": "528.89400", "2017-09-30": "124.63900", "2017-06-30": "126.20700", "2017-03-31": "9.54800", "2016-12-31": "65.22800", "2016-09-30": "176.47500", "2016-06-30": "147.17300", "2016-03-31": "52.56800", "2015-12-31": "81.76900", "2015-09-30": "183.37900", "2015-06-30": "171.28500", "2015-03-31": "9.48000", "2014-12-31": "66.54000", "2014-09-30": "156.24700", "2014-06-30": "124.47400", "2014-03-31": "39.21100", "2013-12-31": "52.22100", "2013-09-30": "137.99100", "2013-06-30": "112.96800", "2013-03-31": "37.87300", "2012-12-31": "36.84600", "2012-09-30": "109.42000", "2012-06-30": "80.56900", "2012-03-31": "25.40500", "2011-12-31": "0.72800", "2011-09-30": "101.17500", "2011-06-30": "69.23800", "2011-03-31": "10.16300", "2010-12-31": "15.52900", "2010-09-30": "81.97800", "2010-06-30": "63.31500", "2010-03-31": "-8.21100", "2009-12-31": "0.32500", "2009-09-30": "41.52700", "2009-06-30": "19.51400", "2009-03-31": "-38.52800", "2008-12-31": "-28.19300", "2008-09-30": "40.58300", "2008-06-30": "26.58500", "2008-03-31": "-17.28800", "2007-12-31": "-13.63500", "2007-09-30": "47.23300", "2007-06-30": "38.51100", "2007-03-31": "-19.11900", "2006-12-31": "-12.72100", "2006-09-30": "57.25000", "2006-06-30": "52.18000", "2006-03-31": "-1.44000", "2005-12-31": "11.92900", "2005-09-30": "65.88100", "2005-06-30": "31.82100", "2005-03-31": "-32.84000"}, "EBITDA": {"2020-12-31": "459.23310", "2020-09-30": "567.67600", "2020-06-30": "332.56100", "2020-03-31": "185.53870", "2019-12-31": "261.07600", "2019-09-30": "425.06000", "2019-06-30": "381.53500", "2019-03-31": "190.88810", "2018-12-31": "293.27900", "2018-09-30": "405.77100", "2018-06-30": "357.66000", "2018-03-31": "167.31580", "2017-12-31": "451.57900", "2017-09-30": "374.65300", "2017-06-30": "367.93910", "2017-03-31": "191.83610", "2016-12-31": "259.18110", "2016-09-30": "433.29500", "2016-06-30": "382.48100", "2016-03-31": "217.19200", "2015-12-31": "258.54400", "2015-09-30": "413.37910", "2015-06-30": "393.59490", "2015-03-31": "138.01290", "2014-12-31": "225.12800", "2014-09-30": "368.73300", "2014-06-30": "307.39300", "2014-03-31": "166.58480", "2013-12-31": "183.18000", "2013-09-30": "318.54200", "2013-06-30": "275.05800", "2013-03-31": "148.25690", "2012-12-31": "149.56700", "2012-09-30": "261.89600", "2012-06-30": "217.33100", "2012-03-31": "124.18010", "2011-12-31": "85.51200", "2011-09-30": "243.08910", "2011-06-30": "206.80600", "2011-03-31": "96.93210", "2010-12-31": "106.22700", "2010-09-30": "213.07500", "2010-06-30": "183.27900", "2010-03-31": "66.21700", "2009-12-31": "87.47200", "2009-09-30": "158.01400", "2009-06-30": "118.99200", "2009-03-31": "36.63210", "2008-12-31": "51.84900", "2008-09-30": "159.52700", "2008-06-30": "134.00300", "2008-03-31": "55.24000", "2007-12-31": "68.00000", "2007-09-30": "170.30700", "2007-06-30": "151.15400", "2007-03-31": "45.54900", "2006-12-31": "59.50800", "2006-09-30": "169.98790", "2006-06-30": "156.45800", "2006-03-31": "27.34490", "2005-12-31": "83.36300", "2005-09-30": "166.71700", "2005-06-30": "150.16200", "2005-03-31": "11.85910"}, "EBIT": {"2020-12-31": "283.94610", "2020-09-30": "391.79000", "2020-06-30": "154.08600", "2020-03-31": "0.95790", "2019-12-31": "80.56500", "2019-09-30": "244.74000", "2019-06-30": "213.86510", "2019-03-31": "27.23710", "2018-12-31": "138.10200", "2018-09-30": "250.94400", "2018-06-30": "204.70400", "2018-03-31": "3.00210", "2017-12-31": "303.36800", "2017-09-30": "229.61300", "2017-06-30": "229.26310", "2017-03-31": "44.64720", "2016-12-31": "131.98110", "2016-09-30": "306.98000", "2016-06-30": "259.55700", "2016-03-31": "106.54800", "2015-12-31": "157.90200", "2015-09-30": "311.06810", "2015-06-30": "291.10790", "2015-03-31": "34.83690", "2014-12-31": "133.15200", "2014-09-30": "275.83600", "2014-06-30": "219.19900", "2014-03-31": "81.89890", "2013-12-31": "105.97300", "2013-09-30": "239.96600", "2013-06-30": "202.37600", "2013-03-31": "72.03580", "2012-12-31": "81.94600", "2012-09-30": "194.32200", "2012-06-30": "150.87900", "2012-03-31": "58.33800", "2011-12-31": "24.87300", "2011-09-30": "184.43300", "2011-06-30": "148.36300", "2011-03-31": "40.18810", "2010-12-31": "51.27700", "2010-09-30": "158.12100", "2010-06-30": "128.10900", "2010-03-31": "9.96500", "2009-12-31": "28.55800", "2009-09-30": "95.81800", "2009-06-30": "59.19600", "2009-03-31": "-32.13500", "2008-12-31": "-14.00100", "2008-09-30": "95.52200", "2008-06-30": "71.66200", "2008-03-31": "-5.68500", "2007-12-31": "8.32300", "2007-09-30": "109.08000", "2007-06-30": "92.00400", "2007-03-31": "-9.45290", "2006-12-31": "8.26200", "2006-09-30": "119.28390", "2006-06-30": "110.16600", "2006-03-31": "-16.46310", "2005-12-31": "45.41900", "2005-09-30": "128.23800", "2005-06-30": "112.56000", "2005-03-31": "-28.67600"}, "Basic Shares Outstanding": {"2020-12-31": "19.60800", "2020-09-30": "19.60800", "2020-06-30": "19.60800", "2020-03-31": "19.60400", "2019-12-31": "19.60800", "2019-09-30": "19.60300", "2019-06-30": "19.59800", "2019-03-31": "19.59200", "2018-12-31": "19.59200", "2018-09-30": "19.59100", "2018-06-30": "19.59100", "2018-03-31": "19.58900", "2017-12-31": "19.58920", "2017-09-30": "19.58860", "2017-06-30": "19.58800", "2017-03-31": "19.58660", "2016-12-31": "19.58700", "2016-09-30": "19.58640", "2016-06-30": "19.58600", "2016-03-31": "19.59610", "2015-12-31": "19.59900", "2015-09-30": "19.59800", "2015-06-30": "19.59600", "2015-03-31": "19.58700", "2014-12-31": "19.59100", "2014-09-30": "19.58400", "2014-06-30": "19.57800", "2014-03-31": "19.56000", "2013-12-31": "19.56400", "2013-09-30": "19.55500", "2013-06-30": "19.54600", "2013-03-31": "19.51900", "2012-12-31": "19.52400", "2012-09-30": "19.51300", "2012-06-30": "19.50200", "2012-03-31": "19.47600", "2011-12-31": "19.48200", "2011-09-30": "19.47100", "2011-06-30": "19.46000", "2011-03-31": "19.43300", "2010-12-31": "19.44000", "2010-09-30": "19.42800", "2010-06-30": "19.41500", "2010-03-31": "19.38700", "2009-12-31": "19.39300", "2009-09-30": "19.38200", "2009-06-30": "19.37000", "2009-03-31": "19.35000", "2008-12-31": "19.34800", "2008-09-30": "19.35100", "2008-06-30": "19.34300", "2008-03-31": "19.74100", "2007-12-31": "19.74600", "2007-09-30": "19.73400", "2007-06-30": "19.93700", "2007-03-31": "20.83900", "2006-12-31": "20.92200", "2006-09-30": "20.91000", "2006-06-30": "20.89800", "2006-03-31": "20.85700", "2005-12-31": "20.86600", "2005-09-30": "20.84900", "2005-06-30": "20.83700", "2005-03-31": "20.80500"}, "Shares Outstanding": {"2020-12-31": "19.60800", "2020-09-30": "19.60800", "2020-06-30": "19.60800", "2020-03-31": "19.60400", "2019-12-31": "19.60800", "2019-09-30": "19.60300", "2019-06-30": "19.59800", "2019-03-31": "19.59200", "2018-12-31": "19.59200", "2018-09-30": "19.59100", "2018-06-30": "19.59100", "2018-03-31": "19.58900", "2017-12-31": "19.58920", "2017-09-30": "19.58860", "2017-06-30": "19.58800", "2017-03-31": "19.58660", "2016-12-31": "19.58700", "2016-09-30": "19.58640", "2016-06-30": "19.58600", "2016-03-31": "19.59610", "2015-12-31": "19.59900", "2015-09-30": "19.59800", "2015-06-30": "19.59600", "2015-03-31": "19.58700", "2014-12-31": "19.59100", "2014-09-30": "19.58400", "2014-06-30": "19.57800", "2014-03-31": "19.56000", "2013-12-31": "19.56400", "2013-09-30": "19.55500", "2013-06-30": "19.54600", "2013-03-31": "19.51900", "2012-12-31": "19.52400", "2012-09-30": "19.51300", "2012-06-30": "19.50200", "2012-03-31": "19.47600", "2011-12-31": "19.48200", "2011-09-30": "19.47100", "2011-06-30": "19.46000", "2011-03-31": "19.43300", "2010-12-31": "19.44000", "2010-09-30": "19.42800", "2010-06-30": "19.41500", "2010-03-31": "19.38700", "2009-12-31": "19.39300", "2009-09-30": "19.38200", "2009-06-30": "19.37000", "2009-03-31": "19.35000", "2008-12-31": "19.34800", "2008-09-30": "19.35100", "2008-06-30": "19.34300", "2008-03-31": "19.74100", "2007-12-31": "19.74600", "2007-09-30": "19.73400", "2007-06-30": "19.93700", "2007-03-31": "20.83900", "2006-12-31": "20.92200", "2006-09-30": "20.91000", "2006-06-30": "20.89800", "2006-03-31": "20.85700", "2005-12-31": "20.86600", "2005-09-30": "20.84900", "2005-06-30": "20.83700", "2005-03-31": "20.80500"}, "Basic EPS": {"2020-12-31": "9.33000", "2020-09-30": "13.58000", "2020-06-30": "4.47000", "2020-03-31": "6.24000", "2019-12-31": "1.58000", "2019-09-30": "7.97000", "2019-06-30": "6.76000", "2019-03-31": "0.04000", "2018-12-31": "4.01000", "2018-09-30": "8.35000", "2018-06-30": "6.53000", "2018-03-31": "0.56000", "2017-12-31": "27.00000", "2017-09-30": "6.36000", "2017-06-30": "6.44000", "2017-03-31": "0.49000", "2016-12-31": "3.33000", "2016-09-30": "9.01000", "2016-06-30": "7.51000", "2016-03-31": "2.68000", "2015-12-31": "4.17000", "2015-09-30": "9.36000", "2015-06-30": "8.74000", "2015-03-31": "0.47000", "2014-12-31": "3.40000", "2014-09-30": "7.98000", "2014-06-30": "6.36000", "2014-03-31": "2.00000", "2013-12-31": "2.67000", "2013-09-30": "7.06000", "2013-06-30": "5.78000", "2013-03-31": "1.93000", "2012-12-31": "1.89000", "2012-09-30": "5.61000", "2012-06-30": "4.13000", "2012-03-31": "1.29000", "2011-12-31": "0.04000", "2011-09-30": "5.20000", "2011-06-30": "3.56000", "2011-03-31": "0.52000", "2010-12-31": "0.80000", "2010-09-30": "4.22000", "2010-06-30": "3.26000", "2010-03-31": "-0.43000", "2009-12-31": "0.02000", "2009-09-30": "2.14000", "2009-06-30": "1.01000", "2009-03-31": "-1.99000", "2008-12-31": "-1.46000", "2008-09-30": "2.10000", "2008-06-30": "1.37000", "2008-03-31": "-0.85000", "2007-12-31": "-0.69000", "2007-09-30": "2.39000", "2007-06-30": "1.93000", "2007-03-31": "-0.91000", "2006-12-31": "-0.61000", "2006-09-30": "2.74000", "2006-06-30": "2.50000", "2006-03-31": "-0.07000", "2005-12-31": "0.57000", "2005-09-30": "3.16000", "2005-06-30": "1.53000", "2005-03-31": "-1.57000"}, "EPS - Earnings Per Share": {"2020-12-31": "9.33000", "2020-09-30": "13.58000", "2020-06-30": "4.47000", "2020-03-31": "6.24000", "2019-12-31": "1.58000", "2019-09-30": "7.97000", "2019-06-30": "6.76000", "2019-03-31": "0.04000", "2018-12-31": "4.01000", "2018-09-30": "8.35000", "2018-06-30": "6.53000", "2018-03-31": "0.56000", "2017-12-31": "27.00000", "2017-09-30": "6.36000", "2017-06-30": "6.44000", "2017-03-31": "0.49000", "2016-12-31": "3.33000", "2016-09-30": "9.01000", "2016-06-30": "7.51000", "2016-03-31": "2.68000", "2015-12-31": "4.17000", "2015-09-30": "9.36000", "2015-06-30": "8.74000", "2015-03-31": "0.47000", "2014-12-31": "3.40000", "2014-09-30": "7.98000", "2014-06-30": "6.36000", "2014-03-31": "2.00000", "2013-12-31": "2.67000", "2013-09-30": "7.06000", "2013-06-30": "5.78000", "2013-03-31": "1.93000", "2012-12-31": "1.89000", "2012-09-30": "5.61000", "2012-06-30": "4.13000", "2012-03-31": "1.29000", "2011-12-31": "0.04000", "2011-09-30": "5.20000", "2011-06-30": "3.56000", "2011-03-31": "0.52000", "2010-12-31": "0.80000", "2010-09-30": "4.22000", "2010-06-30": "3.26000", "2010-03-31": "-0.43000", "2009-12-31": "0.02000", "2009-09-30": "2.14000", "2009-06-30": "1.01000", "2009-03-31": "-1.99000", "2008-12-31": "-1.46000", "2008-09-30": "2.10000", "2008-06-30": "1.37000", "2008-03-31": "-0.85000", "2007-12-31": "-0.69000", "2007-09-30": "2.39000", "2007-06-30": "1.93000", "2007-03-31": "-0.91000", "2006-12-31": "-0.61000", "2006-09-30": "2.74000", "2006-06-30": "2.50000", "2006-03-31": "-0.07000", "2005-12-31": "0.57000", "2005-09-30": "3.16000", "2005-06-30": "1.53000", "2005-03-31": "-1.57000"}}, "balance sheet": {"Cash On Hand": {"2020-03-31": "494.35200", "2019-03-31": "673.70100", "2018-03-31": "759.38800", "2017-03-31": "697.80600", "2016-03-31": "600.64600", "2015-03-31": "441.85000", "2014-03-31": "495.11200", "2013-03-31": "463.74400", "2012-03-31": "357.18000", "2011-03-31": "375.49600", "2010-03-31": "244.11800", "2009-03-31": "240.58700", "2008-03-31": "206.62200", "2007-03-31": "75.27200", "2006-03-31": "155.45900", "2005-03-31": "55.95500"}, "Receivables": {"2020-03-31": "186.67200", "2019-03-31": "224.78500", "2018-03-31": "193.53800", "2017-03-31": "178.08100", "2016-03-31": "175.13500", "2015-03-31": "189.86900", "2014-03-31": "199.32200", "2013-03-31": "261.78900", "2012-03-31": "297.97400", "2011-03-31": "220.65000", "2010-03-31": "198.28300", "2009-03-31": "213.85300", "2008-03-31": "202.76500", "2007-03-31": "184.61700", "2006-03-31": "230.17900", "2005-03-31": "240.59300"}, "Inventory": {"2020-03-31": "101.08300", "2019-03-31": "103.50400", "2018-03-31": "89.87700", "2017-03-31": "82.43900", "2016-03-31": "79.75600", "2015-03-31": "69.47200", "2014-03-31": "67.02000", "2013-03-31": "56.39600", "2012-03-31": "58.73500", "2011-03-31": "59.94200", "2010-03-31": "52.83700", "2009-03-31": "70.74900", "2008-03-31": "65.34900", "2007-03-31": "67.02300", "2006-03-31": "64.91900", "2005-03-31": "63.65800"}, "Pre-Paid Expenses": {"2020-03-31": "562.90400", "2019-03-31": "174.10000", "2018-03-31": "166.12900", "2017-03-31": "124.72800", "2016-03-31": "134.30000", "2015-03-31": "126.29600", "2014-03-31": "55.26900", "2013-03-31": "57.45100", "2012-03-31": "41.85800", "2011-03-31": "57.62400", "2010-03-31": "53.37900", "2009-03-31": "53.73300", "2008-03-31": "56.15900", "2007-03-31": "52.08000", "2006-03-31": "53.26200", "2005-03-31": "29.04500"}, "Other Current Assets": {"2020-03-31": "", "2019-03-31": "", "2018-03-31": "", "2017-03-31": "", "2016-03-31": "", "2015-03-31": "", "2014-03-31": "", "2013-03-31": "", "2012-03-31": "", "2011-03-31": "", "2010-03-31": "", "2009-03-31": "", "2008-03-31": "", "2007-03-31": "", "2006-03-31": "", "2005-03-31": ""}, "Total Current Assets": {"2020-03-31": "1345.01100", "2019-03-31": "1176.09000", "2018-03-31": "1208.93200", "2017-03-31": "1083.05400", "2016-03-31": "989.83700", "2015-03-31": "827.48700", "2014-03-31": "816.72300", "2013-03-31": "839.37990", "2012-03-31": "755.74690", "2011-03-31": "713.71200", "2010-03-31": "548.61700", "2009-03-31": "581.85300", "2008-03-31": "532.98300", "2007-03-31": "380.66100", "2006-03-31": "506.35100", "2005-03-31": "391.21600"}, "Property, Plant, And Equipment": {"2020-03-31": "7843.06000", "2019-03-31": "7933.97100", "2018-03-31": "6816.74100", "2017-03-31": "5977.28200", "2016-03-31": "5017.51100", "2015-03-31": "4107.63700", "2014-03-31": "3409.21100", "2013-03-31": "2755.05400", "2012-03-31": "2372.36500", "2011-03-31": "2094.57300", "2010-03-31": "1948.38800", "2009-03-31": "2013.92800", "2008-03-31": "2011.17600", "2007-03-31": "1897.07100", "2006-03-31": "1535.16500", "2005-03-31": "1354.46800"}, "Long-Term Investments": {"2020-03-31": "2853.11100", "2019-03-31": "2536.13300", "2018-03-31": "2318.92400", "2017-03-31": "2031.59800", "2016-03-31": "1802.61000", "2015-03-31": "1573.68200", "2014-03-31": "1387.12500", "2013-03-31": "1337.10300", "2012-03-31": "1025.34300", "2011-03-31": "861.67700", "2010-03-31": "776.80400", "2009-03-31": "746.65300", "2008-03-31": "819.37500", "2007-03-31": "860.50000", "2006-03-31": "905.31900", "2005-03-31": "980.38490"}, "Goodwill And Intangible Assets": {"2020-03-31": "", "2019-03-31": "", "2018-03-31": "", "2017-03-31": "", "2016-03-31": "", "2015-03-31": "", "2014-03-31": "", "2013-03-31": "", "2012-03-31": "", "2011-03-31": "", "2010-03-31": "", "2009-03-31": "", "2008-03-31": "", "2007-03-31": "", "2006-03-31": "", "2005-03-31": ""}, "Other Long-Term Assets": {"2020-03-31": "106.74000", "2019-03-31": "109.24300", "2018-03-31": "278.05800", "2017-03-31": "183.69300", "2016-03-31": "162.94400", "2015-03-31": "247.94700", "2014-03-31": "267.21200", "2013-03-31": "282.02100", "2012-03-31": "436.68200", "2011-03-31": "468.60100", "2010-03-31": "449.45100", "2009-03-31": "437.64600", "2008-03-31": "433.37500", "2007-03-31": "340.30200", "2006-03-31": "372.56200", "2005-03-31": "337.56100"}, "Total Long-Term Assets": {"2020-03-31": "12093.01000", "2019-03-31": "10715.62000", "2018-03-31": "9538.48900", "2017-03-31": "8322.78600", "2016-03-31": "7119.45100", "2015-03-31": "6044.68800", "2014-03-31": "5182.25500", "2013-03-31": "4467.22100", "2012-03-31": "3898.30400", "2011-03-31": "3477.72100", "2010-03-31": "3213.83700", "2009-03-31": "3243.22000", "2008-03-31": "3299.50400", "2007-03-31": "3142.38700", "2006-03-31": "2860.86700", "2005-03-31": "2724.95700"}, "Total Assets": {"2020-03-31": "13438.02000", "2019-03-31": "11891.71000", "2018-03-31": "10747.42000", "2017-03-31": "9405.84000", "2016-03-31": "8109.28800", "2015-03-31": "6872.17500", "2014-03-31": "5998.97800", "2013-03-31": "5306.60100", "2012-03-31": "4654.05100", "2011-03-31": "4191.43300", "2010-03-31": "3762.45400", "2009-03-31": "3825.07300", "2008-03-31": "3832.48700", "2007-03-31": "3523.04800", "2006-03-31": "3367.21800", "2005-03-31": "3116.17300"}, "Total Current Liabilities": {"2020-03-31": "554.35300", "2019-03-31": "556.87300", "2018-03-31": "511.11500", "2017-03-31": "450.54100", "2016-03-31": "502.53800", "2015-03-31": "496.37000", "2014-03-31": "357.95400", "2013-03-31": "358.49100", "2012-03-31": "335.32600", "2011-03-31": "304.00600", "2010-03-31": "296.05710", "2009-03-31": "329.22700", "2008-03-31": "292.52600", "2007-03-31": "251.19700", "2006-03-31": "235.87800", "2005-03-31": "237.13400"}, "Long Term Debt": {"2020-03-31": "4621.29100", "2019-03-31": "4163.32300", "2018-03-31": "3513.07600", "2017-03-31": "3262.88000", "2016-03-31": "2647.39600", "2015-03-31": "2190.86900", "2014-03-31": "1942.35900", "2013-03-31": "1661.84500", "2012-03-31": "1486.21100", "2011-03-31": "1397.84200", "2010-03-31": "1347.63500", "2009-03-31": "1546.49000", "2008-03-31": "1504.67700", "2007-03-31": "1256.05200", "2006-03-31": "1041.86600", "2005-03-31": "857.48200"}, "Other Non-Current Liabilities": {"2020-03-31": "2810.05400", "2019-03-31": "2692.97200", "2018-03-31": "2622.13900", "2017-03-31": "2208.97000", "2016-03-31": "2031.55200", "2015-03-31": "1755.69700", "2014-03-31": "1707.31100", "2013-03-31": "1633.13100", "2012-03-31": "1394.17700", "2011-03-31": "1198.09900", "2010-03-31": "1093.87400", "2009-03-31": "1094.60200", "2008-03-31": "1139.03900", "2007-03-31": "1168.05300", "2006-03-31": "1264.43200", "2005-03-31": "1331.85100"}, "Total Long Term Liabilities": {"2020-03-31": "8662.95100", "2019-03-31": "7642.45100", "2018-03-31": "6827.59900", "2017-03-31": "6335.55500", "2016-03-31": "5355.34400", "2015-03-31": "4491.44600", "2014-03-31": "4113.65600", "2013-03-31": "3718.85100", "2012-03-31": "3282.90500", "2011-03-31": "2894.40700", "2010-03-31": "2653.48600", "2009-03-31": "2778.21700", "2008-03-31": "2781.53000", "2007-03-31": "2553.75300", "2006-03-31": "2435.73600", "2005-03-31": "2306.20000"}, "Total Liabilities": {"2020-03-31": "9217.30400", "2019-03-31": "8199.32400", "2018-03-31": "7338.71400", "2017-03-31": "6786.09600", "2016-03-31": "5857.88200", "2015-03-31": "4987.81600", "2014-03-31": "4471.61000", "2013-03-31": "4077.34200", "2012-03-31": "3618.23100", "2011-03-31": "3198.41300", "2010-03-31": "2949.54300", "2009-03-31": "3107.44400", "2008-03-31": "3074.05600", "2007-03-31": "2804.95000", "2006-03-31": "2671.61400", "2005-03-31": "2543.33400"}, "Common Stock Net": {"2020-03-31": "10.49700", "2019-03-31": "10.49700", "2018-03-31": "10.49700", "2017-03-31": "10.49700", "2016-03-31": "10.49700", "2015-03-31": "10.49700", "2014-03-31": "10.49700", "2013-03-31": "10.49700", "2012-03-31": "10.49700", "2011-03-31": "10.49700", "2010-03-31": "10.49700", "2009-03-31": "10.49700", "2008-03-31": "10.49700", "2007-03-31": "10.49700", "2006-03-31": "10.49700", "2005-03-31": "10.49700"}, "Retained Earnings (Accumulated Deficit)": {"2020-03-31": "4399.40200", "2019-03-31": "3976.96200", "2018-03-31": "3635.56100", "2017-03-31": "2892.89300", "2016-03-31": "2533.64100", "2015-03-31": "2142.60000", "2014-03-31": "1805.45300", "2013-03-31": "1482.63000", "2012-03-31": "1317.06400", "2011-03-31": "1140.00200", "2010-03-31": "969.01700", "2009-03-31": "915.86200", "2008-03-31": "915.41500", "2007-03-31": "849.30000", "2006-03-31": "773.78400", "2005-03-31": "665.59300"}, "Comprehensive Income": {"2020-03-31": "34.65200", "2019-03-31": "-66.69800", "2018-03-31": "-4.62300", "2017-03-31": "-51.23600", "2016-03-31": "-60.52500", "2015-03-31": "-34.36500", "2014-03-31": "-53.92300", "2013-03-31": "-22.68000", "2012-03-31": "-45.43600", "2011-03-31": "-46.46700", "2010-03-31": "-56.20700", "2009-03-31": "-98.00000", "2008-03-31": "-55.27900", "2007-03-31": "-41.77900", "2006-03-31": "-28.90200", "2005-03-31": "-24.61200"}, "Other Share Holders Equity": {"2020-03-31": "", "2019-03-31": "-4.04800", "2018-03-31": "-7.82300", "2017-03-31": "-6.93200", "2016-03-31": "-6.18600", "2015-03-31": "-6.39100", "2014-03-31": "-1.21900", "2013-03-31": "-1.70600", "2012-03-31": "-2.39800", "2011-03-31": "-3.38200", "2010-03-31": "-4.55400", "2009-03-31": "-5.66500", "2008-03-31": "-6.89500", "2007-03-31": "-8.13400", "2006-03-31": "-9.33800", "2005-03-31": "-10.89100"}, "Share Holder Equity": {"2020-03-31": "4220.72000", "2019-03-31": "3692.38900", "2018-03-31": "3408.70800", "2017-03-31": "2619.74400", "2016-03-31": "2251.40600", "2015-03-31": "1884.35900", "2014-03-31": "1527.36800", "2013-03-31": "1229.25900", "2012-03-31": "1035.82000", "2011-03-31": "993.02000", "2010-03-31": "812.91100", "2009-03-31": "717.62900", "2008-03-31": "758.43100", "2007-03-31": "718.09800", "2006-03-31": "695.60400", "2005-03-31": "572.83900"}, "Total Liabilities And Share Holders Equity": {"2020-03-31": "13438.02000", "2019-03-31": "11891.71000", "2018-03-31": "10747.42000", "2017-03-31": "9405.84000", "2016-03-31": "8109.28800", "2015-03-31": "6872.17500", "2014-03-31": "5998.97800", "2013-03-31": "5306.60100", "2012-03-31": "4654.05100", "2011-03-31": "4191.43300", "2010-03-31": "3762.45400", "2009-03-31": "3825.07300", "2008-03-31": "3832.48700", "2007-03-31": "3523.04800", "2006-03-31": "3367.21800", "2005-03-31": "3116.17300"}}, "balance sheet, quarterly": {"Cash On Hand": {"2020-12-31": "1398.84000", "2020-09-30": "1215.56800", "2020-06-30": "825.07400", "2020-03-31": "494.35200", "2019-12-31": "631.95100", "2019-09-30": "525.23100", "2019-06-30": "519.83100", "2019-03-31": "673.70100", "2018-12-31": "984.38500", "2018-09-30": "652.44000", "2018-06-30": "650.33900", "2018-03-31": "759.38800", "2017-12-31": "1022.88700", "2017-09-30": "768.35100", "2017-06-30": "803.52200", "2017-03-31": "697.80600", "2016-12-31": "984.18500", "2016-09-30": "921.32700", "2016-06-30": "646.18800", "2016-03-31": "600.64600", "2015-12-31": "674.62700", "2015-09-30": "961.64700", "2015-06-30": "475.56200", "2015-03-31": "441.85000", "2014-12-31": "729.02300", "2014-09-30": "849.14600", "2014-06-30": "692.58500", "2014-03-31": "495.11200", "2013-12-31": "601.61500", "2013-09-30": "679.57600", "2013-06-30": "552.58700", "2013-03-31": "463.74400", "2012-12-31": "586.12400", "2012-09-30": "645.82100", "2012-06-30": "566.23900", "2012-03-31": "357.18000", "2011-12-31": "438.27700", "2011-09-30": "448.15900", "2011-06-30": "243.75300", "2011-03-31": "375.49600", "2010-12-31": "405.31800", "2010-09-30": "329.83000", "2010-06-30": "288.11400", "2010-03-31": "244.11800", "2009-12-31": "411.70100", "2009-09-30": "384.95100", "2009-06-30": "226.71700", "2009-03-31": "240.58700", "2008-12-31": "311.51700", "2008-09-30": "363.13000", "2008-06-30": "239.79200", "2008-03-31": "206.62200", "2007-12-31": "203.72300", "2007-09-30": "203.34400", "2007-06-30": "161.62900", "2007-03-31": "75.27200", "2006-12-31": "313.13100", "2006-09-30": "326.61600", "2006-06-30": "241.85800", "2006-03-31": "155.45900", "2005-12-31": "247.15000", "2005-09-30": "289.13300", "2005-06-30": "229.49800", "2005-03-31": "55.95500"}, "Receivables": {"2020-12-31": "224.44700", "2020-09-30": "213.39700", "2020-06-30": "208.37100", "2020-03-31": "186.67200", "2019-12-31": "200.16400", "2019-09-30": "222.48100", "2019-06-30": "243.23500", "2019-03-31": "224.78500", "2018-12-31": "191.76400", "2018-09-30": "207.66500", "2018-06-30": "207.98700", "2018-03-31": "193.53800", "2017-12-31": "205.87300", "2017-09-30": "194.13100", "2017-06-30": "187.03700", "2017-03-31": "178.08100", "2016-12-31": "199.09500", "2016-09-30": "183.24300", "2016-06-30": "189.31700", "2016-03-31": "175.13500", "2015-12-31": "181.32600", "2015-09-30": "176.12800", "2015-06-30": "209.27400", "2015-03-31": "189.86900", "2014-12-31": "197.64000", "2014-09-30": "186.14500", "2014-06-30": "200.01500", "2014-03-31": "199.32200", "2013-12-31": "228.42400", "2013-09-30": "237.23500", "2013-06-30": "284.51800", "2013-03-31": "261.78900", "2012-12-31": "226.34000", "2012-09-30": "264.56300", "2012-06-30": "274.59300", "2012-03-31": "297.97400", "2011-12-31": "351.82800", "2011-09-30": "227.75000", "2011-06-30": "242.49100", "2011-03-31": "220.65000", "2010-12-31": "232.81500", "2010-09-30": "204.27400", "2010-06-30": "213.65600", "2010-03-31": "198.28300", "2009-12-31": "203.23000", "2009-09-30": "201.53900", "2009-06-30": "225.71700", "2009-03-31": "213.85300", "2008-12-31": "208.19300", "2008-09-30": "195.31500", "2008-06-30": "207.64400", "2008-03-31": "202.76500", "2007-12-31": "179.84800", "2007-09-30": "189.86900", "2007-06-30": "190.88500", "2007-03-31": "184.61700", "2006-12-31": "214.51700", "2006-09-30": "215.23600", "2006-06-30": "215.86100", "2006-03-31": "230.17900", "2005-12-31": "238.48300", "2005-09-30": "233.61600", "2005-06-30": "236.28700", "2005-03-31": "240.59300"}, "Inventory": {"2020-12-31": "104.18000", "2020-09-30": "100.59500", "2020-06-30": "100.83500", "2020-03-31": "101.08300", "2019-12-31": "103.00300", "2019-09-30": "102.35700", "2019-06-30": "101.03200", "2019-03-31": "103.50400", "2018-12-31": "96.18700", "2018-09-30": "93.07100", "2018-06-30": "94.90100", "2018-03-31": "89.87700", "2017-12-31": "95.67200", "2017-09-30": "100.69300", "2017-06-30": "93.37400", "2017-03-31": "82.43900", "2016-12-31": "79.68200", "2016-09-30": "81.60900", "2016-06-30": "82.92300", "2016-03-31": "79.75600", "2015-12-31": "75.03200", "2015-09-30": "72.02200", "2015-06-30": "69.88900", "2015-03-31": "69.47200", "2014-12-31": "69.81700", "2014-09-30": "69.24000", "2014-06-30": "69.34100", "2014-03-31": "67.02000", "2013-12-31": "65.25800", "2013-09-30": "61.43000", "2013-06-30": "58.30400", "2013-03-31": "56.39600", "2012-12-31": "55.98900", "2012-09-30": "58.65900", "2012-06-30": "63.43800", "2012-03-31": "58.73500", "2011-12-31": "56.76600", "2011-09-30": "57.75900", "2011-06-30": "58.96000", "2011-03-31": "59.94200", "2010-12-31": "60.37500", "2010-09-30": "55.65900", "2010-06-30": "55.62600", "2010-03-31": "52.83700", "2009-12-31": "57.68300", "2009-09-30": "62.07100", "2009-06-30": "64.18800", "2009-03-31": "70.74900", "2008-12-31": "75.43400", "2008-09-30": "77.34800", "2008-06-30": "71.07500", "2008-03-31": "65.34900", "2007-12-31": "62.15000", "2007-09-30": "62.98300", "2007-06-30": "64.99800", "2007-03-31": "67.02300", "2006-12-31": "69.52500", "2006-09-30": "74.80600", "2006-06-30": "68.22600", "2006-03-31": "64.91900", "2005-12-31": "70.93400", "2005-09-30": "69.78100", "2005-06-30": "65.90400", "2005-03-31": "63.65800"}, "Pre-Paid Expenses": {"2020-12-31": "450.88900", "2020-09-30": "447.07300", "2020-06-30": "585.87900", "2020-03-31": "562.90400", "2019-12-31": "188.78000", "2019-09-30": "194.25000", "2019-06-30": "188.15300", "2019-03-31": "174.10000", "2018-12-31": "177.91800", "2018-09-30": "183.35000", "2018-06-30": "183.53600", "2018-03-31": "166.12900", "2017-12-31": "147.37500", "2017-09-30": "83.67300", "2017-06-30": "80.11800", "2017-03-31": "124.72800", "2016-12-31": "54.48600", "2016-09-30": "87.96800", "2016-06-30": "94.54000", "2016-03-31": "134.30000", "2015-12-31": "180.62800", "2015-09-30": "51.96100", "2015-06-30": "67.51100", "2015-03-31": "126.29600", "2014-12-31": "94.07600", "2014-09-30": "41.17600", "2014-06-30": "49.90900", "2014-03-31": "55.26900", "2013-12-31": "44.34400", "2013-09-30": "55.12900", "2013-06-30": "43.37800", "2013-03-31": "57.45100", "2012-12-31": "55.14800", "2012-09-30": "41.44400", "2012-06-30": "41.58600", "2012-03-31": "41.85800", "2011-12-31": "54.94100", "2011-09-30": "48.90000", "2011-06-30": "56.47400", "2011-03-31": "57.62400", "2010-12-31": "43.59600", "2010-09-30": "48.40400", "2010-06-30": "55.71000", "2010-03-31": "53.37900", "2009-12-31": "52.82300", "2009-09-30": "57.59800", "2009-06-30": "61.41500", "2009-03-31": "53.73300", "2008-12-31": "49.43500", "2008-09-30": "57.92300", "2008-06-30": "62.92900", "2008-03-31": "56.15900", "2007-12-31": "39.61300", "2007-09-30": "47.48700", "2007-06-30": "47.42300", "2007-03-31": "52.08000", "2006-12-31": "40.31000", "2006-09-30": "47.52900", "2006-06-30": "58.47300", "2006-03-31": "53.26200", "2005-12-31": "22.16200", "2005-09-30": "22.29300", "2005-06-30": "20.69000", "2005-03-31": "29.04500"}, "Other Current Assets": {"2020-12-31": "", "2020-09-30": "", "2020-06-30": "", "2020-03-31": "", "2019-12-31": "", "2019-09-30": "", "2019-06-30": "", "2019-03-31": "", "2018-12-31": "", "2018-09-30": "", "2018-06-30": "", "2018-03-31": "", "2017-12-31": "", "2017-09-30": "", "2017-06-30": "", "2017-03-31": "", "2016-12-31": "", "2016-09-30": "", "2016-06-30": "", "2016-03-31": "", "2015-12-31": "", "2015-09-30": "", "2015-06-30": "", "2015-03-31": "", "2014-12-31": "", "2014-09-30": "", "2014-06-30": "", "2014-03-31": "", "2013-12-31": "", "2013-09-30": "", "2013-06-30": "", "2013-03-31": "", "2012-12-31": "", "2012-09-30": "", "2012-06-30": "", "2012-03-31": "", "2011-12-31": "", "2011-09-30": "", "2011-06-30": "", "2011-03-31": "", "2010-12-31": "", "2010-09-30": "", "2010-06-30": "", "2010-03-31": "", "2009-12-31": "", "2009-09-30": "", "2009-06-30": "", "2009-03-31": "", "2008-12-31": "", "2008-09-30": "", "2008-06-30": "", "2008-03-31": "", "2007-12-31": "", "2007-09-30": "", "2007-06-30": "", "2007-03-31": "", "2006-12-31": "", "2006-09-30": "", "2006-06-30": "", "2006-03-31": "", "2005-12-31": "", "2005-09-30": "", "2005-06-30": "", "2005-03-31": ""}, "Total Current Assets": {"2020-12-31": "2178.35600", "2020-09-30": "1976.63300", "2020-06-30": "1720.15900", "2020-03-31": "1345.01100", "2019-12-31": "1123.89800", "2019-09-30": "1044.31900", "2019-06-30": "1052.25100", "2019-03-31": "1176.09000", "2018-12-31": "1450.25400", "2018-09-30": "1136.52600", "2018-06-30": "1136.76300", "2018-03-31": "1208.93200", "2017-12-31": "1471.80700", "2017-09-30": "1146.84800", "2017-06-30": "1164.05100", "2017-03-31": "1083.05400", "2016-12-31": "1317.44800", "2016-09-30": "1274.14700", "2016-06-30": "1012.96800", "2016-03-31": "989.83700", "2015-12-31": "1111.61300", "2015-09-30": "1261.75800", "2015-06-30": "822.23600", "2015-03-31": "827.48700", "2014-12-31": "1090.55600", "2014-09-30": "1145.70700", "2014-06-30": "1011.85000", "2014-03-31": "816.72300", "2013-12-31": "939.64100", "2013-09-30": "1033.37000", "2013-06-30": "938.78700", "2013-03-31": "839.37990", "2012-12-31": "923.60100", "2012-09-30": "1010.48700", "2012-06-30": "945.85600", "2012-03-31": "755.74690", "2011-12-31": "901.81200", "2011-09-30": "782.56800", "2011-06-30": "601.67800", "2011-03-31": "713.71200", "2010-12-31": "745.89900", "2010-09-30": "639.51100", "2010-06-30": "614.33300", "2010-03-31": "548.61700", "2009-12-31": "729.02700", "2009-09-30": "709.05600", "2009-06-30": "580.76500", "2009-03-31": "581.85300", "2008-12-31": "647.71200", "2008-09-30": "696.16800", "2008-06-30": "583.73900", "2008-03-31": "532.98300", "2007-12-31": "487.32200", "2007-09-30": "505.54500", "2007-06-30": "467.00300", "2007-03-31": "380.66100", "2006-12-31": "639.29300", "2006-09-30": "666.44700", "2006-06-30": "586.55800", "2006-03-31": "506.35100", "2005-12-31": "580.56700", "2005-09-30": "617.19200", "2005-06-30": "554.87400", "2005-03-31": "391.21600"}, "Property, Plant, And Equipment": {"2020-12-31": "8025.22400", "2020-09-30": "7956.55100", "2020-06-30": "7873.00100", "2020-03-31": "7843.06000", "2019-12-31": "7599.61900", "2019-09-30": "7589.57200", "2019-06-30": "7173.57000", "2019-03-31": "7933.97100", "2018-12-31": "7472.96400", "2018-09-30": "7414.47300", "2018-06-30": "7104.28400", "2018-03-31": "6816.74100", "2017-12-31": "6487.67900", "2017-09-30": "6388.32100", "2017-06-30": "6188.54100", "2017-03-31": "5977.28200", "2016-12-31": "5604.68100", "2016-09-30": "5434.06300", "2016-06-30": "5305.71300", "2016-03-31": "5017.51100", "2015-12-31": "4551.00100", "2015-09-30": "4345.29700", "2015-06-30": "4265.16700", "2015-03-31": "4107.63700", "2014-12-31": "3860.73500", "2014-09-30": "3805.89000", "2014-06-30": "3675.29900", "2014-03-31": "3409.21100", "2013-12-31": "3193.09900", "2013-09-30": "3033.20400", "2013-06-30": "2937.85500", "2013-03-31": "2755.05400", "2012-12-31": "2634.94800", "2012-09-30": "2571.57500", "2012-06-30": "2502.36000", "2012-03-31": "2372.36500", "2011-12-31": "2281.03400", "2011-09-30": "2239.34300", "2011-06-30": "2213.68500", "2011-03-31": "2094.57300", "2010-12-31": "2021.59100", "2010-09-30": "2019.45100", "2010-06-30": "1996.42200", "2010-03-31": "1948.38800", "2009-12-31": "1968.35500", "2009-09-30": "2024.68600", "2009-06-30": "2056.05900", "2009-03-31": "2013.92800", "2008-12-31": "2022.39400", "2008-09-30": "2033.81700", "2008-06-30": "2018.96000", "2008-03-31": "2011.17600", "2007-12-31": "1981.79600", "2007-09-30": "2068.49800", "2007-06-30": "2035.41900", "2007-03-31": "1897.07100", "2006-12-31": "1786.10500", "2006-09-30": "1780.33500", "2006-06-30": "1636.94000", "2006-03-31": "1535.16500", "2005-12-31": "1470.22200", "2005-09-30": "1386.37200", "2005-06-30": "1380.52200", "2005-03-31": "1354.46800"}, "Long-Term Investments": {"2020-12-31": "3054.85500", "2020-09-30": "2920.86900", "2020-06-30": "2788.64500", "2020-03-31": "2853.11100", "2019-12-31": "2806.19500", "2019-09-30": "2734.34200", "2019-06-30": "2649.63500", "2019-03-31": "2536.13300", "2018-12-31": "2459.87400", "2018-09-30": "2423.17600", "2018-06-30": "2347.49800", "2018-03-31": "2318.92400", "2017-12-31": "2276.13600", "2017-09-30": "2239.09500", "2017-06-30": "2139.25500", "2017-03-31": "2031.59800", "2016-12-31": "2077.39400", "2016-09-30": "2014.48500", "2016-06-30": "1937.01900", "2016-03-31": "1802.61000", "2015-12-31": "1787.03600", "2015-09-30": "1691.01300", "2015-06-30": "1657.09300", "2015-03-31": "1573.68200", "2014-12-31": "1541.33400", "2014-09-30": "1521.94500", "2014-06-30": "1457.86900", "2014-03-31": "1387.12500", "2013-12-31": "1361.46900", "2013-09-30": "1327.04700", "2013-06-30": "1348.42600", "2013-03-31": "1337.10300", "2012-12-31": "1290.15900", "2012-09-30": "1198.03100", "2012-06-30": "1055.83800", "2012-03-31": "1025.34300", "2011-12-31": "966.99500", "2011-09-30": "922.08500", "2011-06-30": "871.10200", "2011-03-31": "861.67700", "2010-12-31": "849.40500", "2010-09-30": "803.14600", "2010-06-30": "786.28600", "2010-03-31": "776.80400", "2009-12-31": "766.54300", "2009-09-30": "731.92900", "2009-06-30": "725.92500", "2009-03-31": "746.65300", "2008-12-31": "738.44900", "2008-09-30": "792.45700", "2008-06-30": "815.52000", "2008-03-31": "819.37500", "2007-12-31": "821.25200", "2007-09-30": "823.56200", "2007-06-30": "844.76700", "2007-03-31": "860.50000", "2006-12-31": "869.86200", "2006-09-30": "848.29700", "2006-06-30": "880.48900", "2006-03-31": "905.31900", "2005-12-31": "902.81490", "2005-09-30": "898.49300", "2005-06-30": "946.37400", "2005-03-31": "980.38490"}, "Goodwill And Intangible Assets": {"2020-12-31": "", "2020-09-30": "", "2020-06-30": "", "2020-03-31": "", "2019-12-31": "", "2019-09-30": "", "2019-06-30": "", "2019-03-31": "", "2018-12-31": "", "2018-09-30": "", "2018-06-30": "", "2018-03-31": "", "2017-12-31": "", "2017-09-30": "", "2017-06-30": "", "2017-03-31": "", "2016-12-31": "", "2016-09-30": "", "2016-06-30": "", "2016-03-31": "", "2015-12-31": "", "2015-09-30": "", "2015-06-30": "", "2015-03-31": "", "2014-12-31": "", "2014-09-30": "", "2014-06-30": "", "2014-03-31": "", "2013-12-31": "", "2013-09-30": "", "2013-06-30": "", "2013-03-31": "", "2012-12-31": "", "2012-09-30": "", "2012-06-30": "", "2012-03-31": "", "2011-12-31": "", "2011-09-30": "", "2011-06-30": "", "2011-03-31": "", "2010-12-31": "", "2010-09-30": "", "2010-06-30": "", "2010-03-31": "", "2009-12-31": "", "2009-09-30": "", "2009-06-30": "", "2009-03-31": "", "2008-12-31": "", "2008-09-30": "", "2008-06-30": "", "2008-03-31": "", "2007-12-31": "", "2007-09-30": "", "2007-06-30": "", "2007-03-31": "", "2006-12-31": "", "2006-09-30": "", "2006-06-30": "", "2006-03-31": "", "2005-12-31": "", "2005-09-30": "", "2005-06-30": "", "2005-03-31": ""}, "Other Long-Term Assets": {"2020-12-31": "79.22400", "2020-09-30": "103.71100", "2020-06-30": "79.82100", "2020-03-31": "106.74000", "2019-12-31": "119.80900", "2019-09-30": "85.33400", "2019-06-30": "104.39100", "2019-03-31": "109.24300", "2018-12-31": "121.99500", "2018-09-30": "210.73200", "2018-06-30": "278.80600", "2018-03-31": "278.05800", "2017-12-31": "136.51700", "2017-09-30": "182.69000", "2017-06-30": "180.41500", "2017-03-31": "183.69300", "2016-12-31": "169.75400", "2016-09-30": "165.77100", "2016-06-30": "161.27900", "2016-03-31": "162.94400", "2015-12-31": "183.66600", "2015-09-30": "177.42500", "2015-06-30": "230.75000", "2015-03-31": "247.94700", "2014-12-31": "297.71600", "2014-09-30": "282.30600", "2014-06-30": "266.55500", "2014-03-31": "267.21200", "2013-12-31": "265.43300", "2013-09-30": "273.42100", "2013-06-30": "255.87100", "2013-03-31": "282.02100", "2012-12-31": "277.06400", "2012-09-30": "277.00300", "2012-06-30": "270.70700", "2012-03-31": "436.68200", "2011-12-31": "421.77700", "2011-09-30": "403.51500", "2011-06-30": "433.57100", "2011-03-31": "468.60100", "2010-12-31": "490.38600", "2010-09-30": "440.03700", "2010-06-30": "443.59400", "2010-03-31": "449.45100", "2009-12-31": "469.22000", "2009-09-30": "423.26600", "2009-06-30": "431.26800", "2009-03-31": "437.64600", "2008-12-31": "439.75800", "2008-09-30": "414.91100", "2008-06-30": "427.65200", "2008-03-31": "433.37500", "2007-12-31": "460.52600", "2007-09-30": "437.35500", "2007-06-30": "565.54900", "2007-03-31": "340.30200", "2006-12-31": "334.77000", "2006-09-30": "355.30600", "2006-06-30": "352.65700", "2006-03-31": "372.56200", "2005-12-31": "364.48600", "2005-09-30": "355.06400", "2005-06-30": "383.61400", "2005-03-31": "337.56100"}, "Total Long-Term Assets": {"2020-12-31": "12268.95000", "2020-09-30": "12146.84000", "2020-06-30": "11992.20000", "2020-03-31": "12093.01000", "2019-12-31": "11870.42000", "2019-09-30": "11811.88000", "2019-06-30": "11422.49000", "2019-03-31": "10715.62000", "2018-12-31": "10195.51000", "2018-09-30": "10187.32000", "2018-06-30": "9864.72100", "2018-03-31": "9538.48900", "2017-12-31": "9025.15200", "2017-09-30": "8936.04200", "2017-06-30": "8637.08900", "2017-03-31": "8322.78600", "2016-12-31": "7969.86900", "2016-09-30": "7732.97100", "2016-06-30": "7530.84100", "2016-03-31": "7119.45100", "2015-12-31": "6650.92100", "2015-09-30": "6338.78700", "2015-06-30": "6268.39800", "2015-03-31": "6044.68800", "2014-12-31": "5815.97600", "2014-09-30": "5724.08400", "2014-06-30": "5516.83200", "2014-03-31": "5182.25500", "2013-12-31": "4934.46800", "2013-09-30": "4742.97500", "2013-06-30": "4639.97600", "2013-03-31": "4467.22100", "2012-12-31": "4295.70400", "2012-09-30": "4126.47700", "2012-06-30": "3892.98000", "2012-03-31": "3898.30400", "2011-12-31": "3732.19000", "2011-09-30": "3620.56900", "2011-06-30": "3572.77800", "2011-03-31": "3477.72100", "2010-12-31": "3409.63100", "2010-09-30": "3299.88900", "2010-06-30": "3265.20700", "2010-03-31": "3213.83700", "2009-12-31": "3240.66200", "2009-09-30": "3220.84800", "2009-06-30": "3258.68400", "2009-03-31": "3243.22000", "2008-12-31": "3248.64800", "2008-09-30": "3281.32800", "2008-06-30": "3295.65200", "2008-03-31": "3299.50400", "2007-12-31": "3302.02100", "2007-09-30": "3373.30200", "2007-06-30": "3486.38000", "2007-03-31": "3142.38700", "2006-12-31": "3033.20300", "2006-09-30": "3037.66500", "2006-06-30": "2922.55600", "2006-03-31": "2860.86700", "2005-12-31": "2785.64000", "2005-09-30": "2688.52800", "2005-06-30": "2763.21400", "2005-03-31": "2724.95700"}, "Total Assets": {"2020-12-31": "14447.30000", "2020-09-30": "14123.48000", "2020-06-30": "13712.36000", "2020-03-31": "13438.02000", "2019-12-31": "12994.32000", "2019-09-30": "12856.20000", "2019-06-30": "12474.74000", "2019-03-31": "11891.71000", "2018-12-31": "11645.76000", "2018-09-30": "11323.84000", "2018-06-30": "11001.48000", "2018-03-31": "10747.42000", "2017-12-31": "10496.96000", "2017-09-30": "10082.89000", "2017-06-30": "9801.14000", "2017-03-31": "9405.84000", "2016-12-31": "9287.31700", "2016-09-30": "9007.11800", "2016-06-30": "8543.80900", "2016-03-31": "8109.28800", "2015-12-31": "7762.53400", "2015-09-30": "7600.54500", "2015-06-30": "7090.63400", "2015-03-31": "6872.17500", "2014-12-31": "6906.53200", "2014-09-30": "6869.79100", "2014-06-30": "6528.68200", "2014-03-31": "5998.97800", "2013-12-31": "5874.10900", "2013-09-30": "5776.34500", "2013-06-30": "5578.76200", "2013-03-31": "5306.60100", "2012-12-31": "5219.30500", "2012-09-30": "5136.96400", "2012-06-30": "4838.83600", "2012-03-31": "4654.05100", "2011-12-31": "4634.00200", "2011-09-30": "4403.13700", "2011-06-30": "4174.45600", "2011-03-31": "4191.43300", "2010-12-31": "4155.53000", "2010-09-30": "3939.40000", "2010-06-30": "3879.54000", "2010-03-31": "3762.45400", "2009-12-31": "3969.68900", "2009-09-30": "3929.90400", "2009-06-30": "3839.44900", "2009-03-31": "3825.07300", "2008-12-31": "3896.36000", "2008-09-30": "3977.49600", "2008-06-30": "3879.39100", "2008-03-31": "3832.48700", "2007-12-31": "3789.34300", "2007-09-30": "3878.84700", "2007-06-30": "3953.38300", "2007-03-31": "3523.04800", "2006-12-31": "3672.49600", "2006-09-30": "3704.11200", "2006-06-30": "3509.11400", "2006-03-31": "3367.21800", "2005-12-31": "3366.20700", "2005-09-30": "3305.72000", "2005-06-30": "3318.08800", "2005-03-31": "3116.17300"}, "Total Current Liabilities": {"2020-12-31": "608.76500", "2020-09-30": "630.66600", "2020-06-30": "582.35600", "2020-03-31": "554.35300", "2019-12-31": "551.77000", "2019-09-30": "546.26000", "2019-06-30": "591.13900", "2019-03-31": "556.87300", "2018-12-31": "517.36000", "2018-09-30": "535.18500", "2018-06-30": "518.03300", "2018-03-31": "511.11500", "2017-12-31": "469.95500", "2017-09-30": "441.01000", "2017-06-30": "432.12200", "2017-03-31": "450.54100", "2016-12-31": "435.00000", "2016-09-30": "438.92100", "2016-06-30": "480.11600", "2016-03-31": "502.53800", "2015-12-31": "446.04400", "2015-09-30": "508.45300", "2015-06-30": "470.92500", "2015-03-31": "496.37000", "2014-12-31": "353.56400", "2014-09-30": "387.84400", "2014-06-30": "450.97200", "2014-03-31": "357.95400", "2013-12-31": "351.79600", "2013-09-30": "362.49300", "2013-06-30": "366.30200", "2013-03-31": "358.49100", "2012-12-31": "326.18200", "2012-09-30": "372.75600", "2012-06-30": "382.01200", "2012-03-31": "335.32600", "2011-12-31": "344.20500", "2011-09-30": "330.67100", "2011-06-30": "324.02090", "2011-03-31": "304.00600", "2010-12-31": "311.30400", "2010-09-30": "328.76100", "2010-06-30": "338.79400", "2010-03-31": "296.05710", "2009-12-31": "280.70400", "2009-09-30": "308.98800", "2009-06-30": "305.54300", "2009-03-31": "329.22700", "2008-12-31": "325.05900", "2008-09-30": "280.62000", "2008-06-30": "299.13700", "2008-03-31": "292.52600", "2007-12-31": "269.29300", "2007-09-30": "264.87600", "2007-06-30": "267.16300", "2007-03-31": "251.19700", "2006-12-31": "242.79800", "2006-09-30": "248.43800", "2006-06-30": "254.60400", "2006-03-31": "235.87800", "2005-12-31": "206.19200", "2005-09-30": "212.99800", "2005-06-30": "232.48900", "2005-03-31": "237.13400"}, "Long Term Debt": {"2020-12-31": "4678.22700", "2020-09-30": "4701.22500", "2020-06-30": "4777.96300", "2020-03-31": "4621.29100", "2019-12-31": "4548.60900", "2019-09-30": "4497.91200", "2019-06-30": "4343.93500", "2019-03-31": "4163.32300", "2018-12-31": "3975.76400", "2018-09-30": "3686.57200", "2018-06-30": "3586.12700", "2018-03-31": "3513.07600", "2017-12-31": "3493.90800", "2017-09-30": "3422.07700", "2017-06-30": "3386.85100", "2017-03-31": "3262.88000", "2016-12-31": "3198.43500", "2016-09-30": "2992.49000", "2016-06-30": "2827.05200", "2016-03-31": "2647.39600", "2015-12-31": "2424.67100", "2015-09-30": "2483.19000", "2015-06-30": "2192.67100", "2015-03-31": "2190.86900", "2014-12-31": "2364.51300", "2014-09-30": "2382.32300", "2014-06-30": "2185.36500", "2014-03-31": "1942.35900", "2013-12-31": "1862.86900", "2013-09-30": "1775.11900", "2013-06-30": "1737.27700", "2013-03-31": "1661.84500", "2012-12-31": "1667.00800", "2012-09-30": "1556.89100", "2012-06-30": "1540.53800", "2012-03-31": "1486.21100", "2011-12-31": "1507.97600", "2011-09-30": "1478.58100", "2011-06-30": "1412.50000", "2011-03-31": "1397.84200", "2010-12-31": "1417.97400", "2010-09-30": "1278.55500", "2010-06-30": "1338.63600", "2010-03-31": "1347.63500", "2009-12-31": "1537.90300", "2009-09-30": "1549.42500", "2009-06-30": "1534.32000", "2009-03-31": "1546.49000", "2008-12-31": "1560.55700", "2008-09-30": "1575.01200", "2008-06-30": "1492.75500", "2008-03-31": "1504.67700", "2007-12-31": "1427.25700", "2007-09-30": "1526.23900", "2007-06-30": "1657.33800", "2007-03-31": "1256.05200", "2006-12-31": "1298.65800", "2006-09-30": "1276.67800", "2006-06-30": "1121.55600", "2006-03-31": "1041.86600", "2005-12-31": "1018.66400", "2005-09-30": "942.05300", "2005-06-30": "1031.10700", "2005-03-31": "857.48200"}, "Other Non-Current Liabilities": {"2020-12-31": "3046.38500", "2020-09-30": "2858.89500", "2020-06-30": "2839.14300", "2020-03-31": "2810.05400", "2019-12-31": "2782.01500", "2019-09-30": "2754.04000", "2019-06-30": "2729.11800", "2019-03-31": "2692.97200", "2018-12-31": "2684.53400", "2018-09-30": "2701.56700", "2018-06-30": "2672.37200", "2018-03-31": "2622.13900", "2017-12-31": "2420.89000", "2017-09-30": "2383.15800", "2017-06-30": "2327.16300", "2017-03-31": "2208.97000", "2016-12-31": "2177.67000", "2016-09-30": "2141.46800", "2016-06-30": "2098.27200", "2016-03-31": "2031.55200", "2015-12-31": "1973.28200", "2015-09-30": "1895.04100", "2015-06-30": "1799.42200", "2015-03-31": "1755.69700", "2014-12-31": "1747.50600", "2014-09-30": "1751.94300", "2014-06-30": "1726.36900", "2014-03-31": "1707.31100", "2013-12-31": "1699.14900", "2013-09-30": "1693.13400", "2013-06-30": "1661.71200", "2013-03-31": "1633.13100", "2012-12-31": "1608.67300", "2012-09-30": "1535.95200", "2012-06-30": "1388.57600", "2012-03-31": "1394.17700", "2011-12-31": "1390.26100", "2011-09-30": "1205.21300", "2011-06-30": "1180.95100", "2011-03-31": "1198.09900", "2010-12-31": "1162.53300", "2010-09-30": "1119.90000", "2010-06-30": "1097.38600", "2010-03-31": "1093.87400", "2009-12-31": "1092.06700", "2009-09-30": "1082.59000", "2009-06-30": "1089.35900", "2009-03-31": "1094.60200", "2008-12-31": "1105.08000", "2008-09-30": "1108.16500", "2008-06-30": "1123.52500", "2008-03-31": "1139.03900", "2007-12-31": "1125.69200", "2007-09-30": "1147.41200", "2007-06-30": "1154.04900", "2007-03-31": "1168.05300", "2006-12-31": "1207.68100", "2006-09-30": "1230.84400", "2006-06-30": "1237.10900", "2006-03-31": "1264.43200", "2005-12-31": "1286.45100", "2005-09-30": "1308.57600", "2005-06-30": "1326.36600", "2005-03-31": "1331.85100"}, "Total Long Term Liabilities": {"2020-12-31": "9081.38500", "2020-09-30": "8887.18200", "2020-06-30": "8872.82000", "2020-03-31": "8662.95100", "2019-12-31": "8339.33500", "2019-09-30": "8251.87400", "2019-06-30": "8014.58200", "2019-03-31": "7642.45100", "2018-12-31": "7436.36000", "2018-09-30": "7155.49300", "2018-06-30": "6987.30600", "2018-03-31": "6827.59900", "2017-12-31": "6613.83700", "2017-09-30": "6749.45800", "2017-06-30": "6605.95400", "2017-03-31": "6335.55500", "2016-12-31": "6191.61300", "2016-09-30": "5953.28300", "2016-06-30": "5644.40600", "2016-03-31": "5355.34400", "2015-12-31": "5091.55100", "2015-09-30": "4948.47400", "2015-06-30": "4570.64800", "2015-03-31": "4491.44600", "2014-12-31": "4646.56000", "2014-09-30": "4639.69400", "2014-06-30": "4403.25300", "2014-03-31": "4113.65600", "2013-12-31": "4027.89100", "2013-09-30": "3952.03300", "2013-06-30": "3866.16900", "2013-03-31": "3718.85100", "2012-12-31": "3702.62400", "2012-09-30": "3528.28700", "2012-06-30": "3342.16400", "2012-03-31": "3282.90500", "2011-12-31": "3288.61900", "2011-09-30": "3066.12400", "2011-06-30": "2930.69500", "2011-03-31": "2894.40700", "2010-12-31": "2859.02100", "2010-09-30": "2664.72500", "2010-06-30": "2675.63800", "2010-03-31": "2653.48600", "2009-12-31": "2867.87200", "2009-09-30": "2816.89900", "2009-06-30": "2782.75800", "2009-03-31": "2778.21700", "2008-12-31": "2817.67700", "2008-09-30": "2865.06400", "2008-06-30": "2779.40500", "2008-03-31": "2781.53000", "2007-12-31": "2707.19500", "2007-09-30": "2826.26200", "2007-06-30": "2940.73400", "2007-03-31": "2553.75300", "2006-12-31": "2641.17100", "2006-09-30": "2656.10500", "2006-06-30": "2500.39400", "2006-03-31": "2435.73600", "2005-12-31": "2460.05000", "2005-09-30": "2414.09300", "2005-06-30": "2488.42000", "2005-03-31": "2306.20000"}, "Total Liabilities": {"2020-12-31": "9690.15000", "2020-09-30": "9517.84700", "2020-06-30": "9455.17700", "2020-03-31": "9217.30400", "2019-12-31": "8891.10500", "2019-09-30": "8798.13400", "2019-06-30": "8605.72100", "2019-03-31": "8199.32400", "2018-12-31": "7953.72000", "2018-09-30": "7690.67800", "2018-06-30": "7505.33900", "2018-03-31": "7338.71400", "2017-12-31": "7083.79200", "2017-09-30": "7190.46800", "2017-06-30": "7038.07600", "2017-03-31": "6786.09600", "2016-12-31": "6626.61300", "2016-09-30": "6392.20400", "2016-06-30": "6124.52200", "2016-03-31": "5857.88200", "2015-12-31": "5537.59500", "2015-09-30": "5456.92700", "2015-06-30": "5041.57300", "2015-03-31": "4987.81600", "2014-12-31": "5000.12400", "2014-09-30": "5027.53800", "2014-06-30": "4854.22500", "2014-03-31": "4471.61000", "2013-12-31": "4379.68700", "2013-09-30": "4314.52600", "2013-06-30": "4232.47100", "2013-03-31": "4077.34200", "2012-12-31": "4028.80600", "2012-09-30": "3901.04300", "2012-06-30": "3724.17600", "2012-03-31": "3618.23100", "2011-12-31": "3632.82400", "2011-09-30": "3396.79500", "2011-06-30": "3254.71600", "2011-03-31": "3198.41300", "2010-12-31": "3170.32500", "2010-09-30": "2993.48600", "2010-06-30": "3014.43200", "2010-03-31": "2949.54300", "2009-12-31": "3148.57600", "2009-09-30": "3125.88700", "2009-06-30": "3088.30100", "2009-03-31": "3107.44400", "2008-12-31": "3142.73600", "2008-09-30": "3145.68400", "2008-06-30": "3078.54200", "2008-03-31": "3074.05600", "2007-12-31": "2976.48800", "2007-09-30": "3091.13800", "2007-06-30": "3207.89700", "2007-03-31": "2804.95000", "2006-12-31": "2883.96900", "2006-09-30": "2904.54300", "2006-06-30": "2754.99800", "2006-03-31": "2671.61400", "2005-12-31": "2666.24200", "2005-09-30": "2627.09100", "2005-06-30": "2720.90900", "2005-03-31": "2543.33400"}, "Common Stock Net": {"2020-12-31": "10.49700", "2020-09-30": "10.49700", "2020-06-30": "10.49700", "2020-03-31": "10.49700", "2019-12-31": "10.49700", "2019-09-30": "10.49700", "2019-06-30": "10.49700", "2019-03-31": "10.49700", "2018-12-31": "10.49700", "2018-09-30": "10.49700", "2018-06-30": "10.49700", "2018-03-31": "10.49700", "2017-12-31": "10.49700", "2017-09-30": "10.49700", "2017-06-30": "10.49700", "2017-03-31": "10.49700", "2016-12-31": "10.49700", "2016-09-30": "10.49700", "2016-06-30": "10.49700", "2016-03-31": "10.49700", "2015-12-31": "10.49700", "2015-09-30": "10.49700", "2015-06-30": "10.49700", "2015-03-31": "10.49700", "2014-12-31": "10.49700", "2014-09-30": "10.49700", "2014-06-30": "10.49700", "2014-03-31": "10.49700", "2013-12-31": "10.49700", "2013-09-30": "10.49700", "2013-06-30": "10.49700", "2013-03-31": "10.49700", "2012-12-31": "10.49700", "2012-09-30": "10.49700", "2012-06-30": "10.49700", "2012-03-31": "10.49700", "2011-12-31": "10.49700", "2011-09-30": "10.49700", "2011-06-30": "10.49700", "2011-03-31": "10.49700", "2010-12-31": "10.49700", "2010-09-30": "10.49700", "2010-06-30": "10.49700", "2010-03-31": "10.49700", "2009-12-31": "10.49700", "2009-09-30": "10.49700", "2009-06-30": "10.49700", "2009-03-31": "10.49700", "2008-12-31": "10.49700", "2008-09-30": "10.49700", "2008-06-30": "10.49700", "2008-03-31": "10.49700", "2007-12-31": "10.49700", "2007-09-30": "10.49700", "2007-06-30": "10.49700", "2007-03-31": "10.49700", "2006-12-31": "10.49700", "2006-09-30": "10.49700", "2006-06-30": "10.49700", "2006-03-31": "10.49700", "2005-12-31": "10.49700", "2005-09-30": "10.49700", "2005-06-30": "10.49700", "2005-03-31": "10.49700"}, "Retained Earnings (Accumulated Deficit)": {"2020-12-31": "4884.57900", "2020-09-30": "4740.80900", "2020-06-30": "4484.24800", "2020-03-31": "4399.40200", "2019-12-31": "4277.03400", "2019-09-30": "4255.90600", "2019-06-30": "4109.38400", "2019-03-31": "3976.96200", "2018-12-31": "3985.92700", "2018-09-30": "3917.08700", "2018-06-30": "3763.33900", "2018-03-31": "3635.56100", "2017-12-31": "3643.25300", "2017-09-30": "3124.15200", "2017-06-30": "3019.10000", "2017-03-31": "2892.89300", "2016-12-31": "2902.93200", "2016-09-30": "2857.28900", "2016-06-30": "2680.81400", "2016-03-31": "2533.64100", "2015-12-31": "2500.65900", "2015-09-30": "2418.89000", "2015-06-30": "2294.29100", "2015-03-31": "2142.60000", "2014-12-31": "2152.71400", "2014-09-30": "2086.17400", "2014-06-30": "1929.92700", "2014-03-31": "1805.45300", "2013-12-31": "1766.24200", "2013-09-30": "1733.58900", "2013-06-30": "1595.59800", "2013-03-31": "1482.63000", "2012-12-31": "1444.75700", "2012-09-30": "1505.33200", "2012-06-30": "1395.91300", "2012-03-31": "1317.06400", "2011-12-31": "1291.65900", "2011-09-30": "1310.41500", "2011-06-30": "1209.24000", "2011-03-31": "1140.00200", "2010-12-31": "1129.83900", "2010-09-30": "1114.31000", "2010-06-30": "1032.33200", "2010-03-31": "969.01700", "2009-12-31": "977.22800", "2009-09-30": "976.90300", "2009-06-30": "935.37600", "2009-03-31": "915.86200", "2008-12-31": "954.39000", "2008-09-30": "982.58300", "2008-06-30": "942.00000", "2008-03-31": "915.41500", "2007-12-31": "932.70300", "2007-09-30": "941.87000", "2007-06-30": "894.63700", "2007-03-31": "849.30000", "2006-12-31": "870.49300", "2006-09-30": "883.21400", "2006-06-30": "825.96400", "2006-03-31": "773.78400", "2005-12-31": "781.27300", "2005-09-30": "769.34400", "2005-06-30": "703.46300", "2005-03-31": "665.59300"}, "Comprehensive Income": {"2020-12-31": "85.91000", "2020-09-30": "78.15600", "2020-06-30": "-13.73200", "2020-03-31": "34.65200", "2019-12-31": "39.51700", "2019-09-30": "17.15100", "2019-06-30": "-23.87300", "2019-03-31": "-66.69800", "2018-12-31": "-74.70700", "2018-09-30": "-62.23800", "2018-06-30": "-45.96600", "2018-03-31": "-4.62300", "2017-12-31": "-9.91100", "2017-09-30": "-11.53400", "2017-06-30": "-35.09800", "2017-03-31": "-51.23600", "2016-12-31": "-21.03400", "2016-09-30": "-19.89000", "2016-06-30": "-40.12500", "2016-03-31": "-60.52500", "2015-12-31": "-59.06800", "2015-09-30": "-55.70600", "2015-06-30": "-22.81800", "2015-03-31": "-34.36500", "2014-12-31": "-27.35700", "2014-09-30": "-23.20100", "2014-06-30": "-33.04800", "2014-03-31": "-53.92300", "2013-12-31": "-46.19200", "2013-09-30": "-44.10900", "2013-06-30": "-20.09900", "2013-03-31": "-22.68000", "2012-12-31": "-22.19200", "2012-09-30": "-35.55200", "2012-06-30": "-46.39100", "2012-03-31": "-45.43600", "2011-12-31": "-53.61900", "2011-09-30": "-66.22100", "2011-06-30": "-51.24500", "2011-03-31": "-46.46700", "2010-12-31": "-43.06400", "2010-09-30": "-65.60400", "2010-06-30": "-66.70800", "2010-03-31": "-56.20700", "2009-12-31": "-56.18800", "2009-09-30": "-72.62700", "2009-06-30": "-83.27500", "2009-03-31": "-98.00000", "2008-12-31": "-100.10200", "2008-09-30": "-49.81900", "2008-06-30": "-40.22400", "2008-03-31": "-55.27900", "2007-12-31": "-40.81700", "2007-09-30": "-32.62800", "2007-06-30": "-26.74300", "2007-03-31": "-41.77900", "2006-12-31": "-40.65000", "2006-09-30": "-41.22200", "2006-06-30": "-28.35100", "2006-03-31": "-28.90200", "2005-12-31": "-29.60400", "2005-09-30": "-26.26000", "2005-06-30": "-38.58000", "2005-03-31": "-24.61200"}, "Other Share Holders Equity": {"2020-12-31": "0.00000", "2020-09-30": "0.00000", "2020-06-30": "", "2020-03-31": "0.00000", "2019-12-31": "", "2019-09-30": "-1.59700", "2019-06-30": "-2.87000", "2019-03-31": "-4.04800", "2018-12-31": "-5.14300", "2018-09-30": "-7.53500", "2018-06-30": "-6.93700", "2018-03-31": "-7.82300", "2017-12-31": "-5.64100", "2017-09-30": "-5.51700", "2017-06-30": "-6.10400", "2017-03-31": "-6.93200", "2016-12-31": "-6.05500", "2016-09-30": "-7.24100", "2016-06-30": "-6.02200", "2016-03-31": "-6.18600", "2015-12-31": "-0.99100", "2015-09-30": "-3.24300", "2015-06-30": "-5.46200", "2015-03-31": "-6.39100", "2014-12-31": "-0.95200", "2014-09-30": "-1.05200", "2014-06-30": "-1.13200", "2014-03-31": "-1.21900", "2013-12-31": "-1.31600", "2013-09-30": "-1.44600", "2013-06-30": "-1.57900", "2013-03-31": "-1.70600", "2012-12-31": "-1.83900", "2012-09-30": "-2.08200", "2012-06-30": "-2.23600", "2012-03-31": "-2.39800", "2011-12-31": "-2.55500", "2011-09-30": "-2.82600", "2011-06-30": "-3.10200", "2011-03-31": "-3.38200", "2010-12-31": "-3.67300", "2010-09-30": "-3.96200", "2010-06-30": "-4.25900", "2010-03-31": "-4.55400", "2009-12-31": "-4.85300", "2009-09-30": "-5.13200", "2009-06-30": "-5.40100", "2009-03-31": "-5.66500", "2008-12-31": "-5.94400", "2008-09-30": "-6.26400", "2008-06-30": "-6.58000", "2008-03-31": "-6.89500", "2007-12-31": "-7.21100", "2007-09-30": "-7.52600", "2007-06-30": "-7.83000", "2007-03-31": "-8.13400", "2006-12-31": "-8.44300", "2006-09-30": "-8.73000", "2006-06-30": "-9.05300", "2006-03-31": "-9.33800", "2005-12-31": "-9.64000", "2005-09-30": "-10.45600", "2005-06-30": "-10.45300", "2005-03-31": "-10.89100"}, "Share Holder Equity": {"2020-12-31": "4757.15500", "2020-09-30": "4605.63100", "2020-06-30": "4257.18200", "2020-03-31": "4220.72000", "2019-12-31": "4103.21700", "2019-09-30": "4058.06800", "2019-06-30": "3869.02300", "2019-03-31": "3692.38900", "2018-12-31": "3692.04000", "2018-09-30": "3633.16700", "2018-06-30": "3496.14500", "2018-03-31": "3408.70800", "2017-12-31": "3413.16700", "2017-09-30": "2892.42200", "2017-06-30": "2763.06400", "2017-03-31": "2619.74400", "2016-12-31": "2660.70400", "2016-09-30": "2614.91400", "2016-06-30": "2419.28700", "2016-03-31": "2251.40600", "2015-12-31": "2224.93900", "2015-09-30": "2143.61800", "2015-06-30": "2049.06100", "2015-03-31": "1884.35900", "2014-12-31": "1906.40800", "2014-09-30": "1842.25300", "2014-06-30": "1674.45700", "2014-03-31": "1527.36800", "2013-12-31": "1494.42200", "2013-09-30": "1461.81900", "2013-06-30": "1346.29100", "2013-03-31": "1229.25900", "2012-12-31": "1190.49900", "2012-09-30": "1235.92100", "2012-06-30": "1114.66000", "2012-03-31": "1035.82000", "2011-12-31": "1001.17800", "2011-09-30": "1006.34200", "2011-06-30": "919.74000", "2011-03-31": "993.02000", "2010-12-31": "985.20500", "2010-09-30": "945.91400", "2010-06-30": "865.10800", "2010-03-31": "812.91100", "2009-12-31": "821.11300", "2009-09-30": "804.01700", "2009-06-30": "751.14800", "2009-03-31": "717.62900", "2008-12-31": "753.62400", "2008-09-30": "831.81200", "2008-06-30": "800.84900", "2008-03-31": "758.43100", "2007-12-31": "812.85500", "2007-09-30": "787.70900", "2007-06-30": "745.48600", "2007-03-31": "718.09800", "2006-12-31": "788.52700", "2006-09-30": "799.56900", "2006-06-30": "754.11600", "2006-03-31": "695.60400", "2005-12-31": "699.96500", "2005-09-30": "678.62900", "2005-06-30": "597.17900", "2005-03-31": "572.83900"}, "Total Liabilities And Share Holders Equity": {"2020-12-31": "14447.30000", "2020-09-30": "14123.48000", "2020-06-30": "13712.36000", "2020-03-31": "13438.02000", "2019-12-31": "12994.32000", "2019-09-30": "12856.20000", "2019-06-30": "12474.74000", "2019-03-31": "11891.71000", "2018-12-31": "11645.76000", "2018-09-30": "11323.84000", "2018-06-30": "11001.48000", "2018-03-31": "10747.42000", "2017-12-31": "10496.96000", "2017-09-30": "10082.89000", "2017-06-30": "9801.14000", "2017-03-31": "9405.84000", "2016-12-31": "9287.31700", "2016-09-30": "9007.11800", "2016-06-30": "8543.80900", "2016-03-31": "8109.28800", "2015-12-31": "7762.53400", "2015-09-30": "7600.54500", "2015-06-30": "7090.63400", "2015-03-31": "6872.17500", "2014-12-31": "6906.53200", "2014-09-30": "6869.79100", "2014-06-30": "6528.68200", "2014-03-31": "5998.97800", "2013-12-31": "5874.10900", "2013-09-30": "5776.34500", "2013-06-30": "5578.76200", "2013-03-31": "5306.60100", "2012-12-31": "5219.30500", "2012-09-30": "5136.96400", "2012-06-30": "4838.83600", "2012-03-31": "4654.05100", "2011-12-31": "4634.00200", "2011-09-30": "4403.13700", "2011-06-30": "4174.45600", "2011-03-31": "4191.43300", "2010-12-31": "4155.53000", "2010-09-30": "3939.40000", "2010-06-30": "3879.54000", "2010-03-31": "3762.45400", "2009-12-31": "3969.68900", "2009-09-30": "3929.90400", "2009-06-30": "3839.44900", "2009-03-31": "3825.07300", "2008-12-31": "3896.36000", "2008-09-30": "3977.49600", "2008-06-30": "3879.39100", "2008-03-31": "3832.48700", "2007-12-31": "3789.34300", "2007-09-30": "3878.84700", "2007-06-30": "3953.38300", "2007-03-31": "3523.04800", "2006-12-31": "3672.49600", "2006-09-30": "3704.11200", "2006-06-30": "3509.11400", "2006-03-31": "3367.21800", "2005-12-31": "3366.20700", "2005-09-30": "3305.72000", "2005-06-30": "3318.08800", "2005-03-31": "3116.17300"}}, "cash flow statement": {"Net Income/Loss": {"2020-03-31": "442.04800", "2019-03-31": "370.85700", "2018-03-31": "790.58300", "2017-03-31": "398.42400", "2016-03-31": "489.00100", "2015-03-31": "356.74100", "2014-03-31": "342.39100", "2013-03-31": "264.70800", "2012-03-31": "205.36700", "2011-03-31": "183.57500", "2010-03-31": "65.62300", "2009-03-31": "13.41000", "2008-03-31": "67.78400", "2007-03-31": "90.55300", "2006-03-31": "121.15400", "2005-03-31": "89.42400"}, "Total Depreciation And Amortization - Cash Flow": {"2020-03-31": "713.08200", "2019-03-31": "626.61100", "2018-03-31": "596.24100", "2017-03-31": "523.62800", "2016-03-31": "416.08400", "2015-03-31": "376.24300", "2014-03-31": "313.15100", "2013-03-31": "277.86800", "2012-03-31": "243.58000", "2011-03-31": "221.81800", "2010-03-31": "237.15800", "2009-03-31": "260.96300", "2008-03-31": "240.97900", "2007-03-31": "203.24400", "2006-03-31": "157.83300", "2005-03-31": "146.60300"}, "Other Non-Cash Items": {"2020-03-31": "325.18200", "2019-03-31": "118.15400", "2018-03-31": "-369.69200", "2017-03-31": "158.04700", "2016-03-31": "53.79800", "2015-03-31": "-12.07000", "2014-03-31": "30.12800", "2013-03-31": "-16.30200", "2012-03-31": "55.90100", "2011-03-31": "56.05900", "2010-03-31": "13.70600", "2009-03-31": "25.42400", "2008-03-31": "2.76100", "2007-03-31": "26.38800", "2006-03-31": "55.98600", "2005-03-31": "63.23500"}, "Total Non-Cash Items": {"2020-03-31": "1038.26400", "2019-03-31": "744.76500", "2018-03-31": "226.54900", "2017-03-31": "681.67500", "2016-03-31": "469.88200", "2015-03-31": "364.17300", "2014-03-31": "343.27900", "2013-03-31": "261.56600", "2012-03-31": "299.48100", "2011-03-31": "277.87700", "2010-03-31": "250.86400", "2009-03-31": "286.38700", "2008-03-31": "243.74000", "2007-03-31": "229.63200", "2006-03-31": "213.81900", "2005-03-31": "209.83800"}, "Change In Accounts Receivable": {"2020-03-31": "38.12900", "2019-03-31": "-31.36500", "2018-03-31": "-15.32900", "2017-03-31": "-2.89000", "2016-03-31": "14.76500", "2015-03-31": "9.63200", "2014-03-31": "62.50600", "2013-03-31": "36.32200", "2012-03-31": "-77.11500", "2011-03-31": "-5.96600", "2010-03-31": "18.11200", "2009-03-31": "-11.06900", "2008-03-31": "-16.52400", "2007-03-31": "48.38600", "2006-03-31": "10.66100", "2005-03-31": "32.18900"}, "Change In Inventories": {"2020-03-31": "1.77600", "2019-03-31": "-13.49200", "2018-03-31": "-12.38400", "2017-03-31": "-4.07200", "2016-03-31": "-9.00900", "2015-03-31": "-1.57900", "2014-03-31": "-11.49500", "2013-03-31": "1.20600", "2012-03-31": "-0.17300", "2011-03-31": "-6.43100", "2010-03-31": "17.91200", "2009-03-31": "-6.19200", "2008-03-31": "-2.44500", "2007-03-31": "-4.76100", "2006-03-31": "-3.59600", "2005-03-31": "-9.85600"}, "Change In Accounts Payable": {"2020-03-31": "", "2019-03-31": "", "2018-03-31": "", "2017-03-31": "", "2016-03-31": "", "2015-03-31": "", "2014-03-31": "", "2013-03-31": "", "2012-03-31": "", "2011-03-31": "", "2010-03-31": "", "2009-03-31": "", "2008-03-31": "", "2007-03-31": "", "2006-03-31": "", "2005-03-31": ""}, "Change In Assets/Liabilities": {"2020-03-31": "-440.17400", "2019-03-31": "-105.44500", "2018-03-31": "-14.75500", "2017-03-31": "-13.51200", "2016-03-31": "43.39500", "2015-03-31": "-68.74500", "2014-03-31": "-39.08000", "2013-03-31": "88.17400", "2012-03-31": "222.81300", "2011-03-31": "111.26100", "2010-03-31": "53.10600", "2009-03-31": "-6.28900", "2008-03-31": "29.42200", "2007-03-31": "-30.13300", "2006-03-31": "-108.12600", "2005-03-31": "-4.87600"}, "Total Change In Assets/Liabilities": {"2020-03-31": "-404.79900", "2019-03-31": "-140.03900", "2018-03-31": "-79.44800", "2017-03-31": "-20.64400", "2016-03-31": "86.46300", "2015-03-31": "38.18500", "2014-03-31": "48.29600", "2013-03-31": "135.25600", "2012-03-31": "164.99400", "2011-03-31": "111.41100", "2010-03-31": "86.03400", "2009-03-31": "-25.37100", "2008-03-31": "17.76300", "2007-03-31": "30.53600", "2006-03-31": "-64.46500", "2005-03-31": "-78.56500"}, "Cash Flow From Operating Activities": {"2020-03-31": "1075.51300", "2019-03-31": "975.58300", "2018-03-31": "937.68400", "2017-03-31": "1059.45500", "2016-03-31": "1045.34600", "2015-03-31": "759.09900", "2014-03-31": "733.96600", "2013-03-31": "661.53000", "2012-03-31": "669.84200", "2011-03-31": "572.86300", "2010-03-31": "402.52100", "2009-03-31": "274.42600", "2008-03-31": "329.28700", "2007-03-31": "350.72100", "2006-03-31": "270.50800", "2005-03-31": "220.69700"}, "Net Change In Property, Plant, And Equipment": {"2020-03-31": "-1626.00600", "2019-03-31": "-1264.33200", "2018-03-31": "-663.09800", "2017-03-31": "-956.08400", "2016-03-31": "-963.76810", "2015-03-31": "-640.09200", "2014-03-31": "-730.17800", "2013-03-31": "-435.68700", "2012-03-31": "-428.27600", "2011-03-31": "-298.27500", "2010-03-31": "-118.16100", "2009-03-31": "-269.11600", "2008-03-31": "-406.01000", "2007-03-31": "-551.80200", "2006-03-31": "-248.03400", "2005-03-31": "-25.13700"}, "Net Change In Intangible Assets": {"2020-03-31": "", "2019-03-31": "", "2018-03-31": "", "2017-03-31": "", "2016-03-31": "", "2015-03-31": "", "2014-03-31": "", "2013-03-31": "", "2012-03-31": "", "2011-03-31": "", "2010-03-31": "", "2009-03-31": "", "2008-03-31": "", "2007-03-31": "", "2006-03-31": "", "2005-03-31": ""}, "Net Acquisitions/Divestitures": {"2020-03-31": "", "2019-03-31": "", "2018-03-31": "", "2017-03-31": "", "2016-03-31": "", "2015-03-31": "", "2014-03-31": "", "2013-03-31": "", "2012-03-31": "", "2011-03-31": "", "2010-03-31": "", "2009-03-31": "", "2008-03-31": "", "2007-03-31": "", "2006-03-31": "", "2005-03-31": ""}, "Net Change In Short-term Investments": {"2020-03-31": "-2.17000", "2019-03-31": "11.98900", "2018-03-31": "4.23400", "2017-03-31": "19.87900", "2016-03-31": "12.28100", "2015-03-31": "-2.49600", "2014-03-31": "-1.63800", "2013-03-31": "5.88200", "2012-03-31": "9.27100", "2011-03-31": "56.44700", "2010-03-31": "-3.40800", "2009-03-31": "-21.94000", "2008-03-31": "0.94700", "2007-03-31": "28.20000", "2006-03-31": "68.40700", "2005-03-31": "-4.62800"}, "Net Change In Long-Term Investments": {"2020-03-31": "-108.23600", "2019-03-31": "-407.21800", "2018-03-31": "-224.88500", "2017-03-31": "-316.47700", "2016-03-31": "-330.80500", "2015-03-31": "-126.56700", "2014-03-31": "-162.86100", "2013-03-31": "-297.41100", "2012-03-31": "-93.16100", "2011-03-31": "-106.74000", "2010-03-31": "-1.01500", "2009-03-31": "90.67900", "2008-03-31": "47.38700", "2007-03-31": "7.18600", "2006-03-31": "-93.75300", "2005-03-31": "47.52000"}, "Net Change In Investments - Total": {"2020-03-31": "-110.40600", "2019-03-31": "-395.22890", "2018-03-31": "-220.65100", "2017-03-31": "-296.59800", "2016-03-31": "-318.52400", "2015-03-31": "-129.06300", "2014-03-31": "-164.49900", "2013-03-31": "-291.52900", "2012-03-31": "-83.89000", "2011-03-31": "-50.29300", "2010-03-31": "-4.42300", "2009-03-31": "68.73900", "2008-03-31": "48.33400", "2007-03-31": "35.38600", "2006-03-31": "-25.34600", "2005-03-31": "42.89200"}, "Investing Activities - Other": {"2020-03-31": "-30.23700", "2019-03-31": "88.42500", "2018-03-31": "-14.55500", "2017-03-31": "68.77400", "2016-03-31": "22.61000", "2015-03-31": "13.89400", "2014-03-31": "48.04600", "2013-03-31": "15.00300", "2012-03-31": "-69.97100", "2011-03-31": "-25.40200", "2010-03-31": "4.60600", "2009-03-31": "-20.81500", "2008-03-31": "-0.28600", "2007-03-31": "-1.20300", "2006-03-31": "14.54400", "2005-03-31": "18.42100"}, "Cash Flow From Investing Activities": {"2020-03-31": "-1766.64900", "2019-03-31": "-1571.13600", "2018-03-31": "-898.30400", "2017-03-31": "-1183.90800", "2016-03-31": "-1259.68200", "2015-03-31": "-755.26100", "2014-03-31": "-846.63100", "2013-03-31": "-712.21300", "2012-03-31": "-582.13700", "2011-03-31": "-373.97000", "2010-03-31": "-117.97800", "2009-03-31": "-221.19200", "2008-03-31": "-357.96200", "2007-03-31": "-517.61900", "2006-03-31": "-258.83600", "2005-03-31": "36.17600"}, "Net Long-Term Debt": {"2020-03-31": "463.64400", "2019-03-31": "294.13200", "2018-03-31": "-154.35000", "2017-03-31": "162.23600", "2016-03-31": "240.90800", "2015-03-31": "-57.38900", "2014-03-31": "84.88200", "2013-03-31": "-14.28800", "2012-03-31": "27.56400", "2011-03-31": "21.45800", "2010-03-31": "-233.87000", "2009-03-31": "31.15700", "2008-03-31": "321.32300", "2007-03-31": "214.11700", "2006-03-31": "183.70500", "2005-03-31": "-84.05000"}, "Net Current Debt": {"2020-03-31": "", "2019-03-31": "", "2018-03-31": "", "2017-03-31": "", "2016-03-31": "", "2015-03-31": "", "2014-03-31": "", "2013-03-31": "", "2012-03-31": "", "2011-03-31": "", "2010-03-31": "", "2009-03-31": "", "2008-03-31": "", "2007-03-31": "", "2006-03-31": "", "2005-03-31": ""}, "Debt Issuance/Retirement Net - Total": {"2020-03-31": "463.64400", "2019-03-31": "294.13200", "2018-03-31": "-154.35000", "2017-03-31": "162.23600", "2016-03-31": "240.90800", "2015-03-31": "-57.38900", "2014-03-31": "84.88200", "2013-03-31": "-14.28800", "2012-03-31": "27.56400", "2011-03-31": "21.45800", "2010-03-31": "-233.87000", "2009-03-31": "31.15700", "2008-03-31": "321.32300", "2007-03-31": "214.11700", "2006-03-31": "183.70500", "2005-03-31": "-84.05000"}, "Net Common Equity Issued/Repurchased": {"2020-03-31": "", "2019-03-31": "", "2018-03-31": "", "2017-03-31": "", "2016-03-31": "", "2015-03-31": "", "2014-03-31": "", "2013-03-31": "", "2012-03-31": "", "2011-03-31": "", "2010-03-31": "", "2009-03-31": "0.25400", "2008-03-31": "-56.23900", "2007-03-31": "-47.90200", "2006-03-31": "1.55300", "2005-03-31": "1.13500"}, "Net Total Equity Issued/Repurchased": {"2020-03-31": "", "2019-03-31": "", "2018-03-31": "", "2017-03-31": "", "2016-03-31": "", "2015-03-31": "", "2014-03-31": "", "2013-03-31": "", "2012-03-31": "-144.28900", "2011-03-31": "", "2010-03-31": "", "2009-03-31": "0.25400", "2008-03-31": "-56.23900", "2007-03-31": "-47.90200", "2006-03-31": "1.55300", "2005-03-31": "1.13500"}, "Total Common And Preferred Stock Dividends Paid": {"2020-03-31": "-29.40400", "2019-03-31": "-39.17900", "2018-03-31": "-29.38000", "2017-03-31": "-58.75700", "2016-03-31": "-78.37400", "2015-03-31": "-19.59400", "2014-03-31": "-19.56800", "2013-03-31": "-97.42100", "2012-03-31": "-22.39700", "2011-03-31": "-12.41200", "2010-03-31": "-12.85600", "2009-03-31": "-12.96300", "2008-03-31": "-12.96300", "2007-03-31": "-12.96300", "2006-03-31": "-12.96300", "2005-03-31": "-29.16700"}, "Financial Activities - Other": {"2020-03-31": "78.08000", "2019-03-31": "259.62900", "2018-03-31": "200.33400", "2017-03-31": "120.27400", "2016-03-31": "226.33800", "2015-03-31": "30.64500", "2014-03-31": "78.89600", "2013-03-31": "269.49200", "2012-03-31": "26.37700", "2011-03-31": "-69.81400", "2010-03-31": "-36.93000", "2009-03-31": "-36.28000", "2008-03-31": "-92.19200", "2007-03-31": "-65.56700", "2006-03-31": "-84.27700", "2005-03-31": "-170.41500"}, "Cash Flow From Financial Activities": {"2020-03-31": "512.32000", "2019-03-31": "514.58200", "2018-03-31": "16.60400", "2017-03-31": "223.75300", "2016-03-31": "388.87200", "2015-03-31": "-46.33800", "2014-03-31": "144.21000", "2013-03-31": "157.78300", "2012-03-31": "-112.74500", "2011-03-31": "-60.76800", "2010-03-31": "-283.65600", "2009-03-31": "-17.83200", "2008-03-31": "159.92900", "2007-03-31": "87.68500", "2006-03-31": "88.01800", "2005-03-31": "-282.49700"}, "Net Cash Flow": {"2020-03-31": "-179.34900", "2019-03-31": "-85.68700", "2018-03-31": "61.58200", "2017-03-31": "97.16000", "2016-03-31": "158.79600", "2015-03-31": "-53.26200", "2014-03-31": "31.36800", "2013-03-31": "106.56400", "2012-03-31": "-25.33400", "2011-03-31": "138.39600", "2010-03-31": "3.53100", "2009-03-31": "33.96500", "2008-03-31": "131.35000", "2007-03-31": "-80.18700", "2006-03-31": "99.50400", "2005-03-31": "-25.60200"}, "Stock-Based Compensation": {"2020-03-31": "", "2019-03-31": "", "2018-03-31": "", "2017-03-31": "", "2016-03-31": "", "2015-03-31": "", "2014-03-31": "", "2013-03-31": "", "2012-03-31": "", "2011-03-31": "", "2010-03-31": "", "2009-03-31": "", "2008-03-31": "", "2007-03-31": "", "2006-03-31": "", "2005-03-31": ""}, "Common Stock Dividends Paid": {"2020-03-31": "-29.40400", "2019-03-31": "-39.17900", "2018-03-31": "-29.38000", "2017-03-31": "-58.75700", "2016-03-31": "-78.37400", "2015-03-31": "-19.59400", "2014-03-31": "-19.56800", "2013-03-31": "-97.42100", "2012-03-31": "-19.48400", "2011-03-31": "", "2010-03-31": "", "2009-03-31": "", "2008-03-31": "", "2007-03-31": "", "2006-03-31": "", "2005-03-31": ""}}, "cash flow statement, quarterly": {"Net Income/Loss": {"2020-12-31": 182.985, "2020-09-30": 266.365, "2020-06-30": "87.72600", "2020-03-31": 122.368, "2019-12-31": 30.932, "2019-09-30": 156.326, "2019-06-30": "132.42200", "2019-03-31": 0.831, "2018-12-31": 78.635, "2018-09-30": 163.542, "2018-06-30": "127.84900", "2018-03-31": 10.843, "2017-12-31": 528.894, "2017-09-30": 124.639, "2017-06-30": "126.20700", "2017-03-31": 9.548, "2016-12-31": 65.228, "2016-09-30": 176.475, "2016-06-30": "147.17300", "2016-03-31": 52.568, "2015-12-31": 81.769, "2015-09-30": 183.379, "2015-06-30": "171.28500", "2015-03-31": 9.48, "2014-12-31": 66.54, "2014-09-30": 156.247, "2014-06-30": "124.47400", "2014-03-31": 39.211, "2013-12-31": 52.221, "2013-09-30": 137.991, "2013-06-30": "112.96800", "2013-03-31": 37.873, "2012-12-31": 36.846, "2012-09-30": 109.42, "2012-06-30": "80.56900", "2012-03-31": 25.405, "2011-12-31": 0.728, "2011-09-30": 101.011, "2011-06-30": "78.22300", "2011-03-31": 13.246, "2010-12-31": 18.608, "2010-09-30": 85.219, "2010-06-30": "66.50200", "2010-03-31": -5.02, "2009-12-31": 3.52, "2009-09-30": 44.691, "2009-06-30": "22.43200", "2009-03-31": -35.288, "2008-12-31": -24.952, "2008-09-30": 43.824, "2008-06-30": "29.82600", "2008-03-31": -14.048, "2007-12-31": -10.394, "2007-09-30": 50.474, "2007-06-30": "41.75200", "2007-03-31": -15.879, "2006-12-31": -9.48, "2006-09-30": 60.491, "2006-06-30": "55.42100", "2006-03-31": 1.8, "2005-12-31": 15.17, "2005-09-30": 69.122, "2005-06-30": "35.06200", "2005-03-31": 89.424}, "Total Depreciation And Amortization - Cash Flow": {"2020-12-31": 175.287, "2020-09-30": 175.886, "2020-06-30": "178.47500", "2020-03-31": 184.581, "2019-12-31": 180.511, "2019-09-30": 180.32, "2019-06-30": "167.67000", "2019-03-31": 163.651, "2018-12-31": 155.177, "2018-09-30": 154.827, "2018-06-30": "152.95600", "2018-03-31": 164.314, "2017-12-31": 148.211, "2017-09-30": 145.04, "2017-06-30": "138.67600", "2017-03-31": 147.189, "2016-12-31": 127.2, "2016-09-30": 126.315, "2016-06-30": "122.92400", "2016-03-31": 110.644, "2015-12-31": 100.642, "2015-09-30": 102.311, "2015-06-30": "102.48700", "2015-03-31": 103.176, "2014-12-31": 91.976, "2014-09-30": 92.897, "2014-06-30": "88.19400", "2014-03-31": 84.686, "2013-12-31": 77.207, "2013-09-30": 78.576, "2013-06-30": "72.68200", "2013-03-31": 76.221, "2012-12-31": 67.621, "2012-09-30": 67.574, "2012-06-30": "66.45200", "2012-03-31": 65.842, "2011-12-31": 60.639, "2011-09-30": 58.656, "2011-06-30": "58.44300", "2011-03-31": 56.744, "2010-12-31": 54.95, "2010-09-30": 54.954, "2010-06-30": "55.17000", "2010-03-31": 56.252, "2009-12-31": 58.914, "2009-09-30": 62.196, "2009-06-30": "59.79600", "2009-03-31": 68.767, "2008-12-31": 65.85, "2008-09-30": 64.005, "2008-06-30": "62.34100", "2008-03-31": 60.925, "2007-12-31": 59.677, "2007-09-30": 61.227, "2007-06-30": "59.15000", "2007-03-31": 55.002, "2006-12-31": 51.246, "2006-09-30": 50.704, "2006-06-30": "46.29200", "2006-03-31": 43.808, "2005-12-31": 37.944, "2005-09-30": 38.479, "2005-06-30": "37.60200", "2005-03-31": 146.603}, "Other Non-Cash Items": {"2020-12-31": 34.915, "2020-09-30": 39.663, "2020-06-30": "39.78000", "2020-03-31": 245.647, "2019-12-31": 15.907, "2019-09-30": 44.062, "2019-06-30": "19.56600", "2019-03-31": 13.587, "2018-12-31": 24.13, "2018-09-30": 47.239, "2018-06-30": "33.19800", "2018-03-31": -3.162, "2017-12-31": -434.761, "2017-09-30": 54.194, "2017-06-30": "14.03700", "2017-03-31": 64.132, "2016-12-31": 0.232, "2016-09-30": 85.695, "2016-06-30": "7.98800", "2016-03-31": -17.756, "2015-12-31": 116.25, "2015-09-30": -21.361, "2015-06-30": "-23.33500", "2015-03-31": -29.401, "2014-12-31": 56.314, "2014-09-30": -19.244, "2014-06-30": "-19.73900", "2014-03-31": 11.02, "2013-12-31": -4.324, "2013-09-30": 4.959, "2013-06-30": "18.47300", "2013-03-31": -20.107, "2012-12-31": -10.013, "2012-09-30": 16.756, "2012-06-30": "-2.93800", "2012-03-31": -17.816, "2011-12-31": 7.111, "2011-09-30": 45.874, "2011-06-30": "20.73200", "2011-03-31": 16.915, "2010-12-31": 0.715, "2010-09-30": 22.136, "2010-06-30": "16.29300", "2010-03-31": -23.844, "2009-12-31": -1.105, "2009-09-30": 32.601, "2009-06-30": "6.05400", "2009-03-31": -11.719, "2008-12-31": -14.299, "2008-09-30": 33.093, "2008-06-30": "18.34900", "2008-03-31": -5.788, "2007-12-31": -12.383, "2007-09-30": 25.651, "2007-06-30": "-4.71900", "2007-03-31": 3.149, "2006-12-31": -8.511, "2006-09-30": 17.939, "2006-06-30": "13.81100", "2006-03-31": -18.401, "2005-12-31": 9.965, "2005-09-30": 36.146, "2005-06-30": "28.27600", "2005-03-31": 63.235}, "Total Non-Cash Items": {"2020-12-31": 210.2021, "2020-09-30": 215.549, "2020-06-30": "218.25500", "2020-03-31": 430.228, "2019-12-31": 196.418, "2019-09-30": 224.382, "2019-06-30": "187.23600", "2019-03-31": 177.238, "2018-12-31": 179.307, "2018-09-30": 202.066, "2018-06-30": "186.15400", "2018-03-31": 161.152, "2017-12-31": -286.55, "2017-09-30": 199.234, "2017-06-30": "152.71300", "2017-03-31": 211.321, "2016-12-31": 127.432, "2016-09-30": 212.01, "2016-06-30": "130.91200", "2016-03-31": 92.888, "2015-12-31": 216.892, "2015-09-30": 80.95, "2015-06-30": "79.15200", "2015-03-31": 73.775, "2014-12-31": 148.29, "2014-09-30": 73.653, "2014-06-30": "68.45500", "2014-03-31": 95.706, "2013-12-31": 72.883, "2013-09-30": 83.535, "2013-06-30": "91.15500", "2013-03-31": 56.114, "2012-12-31": 57.608, "2012-09-30": 84.33, "2012-06-30": "63.51400", "2012-03-31": 48.026, "2011-12-31": 67.75, "2011-09-30": 104.53, "2011-06-30": "79.17500", "2011-03-31": 73.659, "2010-12-31": 55.665, "2010-09-30": 77.09, "2010-06-30": "71.46300", "2010-03-31": 32.408, "2009-12-31": 57.809, "2009-09-30": 94.797, "2009-06-30": "65.85000", "2009-03-31": 57.048, "2008-12-31": 51.551, "2008-09-30": 97.098, "2008-06-30": "80.69000", "2008-03-31": 55.137, "2007-12-31": 47.294, "2007-09-30": 86.878, "2007-06-30": "54.43100", "2007-03-31": 58.151, "2006-12-31": 42.735, "2006-09-30": 68.643, "2006-06-30": "60.10300", "2006-03-31": 25.407, "2005-12-31": 47.909, "2005-09-30": 74.625, "2005-06-30": "65.87800", "2005-03-31": 209.838}, "Change In Accounts Receivable": {"2020-12-31": -11.071, "2020-09-30": -4.894, "2020-06-30": "-23.53400", "2020-03-31": 13.37, "2019-12-31": 22.401, "2019-09-30": 20.735, "2019-06-30": "-18.37700", "2019-03-31": -32.966, "2018-12-31": 15.745, "2018-09-30": 0.399, "2018-06-30": "-14.54300", "2018-03-31": 12.355, "2017-12-31": -11.789, "2017-09-30": -7.025, "2017-06-30": "-8.87000", "2017-03-31": 21.057, "2016-12-31": -15.845, "2016-09-30": 6.036, "2016-06-30": "-14.13800", "2016-03-31": 6.197, "2015-12-31": -5.05, "2015-09-30": 33.028, "2015-06-30": "-19.41000", "2015-03-31": 7.737, "2014-12-31": -11.501, "2014-09-30": 14.113, "2014-06-30": "-0.71700", "2014-03-31": 29.139, "2013-12-31": 8.806, "2013-09-30": 47.276, "2013-06-30": "-22.71500", "2013-03-31": -35.387, "2012-12-31": 38.293, "2012-09-30": 9.93, "2012-06-30": "23.48600", "2012-03-31": 68.612, "2011-12-31": -123.774, "2011-09-30": 15.193, "2011-06-30": "-37.14600", "2011-03-31": 28.581, "2010-12-31": -28.578, "2010-09-30": 9.376, "2010-06-30": "-15.34500", "2010-03-31": 7.634, "2009-12-31": -1.439, "2009-09-30": 23.807, "2009-06-30": "-11.89000", "2009-03-31": -4.718, "2008-12-31": -12.673, "2008-09-30": 12.211, "2008-06-30": "-5.88900", "2008-03-31": -21.415, "2007-12-31": 9.958, "2007-09-30": 0.842, "2007-06-30": "-5.90900", "2007-03-31": 29.343, "2006-12-31": 0.671, "2006-09-30": 0.624, "2006-06-30": "17.74800", "2006-03-31": 12.327, "2005-12-31": -4.867, "2005-09-30": 6.089, "2005-06-30": "-2.88800", "2005-03-31": 32.189}, "Change In Inventories": {"2020-12-31": -3.582, "2020-09-30": 0.142, "2020-06-30": "0.35000", "2020-03-31": 1.272, "2019-12-31": -0.646, "2019-09-30": -0.96, "2019-06-30": "2.11000", "2019-03-31": -7.173, "2018-12-31": -1.972, "2018-09-30": 2.823, "2018-06-30": "-7.17000", "2018-03-31": 0.692, "2017-12-31": 7.96, "2017-09-30": -9.054, "2017-06-30": "-11.98200", "2017-03-31": -4.068, "2016-12-31": 2.67, "2016-09-30": 1.717, "2016-06-30": "-4.39100", "2016-03-31": -5.122, "2015-12-31": -1.78, "2015-09-30": -1.967, "2015-06-30": "-0.14000", "2015-03-31": 0.474, "2014-12-31": -0.793, "2014-09-30": -0.699, "2014-06-30": "-0.56100", "2014-03-31": -2.633, "2013-12-31": -3.112, "2013-09-30": -3.842, "2013-06-30": "-1.90800", "2013-03-31": 0.51, "2012-12-31": 2.325, "2012-09-30": 3.074, "2012-06-30": "-4.70300", "2012-03-31": -0.346, "2011-12-31": -2.012, "2011-09-30": 2.578, "2011-06-30": "-0.39300", "2011-03-31": 1.107, "2010-12-31": -4.716, "2010-09-30": 0.461, "2010-06-30": "-3.28300", "2010-03-31": 4.846, "2009-12-31": 4.388, "2009-09-30": 2.117, "2009-06-30": "6.56100", "2009-03-31": 3.893, "2008-12-31": 1.914, "2008-09-30": -6.273, "2008-06-30": "-5.72600", "2008-03-31": -6.402, "2007-12-31": -0.505, "2007-09-30": 2.585, "2007-06-30": "1.87700", "2007-03-31": -1.679, "2006-12-31": 5.275, "2006-09-30": -5.156, "2006-06-30": "-3.20100", "2006-03-31": 3.68, "2005-12-31": -2.153, "2005-09-30": -2.877, "2005-06-30": "-2.24600", "2005-03-31": -9.856}, "Change In Accounts Payable": {"2020-12-31": 0, "2020-09-30": 0, "2020-06-30": "", "2020-03-31": 0, "2019-12-31": 0, "2019-09-30": 0, "2019-06-30": "", "2019-03-31": 0, "2018-12-31": 0, "2018-09-30": 0, "2018-06-30": "", "2018-03-31": 0, "2017-12-31": 0, "2017-09-30": 0, "2017-06-30": "", "2017-03-31": 0, "2016-12-31": 0, "2016-09-30": 0, "2016-06-30": "", "2016-03-31": 0, "2015-12-31": 0, "2015-09-30": 0, "2015-06-30": "", "2015-03-31": 0, "2014-12-31": 0, "2014-09-30": 0, "2014-06-30": "", "2014-03-31": 0, "2013-12-31": 0, "2013-09-30": 0, "2013-06-30": "", "2013-03-31": 0, "2012-12-31": 0, "2012-09-30": 0, "2012-06-30": "", "2012-03-31": 0, "2011-12-31": 0, "2011-09-30": 0, "2011-06-30": "", "2011-03-31": 0, "2010-12-31": 0, "2010-09-30": 0, "2010-06-30": "", "2010-03-31": 0, "2009-12-31": 0, "2009-09-30": 0, "2009-06-30": "", "2009-03-31": 0, "2008-12-31": 0, "2008-09-30": 0, "2008-06-30": "", "2008-03-31": 0, "2007-12-31": 0, "2007-09-30": 0, "2007-06-30": "", "2007-03-31": 0, "2006-12-31": 0, "2006-09-30": 0, "2006-06-30": "", "2006-03-31": 0, "2005-12-31": 0, "2005-09-30": 0, "2005-06-30": "", "2005-03-31": 0}, "Change In Assets/Liabilities": {"2020-12-31": 13.494, "2020-09-30": 124.304, "2020-06-30": "-10.98500", "2020-03-31": -384.448, "2019-12-31": -18.32, "2019-09-30": -25.225, "2019-06-30": "-12.18100", "2019-03-31": -224.821, "2018-12-31": 85.789, "2018-09-30": 42.637, "2018-06-30": "-9.05000", "2018-03-31": -19.868, "2017-12-31": -30.036, "2017-09-30": -21.415, "2017-06-30": "56.56400", "2017-03-31": -78.773, "2016-12-31": 30.044, "2016-09-30": -9.174, "2016-06-30": "44.39100", "2016-03-31": 44.506, "2015-12-31": -136.775, "2015-09-30": 44.994, "2015-06-30": "90.67000", "2015-03-31": 25.191, "2014-12-31": -105.726, "2014-09-30": 3.637, "2014-06-30": "8.15300", "2014-03-31": -27.845, "2013-12-31": -25.307, "2013-09-30": -27.539, "2013-06-30": "41.61100", "2013-03-31": -14.519, "2012-12-31": -39.123, "2012-09-30": -0.218, "2012-06-30": "142.03400", "2012-03-31": 18.454, "2011-12-31": 175.366, "2011-09-30": 17.484, "2011-06-30": "11.50900", "2011-03-31": -6.019, "2010-12-31": 110.645, "2010-09-30": 1.329, "2010-06-30": "5.30600", "2010-03-31": 57.317, "2009-12-31": -3.415, "2009-09-30": -5.103, "2009-06-30": "4.30700", "2009-03-31": -8.287, "2008-12-31": -9.051, "2008-09-30": 9.315, "2008-06-30": "1.73400", "2008-03-31": 3.609, "2007-12-31": -2.384, "2007-09-30": 23.053, "2007-06-30": "5.14400", "2007-03-31": -48.631, "2006-12-31": 19.751, "2006-09-30": -21.435, "2006-06-30": "20.18200", "2006-03-31": -73.984, "2005-12-31": -29.908, "2005-09-30": 53.29, "2005-06-30": "-57.52400", "2005-03-31": -4.876}, "Total Change In Assets/Liabilities": {"2020-12-31": -18.976, "2020-09-30": 190.343, "2020-06-30": "24.10400", "2020-03-31": -430.064, "2019-12-31": -12.133, "2019-09-30": -23.87, "2019-06-30": "61.26800", "2019-03-31": -81.181, "2018-12-31": -81.924, "2018-09-30": -32.601, "2018-06-30": "55.66700", "2018-03-31": -73.332, "2017-12-31": -85.941, "2017-09-30": -17.591, "2017-06-30": "97.41600", "2017-03-31": -92.727, "2016-12-31": -14.442, "2016-09-30": 3.564, "2016-06-30": "82.96100", "2016-03-31": 45.57, "2015-12-31": -177.509, "2015-09-30": 93.285, "2015-06-30": "125.11700", "2015-03-31": 153.672, "2014-12-31": -171.905, "2014-09-30": -44.461, "2014-06-30": "100.87900", "2014-03-31": 37.798, "2013-12-31": -47.251, "2013-09-30": 22.599, "2013-06-30": "35.15000", "2013-03-31": -8.744, "2012-12-31": -57.602, "2012-09-30": -7.196, "2012-06-30": "208.79800", "2012-03-31": 98.761, "2011-12-31": 9.824, "2011-09-30": 60.388, "2011-06-30": "-3.97900", "2011-03-31": 21.529, "2010-12-31": 32.484, "2010-09-30": 21.512, "2010-06-30": "35.88600", "2010-03-31": 62.445, "2009-12-31": -2.308, "2009-09-30": 19.957, "2009-06-30": "5.94000", "2009-03-31": -0.239, "2008-12-31": -19.126, "2008-09-30": -17.203, "2008-06-30": "11.19700", "2008-03-31": -14.692, "2007-12-31": -13.7, "2007-09-30": 35.211, "2007-06-30": "10.94400", "2007-03-31": -2.31, "2006-12-31": 25.124, "2006-09-30": -26.958, "2006-06-30": "34.68000", "2006-03-31": -10.069, "2005-12-31": -32.669, "2005-09-30": 27.514, "2005-06-30": "-49.24100", "2005-03-31": -78.565}, "Cash Flow From Operating Activities": {"2020-12-31": 374.211, "2020-09-30": 672.257, "2020-06-30": "330.08500", "2020-03-31": 122.532, "2019-12-31": 215.217, "2019-09-30": 356.838, "2019-06-30": "380.92600", "2019-03-31": 96.888, "2018-12-31": 176.018, "2018-09-30": 333.007, "2018-06-30": "369.67000", "2018-03-31": 98.663, "2017-12-31": 156.403, "2017-09-30": 306.282, "2017-06-30": "376.33600", "2017-03-31": 128.142, "2016-12-31": 178.218, "2016-09-30": 392.049, "2016-06-30": "361.04600", "2016-03-31": 191.026, "2015-12-31": 121.152, "2015-09-30": 357.614, "2015-06-30": "375.55400", "2015-03-31": 236.927, "2014-12-31": 42.925, "2014-09-30": 185.439, "2014-06-30": "293.80800", "2014-03-31": 172.715, "2013-12-31": 77.853, "2013-09-30": 244.125, "2013-06-30": "239.27300", "2013-03-31": 85.243, "2012-12-31": 36.852, "2012-09-30": 186.554, "2012-06-30": "352.88100", "2012-03-31": 172.192, "2011-12-31": 78.302, "2011-09-30": 265.929, "2011-06-30": "153.41900", "2011-03-31": 108.434, "2010-12-31": 106.757, "2010-09-30": 183.821, "2010-06-30": "173.85100", "2010-03-31": 89.833, "2009-12-31": 59.021, "2009-09-30": 159.445, "2009-06-30": "94.22200", "2009-03-31": 21.521, "2008-12-31": 7.473, "2008-09-30": 123.719, "2008-06-30": "121.71300", "2008-03-31": 26.397, "2007-12-31": 23.2, "2007-09-30": 172.563, "2007-06-30": "107.12700", "2007-03-31": 39.962, "2006-12-31": 58.379, "2006-09-30": 102.176, "2006-06-30": "150.20400", "2006-03-31": 17.138, "2005-12-31": 30.41, "2005-09-30": 171.261, "2005-06-30": "51.69900", "2005-03-31": 220.697}, "Net Change In Property, Plant, And Equipment": {"2020-12-31": -179.262, "2020-09-30": -174.627, "2020-06-30": "-173.52000", "2020-03-31": -307.768, "2019-12-31": -130.261, "2019-09-30": -501.466, "2019-06-30": "-686.51100", "2019-03-31": -500.31, "2018-12-31": -79.1701, "2018-09-30": -324.1709, "2018-06-30": "-360.68100", "2018-03-31": -287.231, "2017-12-31": 116.189, "2017-09-30": -156.299, "2017-06-30": "-335.75700", "2017-03-31": -373.478, "2016-12-31": -116.781, "2016-09-30": -173.07, "2016-06-30": "-292.75500", "2016-03-31": -375.5172, "2015-12-31": -247.1609, "2015-09-30": -82.628, "2015-06-30": "-258.46200", "2015-03-31": -225.393, "2014-12-31": -65.096, "2014-09-30": -130.393, "2014-06-30": "-219.21000", "2014-03-31": -253.5319, "2013-12-31": -195.1761, "2013-09-30": -99.422, "2013-06-30": "-182.04800", "2013-03-31": -179.369, "2012-12-31": -107.727, "2012-09-30": -53.235, "2012-06-30": "-95.35600", "2012-03-31": -141.33, "2011-12-31": -43.867, "2011-09-30": -82.332, "2011-06-30": "-160.74700", "2011-03-31": -110.161, "2010-12-31": -34.93, "2010-09-30": -62.961, "2010-06-30": "-90.22300", "2010-03-31": -35.687, "2009-12-31": 4.877, "2009-09-30": -1.612, "2009-06-30": "-85.73900", "2009-03-31": -58.873, "2008-12-31": -66.406, "2008-09-30": -83.873, "2008-06-30": "-59.96400", "2008-03-31": -97.161, "2007-12-31": -45.71, "2007-09-30": -92.317, "2007-06-30": "-170.82200", "2007-03-31": -177.414, "2006-12-31": -63.1, "2006-09-30": -173.858, "2006-06-30": "-137.43000", "2006-03-31": -85.577, "2005-12-31": -105.972, "2005-09-30": 3.114, "2005-06-30": "-59.59900", "2005-03-31": -25.137}, "Net Change In Intangible Assets": {"2020-12-31": 0, "2020-09-30": 0, "2020-06-30": "", "2020-03-31": 0, "2019-12-31": 0, "2019-09-30": 0, "2019-06-30": "", "2019-03-31": 0, "2018-12-31": 0, "2018-09-30": 0, "2018-06-30": "", "2018-03-31": 0, "2017-12-31": 0, "2017-09-30": 0, "2017-06-30": "", "2017-03-31": 0, "2016-12-31": 0, "2016-09-30": 0, "2016-06-30": "", "2016-03-31": 0, "2015-12-31": 0, "2015-09-30": 0, "2015-06-30": "", "2015-03-31": 0, "2014-12-31": 0, "2014-09-30": 0, "2014-06-30": "", "2014-03-31": 0, "2013-12-31": 0, "2013-09-30": 0, "2013-06-30": "", "2013-03-31": 0, "2012-12-31": 0, "2012-09-30": 0, "2012-06-30": "", "2012-03-31": 0, "2011-12-31": 0, "2011-09-30": 0, "2011-06-30": "", "2011-03-31": 0, "2010-12-31": 0, "2010-09-30": 0, "2010-06-30": "", "2010-03-31": 0, "2009-12-31": 0, "2009-09-30": 0, "2009-06-30": "", "2009-03-31": 0, "2008-12-31": 0, "2008-09-30": 0, "2008-06-30": "", "2008-03-31": 0, "2007-12-31": 0, "2007-09-30": 0, "2007-06-30": "", "2007-03-31": 0, "2006-12-31": 0, "2006-09-30": 0, "2006-06-30": "", "2006-03-31": 0, "2005-12-31": 0, "2005-09-30": 0, "2005-06-30": "", "2005-03-31": 0}, "Net Acquisitions/Divestitures": {"2020-12-31": 0, "2020-09-30": 0, "2020-06-30": "", "2020-03-31": 0, "2019-12-31": 0, "2019-09-30": 0, "2019-06-30": "", "2019-03-31": 0, "2018-12-31": 0, "2018-09-30": 0, "2018-06-30": "", "2018-03-31": 0, "2017-12-31": 0, "2017-09-30": 0, "2017-06-30": "", "2017-03-31": 0, "2016-12-31": 0, "2016-09-30": 0, "2016-06-30": "", "2016-03-31": 0, "2015-12-31": 0, "2015-09-30": 0, "2015-06-30": "", "2015-03-31": 0, "2014-12-31": 0, "2014-09-30": 0, "2014-06-30": "", "2014-03-31": 0, "2013-12-31": 0, "2013-09-30": 0, "2013-06-30": "", "2013-03-31": 0, "2012-12-31": 0, "2012-09-30": 0, "2012-06-30": "", "2012-03-31": 0, "2011-12-31": 0, "2011-09-30": 0, "2011-06-30": "", "2011-03-31": 0, "2010-12-31": 0, "2010-09-30": 0, "2010-06-30": "", "2010-03-31": 0, "2009-12-31": 0, "2009-09-30": 0, "2009-06-30": "", "2009-03-31": 0, "2008-12-31": 0, "2008-09-30": 0, "2008-06-30": "", "2008-03-31": 0, "2007-12-31": 0, "2007-09-30": 0, "2007-06-30": "", "2007-03-31": 0, "2006-12-31": 0, "2006-09-30": 0, "2006-06-30": "", "2006-03-31": 0, "2005-12-31": 0, "2005-09-30": 0, "2005-06-30": "", "2005-03-31": 0}, "Net Change In Short-term Investments": {"2020-12-31": -3.918, "2020-09-30": 11.135, "2020-06-30": "-7.17700", "2020-03-31": -1.572, "2019-12-31": 2.5, "2019-09-30": -1.391, "2019-06-30": "-1.70700", "2019-03-31": 4.471, "2018-12-31": 5.285, "2018-09-30": -3.793, "2018-06-30": "6.02600", "2018-03-31": -1.342, "2017-12-31": 1.414, "2017-09-30": -3.986, "2017-06-30": "8.14800", "2017-03-31": 19.295, "2016-12-31": 24.001, "2016-09-30": -25.72, "2016-06-30": "2.30300", "2016-03-31": 3.12, "2015-12-31": 14.609, "2015-09-30": -20.263, "2015-06-30": "14.81500", "2015-03-31": -20.088, "2014-12-31": 17.56, "2014-09-30": -0.306, "2014-06-30": "0.33800", "2014-03-31": -9.716, "2013-12-31": 0.201, "2013-09-30": 7.711, "2013-06-30": "0.16600", "2013-03-31": 14.765, "2012-12-31": -12.473, "2012-09-30": 4.564, "2012-06-30": "-0.97400", "2012-03-31": -8.357, "2011-12-31": 2.775, "2011-09-30": 1.339, "2011-06-30": "13.51400", "2011-03-31": 15.726, "2010-12-31": -27.955, "2010-09-30": 36.076, "2010-06-30": "32.60000", "2010-03-31": -13.79, "2009-12-31": -5.083, "2009-09-30": 5.725, "2009-06-30": "9.74000", "2009-03-31": -13.369, "2008-12-31": 25.359, "2008-09-30": 25.778, "2008-06-30": "-59.70800", "2008-03-31": -20.198, "2007-12-31": 4.591, "2007-09-30": 8.515, "2007-06-30": "8.03900", "2007-03-31": -0.455, "2006-12-31": -12.683, "2006-09-30": 11.838, "2006-06-30": "29.50000", "2006-03-31": 10.084, "2005-12-31": -28.94, "2005-09-30": 47.854, "2005-06-30": "39.40900", "2005-03-31": -4.628}, "Net Change In Long-Term Investments": {"2020-12-31": -85.72, "2020-09-30": 49.282, "2020-06-30": "15.97200", "2020-03-31": -33.625, "2019-12-31": -23.585, "2019-09-30": -12.769, "2019-06-30": "-38.25700", "2019-03-31": -105.004, "2018-12-31": -102.848, "2018-09-30": -103.001, "2018-06-30": "-96.36500", "2018-03-31": -55.532, "2017-12-31": -18.863, "2017-09-30": -39.577, "2017-06-30": "-110.91300", "2017-03-31": -45.412, "2016-12-31": -85.602, "2016-09-30": -14.189, "2016-06-30": "-171.27400", "2016-03-31": -47.807, "2015-12-31": -115.313, "2015-09-30": -150.783, "2015-06-30": "-16.90200", "2015-03-31": 15.905, "2014-12-31": -55.446, "2014-09-30": -42.952, "2014-06-30": "-44.07400", "2014-03-31": -81.442, "2013-12-31": 8.604, "2013-09-30": -68.47, "2013-06-30": "-21.55300", "2013-03-31": -68.362, "2012-12-31": -103.121, "2012-09-30": -100.356, "2012-06-30": "-25.57200", "2012-03-31": 56.114, "2011-12-31": -110.687, "2011-09-30": -30.064, "2011-06-30": "-8.52400", "2011-03-31": -6.081, "2010-12-31": -26.086, "2010-09-30": -35.955, "2010-06-30": "-38.61800", "2010-03-31": -1.094, "2009-12-31": -8.718, "2009-09-30": 1.872, "2009-06-30": "6.92500", "2009-03-31": 23.575, "2008-12-31": 8.531, "2008-09-30": -12.577, "2008-06-30": "71.15000", "2008-03-31": 26.1, "2007-12-31": 5.657, "2007-09-30": 7.695, "2007-06-30": "7.93500", "2007-03-31": 10.199, "2006-12-31": 3.964, "2006-09-30": 3.443, "2006-06-30": "-10.42000", "2006-03-31": -40.546, "2005-12-31": 4.513, "2005-09-30": -40.927, "2005-06-30": "-16.79300", "2005-03-31": 47.52}, "Net Change In Investments - Total": {"2020-12-31": -89.638, "2020-09-30": 60.417, "2020-06-30": "8.79500", "2020-03-31": -35.197, "2019-12-31": -21.085, "2019-09-30": -14.16, "2019-06-30": "-39.96400", "2019-03-31": -100.5329, "2018-12-31": -97.563, "2018-09-30": -106.794, "2018-06-30": "-90.33900", "2018-03-31": -56.874, "2017-12-31": -17.449, "2017-09-30": -43.563, "2017-06-30": "-102.76500", "2017-03-31": -26.117, "2016-12-31": -61.601, "2016-09-30": -39.909, "2016-06-30": "-168.97100", "2016-03-31": -44.687, "2015-12-31": -100.704, "2015-09-30": -171.046, "2015-06-30": "-2.08700", "2015-03-31": -4.183, "2014-12-31": -37.886, "2014-09-30": -43.258, "2014-06-30": "-43.73600", "2014-03-31": -91.158, "2013-12-31": 8.805, "2013-09-30": -60.759, "2013-06-30": "-21.38700", "2013-03-31": -53.597, "2012-12-31": -115.594, "2012-09-30": -95.792, "2012-06-30": "-26.54600", "2012-03-31": 47.757, "2011-12-31": -107.912, "2011-09-30": -28.725, "2011-06-30": "4.99000", "2011-03-31": 9.645, "2010-12-31": -54.041, "2010-09-30": 0.121, "2010-06-30": "-6.01800", "2010-03-31": -14.884, "2009-12-31": -13.801, "2009-09-30": 7.597, "2009-06-30": "16.66500", "2009-03-31": 10.206, "2008-12-31": 33.89, "2008-09-30": 13.201, "2008-06-30": "11.44200", "2008-03-31": 5.902, "2007-12-31": 10.248, "2007-09-30": 16.21, "2007-06-30": "15.97400", "2007-03-31": 9.744, "2006-12-31": -8.719, "2006-09-30": 15.281, "2006-06-30": "19.08000", "2006-03-31": -30.462, "2005-12-31": -24.427, "2005-09-30": 6.927, "2005-06-30": "22.61600", "2005-03-31": 42.892}, "Investing Activities - Other": {"2020-12-31": -24.717, "2020-09-30": -50.475, "2020-06-30": "-30.46700", "2020-03-31": -3.357, "2019-12-31": -17.092, "2019-09-30": -4.024, "2019-06-30": "-5.76400", "2019-03-31": 31.89, "2018-12-31": 42.261, "2018-09-30": 9.431, "2018-06-30": "4.84300", "2018-03-31": 23.719, "2017-12-31": -25.088, "2017-09-30": -42.245, "2017-06-30": "29.05900", "2017-03-31": -39.718, "2016-12-31": 0.11, "2016-09-30": 14.367, "2016-06-30": "94.01500", "2016-03-31": -11.531, "2015-12-31": 4.246, "2015-09-30": 98.428, "2015-06-30": "-68.53300", "2015-03-31": -19.298, "2014-12-31": 13.569, "2014-09-30": 12.625, "2014-06-30": "6.99800", "2014-03-31": 51.444, "2013-12-31": -45.817, "2013-09-30": 32.699, "2013-06-30": "9.72000", "2013-03-31": 10.643, "2012-12-31": 43.688, "2012-09-30": -36.423, "2012-06-30": "-2.90500", "2012-03-31": -110.854, "2011-12-31": 76.773, "2011-09-30": -17.68, "2011-06-30": "-18.21000", "2011-03-31": -34.199, "2010-12-31": 20.586, "2010-09-30": -8.984, "2010-06-30": "-2.80500", "2010-03-31": 3.63, "2009-12-31": -2.552, "2009-09-30": 3.963, "2009-06-30": "-0.43500", "2009-03-31": -13.834, "2008-12-31": 1.509, "2008-09-30": -3.714, "2008-06-30": "-4.77600", "2008-03-31": 0.217, "2007-12-31": -2.276, "2007-09-30": -0.684, "2007-06-30": "2.45700", "2007-03-31": 2.052, "2006-12-31": 0.058, "2006-09-30": 0.548, "2006-06-30": "-3.86100", "2006-03-31": 1.641, "2005-12-31": 1.488, "2005-09-30": 9.214, "2005-06-30": "2.20100", "2005-03-31": 18.421}, "Cash Flow From Investing Activities": {"2020-12-31": -293.617, "2020-09-30": -164.685, "2020-06-30": "-195.19200", "2020-03-31": -346.322, "2019-12-31": -168.438, "2019-09-30": -519.65, "2019-06-30": "-732.23900", "2019-03-31": -568.953, "2018-12-31": -134.472, "2018-09-30": -421.534, "2018-06-30": "-446.17700", "2018-03-31": -320.386, "2017-12-31": 73.652, "2017-09-30": -242.107, "2017-06-30": "-409.46300", "2017-03-31": -439.313, "2016-12-31": -178.272, "2016-09-30": -198.612, "2016-06-30": "-367.71100", "2016-03-31": -431.735, "2015-12-31": -343.619, "2015-09-30": -155.246, "2015-06-30": "-329.08200", "2015-03-31": -248.874, "2014-12-31": -89.413, "2014-09-30": -161.026, "2014-06-30": "-255.94800", "2014-03-31": -293.246, "2013-12-31": -232.188, "2013-09-30": -127.482, "2013-06-30": "-193.71500", "2013-03-31": -222.323, "2012-12-31": -179.633, "2012-09-30": -185.45, "2012-06-30": "-124.80700", "2012-03-31": -204.427, "2011-12-31": -75.006, "2011-09-30": -128.737, "2011-06-30": "-173.96700", "2011-03-31": -134.715, "2010-12-31": -68.385, "2010-09-30": -71.824, "2010-06-30": "-99.04600", "2010-03-31": -46.941, "2009-12-31": -11.476, "2009-09-30": 9.948, "2009-06-30": "-69.50900", "2009-03-31": -62.501, "2008-12-31": -31.007, "2008-09-30": -74.386, "2008-06-30": "-53.29800", "2008-03-31": -91.042, "2007-12-31": -37.738, "2007-09-30": -76.791, "2007-06-30": "-152.39100", "2007-03-31": -165.618, "2006-12-31": -71.761, "2006-09-30": -158.029, "2006-06-30": "-122.21100", "2006-03-31": -114.398, "2005-12-31": -128.911, "2005-09-30": 19.255, "2005-06-30": "-34.78200", "2005-03-31": 36.176}, "Net Long-Term Debt": {"2020-12-31": -27.28, "2020-09-30": -78.184, "2020-06-30": "154.40800", "2020-03-31": 68.302, "2019-12-31": 61.133, "2019-09-30": 156.059, "2019-06-30": "178.15000", "2019-03-31": 92.806, "2018-12-31": 218.895, "2018-09-30": 36.934, "2018-06-30": "-54.50300", "2018-03-31": -57.777, "2017-12-31": -17.449, "2017-09-30": -113.15, "2017-06-30": "34.02600", "2017-03-31": 14.523, "2016-12-31": 57.819, "2016-09-30": 72.287, "2016-06-30": "17.60700", "2016-03-31": 123.138, "2015-12-31": -78.221, "2015-09-30": 224.556, "2015-06-30": "-28.56500", "2015-03-31": -235.313, "2014-12-31": -80.073, "2014-09-30": 121.316, "2014-06-30": "136.68100", "2014-03-31": 37.876, "2013-12-31": 53.335, "2013-09-30": -22.066, "2013-06-30": "15.73700", "2013-03-31": -13.158, "2012-12-31": 91.402, "2012-09-30": -53.851, "2012-06-30": "-38.68100", "2012-03-31": -34.421, "2011-12-31": -14.256, "2011-09-30": 61.382, "2011-06-30": "14.85900", "2011-03-31": -27.374, "2010-12-31": 131.473, "2010-09-30": -61.263, "2010-06-30": "-21.37800", "2010-03-31": -198.086, "2009-12-31": -13.842, "2009-09-30": 2.666, "2009-06-30": "-24.60800", "2009-03-31": -17.356, "2008-12-31": -12.78, "2008-09-30": 83.298, "2008-06-30": "-22.00500", "2008-03-31": 76.882, "2007-12-31": -24.744, "2007-09-30": -131.309, "2007-06-30": "400.49400", "2007-03-31": -43.584, "2006-12-31": 19.963, "2006-09-30": 158.498, "2006-06-30": "79.24000", "2006-03-31": 21.6199, "2005-12-31": 77.079, "2005-09-30": -89.0569, "2005-06-30": "174.06300", "2005-03-31": -84.05}, "Net Current Debt": {"2020-12-31": 0, "2020-09-30": 0, "2020-06-30": "", "2020-03-31": 0, "2019-12-31": 0, "2019-09-30": 0, "2019-06-30": "", "2019-03-31": 0, "2018-12-31": 0, "2018-09-30": 0, "2018-06-30": "", "2018-03-31": 0, "2017-12-31": 0, "2017-09-30": 0, "2017-06-30": "", "2017-03-31": 0, "2016-12-31": 0, "2016-09-30": 0, "2016-06-30": "", "2016-03-31": 0, "2015-12-31": 0, "2015-09-30": 0, "2015-06-30": "", "2015-03-31": 0, "2014-12-31": 0, "2014-09-30": 0, "2014-06-30": "", "2014-03-31": 0, "2013-12-31": 0, "2013-09-30": 0, "2013-06-30": "", "2013-03-31": 0, "2012-12-31": 0, "2012-09-30": 0, "2012-06-30": "", "2012-03-31": 0, "2011-12-31": 0, "2011-09-30": 0, "2011-06-30": "", "2011-03-31": 0, "2010-12-31": 0, "2010-09-30": 0, "2010-06-30": "", "2010-03-31": 0, "2009-12-31": 0, "2009-09-30": 0, "2009-06-30": "", "2009-03-31": 0, "2008-12-31": 0, "2008-09-30": 0, "2008-06-30": "", "2008-03-31": 0, "2007-12-31": 0, "2007-09-30": 0, "2007-06-30": "", "2007-03-31": 0, "2006-12-31": 0, "2006-09-30": 0, "2006-06-30": "", "2006-03-31": 0, "2005-12-31": 0, "2005-09-30": 0, "2005-06-30": "", "2005-03-31": 0}, "Debt Issuance/Retirement Net - Total": {"2020-12-31": -27.28, "2020-09-30": -78.184, "2020-06-30": "154.40800", "2020-03-31": 68.302, "2019-12-31": 61.133, "2019-09-30": 156.059, "2019-06-30": "178.15000", "2019-03-31": 92.806, "2018-12-31": 218.895, "2018-09-30": 36.934, "2018-06-30": "-54.50300", "2018-03-31": -57.777, "2017-12-31": -17.449, "2017-09-30": -113.15, "2017-06-30": "34.02600", "2017-03-31": 14.523, "2016-12-31": 57.819, "2016-09-30": 72.287, "2016-06-30": "17.60700", "2016-03-31": 123.138, "2015-12-31": -78.221, "2015-09-30": 224.556, "2015-06-30": "-28.56500", "2015-03-31": -235.313, "2014-12-31": -80.073, "2014-09-30": 121.316, "2014-06-30": "136.68100", "2014-03-31": 37.876, "2013-12-31": 53.335, "2013-09-30": -22.066, "2013-06-30": "15.73700", "2013-03-31": -13.158, "2012-12-31": 91.402, "2012-09-30": -53.851, "2012-06-30": "-38.68100", "2012-03-31": -34.421, "2011-12-31": -14.256, "2011-09-30": 61.382, "2011-06-30": "14.85900", "2011-03-31": -27.374, "2010-12-31": 131.473, "2010-09-30": -61.263, "2010-06-30": "-21.37800", "2010-03-31": -198.086, "2009-12-31": -13.842, "2009-09-30": 2.666, "2009-06-30": "-24.60800", "2009-03-31": -17.356, "2008-12-31": -12.78, "2008-09-30": 83.298, "2008-06-30": "-22.00500", "2008-03-31": 76.882, "2007-12-31": -24.744, "2007-09-30": -131.309, "2007-06-30": "400.49400", "2007-03-31": -43.584, "2006-12-31": 19.963, "2006-09-30": 158.498, "2006-06-30": "79.24000", "2006-03-31": 21.6199, "2005-12-31": 77.079, "2005-09-30": -89.0569, "2005-06-30": "174.06300", "2005-03-31": -84.05}, "Net Common Equity Issued/Repurchased": {"2020-12-31": 0, "2020-09-30": 0, "2020-06-30": "", "2020-03-31": 0, "2019-12-31": 0, "2019-09-30": 0.131, "2019-06-30": "-0.13100", "2019-03-31": 0, "2018-12-31": 0, "2018-09-30": 0.057, "2018-06-30": "-0.05700", "2018-03-31": 0, "2017-12-31": 0, "2017-09-30": 0, "2017-06-30": "", "2017-03-31": 0, "2016-12-31": 0, "2016-09-30": 0, "2016-06-30": "", "2016-03-31": 0, "2015-12-31": 0, "2015-09-30": 0, "2015-06-30": "", "2015-03-31": 0, "2014-12-31": 0, "2014-09-30": 0, "2014-06-30": "", "2014-03-31": -0.39, "2013-12-31": 0.13, "2013-09-30": 0.133, "2013-06-30": "0.12700", "2013-03-31": 0, "2012-12-31": -0.316, "2012-09-30": 0.316, "2012-06-30": "", "2012-03-31": 0, "2011-12-31": 0, "2011-09-30": 0, "2011-06-30": "", "2011-03-31": 0, "2010-12-31": 0, "2010-09-30": 0, "2010-06-30": "", "2010-03-31": 0, "2009-12-31": -0.533, "2009-09-30": 0.533, "2009-06-30": "", "2009-03-31": 1.217, "2008-12-31": -0.963, "2008-09-30": 0, "2008-06-30": "", "2008-03-31": -22.273, "2007-12-31": 0, "2007-09-30": 0, "2007-06-30": "-33.96600", "2007-03-31": -47.902, "2006-12-31": 0, "2006-09-30": 0, "2006-06-30": "", "2006-03-31": 1.553, "2005-12-31": 0, "2005-09-30": 0, "2005-06-30": "", "2005-03-31": 1.135}, "Net Total Equity Issued/Repurchased": {"2020-12-31": 0, "2020-09-30": 0, "2020-06-30": "", "2020-03-31": 0, "2019-12-31": 0, "2019-09-30": 0.131, "2019-06-30": "-0.13100", "2019-03-31": 0, "2018-12-31": 0, "2018-09-30": 0.057, "2018-06-30": "-0.05700", "2018-03-31": 0, "2017-12-31": 0, "2017-09-30": 0, "2017-06-30": "", "2017-03-31": 0, "2016-12-31": 0, "2016-09-30": 0, "2016-06-30": "", "2016-03-31": 0, "2015-12-31": 0, "2015-09-30": 0, "2015-06-30": "", "2015-03-31": 0, "2014-12-31": 0, "2014-09-30": 0, "2014-06-30": "", "2014-03-31": -0.39, "2013-12-31": 0.13, "2013-09-30": 0.133, "2013-06-30": "0.12700", "2013-03-31": 0, "2012-12-31": -0.316, "2012-09-30": 0.316, "2012-06-30": "", "2012-03-31": 0, "2011-12-31": 0, "2011-09-30": 0, "2011-06-30": "-144.28900", "2011-03-31": 0, "2010-12-31": 0, "2010-09-30": 0, "2010-06-30": "", "2010-03-31": 0, "2009-12-31": 5.92, "2009-09-30": -5.92, "2009-06-30": "", "2009-03-31": 1.217, "2008-12-31": -0.304, "2008-09-30": -0.659, "2008-06-30": "", "2008-03-31": -22.273, "2007-12-31": 0, "2007-09-30": 0, "2007-06-30": "-33.96600", "2007-03-31": -47.902, "2006-12-31": 0, "2006-09-30": 0, "2006-06-30": "", "2006-03-31": 1.553, "2005-12-31": 0, "2005-09-30": 0, "2005-06-30": "", "2005-03-31": 1.135}, "Total Common And Preferred Stock Dividends Paid": {"2020-12-31": -39.215, "2020-09-30": -9.804, "2020-06-30": "", "2020-03-31": -9.804, "2019-12-31": 0, "2019-09-30": -9.804, "2019-06-30": "-9.79600", "2019-03-31": -9.794, "2018-12-31": 0, "2018-09-30": -19.59, "2018-06-30": "-9.79500", "2018-03-31": -9.793, "2017-12-31": 0, "2017-09-30": -19.587, "2017-06-30": "", "2017-03-31": -19.586, "2016-12-31": -19.585, "2016-09-30": 0, "2016-06-30": "-19.58600", "2016-03-31": 0, "2015-12-31": -58.78, "2015-09-30": -19.594, "2015-06-30": "", "2015-03-31": -19.594, "2014-12-31": 0, "2014-09-30": 0, "2014-06-30": "", "2014-03-31": -19.568, "2013-12-31": 0, "2013-09-30": 0, "2013-06-30": "", "2013-03-31": 0, "2012-12-31": -97.421, "2012-09-30": 0, "2012-06-30": "", "2012-03-31": -19.484, "2011-12-31": 0, "2011-09-30": 0.164, "2011-06-30": "-3.07700", "2011-03-31": -3.076, "2010-12-31": -3.079, "2010-09-30": -3.101, "2010-06-30": "-3.15600", "2010-03-31": -3.198, "2009-12-31": -9.658, "2009-09-30": 3.241, "2009-06-30": "-3.24100", "2009-03-31": -3.24, "2008-12-31": -3.241, "2008-09-30": -3.241, "2008-06-30": "-3.24100", "2008-03-31": -3.24, "2007-12-31": -3.241, "2007-09-30": -3.241, "2007-06-30": "-3.24100", "2007-03-31": -3.24, "2006-12-31": -3.241, "2006-09-30": -3.241, "2006-06-30": "-3.24100", "2006-03-31": -3.24, "2005-12-31": -3.241, "2005-09-30": -3.241, "2005-06-30": "-3.24100", "2005-03-31": -29.167}, "Financial Activities - Other": {"2020-12-31": 166.282, "2020-09-30": -32.31, "2020-06-30": "40.65500", "2020-03-31": 33.44, "2019-12-31": -2.122, "2019-09-30": 22.306, "2019-06-30": "24.45600", "2019-03-31": 73.65, "2018-12-31": 79.156, "2018-09-30": 70.663, "2018-06-30": "36.16000", "2018-03-31": 29.664, "2017-12-31": 42.739, "2017-09-30": 24.868, "2017-06-30": "103.06300", "2017-03-31": 15.878, "2016-12-31": 30.278, "2016-09-30": 15.535, "2016-06-30": "58.58300", "2016-03-31": 41.752, "2015-12-31": 77.483, "2015-09-30": 87.938, "2015-06-30": "19.16500", "2015-03-31": -15.8, "2014-12-31": 8.92, "2014-09-30": 13.519, "2014-06-30": "24.00600", "2014-03-31": -3.231, "2013-12-31": 22.828, "2013-09-30": 31.543, "2013-06-30": "27.75600", "2013-03-31": 28.032, "2012-12-31": 89.541, "2012-09-30": 131.801, "2012-06-30": "20.11800", "2012-03-31": -2.035, "2011-12-31": 1.009, "2011-09-30": 6.135, "2011-06-30": "21.26800", "2011-03-31": 33.835, "2010-12-31": -92.026, "2010-09-30": -5.867, "2010-06-30": "-5.75600", "2010-03-31": -9.984, "2009-12-31": -3.816, "2009-09-30": -12.446, "2009-06-30": "-10.68400", "2009-03-31": -10.513, "2008-12-31": -10.057, "2008-09-30": -5.095, "2008-06-30": "-10.61500", "2008-03-31": 16.39, "2007-12-31": 42.704, "2007-09-30": 80.606, "2007-06-30": "-231.89200", "2007-03-31": -16.525, "2006-12-31": -16.672, "2006-09-30": -14.626, "2006-06-30": "-17.74400", "2006-03-31": -14.208, "2005-12-31": -17.211, "2005-09-30": -40.632, "2005-06-30": "-12.22600", "2005-03-31": -170.415}, "Cash Flow From Financial Activities": {"2020-12-31": 99.787, "2020-09-30": -120.298, "2020-06-30": "195.06300", "2020-03-31": 91.938, "2019-12-31": 59.011, "2019-09-30": 168.692, "2019-06-30": "192.67900", "2019-03-31": 156.662, "2018-12-31": 298.051, "2018-09-30": 88.064, "2018-06-30": "-28.19500", "2018-03-31": -37.906, "2017-12-31": 25.29, "2017-09-30": -107.869, "2017-06-30": "137.08900", "2017-03-31": 10.815, "2016-12-31": 68.512, "2016-09-30": 87.822, "2016-06-30": "56.60400", "2016-03-31": 164.89, "2015-12-31": -59.518, "2015-09-30": 292.9, "2015-06-30": "-9.40000", "2015-03-31": -270.707, "2014-12-31": -71.153, "2014-09-30": 134.835, "2014-06-30": "160.68700", "2014-03-31": 14.687, "2013-12-31": 76.293, "2013-09-30": 9.61, "2013-06-30": "43.62000", "2013-03-31": 14.874, "2012-12-31": 83.206, "2012-09-30": 78.266, "2012-06-30": "-18.56300", "2012-03-31": -55.94, "2011-12-31": -13.247, "2011-09-30": 67.681, "2011-06-30": "-111.23900", "2011-03-31": 3.385, "2010-12-31": 36.368, "2010-09-30": -70.231, "2010-06-30": "-30.29000", "2010-03-31": -211.268, "2009-12-31": -21.396, "2009-09-30": -12.459, "2009-06-30": "-38.53300", "2009-03-31": -29.892, "2008-12-31": -26.382, "2008-09-30": 74.303, "2008-06-30": "-35.86100", "2008-03-31": 67.759, "2007-12-31": 14.719, "2007-09-30": -53.944, "2007-06-30": "131.39500", "2007-03-31": -111.251, "2006-12-31": 0.05, "2006-09-30": 140.631, "2006-06-30": "58.25500", "2006-03-31": 5.725, "2005-12-31": 56.627, "2005-09-30": -132.93, "2005-06-30": "158.59600", "2005-03-31": -282.497}, "Net Cash Flow": {"2020-12-31": 183.272, "2020-09-30": 390.494, "2020-06-30": "330.72200", "2020-03-31": -137.599, "2019-12-31": 106.72, "2019-09-30": 5.4, "2019-06-30": "-153.87000", "2019-03-31": -310.684, "2018-12-31": 331.945, "2018-09-30": 2.029, "2018-06-30": "-108.97700", "2018-03-31": -263.499, "2017-12-31": 254.536, "2017-09-30": -37.841, "2017-06-30": "108.38600", "2017-03-31": -286.379, "2016-12-31": 62.858, "2016-09-30": 275.139, "2016-06-30": "45.54200", "2016-03-31": -73.981, "2015-12-31": -287.02, "2015-09-30": 486.085, "2015-06-30": "33.71200", "2015-03-31": -287.173, "2014-12-31": -120.123, "2014-09-30": 156.561, "2014-06-30": "197.47300", "2014-03-31": -106.503, "2013-12-31": -77.961, "2013-09-30": 126.989, "2013-06-30": "88.84300", "2013-03-31": -122.38, "2012-12-31": -59.697, "2012-09-30": 79.506, "2012-06-30": "209.13500", "2012-03-31": -88.163, "2011-12-31": -9.868, "2011-09-30": 204.44, "2011-06-30": "-131.74300", "2011-03-31": -22.804, "2010-12-31": 75.558, "2010-09-30": 41.646, "2010-06-30": "43.99600", "2010-03-31": -167.583, "2009-12-31": 26.75, "2009-09-30": 158.234, "2009-06-30": "-13.87000", "2009-03-31": -70.93, "2008-12-31": -51.613, "2008-09-30": 123.338, "2008-06-30": "33.17000", "2008-03-31": 2.899, "2007-12-31": 0.379, "2007-09-30": 41.715, "2007-06-30": "86.35700", "2007-03-31": -237.859, "2006-12-31": -13.485, "2006-09-30": 84.758, "2006-06-30": "86.39900", "2006-03-31": -91.691, "2005-12-31": -41.983, "2005-09-30": 59.635, "2005-06-30": "173.54300", "2005-03-31": -25.602}, "Stock-Based Compensation": {"2020-12-31": 0, "2020-09-30": 0, "2020-06-30": "", "2020-03-31": 0, "2019-12-31": 0, "2019-09-30": 0, "2019-06-30": "", "2019-03-31": 0, "2018-12-31": 0, "2018-09-30": 0, "2018-06-30": "", "2018-03-31": 0, "2017-12-31": 0, "2017-09-30": 0, "2017-06-30": "", "2017-03-31": 0, "2016-12-31": 0, "2016-09-30": 0, "2016-06-30": "", "2016-03-31": 0, "2015-12-31": 0, "2015-09-30": 0, "2015-06-30": "", "2015-03-31": 0, "2014-12-31": 0, "2014-09-30": 0, "2014-06-30": "", "2014-03-31": 0, "2013-12-31": 0, "2013-09-30": 0, "2013-06-30": "", "2013-03-31": 0, "2012-12-31": 0, "2012-09-30": 0, "2012-06-30": "", "2012-03-31": 0, "2011-12-31": 0, "2011-09-30": 0, "2011-06-30": "", "2011-03-31": 0, "2010-12-31": 0, "2010-09-30": 0, "2010-06-30": "", "2010-03-31": 0, "2009-12-31": 0, "2009-09-30": 0, "2009-06-30": "", "2009-03-31": 0, "2008-12-31": 0, "2008-09-30": 0, "2008-06-30": "", "2008-03-31": 0, "2007-12-31": 0, "2007-09-30": 0, "2007-06-30": "", "2007-03-31": 0, "2006-12-31": 0, "2006-09-30": 0, "2006-06-30": "", "2006-03-31": 0, "2005-12-31": 0, "2005-09-30": 0, "2005-06-30": "", "2005-03-31": 0}, "Common Stock Dividends Paid": {"2020-12-31": -39.215, "2020-09-30": -9.804, "2020-06-30": "", "2020-03-31": -9.804, "2019-12-31": 0, "2019-09-30": -9.804, "2019-06-30": "-9.79600", "2019-03-31": -9.794, "2018-12-31": 0, "2018-09-30": -19.59, "2018-06-30": "-9.79500", "2018-03-31": -9.793, "2017-12-31": 0, "2017-09-30": -19.587, "2017-06-30": "", "2017-03-31": -19.586, "2016-12-31": -19.585, "2016-09-30": 0, "2016-06-30": "-19.58600", "2016-03-31": 0, "2015-12-31": -58.78, "2015-09-30": -19.594, "2015-06-30": "", "2015-03-31": -19.594, "2014-12-31": 0, "2014-09-30": 0, "2014-06-30": "", "2014-03-31": -19.568, "2013-12-31": 0, "2013-09-30": 0, "2013-06-30": "", "2013-03-31": 0, "2012-12-31": -97.421, "2012-09-30": 0, "2012-06-30": "", "2012-03-31": -19.484, "2011-12-31": 0, "2011-09-30": 0, "2011-06-30": "", "2011-03-31": 0, "2010-12-31": 0, "2010-09-30": 0, "2010-06-30": "", "2010-03-31": 0, "2009-12-31": 0, "2009-09-30": 0, "2009-06-30": "", "2009-03-31": 0, "2008-12-31": 0, "2008-09-30": 0, "2008-06-30": "", "2008-03-31": 0, "2007-12-31": 0, "2007-09-30": 0, "2007-06-30": "", "2007-03-31": 0, "2006-12-31": 0, "2006-09-30": 0, "2006-06-30": "", "2006-03-31": 0, "2005-12-31": 0, "2005-09-30": 0, "2005-06-30": "", "2005-03-31": 0}}, "financial ratios": {"Current Ratio": {"2020-03-31": "2.42630", "2019-03-31": "2.11200", "2018-03-31": "2.36530", "2017-03-31": "2.40390", "2016-03-31": "1.96970", "2015-03-31": "1.66710", "2014-03-31": "2.28160", "2013-03-31": "2.34140", "2012-03-31": "2.25380", "2011-03-31": "2.34770", "2010-03-31": "1.85310", "2009-03-31": "1.76730", "2008-03-31": "1.82200", "2007-03-31": "1.51540", "2006-03-31": "2.14670", "2005-03-31": "1.64980"}, "Long-term Debt / Capital": {"2020-03-31": "0.52270", "2019-03-31": "0.53000", "2018-03-31": "0.50750", "2017-03-31": "0.55470", "2016-03-31": "0.54040", "2015-03-31": "0.53760", "2014-03-31": "0.55980", "2013-03-31": "0.57480", "2012-03-31": "0.58930", "2011-03-31": "0.58470", "2010-03-31": "0.62370", "2009-03-31": "0.68300", "2008-03-31": "0.66490", "2007-03-31": "0.63620", "2006-03-31": "0.59960", "2005-03-31": "0.59950"}, "Debt/Equity Ratio": {"2020-03-31": "1.09490", "2019-03-31": "1.12750", "2018-03-31": "1.03060", "2017-03-31": "1.24550", "2016-03-31": "1.17590", "2015-03-31": "1.16270", "2014-03-31": "1.27170", "2013-03-31": "1.35190", "2012-03-31": "1.43480", "2011-03-31": "1.40770", "2010-03-31": "1.65780", "2009-03-31": "2.15500", "2008-03-31": "1.98390", "2007-03-31": "1.74910", "2006-03-31": "1.49780", "2005-03-31": "1.49690"}, "Gross Margin": {"2020-03-31": "31.02730", "2019-03-31": "32.81500", "2018-03-31": "32.53310", "2017-03-31": "36.59400", "2016-03-31": "37.56310", "2015-03-31": "33.84740", "2014-03-31": "35.63260", "2013-03-31": "34.08140", "2012-03-31": "30.64910", "2011-03-31": "32.30330", "2010-03-31": "29.25500", "2009-03-31": "27.66090", "2008-03-31": "27.94860", "2007-03-31": "28.49340", "2006-03-31": "29.17860", "2005-03-31": "23.30360"}, "Operating Margin": {"2020-03-31": "13.57490", "2019-03-31": "16.47750", "2018-03-31": "21.25030", "2017-03-31": "21.71880", "2016-03-31": "26.45810", "2015-03-31": "21.56500", "2014-03-31": "22.22780", "2013-03-31": "19.51010", "2012-03-31": "16.56060", "2011-03-31": "16.77630", "2010-03-31": "9.66720", "2009-03-31": "6.07590", "2008-03-31": "9.94170", "2007-03-31": "11.03080", "2006-03-31": "12.92220", "2005-03-31": "8.31600"}, "EBIT Margin": {"2020-03-31": "13.57490", "2019-03-31": "16.47750", "2018-03-31": "21.25030", "2017-03-31": "21.71880", "2016-03-31": "26.45810", "2015-03-31": "21.56500", "2014-03-31": "22.22780", "2013-03-31": "19.51010", "2012-03-31": "16.56060", "2011-03-31": "16.77630", "2010-03-31": "9.66720", "2009-03-31": "6.07590", "2008-03-31": "9.94170", "2007-03-31": "11.03080", "2006-03-31": "12.92220", "2005-03-31": "8.31600"}, "EBITDA Margin": {"2020-03-31": "31.49670", "2019-03-31": "33.10410", "2018-03-31": "37.80740", "2017-03-31": "37.02160", "2016-03-31": "39.16110", "2015-03-31": "33.80250", "2014-03-31": "33.27270", "2013-03-31": "30.37030", "2012-03-31": "26.25720", "2011-03-31": "26.62890", "2010-03-31": "21.51320", "2009-03-31": "19.17470", "2008-03-31": "21.70150", "2007-03-31": "20.85260", "2006-03-31": "20.48300", "2005-03-31": "15.61650"}, "Pre-Tax Profit Margin": {"2020-03-31": "9.50330", "2019-03-31": "12.67090", "2018-03-31": "17.70600", "2017-03-31": "18.36360", "2016-03-31": "23.47480", "2015-03-31": "18.26030", "2014-03-31": "18.95850", "2013-03-31": "15.96530", "2012-03-31": "12.96310", "2011-03-31": "12.85060", "2010-03-31": "5.00450", "2009-03-31": "1.13330", "2008-03-31": "4.99240", "2007-03-31": "7.04700", "2006-03-31": "9.59380", "2005-03-31": "7.22730"}, "Net Profit Margin": {"2020-03-31": "11.10990", "2019-03-31": "9.84040", "2018-03-31": "21.95390", "2017-03-31": "11.64380", "2016-03-31": "14.92920", "2015-03-31": "11.60310", "2014-03-31": "12.07620", "2013-03-31": "10.34590", "2012-03-31": "7.82420", "2011-03-31": "7.59470", "2010-03-31": "2.65510", "2009-03-31": "0.02240", "2008-03-31": "2.67530", "2007-03-31": "3.74960", "2006-03-31": "5.18270", "2005-03-31": "3.80760"}, "Asset Turnover": {"2020-03-31": "0.29610", "2019-03-31": "0.31690", "2018-03-31": "0.33510", "2017-03-31": "0.36380", "2016-03-31": "0.40390", "2015-03-31": "0.44740", "2014-03-31": "0.47260", "2013-03-31": "0.48220", "2012-03-31": "0.53980", "2011-03-31": "0.53710", "2010-03-31": "0.53210", "2009-03-31": "0.52080", "2008-03-31": "0.53470", "2007-03-31": "0.58740", "2006-03-31": "0.62000", "2005-03-31": "0.64440"}, "Inventory Turnover Ratio": {"2020-03-31": "27.14930", "2019-03-31": "24.46290", "2018-03-31": "27.03210", "2017-03-31": "26.31770", "2016-03-31": "25.64200", "2015-03-31": "29.27630", "2014-03-31": "27.23040", "2013-03-31": "29.90610", "2012-03-31": "29.66060", "2011-03-31": "25.42620", "2010-03-31": "26.80540", "2009-03-31": "20.37040", "2008-03-31": "22.59340", "2007-03-31": "22.07730", "2006-03-31": "22.77320", "2005-03-31": "24.19420"}, "Receiveable Turnover": {"2020-03-31": "21.31480", "2019-03-31": "16.76580", "2018-03-31": "18.60680", "2017-03-31": "19.21470", "2016-03-31": "18.70250", "2015-03-31": "16.19290", "2014-03-31": "14.22450", "2013-03-31": "9.77350", "2012-03-31": "8.43040", "2011-03-31": "10.20330", "2010-03-31": "10.09670", "2009-03-31": "9.31610", "2008-03-31": "10.10620", "2007-03-31": "11.20860", "2006-03-31": "9.06910", "2005-03-31": "8.34650"}, "Days Sales In Receivables": {"2020-03-31": "17.12430", "2019-03-31": "21.77050", "2018-03-31": "19.61650", "2017-03-31": "18.99590", "2016-03-31": "19.51610", "2015-03-31": "22.54070", "2014-03-31": "25.66000", "2013-03-31": "37.34600", "2012-03-31": "43.29590", "2011-03-31": "35.77270", "2010-03-31": "36.15040", "2009-03-31": "39.17970", "2008-03-31": "36.11660", "2007-03-31": "32.56430", "2006-03-31": "40.24640", "2005-03-31": "43.73070"}, "ROE - Return On Equity": {"2020-03-31": "10.10920", "2019-03-31": "9.64670", "2018-03-31": "22.20300", "2017-03-31": "14.37450", "2016-03-31": "20.34620", "2015-03-31": "17.51860", "2014-03-31": "20.38810", "2013-03-31": "19.16430", "2012-03-31": "17.28950", "2011-03-31": "18.35370", "2010-03-31": "8.07260", "2009-03-31": "1.86870", "2008-03-31": "8.93740", "2007-03-31": "12.61010", "2006-03-31": "17.41710", "2005-03-31": "15.61070"}, "Return On Tangible Equity": {"2020-03-31": "10.47330", "2019-03-31": "10.04380", "2018-03-31": "23.19300", "2017-03-31": "15.20850", "2016-03-31": "21.71980", "2015-03-31": "18.93170", "2014-03-31": "22.41710", "2013-03-31": "21.53400", "2012-03-31": "19.82650", "2011-03-31": "18.48650", "2010-03-31": "8.07260", "2009-03-31": "1.86870", "2008-03-31": "8.93740", "2007-03-31": "12.61010", "2006-03-31": "17.41710", "2005-03-31": "15.61070"}, "ROA - Return On Assets": {"2020-03-31": "3.28950", "2019-03-31": "3.11860", "2018-03-31": "7.35600", "2017-03-31": "4.23590", "2016-03-31": "6.03010", "2015-03-31": "5.19110", "2014-03-31": "5.70750", "2013-03-31": "4.98830", "2012-03-31": "4.41270", "2011-03-31": "4.37980", "2010-03-31": "1.74420", "2009-03-31": "0.35060", "2008-03-31": "1.76870", "2007-03-31": "2.57030", "2006-03-31": "3.59800", "2005-03-31": "2.86970"}, "ROI - Return On Investment": {"2020-03-31": "4.99940", "2019-03-31": "4.72090", "2018-03-31": "11.42170", "2017-03-31": "6.77290", "2016-03-31": "9.98210", "2015-03-31": "8.75390", "2014-03-31": "9.86800", "2013-03-31": "9.15600", "2012-03-31": "8.14290", "2011-03-31": "7.67820", "2010-03-31": "3.03730", "2009-03-31": "0.59230", "2008-03-31": "2.99520", "2007-03-31": "4.58690", "2006-03-31": "6.97300", "2005-03-31": "6.25200"}, "Book Value Per Share": {"2020-03-31": "215.25500", "2019-03-31": "188.31030", "2018-03-31": "173.84270", "2017-03-31": "133.60590", "2016-03-31": "114.82080", "2015-03-31": "96.10150", "2014-03-31": "77.89520", "2013-03-31": "62.69170", "2012-03-31": "52.82640", "2011-03-31": "50.64360", "2010-03-31": "41.45810", "2009-03-31": "36.59880", "2008-03-31": "38.63440", "2007-03-31": "34.95250", "2006-03-31": "32.68200", "2005-03-31": "26.91410"}, "Operating Cash Flow Per Share": {"2020-03-31": 5.0669, "2019-03-31": 1.9271, "2018-03-31": -6.2229, "2017-03-31": 0.7462, "2016-03-31": 14.5893, "2015-03-31": 1.2315, "2014-03-31": 3.6322, "2013-03-31": -0.5016, "2012-03-31": 4.9143, "2011-03-31": 8.7165, "2010-03-31": 6.5802, "2009-03-31": -2.4982, "2008-03-31": -0.1496, "2007-03-31": 3.8603, "2006-03-31": 2.3618, "2005-03-31": 10.6079}, "Free Cash Flow Per Share": {"2020-03-31": -13.3426, "2019-03-31": -28.7555, "2018-03-31": 8.7398, "2017-03-31": 1.1146, "2016-03-31": -1.9128, "2015-03-31": 5.8821, "2014-03-31": -11.3767, "2013-03-31": -0.8329, "2012-03-31": -1.7267, "2011-03-31": -0.5376, "2010-03-31": 14.3932, "2009-03-31": 4.1609, "2008-03-31": 5.7628, "2007-03-31": -10.7268, "2006-03-31": -8.3222, "2005-03-31": 9.3997}}, "financial ratios, quarterly": {"Current Ratio": {"2020-12-31": "3.57830", "2020-09-30": "3.13420", "2020-06-30": "2.95380", "2020-03-31": "2.42630", "2019-12-31": "2.03690", "2019-09-30": "1.91180", "2019-06-30": "1.78000", "2019-03-31": "2.11200", "2018-12-31": "2.80320", "2018-09-30": "2.12360", "2018-06-30": "2.19440", "2018-03-31": "2.36530", "2017-12-31": "3.13180", "2017-09-30": "2.60050", "2017-06-30": "2.69380", "2017-03-31": "2.40390", "2016-12-31": "3.02860", "2016-09-30": "2.90290", "2016-06-30": "2.10980", "2016-03-31": "1.96970", "2015-12-31": "2.49220", "2015-09-30": "2.48160", "2015-06-30": "1.74600", "2015-03-31": "1.66710", "2014-12-31": "3.08450", "2014-09-30": "2.95400", "2014-06-30": "2.24370", "2014-03-31": "2.28160", "2013-12-31": "2.67100", "2013-09-30": "2.85070", "2013-06-30": "2.56290", "2013-03-31": "2.34140", "2012-12-31": "2.83160", "2012-09-30": "2.71090", "2012-06-30": "2.47600", "2012-03-31": "2.25380", "2011-12-31": "2.62000", "2011-09-30": "2.36660", "2011-06-30": "1.85690", "2011-03-31": "2.34770", "2010-12-31": "2.39600", "2010-09-30": "1.94520", "2010-06-30": "1.81330", "2010-03-31": "1.85310", "2009-12-31": "2.59710", "2009-09-30": "2.29480", "2009-06-30": "1.90080", "2009-03-31": "1.76730", "2008-12-31": "1.99260", "2008-09-30": "2.48080", "2008-06-30": "1.95140", "2008-03-31": "1.82200", "2007-12-31": "1.80960", "2007-09-30": "1.90860", "2007-06-30": "1.74800", "2007-03-31": "1.51540", "2006-12-31": "2.63300", "2006-09-30": "2.68250", "2006-06-30": "2.30380", "2006-03-31": "2.14670", "2005-12-31": "2.81570", "2005-09-30": "2.89760", "2005-06-30": "2.38670", "2005-03-31": "1.64980"}, "Long-term Debt / Capital": {"2020-12-31": "0.49580", "2020-09-30": "0.50510", "2020-06-30": "0.52880", "2020-03-31": "0.52270", "2019-12-31": "0.52570", "2019-09-30": "0.52570", "2019-06-30": "0.52890", "2019-03-31": "0.53000", "2018-12-31": "0.51850", "2018-09-30": "0.50360", "2018-06-30": "0.50640", "2018-03-31": "0.50750", "2017-12-31": "0.50580", "2017-09-30": "0.54190", "2017-06-30": "0.55070", "2017-03-31": "0.55470", "2016-12-31": "0.54590", "2016-09-30": "0.53370", "2016-06-30": "0.53890", "2016-03-31": "0.54040", "2015-12-31": "0.52150", "2015-09-30": "0.53670", "2015-06-30": "0.51690", "2015-03-31": "0.53760", "2014-12-31": "0.55360", "2014-09-30": "0.56390", "2014-06-30": "0.56620", "2014-03-31": "0.55980", "2013-12-31": "0.55490", "2013-09-30": "0.54840", "2013-06-30": "0.56340", "2013-03-31": "0.57480", "2012-12-31": "0.58340", "2012-09-30": "0.55750", "2012-06-30": "0.58020", "2012-03-31": "0.58930", "2011-12-31": "0.60100", "2011-09-30": "0.59500", "2011-06-30": "0.60560", "2011-03-31": "0.58470", "2010-12-31": "0.59000", "2010-09-30": "0.57480", "2010-06-30": "0.60740", "2010-03-31": "0.62370", "2009-12-31": "0.65190", "2009-09-30": "0.65840", "2009-06-30": "0.67130", "2009-03-31": "0.68300", "2008-12-31": "0.67430", "2008-09-30": "0.65440", "2008-06-30": "0.65080", "2008-03-31": "0.66490", "2007-12-31": "0.63710", "2007-09-30": "0.65960", "2007-06-30": "0.68970", "2007-03-31": "0.63620", "2006-12-31": "0.62220", "2006-09-30": "0.61490", "2006-06-30": "0.59790", "2006-03-31": "0.59960", "2005-12-31": "0.59270", "2005-09-30": "0.58130", "2005-06-30": "0.63320", "2005-03-31": "0.59950"}, "Debt/Equity Ratio": {"2020-12-31": "0.98340", "2020-09-30": "1.02080", "2020-06-30": "1.12230", "2020-03-31": "1.09490", "2019-12-31": "1.10850", "2019-09-30": "1.10840", "2019-06-30": "1.12270", "2019-03-31": "1.12750", "2018-12-31": "1.07680", "2018-09-30": "1.01470", "2018-06-30": "1.02570", "2018-03-31": "1.03060", "2017-12-31": "1.02370", "2017-09-30": "1.18310", "2017-06-30": "1.22580", "2017-03-31": "1.24550", "2016-12-31": "1.20210", "2016-09-30": "1.14440", "2016-06-30": "1.16850", "2016-03-31": "1.17590", "2015-12-31": "1.08980", "2015-09-30": "1.15840", "2015-06-30": "1.07010", "2015-03-31": "1.16270", "2014-12-31": "1.24030", "2014-09-30": "1.29320", "2014-06-30": "1.30510", "2014-03-31": "1.27170", "2013-12-31": "1.24650", "2013-09-30": "1.21430", "2013-06-30": "1.29040", "2013-03-31": "1.35190", "2012-12-31": "1.40030", "2012-09-30": "1.25970", "2012-06-30": "1.38210", "2012-03-31": "1.43480", "2011-12-31": "1.50620", "2011-09-30": "1.46930", "2011-06-30": "1.53580", "2011-03-31": "1.40770", "2010-12-31": "1.43930", "2010-09-30": "1.35170", "2010-06-30": "1.54740", "2010-03-31": "1.65780", "2009-12-31": "1.87290", "2009-09-30": "1.92710", "2009-06-30": "2.04260", "2009-03-31": "2.15500", "2008-12-31": "2.07070", "2008-09-30": "1.89350", "2008-06-30": "1.86400", "2008-03-31": "1.98390", "2007-12-31": "1.75590", "2007-09-30": "1.93760", "2007-06-30": "2.22320", "2007-03-31": "1.74910", "2006-12-31": "1.64690", "2006-09-30": "1.59670", "2006-06-30": "1.48720", "2006-03-31": "1.49780", "2005-12-31": "1.45530", "2005-09-30": "1.38820", "2005-06-30": "1.72660", "2005-03-31": "1.49690"}, "Gross Margin": {"2020-12-31": "38.61310", "2020-09-30": "41.14060", "2020-06-30": "33.72970", "2020-03-31": "23.60740", "2019-12-31": "28.63550", "2019-09-30": "35.55400", "2019-06-30": "33.90720", "2019-03-31": "27.23550", "2018-12-31": "32.21870", "2018-09-30": "36.00230", "2018-06-30": "33.87000", "2018-03-31": "21.31650", "2017-12-31": "31.13030", "2017-09-30": "36.16720", "2017-06-30": "38.68290", "2017-03-31": "25.92200", "2016-12-31": "33.15950", "2016-09-30": "43.27910", "2016-06-30": "40.50390", "2016-03-31": "31.43580", "2015-12-31": "34.80550", "2015-09-30": "40.76350", "2015-06-30": "41.13130", "2015-03-31": "19.97540", "2014-12-31": "33.74920", "2014-09-30": "40.48220", "2014-06-30": "37.47510", "2014-03-31": "29.75330", "2013-12-31": "31.87310", "2013-09-30": "39.92370", "2013-06-30": "38.78730", "2013-03-31": "29.79330", "2012-12-31": "30.09700", "2012-09-30": "38.42880", "2012-06-30": "36.33660", "2012-03-31": "28.82210", "2011-12-31": "18.50260", "2011-09-30": "38.09600", "2011-06-30": "35.97860", "2011-03-31": "26.05220", "2010-12-31": "26.74260", "2010-09-30": "38.01050", "2010-06-30": "36.44650", "2010-03-31": "23.65240", "2009-12-31": "27.21690", "2009-09-30": "33.96440", "2009-06-30": "30.65400", "2009-03-31": "18.98850", "2008-12-31": "21.72150", "2008-09-30": "34.28770", "2008-06-30": "31.91930", "2008-03-31": "21.11440", "2007-12-31": "22.76370", "2007-09-30": "33.95180", "2007-06-30": "31.18400", "2007-03-31": "20.06940", "2006-12-31": "21.21220", "2006-09-30": "34.89470", "2006-06-30": "34.02940", "2006-03-31": "22.17310", "2005-12-31": "24.85040", "2005-09-30": "33.85410", "2005-06-30": "33.29830", "2005-03-31": "11.26710"}, "Operating Margin": {"2020-12-31": "24.26930", "2020-09-30": "29.57110", "2020-06-30": "15.60780", "2020-03-31": "0.11660", "2019-12-31": "8.68270", "2019-09-30": "21.27780", "2019-06-30": "19.81610", "2019-03-31": "3.75410", "2018-12-31": "15.02590", "2018-09-30": "22.72000", "2018-06-30": "20.07730", "2018-03-31": "0.39620", "2017-12-31": "35.99180", "2017-09-30": "22.02130", "2017-06-30": "23.93330", "2017-03-31": "6.29330", "2016-12-31": "16.69690", "2016-09-30": "30.73840", "2016-06-30": "28.11520", "2016-03-31": "15.59980", "2015-12-31": "21.20200", "2015-09-30": "32.30520", "2015-06-30": "32.90080", "2015-03-31": "5.42020", "2014-12-31": "18.85060", "2014-09-30": "30.42900", "2014-06-30": "26.76570", "2014-03-31": "13.61030", "2013-12-31": "16.42150", "2013-09-30": "28.59380", "2013-06-30": "27.02100", "2013-03-31": "12.76540", "2012-12-31": "14.06830", "2012-09-30": "26.11440", "2012-06-30": "22.59760", "2012-03-31": "10.94950", "2011-12-31": "3.92880", "2011-09-30": "26.22840", "2011-06-30": "23.07480", "2011-03-31": "8.06260", "2010-12-31": "9.67520", "2010-09-30": "24.82370", "2010-06-30": "21.86360", "2010-03-31": "2.24540", "2009-12-31": "6.15970", "2009-09-30": "16.69530", "2009-06-30": "11.36940", "2009-03-31": "-7.73600", "2008-12-31": "-3.16350", "2008-09-30": "16.14930", "2008-06-30": "13.20240", "2008-03-31": "-1.31260", "2007-12-31": "1.78810", "2007-09-30": "18.29150", "2007-06-30": "16.59900", "2007-03-31": "-2.19960", "2006-12-31": "1.77060", "2006-09-30": "19.67560", "2006-06-30": "19.44090", "2006-03-31": "-3.85660", "2005-12-31": "9.16320", "2005-09-30": "21.17830", "2005-06-30": "20.11950", "2005-03-31": "-6.92220"}, "EBIT Margin": {"2020-12-31": "24.26930", "2020-09-30": "29.57110", "2020-06-30": "15.60780", "2020-03-31": "0.11660", "2019-12-31": "8.68270", "2019-09-30": "21.27780", "2019-06-30": "19.81610", "2019-03-31": "3.75410", "2018-12-31": "15.02590", "2018-09-30": "22.72000", "2018-06-30": "20.07730", "2018-03-31": "0.39630", "2017-12-31": "35.99180", "2017-09-30": "22.02130", "2017-06-30": "23.93330", "2017-03-31": "6.29330", "2016-12-31": "16.69690", "2016-09-30": "30.73840", "2016-06-30": "28.11520", "2016-03-31": "15.59980", "2015-12-31": "21.20200", "2015-09-30": "32.30520", "2015-06-30": "32.90080", "2015-03-31": "5.42010", "2014-12-31": "18.85060", "2014-09-30": "30.42900", "2014-06-30": "26.76570", "2014-03-31": "13.61030", "2013-12-31": "16.42150", "2013-09-30": "28.59380", "2013-06-30": "27.02100", "2013-03-31": "12.76540", "2012-12-31": "14.06830", "2012-09-30": "26.11440", "2012-06-30": "22.59760", "2012-03-31": "10.94950", "2011-12-31": "3.92880", "2011-09-30": "26.22840", "2011-06-30": "23.07480", "2011-03-31": "8.06250", "2010-12-31": "9.67520", "2010-09-30": "24.82370", "2010-06-30": "21.86360", "2010-03-31": "2.24540", "2009-12-31": "6.15970", "2009-09-30": "16.69530", "2009-06-30": "11.36940", "2009-03-31": "-7.73600", "2008-12-31": "-3.16350", "2008-09-30": "16.14930", "2008-06-30": "13.20240", "2008-03-31": "-1.31260", "2007-12-31": "1.78810", "2007-09-30": "18.29150", "2007-06-30": "16.59900", "2007-03-31": "-2.19960", "2006-12-31": "1.77060", "2006-09-30": "19.67560", "2006-06-30": "19.44090", "2006-03-31": "-3.85660", "2005-12-31": "9.16320", "2005-09-30": "21.17830", "2005-06-30": "20.11950", "2005-03-31": "-6.92220"}, "EBITDA Margin": {"2020-12-31": "", "2020-09-30": "", "2020-06-30": "", "2020-03-31": "", "2019-12-31": "", "2019-09-30": "", "2019-06-30": "", "2019-03-31": "", "2018-12-31": "", "2018-09-30": "", "2018-06-30": "", "2018-03-31": "", "2017-12-31": "", "2017-09-30": "", "2017-06-30": "", "2017-03-31": "", "2016-12-31": "", "2016-09-30": "", "2016-06-30": "", "2016-03-31": "", "2015-12-31": "", "2015-09-30": "", "2015-06-30": "", "2015-03-31": "", "2014-12-31": "", "2014-09-30": "", "2014-06-30": "", "2014-03-31": "", "2013-12-31": "", "2013-09-30": "", "2013-06-30": "", "2013-03-31": "", "2012-12-31": "", "2012-09-30": "", "2012-06-30": "", "2012-03-31": "", "2011-12-31": "", "2011-09-30": "", "2011-06-30": "", "2011-03-31": "", "2010-12-31": "", "2010-09-30": "", "2010-06-30": "", "2010-03-31": "", "2009-12-31": "", "2009-09-30": "", "2009-06-30": "", "2009-03-31": "", "2008-12-31": "", "2008-09-30": "", "2008-06-30": "", "2008-03-31": "", "2007-12-31": "", "2007-09-30": "", "2007-06-30": "", "2007-03-31": "", "2006-12-31": "", "2006-09-30": "", "2006-06-30": "", "2006-03-31": "", "2005-12-31": "", "2005-09-30": "", "2005-06-30": "", "2005-03-31": ""}, "Pre-Tax Profit Margin": {"2020-12-31": "20.64740", "2020-09-30": "26.49380", "2020-06-30": "11.57960", "2020-03-31": "-5.14570", "2019-12-31": "4.34640", "2019-09-30": "17.85360", "2019-06-30": "16.18850", "2019-03-31": "-1.42650", "2018-12-31": "11.20910", "2018-09-30": "19.52550", "2018-06-30": "16.59480", "2018-03-31": "-3.96110", "2017-12-31": "32.22030", "2017-09-30": "18.92790", "2017-06-30": "20.74130", "2017-03-31": "1.90800", "2016-12-31": "12.99250", "2016-09-30": "27.93580", "2016-06-30": "25.25270", "2016-03-31": "11.75870", "2015-12-31": "17.79050", "2015-09-30": "29.81560", "2015-06-30": "30.40310", "2015-03-31": "1.87580", "2014-12-31": "15.20950", "2014-09-30": "27.23450", "2014-06-30": "23.81710", "2014-03-31": "9.84810", "2013-12-31": "12.76340", "2013-09-30": "25.83910", "2013-06-30": "23.90630", "2013-03-31": "8.68680", "2012-12-31": "10.27830", "2012-09-30": "23.14270", "2012-06-30": "19.07930", "2012-03-31": "6.81450", "2011-12-31": "0.33630", "2011-09-30": "22.96280", "2011-06-30": "19.55470", "2011-03-31": "3.46970", "2010-12-31": "5.47960", "2010-09-30": "21.40320", "2010-06-30": "18.20050", "2010-03-31": "-2.86300", "2009-12-31": "1.08730", "2009-09-30": "12.52430", "2009-06-30": "6.90950", "2009-03-31": "-13.44050", "2008-12-31": "-9.03810", "2008-09-30": "11.93450", "2008-06-30": "8.80960", "2008-03-31": "-7.09980", "2007-12-31": "-3.62390", "2007-09-30": "13.68860", "2007-06-30": "12.32020", "2007-03-31": "-7.03490", "2006-12-31": "-2.97220", "2006-09-30": "16.20130", "2006-06-30": "16.18290", "2006-03-31": "0.55170", "2005-12-31": "5.57390", "2005-09-30": "18.66060", "2005-06-30": "10.24150", "2005-03-31": "-11.55940"}, "Net Profit Margin": {"2020-12-31": "15.64000", "2020-09-30": "20.10440", "2020-06-30": "8.88600", "2020-03-31": "14.89520", "2019-12-31": "3.33360", "2019-09-30": "13.59100", "2019-06-30": "12.26980", "2019-03-31": "0.11450", "2018-12-31": "8.55570", "2018-09-30": "14.80680", "2018-06-30": "12.53940", "2018-03-31": "1.43120", "2017-12-31": "62.74830", "2017-09-30": "11.95370", "2017-06-30": "13.17500", "2017-03-31": "1.34590", "2016-12-31": "8.25200", "2016-09-30": "17.67070", "2016-06-30": "15.94180", "2016-03-31": "7.69650", "2015-12-31": "10.97940", "2015-09-30": "19.04440", "2015-06-30": "19.35850", "2015-03-31": "1.47500", "2014-12-31": "9.42020", "2014-09-30": "17.23650", "2014-06-30": "15.19910", "2014-03-31": "6.51630", "2013-12-31": "8.09210", "2013-09-30": "16.44270", "2013-06-30": "15.08340", "2013-03-31": "6.71140", "2012-12-31": "6.32560", "2012-09-30": "14.70470", "2012-06-30": "12.06710", "2012-03-31": "4.76830", "2011-12-31": "0.11500", "2011-09-30": "14.38820", "2011-06-30": "10.76860", "2011-03-31": "2.03890", "2010-12-31": "2.93010", "2010-09-30": "12.86990", "2010-06-30": "10.80560", "2010-03-31": "-1.85020", "2009-12-31": "0.07010", "2009-09-30": "7.23560", "2009-06-30": "3.74790", "2009-03-31": "-9.27510", "2008-12-31": "-6.37010", "2008-09-30": "6.86110", "2008-06-30": "4.89780", "2008-03-31": "-3.99170", "2007-12-31": "-2.92940", "2007-09-30": "7.92050", "2007-06-30": "6.94800", "2007-03-31": "-4.44880", "2006-12-31": "-2.72620", "2006-09-30": "9.44330", "2006-06-30": "9.20810", "2006-03-31": "-0.33730", "2005-12-31": "2.40660", "2005-09-30": "10.88010", "2005-06-30": "5.68780", "2005-03-31": "-7.92740"}, "Asset Turnover": {"2020-12-31": "0.08100", "2020-09-30": "0.09380", "2020-06-30": "0.07200", "2020-03-31": "0.06110", "2019-12-31": "0.07140", "2019-09-30": "0.08950", "2019-06-30": "0.08650", "2019-03-31": "0.06100", "2018-12-31": "0.07890", "2018-09-30": "0.09750", "2018-06-30": "0.09270", "2018-03-31": "0.07050", "2017-12-31": "0.08030", "2017-09-30": "0.10340", "2017-06-30": "0.09770", "2017-03-31": "0.07540", "2016-12-31": "0.08510", "2016-09-30": "0.11090", "2016-06-30": "0.10810", "2016-03-31": "0.08420", "2015-12-31": "0.09590", "2015-09-30": "0.12670", "2015-06-30": "0.12480", "2015-03-31": "0.09350", "2014-12-31": "0.10230", "2014-09-30": "0.13200", "2014-06-30": "0.12540", "2014-03-31": "0.10030", "2013-12-31": "0.10990", "2013-09-30": "0.14530", "2013-06-30": "0.13430", "2013-03-31": "0.10630", "2012-12-31": "0.11160", "2012-09-30": "0.14490", "2012-06-30": "0.13800", "2012-03-31": "0.11450", "2011-12-31": "0.13660", "2011-09-30": "0.15970", "2011-06-30": "0.15400", "2011-03-31": "0.11890", "2010-12-31": "0.12750", "2010-09-30": "0.16170", "2010-06-30": "0.15100", "2010-03-31": "0.11800", "2009-12-31": "0.11680", "2009-09-30": "0.14600", "2009-06-30": "0.13560", "2009-03-31": "0.10860", "2008-12-31": "0.11360", "2008-09-30": "0.14870", "2008-06-30": "0.13990", "2008-03-31": "0.11300", "2007-12-31": "0.12280", "2007-09-30": "0.15370", "2007-06-30": "0.14020", "2007-03-31": "0.12200", "2006-12-31": "0.12710", "2006-09-30": "0.16370", "2006-06-30": "0.16150", "2006-03-31": "0.12680", "2005-12-31": "0.14720", "2005-09-30": "0.18320", "2005-06-30": "0.16860", "2005-03-31": "0.13290"}, "Inventory Turnover Ratio": {"2020-12-31": "6.89400", "2020-09-30": "7.75220", "2020-06-30": "6.48830", "2020-03-31": "6.20860", "2019-12-31": "6.42870", "2019-09-30": "7.24200", "2019-06-30": "7.06020", "2019-03-31": "5.10060", "2018-12-31": "6.47670", "2018-09-30": "7.59480", "2018-06-30": "7.10470", "2018-03-31": "6.63270", "2017-12-31": "6.06750", "2017-09-30": "6.61000", "2017-06-30": "6.29050", "2017-03-31": "6.37480", "2016-12-31": "6.63070", "2016-09-30": "6.94120", "2016-06-30": "6.62380", "2016-03-31": "5.87170", "2015-12-31": "6.47110", "2015-09-30": "7.91970", "2015-06-30": "7.45290", "2015-03-31": "7.40360", "2014-12-31": "6.70280", "2014-09-30": "7.79210", "2014-06-30": "7.38450", "2014-03-31": "6.30710", "2013-12-31": "6.73700", "2013-09-30": "8.20730", "2013-06-30": "7.86320", "2013-03-31": "7.02500", "2012-12-31": "7.27240", "2012-09-30": "7.81060", "2012-06-30": "6.70050", "2012-03-31": "6.45660", "2011-12-31": "9.08910", "2011-09-30": "7.53640", "2011-06-30": "6.98160", "2011-03-31": "6.14920", "2010-12-31": "6.43070", "2010-09-30": "7.09420", "2010-06-30": "6.69450", "2010-03-31": "6.41270", "2009-12-31": "5.85000", "2009-09-30": "6.10580", "2009-06-30": "5.62500", "2009-03-31": "4.75650", "2008-12-31": "4.59270", "2008-09-30": "5.02510", "2008-06-30": "5.19930", "2008-03-31": "5.22810", "2007-12-31": "5.78450", "2007-09-30": "6.25360", "2007-06-30": "5.86830", "2007-03-31": "5.12520", "2006-12-31": "5.28790", "2006-09-30": "5.27640", "2006-06-30": "5.47940", "2006-03-31": "5.11760", "2005-12-31": "5.25130", "2005-09-30": "5.73970", "2005-06-30": "5.66230", "2005-03-31": "5.77440"}, "Receiveable Turnover": {"2020-12-31": "5.21270", "2020-09-30": "6.20870", "2020-06-30": "4.73790", "2020-03-31": "4.40090", "2019-12-31": "4.63560", "2019-09-30": "5.16990", "2019-06-30": "4.43710", "2019-03-31": "3.22770", "2018-12-31": "4.79280", "2018-09-30": "5.31870", "2018-06-30": "4.90210", "2018-03-31": "3.91460", "2017-12-31": "4.09420", "2017-09-30": "5.37100", "2017-06-30": "5.12160", "2017-03-31": "3.98380", "2016-12-31": "3.97020", "2016-09-30": "5.45010", "2016-06-30": "4.87640", "2016-03-31": "3.89990", "2015-12-31": "4.10720", "2015-09-30": "5.46710", "2015-06-30": "4.22800", "2015-03-31": "3.38510", "2014-12-31": "3.57390", "2014-09-30": "4.86980", "2014-06-30": "4.09450", "2014-03-31": "3.01890", "2013-12-31": "2.82510", "2013-09-30": "3.53750", "2013-06-30": "2.63240", "2013-03-31": "2.15560", "2012-12-31": "2.57350", "2012-09-30": "2.81260", "2012-06-30": "2.43150", "2012-03-31": "1.78800", "2011-12-31": "1.79940", "2011-09-30": "3.08750", "2011-06-30": "2.65150", "2011-03-31": "2.25900", "2010-12-31": "2.27640", "2010-09-30": "3.11820", "2010-06-30": "2.74250", "2010-03-31": "2.23820", "2009-12-31": "2.28130", "2009-09-30": "2.84770", "2009-06-30": "2.30670", "2009-03-31": "1.94240", "2008-12-31": "2.12580", "2008-09-30": "3.02840", "2008-06-30": "2.61410", "2008-03-31": "2.13600", "2007-12-31": "2.58810", "2007-09-30": "3.14080", "2007-06-30": "2.90370", "2007-03-31": "2.32780", "2006-12-31": "2.17520", "2006-09-30": "2.81670", "2006-06-30": "2.62520", "2006-03-31": "1.85460", "2005-12-31": "2.07840", "2005-09-30": "2.59190", "2005-06-30": "2.36770", "2005-03-31": "1.72180"}, "Days Sales In Receivables": {"2020-12-31": "17.26540", "2020-09-30": "14.49590", "2020-06-30": "18.99580", "2020-03-31": "20.45040", "2019-12-31": "19.41500", "2019-09-30": "17.40830", "2019-06-30": "20.28370", "2019-03-31": "27.88390", "2018-12-31": "18.77810", "2018-09-30": "16.92140", "2018-06-30": "18.35940", "2018-03-31": "22.99090", "2017-12-31": "21.98240", "2017-09-30": "16.75650", "2017-06-30": "17.57270", "2017-03-31": "22.59160", "2016-12-31": "22.66870", "2016-09-30": "16.51360", "2016-06-30": "18.45610", "2016-03-31": "23.07750", "2015-12-31": "21.91250", "2015-09-30": "16.46220", "2015-06-30": "21.28680", "2015-03-31": "26.58690", "2014-12-31": "25.18220", "2014-09-30": "18.48120", "2014-06-30": "21.98090", "2014-03-31": "29.81180", "2013-12-31": "31.85680", "2013-09-30": "25.44160", "2013-06-30": "34.18970", "2013-03-31": "41.75210", "2012-12-31": "34.97180", "2012-09-30": "31.99860", "2012-06-30": "37.01400", "2012-03-31": "50.33420", "2011-12-31": "50.01590", "2011-09-30": "29.14970", "2011-06-30": "33.94300", "2011-03-31": "39.84020", "2010-12-31": "39.53600", "2010-09-30": "28.86240", "2010-06-30": "32.81700", "2010-03-31": "40.21120", "2009-12-31": "39.45120", "2009-09-30": "31.60440", "2009-06-30": "39.01700", "2009-03-31": "46.33390", "2008-12-31": "42.33630", "2008-09-30": "29.71850", "2008-06-30": "34.42920", "2008-03-31": "42.13570", "2007-12-31": "34.77490", "2007-09-30": "28.65510", "2007-06-30": "30.99480", "2007-03-31": "38.66280", "2006-12-31": "41.37550", "2006-09-30": "31.95240", "2006-06-30": "34.28350", "2006-03-31": "48.52900", "2005-12-31": "43.30190", "2005-09-30": "34.72320", "2005-06-30": "38.01150", "2005-03-31": "52.27010"}, "ROE - Return On Equity": {"2020-12-31": "3.72740", "2020-09-30": "5.59870", "2020-06-30": "1.98960", "2020-03-31": "2.79840", "2019-12-31": "0.72690", "2019-09-30": "3.71320", "2019-06-30": "3.29320", "2019-03-31": "0.02160", "2018-12-31": "2.04560", "2018-09-30": "4.32060", "2018-06-30": "3.50450", "2018-03-31": "0.30450", "2017-12-31": "14.83510", "2017-09-30": "4.09400", "2017-06-30": "4.32950", "2017-03-31": "0.34450", "2016-12-31": "2.31910", "2016-09-30": "6.37810", "2016-06-30": "5.72370", "2016-03-31": "2.18720", "2015-12-31": "3.44010", "2015-09-30": "7.98820", "2015-06-30": "7.78190", "2015-03-31": "0.46550", "2014-12-31": "3.23260", "2014-09-30": "7.83490", "2014-06-30": "6.81510", "2014-03-31": "2.33490", "2013-12-31": "3.17180", "2013-09-30": "8.55060", "2013-06-30": "7.53980", "2013-03-31": "2.74190", "2012-12-31": "2.74460", "2012-09-30": "7.88380", "2012-06-30": "6.36080", "2012-03-31": "2.13880", "2011-12-31": "0.06310", "2011-09-30": "8.72030", "2011-06-30": "7.29870", "2011-03-31": "1.32430", "2010-12-31": "1.88870", "2010-09-30": "9.00920", "2010-06-30": "7.68710", "2010-03-31": "-0.61750", "2009-12-31": "0.42870", "2009-09-30": "5.55850", "2009-06-30": "2.98640", "2009-03-31": "-4.91730", "2008-12-31": "-3.31090", "2008-09-30": "5.26850", "2008-06-30": "3.72430", "2008-03-31": "-1.85220", "2007-12-31": "-1.27870", "2007-09-30": "6.40770", "2007-06-30": "5.60060", "2007-03-31": "-2.21130", "2006-12-31": "-1.20220", "2006-09-30": "7.56550", "2006-06-30": "7.34910", "2006-03-31": "0.25880", "2005-12-31": "2.16730", "2005-09-30": "10.18550", "2005-06-30": "5.87130", "2005-03-31": "-5.16720"}, "Return On Tangible Equity": {"2020-12-31": "3.84650", "2020-09-30": "5.78350", "2020-06-30": "2.06070", "2020-03-31": "2.89920", "2019-12-31": "0.75380", "2019-09-30": "3.85220", "2019-06-30": "3.42260", "2019-03-31": "0.02250", "2018-12-31": "2.12990", "2018-09-30": "4.50140", "2018-06-30": "3.65690", "2018-03-31": "0.31810", "2017-12-31": "15.49570", "2017-09-30": "4.30920", "2017-06-30": "4.56760", "2017-03-31": "0.36450", "2016-12-31": "2.45150", "2016-09-30": "6.74880", "2016-06-30": "6.08330", "2016-03-31": "2.33490", "2015-12-31": "3.67510", "2015-09-30": "8.55460", "2015-06-30": "8.35920", "2015-03-31": "0.50310", "2014-12-31": "3.49030", "2014-09-30": "8.48130", "2014-06-30": "7.43370", "2014-03-31": "2.56720", "2013-12-31": "3.49440", "2013-09-30": "9.43970", "2013-06-30": "8.39110", "2013-03-31": "3.08100", "2012-12-31": "3.09500", "2012-09-30": "8.85330", "2012-06-30": "7.22810", "2012-03-31": "2.45260", "2011-12-31": "0.07270", "2011-09-30": "10.03740", "2011-06-30": "8.50490", "2011-03-31": "1.33390", "2010-12-31": "1.88870", "2010-09-30": "9.00920", "2010-06-30": "7.68710", "2010-03-31": "-0.61750", "2009-12-31": "0.42870", "2009-09-30": "5.55850", "2009-06-30": "2.98640", "2009-03-31": "-4.91730", "2008-12-31": "-3.31090", "2008-09-30": "5.26850", "2008-06-30": "3.72430", "2008-03-31": "-1.85220", "2007-12-31": "-1.27870", "2007-09-30": "6.40770", "2007-06-30": "5.60060", "2007-03-31": "-2.21130", "2006-12-31": "-1.20220", "2006-09-30": "7.56550", "2006-06-30": "7.34910", "2006-03-31": "0.25880", "2005-12-31": "2.16730", "2005-09-30": "10.18550", "2005-06-30": "5.87130", "2005-03-31": "-5.16720"}, "ROA - Return On Assets": {"2020-12-31": "1.26660", "2020-09-30": "1.88600", "2020-06-30": "0.63980", "2020-03-31": "0.91060", "2019-12-31": "0.23800", "2019-09-30": "1.21600", "2019-06-30": "1.06150", "2019-03-31": "0.00700", "2018-12-31": "0.67520", "2018-09-30": "1.44420", "2018-06-30": "1.16210", "2018-03-31": "0.10090", "2017-12-31": "5.03850", "2017-09-30": "1.23610", "2017-06-30": "1.28770", "2017-03-31": "0.10150", "2016-12-31": "0.70230", "2016-09-30": "1.95930", "2016-06-30": "1.72260", "2016-03-31": "0.64820", "2015-12-31": "1.05340", "2015-09-30": "2.41270", "2015-06-30": "2.41570", "2015-03-31": "0.13790", "2014-12-31": "0.96340", "2014-09-30": "2.27440", "2014-06-30": "1.90660", "2014-03-31": "0.65360", "2013-12-31": "0.88900", "2013-09-30": "2.38890", "2013-06-30": "2.02500", "2013-03-31": "0.71370", "2012-12-31": "0.70600", "2012-09-30": "2.13010", "2012-06-30": "1.66500", "2012-03-31": "0.54590", "2011-12-31": "0.01570", "2011-09-30": "2.29410", "2011-06-30": "1.87380", "2011-03-31": "0.31600", "2010-12-31": "0.44780", "2010-09-30": "2.16320", "2010-06-30": "1.71420", "2010-03-31": "-0.13340", "2009-12-31": "0.08870", "2009-09-30": "1.13720", "2009-06-30": "0.58430", "2009-03-31": "-0.92250", "2008-12-31": "-0.64040", "2008-09-30": "1.10180", "2008-06-30": "0.76880", "2008-03-31": "-0.36660", "2007-12-31": "-0.27430", "2007-09-30": "1.30130", "2007-06-30": "1.05610", "2007-03-31": "-0.45070", "2006-12-31": "-0.25810", "2006-09-30": "1.63310", "2006-06-30": "1.57930", "2006-03-31": "0.05350", "2005-12-31": "0.45070", "2005-09-30": "2.09100", "2005-06-30": "1.05670", "2005-03-31": "-0.94990"}, "ROI - Return On Investment": {"2020-12-31": "1.93930", "2020-09-30": "2.86200", "2020-06-30": "0.97090", "2020-03-31": "1.38390", "2019-12-31": "0.35750", "2019-09-30": "1.82710", "2019-06-30": "1.61240", "2019-03-31": "0.01060", "2018-12-31": "1.02550", "2018-09-30": "2.23430", "2018-06-30": "1.80520", "2018-03-31": "0.15660", "2017-12-31": "7.65730", "2017-09-30": "1.97390", "2017-06-30": "2.05220", "2017-03-31": "0.16230", "2016-12-31": "1.11330", "2016-09-30": "3.14720", "2016-06-30": "2.80530", "2016-03-31": "1.07310", "2015-12-31": "1.75860", "2015-09-30": "3.96340", "2015-06-30": "4.03810", "2015-03-31": "0.23260", "2014-12-31": "1.55800", "2014-09-30": "3.69850", "2014-06-30": "3.22490", "2014-03-31": "1.13010", "2013-12-31": "1.55550", "2013-09-30": "4.26300", "2013-06-30": "3.66350", "2013-03-31": "1.31000", "2012-12-31": "1.28940", "2012-09-30": "3.91790", "2012-06-30": "3.03440", "2012-03-31": "1.00730", "2011-12-31": "0.02900", "2011-09-30": "4.06500", "2011-06-30": "3.35400", "2011-03-31": "0.55400", "2010-12-31": "0.77430", "2010-09-30": "3.83100", "2010-06-30": "3.01770", "2010-03-31": "-0.23230", "2009-12-31": "0.14920", "2009-09-30": "1.89900", "2009-06-30": "0.98150", "2009-03-31": "-1.55860", "2008-12-31": "-1.07820", "2008-09-30": "1.82080", "2008-06-30": "1.30040", "2008-03-31": "-0.62070", "2007-12-31": "-0.46400", "2007-09-30": "2.18130", "2007-06-30": "1.73760", "2007-03-31": "-0.80430", "2006-12-31": "-0.45420", "2006-09-30": "2.91350", "2006-06-30": "2.95470", "2006-03-31": "0.10360", "2005-12-31": "0.88270", "2005-09-30": "4.26500", "2005-06-30": "2.15330", "2005-03-31": "-2.06950"}, "Book Value Per Share": {"2020-12-31": "242.61300", "2020-09-30": "234.88530", "2020-06-30": "217.11450", "2020-03-31": "215.25500", "2019-12-31": "209.26240", "2019-09-30": "206.95980", "2019-06-30": "197.31860", "2019-03-31": "188.31030", "2018-12-31": "188.29250", "2018-09-30": "185.29000", "2018-06-30": "178.30200", "2018-03-31": "173.84270", "2017-12-31": "174.07010", "2017-09-30": "147.51230", "2017-06-30": "140.91510", "2017-03-31": "133.60590", "2016-12-31": "135.69480", "2016-09-30": "133.35960", "2016-06-30": "123.38270", "2016-03-31": "114.82080", "2015-12-31": "113.47100", "2015-09-30": "109.32360", "2015-06-30": "104.50130", "2015-03-31": "96.10150", "2014-12-31": "97.22600", "2014-09-30": "93.95420", "2014-06-30": "85.39660", "2014-03-31": "77.89520", "2013-12-31": "76.21490", "2013-09-30": "74.55220", "2013-06-30": "68.66030", "2013-03-31": "62.69170", "2012-12-31": "60.71500", "2012-09-30": "63.03150", "2012-06-30": "56.84720", "2012-03-31": "52.82640", "2011-12-31": "51.05970", "2011-09-30": "51.32300", "2011-06-30": "46.90640", "2011-03-31": "50.64360", "2010-12-31": "50.24510", "2010-09-30": "48.24120", "2010-06-30": "44.12020", "2010-03-31": "41.45810", "2009-12-31": "41.87640", "2009-09-30": "41.00450", "2009-06-30": "38.30820", "2009-03-31": "36.59880", "2008-12-31": "38.43450", "2008-09-30": "42.40480", "2008-06-30": "40.79510", "2008-03-31": "38.63440", "2007-12-31": "40.52120", "2007-09-30": "39.26960", "2007-06-30": "37.16470", "2007-03-31": "34.95250", "2006-12-31": "37.04790", "2006-09-30": "37.56670", "2006-06-30": "35.43110", "2006-03-31": "32.68200", "2005-12-31": "32.88690", "2005-09-30": "31.88450", "2005-06-30": "28.05770", "2005-03-31": "26.91410"}, "Operating Cash Flow Per Share": {"2020-12-31": 19.0846, "2020-09-30": 34.2848, "2020-06-30": "16.83420", "2020-03-31": 6.2603, "2019-12-31": 10.9663, "2019-09-30": 18.1983, "2019-06-30": "19.43700", "2019-03-31": 4.9453, "2018-12-31": 8.9824, "2018-09-30": 16.9979, "2018-06-30": "18.86940", "2018-03-31": 5.0371, "2017-12-31": 7.983, "2017-09-30": 15.6352, "2017-06-30": "19.21260", "2017-03-31": 6.5433, "2016-12-31": 9.0976, "2016-09-30": 20.016, "2016-06-30": "18.43390", "2016-03-31": 9.7546, "2015-12-31": 6.1796, "2015-09-30": 18.2456, "2015-06-30": "19.16480", "2015-03-31": 12.1016, "2014-12-31": 2.1823, "2014-09-30": 9.4643, "2014-06-30": "15.00710", "2014-03-31": 8.8358, "2013-12-31": 3.9681, "2013-09-30": 12.4784, "2013-06-30": "12.24150", "2013-03-31": 4.3747, "2012-12-31": 1.872, "2012-09-30": 9.5503, "2012-06-30": "18.09460", "2012-03-31": 8.8491, "2011-12-31": 4.007, "2011-09-30": 13.6533, "2011-06-30": "7.88380", "2011-03-31": 5.5885, "2010-12-31": 5.4803, "2010-09-30": 9.4556, "2010-06-30": "8.95450", "2010-03-31": 4.6386, "2009-12-31": 3.036, "2009-09-30": 8.2235, "2009-06-30": "4.86430", "2009-03-31": 1.1108, "2008-12-31": 0.3882, "2008-09-30": 6.3908, "2008-06-30": "6.29240", "2008-03-31": 1.3411, "2007-12-31": 1.1663, "2007-09-30": 8.7997, "2007-06-30": "5.37330", "2007-03-31": 1.9768, "2006-12-31": 2.7834, "2006-09-30": 4.8823, "2006-06-30": "7.18750", "2006-03-31": 0.827, "2005-12-31": 1.4487, "2005-09-30": 8.2129, "2005-06-30": "2.48110", "2005-03-31": 10.6079}, "Free Cash Flow Per Share": {"2020-12-31": 9.9423, "2020-09-30": 25.3789, "2020-06-30": "7.98480", "2020-03-31": -9.4527, "2019-12-31": 4.3385, "2019-09-30": -7.3738, "2019-06-30": "-15.59270", "2019-03-31": -20.5912, "2018-12-31": 4.9432, "2018-09-30": 0.4511, "2018-06-30": "0.45880", "2018-03-31": -9.6259, "2017-12-31": 13.9151, "2017-09-30": 7.6566, "2017-06-30": "2.07160", "2017-03-31": -12.5254, "2016-12-31": 3.1362, "2016-09-30": 11.1801, "2016-06-30": "3.48670", "2016-03-31": -9.4127, "2015-12-31": -6.4303, "2015-09-30": 14.0307, "2015-06-30": "5.97530", "2015-03-31": 0.59, "2014-12-31": -1.1341, "2014-09-30": 2.8096, "2014-06-30": "3.81030", "2014-03-31": -4.1308, "2013-12-31": -6.0017, "2013-09-30": 7.3985, "2013-06-30": "2.92770", "2013-03-31": -4.8181, "2012-12-31": -3.6414, "2012-09-30": 6.8248, "2012-06-30": "13.20510", "2012-03-31": 1.588, "2011-12-31": 1.7624, "2011-09-30": 9.4295, "2011-06-30": "-0.37660", "2011-03-31": -0.0837, "2010-12-31": 3.6883, "2010-09-30": 6.218, "2010-06-30": "4.30740", "2010-03-31": 2.7966, "2009-12-31": 3.29, "2009-09-30": 8.1431, "2009-06-30": "0.43790", "2009-03-31": -1.9306, "2008-12-31": -3.0451, "2008-09-30": 2.0578, "2008-06-30": "3.19230", "2008-03-31": -3.5847, "2007-12-31": -1.1405, "2007-09-30": 4.0335, "2007-06-30": "-3.19480", "2007-03-31": -6.6081, "2006-12-31": -0.224, "2006-09-30": -3.4285, "2006-06-30": "0.61130", "2006-03-31": -3.2795, "2005-12-31": -3.6278, "2005-09-30": 8.3639, "2005-06-30": "-0.37910", "2005-03-31": 9.3997}}, "revenue": {"Amerco Annual Revenue (Millions of US $)": {"2020": "$3,979", "2019": "$3,769", "2018": "$3,601", "2017": "$3,422", "2016": "$3,275", "2015": "$3,075", "2014": "$2,835", "2013": "$2,559", "2012": "$2,512", "2011": "$2,251", "2010": "$2,002", "2009": "$1,992", "2008": "$2,049", "2007": "$2,069", "2006": "$2,088", "2005": "$2,008"}, "Amerco Quarterly Revenue (Millions of US $)": {"2020-12-31": "$1,170", "2020-09-30": "$1,325", "2020-06-30": "$987", "2020-03-31": "$822", "2019-12-31": "$928", "2019-09-30": "$1,150", "2019-06-30": "$1,079", "2019-03-31": "$726", "2018-12-31": "$919", "2018-09-30": "$1,105", "2018-06-30": "$1,020", "2018-03-31": "$758", "2017-12-31": "$843", "2017-09-30": "$1,043", "2017-06-30": "$958", "2017-03-31": "$709", "2016-12-31": "$790", "2016-09-30": "$999", "2016-06-30": "$923", "2016-03-31": "$683", "2015-12-31": "$745", "2015-09-30": "$963", "2015-06-30": "$885", "2015-03-31": "$643", "2014-12-31": "$706", "2014-09-30": "$906", "2014-06-30": "$819", "2014-03-31": "$602", "2013-12-31": "$645", "2013-09-30": "$839", "2013-06-30": "$749", "2013-03-31": "$564", "2012-12-31": "$582", "2012-09-30": "$744", "2012-06-30": "$668", "2012-03-31": "$533", "2011-12-31": "$633", "2011-09-30": "$703", "2011-06-30": "$643", "2011-03-31": "$498", "2010-12-31": "$530", "2010-09-30": "$637", "2010-06-30": "$586", "2010-03-31": "$444", "2009-12-31": "$464", "2009-09-30": "$574", "2009-06-30": "$521", "2009-03-31": "$415", "2008-12-31": "$443", "2008-09-30": "$591", "2008-06-30": "$543", "2008-03-31": "$433", "2007-12-31": "$465", "2007-09-30": "$596", "2007-06-30": "$554", "2007-03-31": "$430", "2006-12-31": "$467", "2006-09-30": "$606", "2006-06-30": "$567", "2006-03-31": "$427", "2005-12-31": "$496", "2005-09-30": "$606", "2005-06-30": "$559", "2005-03-31": "$414"}}, "gross-profit": {"Amerco Annual Gross Profit (Millions of US $)": {"2020": "$1,235", "2019": "$1,237", "2018": "$1,172", "2017": "$1,252", "2016": "$1,230", "2015": "$1,041", "2014": "$1,010", "2013": "$872", "2012": "$770", "2011": "$727", "2010": "$586", "2009": "$551", "2008": "$573", "2007": "$590", "2006": "$609", "2005": "$468"}, "Amerco Quarterly Gross Profit (Millions of US $)": {"2020-12-31": "$452", "2020-09-30": "$545", "2020-06-30": "$333", "2020-03-31": "$194", "2019-12-31": "$266", "2019-09-30": "$409", "2019-06-30": "$366", "2019-03-31": "$198", "2018-12-31": "$296", "2018-09-30": "$398", "2018-06-30": "$345", "2018-03-31": "$161", "2017-12-31": "$262", "2017-09-30": "$377", "2017-06-30": "$371", "2017-03-31": "$184", "2016-12-31": "$262", "2016-09-30": "$432", "2016-06-30": "$374", "2016-03-31": "$215", "2015-12-31": "$259", "2015-09-30": "$393", "2015-06-30": "$364", "2015-03-31": "$128", "2014-12-31": "$238", "2014-09-30": "$367", "2014-06-30": "$307", "2014-03-31": "$179", "2013-12-31": "$206", "2013-09-30": "$335", "2013-06-30": "$291", "2013-03-31": "$168", "2012-12-31": "$175", "2012-09-30": "$286", "2012-06-30": "$243", "2012-03-31": "$154", "2011-12-31": "$117", "2011-09-30": "$268", "2011-06-30": "$231", "2011-03-31": "$130", "2010-12-31": "$142", "2010-09-30": "$242", "2010-06-30": "$214", "2010-03-31": "$105", "2009-12-31": "$126", "2009-09-30": "$195", "2009-06-30": "$160", "2009-03-31": "$79", "2008-12-31": "$96", "2008-09-30": "$203", "2008-06-30": "$173", "2008-03-31": "$91", "2007-12-31": "$106", "2007-09-30": "$202", "2007-06-30": "$173", "2007-03-31": "$86", "2006-12-31": "$99", "2006-09-30": "$212", "2006-06-30": "$193", "2006-03-31": "$95", "2005-12-31": "$123", "2005-09-30": "$205", "2005-06-30": "$186", "2005-03-31": "$47"}}, "operating-income": {"Amerco Annual Operating Income (Millions of US $)": {"2020": "$540", "2019": "$621", "2018": "$765", "2017": "$743", "2016": "$867", "2015": "$663", "2014": "$630", "2013": "$499", "2012": "$416", "2011": "$378", "2010": "$194", "2009": "$121", "2008": "$204", "2007": "$228", "2006": "$270", "2005": "$167"}, "Amerco Quarterly Operating Income (Millions of US $)": {"2020-12-31": "$284", "2020-09-30": "$392", "2020-06-30": "$154", "2020-03-31": "$1", "2019-12-31": "$81", "2019-09-30": "$245", "2019-06-30": "$214", "2019-03-31": "$27", "2018-12-31": "$138", "2018-09-30": "$251", "2018-06-30": "$205", "2018-03-31": "$3", "2017-12-31": "$303", "2017-09-30": "$230", "2017-06-30": "$229", "2017-03-31": "$45", "2016-12-31": "$132", "2016-09-30": "$307", "2016-06-30": "$260", "2016-03-31": "$107", "2015-12-31": "$158", "2015-09-30": "$311", "2015-06-30": "$291", "2015-03-31": "$35", "2014-12-31": "$133", "2014-09-30": "$276", "2014-06-30": "$219", "2014-03-31": "$82", "2013-12-31": "$106", "2013-09-30": "$240", "2013-06-30": "$202", "2013-03-31": "$72", "2012-12-31": "$82", "2012-09-30": "$194", "2012-06-30": "$151", "2012-03-31": "$58", "2011-12-31": "$25", "2011-09-30": "$184", "2011-06-30": "$148", "2011-03-31": "$40", "2010-12-31": "$51", "2010-09-30": "$158", "2010-06-30": "$128", "2010-03-31": "$10", "2009-12-31": "$29", "2009-09-30": "$96", "2009-06-30": "$59", "2009-03-31": "$-32", "2008-12-31": "$-14", "2008-09-30": "$96", "2008-06-30": "$72", "2008-03-31": "$-6", "2007-12-31": "$8", "2007-09-30": "$109", "2007-06-30": "$92", "2007-03-31": "$-9", "2006-12-31": "$8", "2006-09-30": "$119", "2006-06-30": "$110", "2006-03-31": "$-16", "2005-12-31": "$45", "2005-09-30": "$128", "2005-06-30": "$113", "2005-03-31": "$-29"}}, "ebitda": {"Amerco Annual EBITDA (Millions of US $)": {"2020": "$1,253", "2019": "$1,248", "2018": "$1,361", "2017": "$1,267", "2016": "$1,283", "2015": "$1,039", "2014": "$943", "2013": "$777", "2012": "$660", "2011": "$600", "2010": "$431", "2009": "$382", "2008": "$445", "2007": "$432", "2006": "$428", "2005": "$314"}, "Amerco Quarterly EBITDA (Millions of US $)": {"2020-12-31": "$459", "2020-09-30": "$568", "2020-06-30": "$333", "2020-03-31": "$186", "2019-12-31": "$261", "2019-09-30": "$425", "2019-06-30": "$382", "2019-03-31": "$191", "2018-12-31": "$293", "2018-09-30": "$406", "2018-06-30": "$358", "2018-03-31": "$167", "2017-12-31": "$452", "2017-09-30": "$375", "2017-06-30": "$368", "2017-03-31": "$192", "2016-12-31": "$259", "2016-09-30": "$433", "2016-06-30": "$382", "2016-03-31": "$217", "2015-12-31": "$259", "2015-09-30": "$413", "2015-06-30": "$394", "2015-03-31": "$138", "2014-12-31": "$225", "2014-09-30": "$369", "2014-06-30": "$307", "2014-03-31": "$167", "2013-12-31": "$183", "2013-09-30": "$319", "2013-06-30": "$275", "2013-03-31": "$148", "2012-12-31": "$150", "2012-09-30": "$262", "2012-06-30": "$217", "2012-03-31": "$124", "2011-12-31": "$86", "2011-09-30": "$243", "2011-06-30": "$207", "2011-03-31": "$97", "2010-12-31": "$106", "2010-09-30": "$213", "2010-06-30": "$183", "2010-03-31": "$66", "2009-12-31": "$87", "2009-09-30": "$158", "2009-06-30": "$119", "2009-03-31": "$37", "2008-12-31": "$52", "2008-09-30": "$160", "2008-06-30": "$134", "2008-03-31": "$55", "2007-12-31": "$68", "2007-09-30": "$170", "2007-06-30": "$151", "2007-03-31": "$46", "2006-12-31": "$60", "2006-09-30": "$170", "2006-06-30": "$156", "2006-03-31": "$27", "2005-12-31": "$83", "2005-09-30": "$167", "2005-06-30": "$150", "2005-03-31": "$12"}}, "net-income": {"Amerco Annual Net Income (Millions of US $)": {"2020": "$442", "2019": "$371", "2018": "$791", "2017": "$398", "2016": "$489", "2015": "$357", "2014": "$342", "2013": "$265", "2012": "$197", "2011": "$171", "2010": "$53", "2009": "$0", "2008": "$55", "2007": "$78", "2006": "$108", "2005": "$76"}, "Amerco Quarterly Net Income (Millions of US $)": {"2020-12-31": "$183", "2020-09-30": "$266", "2020-06-30": "$88", "2020-03-31": "$122", "2019-12-31": "$31", "2019-09-30": "$156", "2019-06-30": "$132", "2019-03-31": "$1", "2018-12-31": "$79", "2018-09-30": "$164", "2018-06-30": "$128", "2018-03-31": "$11", "2017-12-31": "$529", "2017-09-30": "$125", "2017-06-30": "$126", "2017-03-31": "$10", "2016-12-31": "$65", "2016-09-30": "$176", "2016-06-30": "$147", "2016-03-31": "$53", "2015-12-31": "$82", "2015-09-30": "$183", "2015-06-30": "$171", "2015-03-31": "$9", "2014-12-31": "$67", "2014-09-30": "$156", "2014-06-30": "$124", "2014-03-31": "$39", "2013-12-31": "$52", "2013-09-30": "$138", "2013-06-30": "$113", "2013-03-31": "$38", "2012-12-31": "$37", "2012-09-30": "$109", "2012-06-30": "$81", "2012-03-31": "$25", "2011-12-31": "$1", "2011-09-30": "$101", "2011-06-30": "$69", "2011-03-31": "$10", "2010-12-31": "$16", "2010-09-30": "$82", "2010-06-30": "$63", "2010-03-31": "$-8", "2009-12-31": "$0", "2009-09-30": "$42", "2009-06-30": "$20", "2009-03-31": "$-39", "2008-12-31": "$-28", "2008-09-30": "$41", "2008-06-30": "$27", "2008-03-31": "$-17", "2007-12-31": "$-14", "2007-09-30": "$47", "2007-06-30": "$39", "2007-03-31": "$-19", "2006-12-31": "$-13", "2006-09-30": "$57", "2006-06-30": "$52", "2006-03-31": "$-1", "2005-12-31": "$12", "2005-09-30": "$66", "2005-06-30": "$32", "2005-03-31": "$-33"}}, "eps-earnings-per-share-diluted": {"Amerco Annual EPS": {"2020": "$22.55", "2019": "$18.93", "2018": "$40.36", "2017": "$20.34", "2016": "$24.95", "2015": "$18.21", "2014": "$17.51", "2013": "$13.56", "2012": "$10.09", "2011": "$8.80", "2010": "$2.74", "2009": "$0.02", "2008": "$2.78", "2007": "$3.72", "2006": "$5.19", "2005": "$3.68"}, "Amerco Quarterly EPS": {"2020-12-31": "$9.33", "2020-09-30": "$13.58", "2020-06-30": "$4.47", "2020-03-31": "$6.24", "2019-12-31": "$1.58", "2019-09-30": "$7.97", "2019-06-30": "$6.76", "2019-03-31": "$0.04", "2018-12-31": "$4.01", "2018-09-30": "$8.35", "2018-06-30": "$6.53", "2018-03-31": "$0.56", "2017-12-31": "$27.00", "2017-09-30": "$6.36", "2017-06-30": "$6.44", "2017-03-31": "$0.49", "2016-12-31": "$3.33", "2016-09-30": "$9.01", "2016-06-30": "$7.51", "2016-03-31": "$2.68", "2015-12-31": "$4.17", "2015-09-30": "$9.36", "2015-06-30": "$8.74", "2015-03-31": "$0.47", "2014-12-31": "$3.40", "2014-09-30": "$7.98", "2014-06-30": "$6.36", "2014-03-31": "$2.00", "2013-12-31": "$2.67", "2013-09-30": "$7.06", "2013-06-30": "$5.78", "2013-03-31": "$1.93", "2012-12-31": "$1.89", "2012-09-30": "$5.61", "2012-06-30": "$4.13", "2012-03-31": "$1.29", "2011-12-31": "$0.04", "2011-09-30": "$5.20", "2011-06-30": "$3.56", "2011-03-31": "$0.52", "2010-12-31": "$0.80", "2010-09-30": "$4.22", "2010-06-30": "$3.26", "2010-03-31": "$-0.43", "2009-12-31": "$0.02", "2009-09-30": "$2.14", "2009-06-30": "$1.01", "2009-03-31": "$-1.99", "2008-12-31": "$-1.46", "2008-09-30": "$2.10", "2008-06-30": "$1.37", "2008-03-31": "$-0.85", "2007-12-31": "$-0.69", "2007-09-30": "$2.39", "2007-06-30": "$1.93", "2007-03-31": "$-0.91", "2006-12-31": "$-0.61", "2006-09-30": "$2.74", "2006-06-30": "$2.50", "2006-03-31": "$-0.07", "2005-12-31": "$0.57", "2005-09-30": "$3.16", "2005-06-30": "$1.53", "2005-03-31": "$-1.57"}}, "shares-outstanding": {"Amerco Annual Shares Outstanding (Millions of Shares)": {"2020": "20", "2019": "20", "2018": "20", "2017": "20", "2016": "20", "2015": "20", "2014": "20", "2013": "20", "2012": "19", "2011": "19", "2010": "19", "2009": "19", "2008": "20", "2007": "21", "2006": "21", "2005": "21"}, "Amerco Quarterly Shares Outstanding (Millions of Shares)": {"2020-12-31": "20", "2020-09-30": "20", "2020-06-30": "20", "2020-03-31": "20", "2019-12-31": "20", "2019-09-30": "20", "2019-06-30": "20", "2019-03-31": "20", "2018-12-31": "20", "2018-09-30": "20", "2018-06-30": "20", "2018-03-31": "20", "2017-12-31": "20", "2017-09-30": "20", "2017-06-30": "20", "2017-03-31": "20", "2016-12-31": "20", "2016-09-30": "20", "2016-06-30": "20", "2016-03-31": "20", "2015-12-31": "20", "2015-09-30": "20", "2015-06-30": "20", "2015-03-31": "20", "2014-12-31": "20", "2014-09-30": "20", "2014-06-30": "20", "2014-03-31": "20", "2013-12-31": "20", "2013-09-30": "20", "2013-06-30": "20", "2013-03-31": "20", "2012-12-31": "20", "2012-09-30": "20", "2012-06-30": "20", "2012-03-31": "19", "2011-12-31": "19", "2011-09-30": "19", "2011-06-30": "19", "2011-03-31": "19", "2010-12-31": "19", "2010-09-30": "19", "2010-06-30": "19", "2010-03-31": "19", "2009-12-31": "19", "2009-09-30": "19", "2009-06-30": "19", "2009-03-31": "19", "2008-12-31": "19", "2008-09-30": "19", "2008-06-30": "19", "2008-03-31": "20", "2007-12-31": "20", "2007-09-30": "20", "2007-06-30": "20", "2007-03-31": "21", "2006-12-31": "21", "2006-09-30": "21", "2006-06-30": "21", "2006-03-31": "21", "2005-12-31": "21", "2005-09-30": "21", "2005-06-30": "21", "2005-03-31": "21"}}, "total-assets": {"Amerco Annual Total Assets (Millions of US $)": {"2020": "$13,438", "2019": "$11,892", "2018": "$10,747", "2017": "$9,406", "2016": "$8,109", "2015": "$6,872", "2014": "$5,999", "2013": "$5,307", "2012": "$4,654", "2011": "$4,191", "2010": "$3,762", "2009": "$3,825", "2008": "$3,832", "2007": "$3,523", "2006": "$3,367", "2005": "$3,116"}, "Amerco Quarterly Total Assets (Millions of US $)": {"2020-12-31": "$14,447", "2020-09-30": "$14,123", "2020-06-30": "$13,712", "2020-03-31": "$13,438", "2019-12-31": "$12,994", "2019-09-30": "$12,856", "2019-06-30": "$12,475", "2019-03-31": "$11,892", "2018-12-31": "$11,646", "2018-09-30": "$11,324", "2018-06-30": "$11,001", "2018-03-31": "$10,747", "2017-12-31": "$10,497", "2017-09-30": "$10,083", "2017-06-30": "$9,801", "2017-03-31": "$9,406", "2016-12-31": "$9,287", "2016-09-30": "$9,007", "2016-06-30": "$8,544", "2016-03-31": "$8,109", "2015-12-31": "$7,763", "2015-09-30": "$7,601", "2015-06-30": "$7,091", "2015-03-31": "$6,872", "2014-12-31": "$6,907", "2014-09-30": "$6,870", "2014-06-30": "$6,529", "2014-03-31": "$5,999", "2013-12-31": "$5,874", "2013-09-30": "$5,776", "2013-06-30": "$5,579", "2013-03-31": "$5,307", "2012-12-31": "$5,219", "2012-09-30": "$5,137", "2012-06-30": "$4,839", "2012-03-31": "$4,654", "2011-12-31": "$4,634", "2011-09-30": "$4,403", "2011-06-30": "$4,174", "2011-03-31": "$4,191", "2010-12-31": "$4,156", "2010-09-30": "$3,939", "2010-06-30": "$3,880", "2010-03-31": "$3,762", "2009-12-31": "$3,970", "2009-09-30": "$3,930", "2009-06-30": "$3,839", "2009-03-31": "$3,825", "2008-12-31": "$3,896", "2008-09-30": "$3,977", "2008-06-30": "$3,879", "2008-03-31": "$3,832", "2007-12-31": "$3,789", "2007-09-30": "$3,879", "2007-06-30": "$3,953", "2007-03-31": "$3,523", "2006-12-31": "$3,672", "2006-09-30": "$3,704", "2006-06-30": "$3,509", "2006-03-31": "$3,367", "2005-12-31": "$3,366", "2005-09-30": "$3,306", "2005-06-30": "$3,318", "2005-03-31": "$3,116"}}, "cash-on-hand": {"Amerco Annual Cash on Hand (Millions of US $)": {"2020": "$494", "2019": "$674", "2018": "$759", "2017": "$698", "2016": "$601", "2015": "$442", "2014": "$495", "2013": "$464", "2012": "$357", "2011": "$375", "2010": "$244", "2009": "$241", "2008": "$207", "2007": "$75", "2006": "$155", "2005": "$56"}, "Amerco Quarterly Cash on Hand (Millions of US $)": {"2020-12-31": "$1,399", "2020-09-30": "$1,216", "2020-06-30": "$825", "2020-03-31": "$494", "2019-12-31": "$632", "2019-09-30": "$525", "2019-06-30": "$520", "2019-03-31": "$674", "2018-12-31": "$984", "2018-09-30": "$652", "2018-06-30": "$650", "2018-03-31": "$759", "2017-12-31": "$1,023", "2017-09-30": "$768", "2017-06-30": "$804", "2017-03-31": "$698", "2016-12-31": "$984", "2016-09-30": "$921", "2016-06-30": "$646", "2016-03-31": "$601", "2015-12-31": "$675", "2015-09-30": "$962", "2015-06-30": "$476", "2015-03-31": "$442", "2014-12-31": "$729", "2014-09-30": "$849", "2014-06-30": "$693", "2014-03-31": "$495", "2013-12-31": "$602", "2013-09-30": "$680", "2013-06-30": "$553", "2013-03-31": "$464", "2012-12-31": "$586", "2012-09-30": "$646", "2012-06-30": "$566", "2012-03-31": "$357", "2011-12-31": "$438", "2011-09-30": "$448", "2011-06-30": "$244", "2011-03-31": "$375", "2010-12-31": "$405", "2010-09-30": "$330", "2010-06-30": "$288", "2010-03-31": "$244", "2009-12-31": "$412", "2009-09-30": "$385", "2009-06-30": "$227", "2009-03-31": "$241", "2008-12-31": "$312", "2008-09-30": "$363", "2008-06-30": "$240", "2008-03-31": "$207", "2007-12-31": "$204", "2007-09-30": "$203", "2007-06-30": "$162", "2007-03-31": "$75", "2006-12-31": "$313", "2006-09-30": "$327", "2006-06-30": "$242", "2006-03-31": "$155", "2005-12-31": "$247", "2005-09-30": "$289", "2005-06-30": "$229", "2005-03-31": "$56"}}, "long-term-debt": {"Amerco Annual Long Term Debt (Millions of US $)": {"2020": "$4,621", "2019": "$4,163", "2018": "$3,513", "2017": "$3,263", "2016": "$2,647", "2015": "$2,191", "2014": "$1,942", "2013": "$1,662", "2012": "$1,486", "2011": "$1,398", "2010": "$1,348", "2009": "$1,546", "2008": "$1,505", "2007": "$1,256", "2006": "$1,042", "2005": "$857"}, "Amerco Quarterly Long Term Debt (Millions of US $)": {"2020-12-31": "$4,678", "2020-09-30": "$4,701", "2020-06-30": "$4,778", "2020-03-31": "$4,621", "2019-12-31": "$4,549", "2019-09-30": "$4,498", "2019-06-30": "$4,344", "2019-03-31": "$4,163", "2018-12-31": "$3,976", "2018-09-30": "$3,687", "2018-06-30": "$3,586", "2018-03-31": "$3,513", "2017-12-31": "$3,494", "2017-09-30": "$3,422", "2017-06-30": "$3,387", "2017-03-31": "$3,263", "2016-12-31": "$3,198", "2016-09-30": "$2,992", "2016-06-30": "$2,827", "2016-03-31": "$2,647", "2015-12-31": "$2,425", "2015-09-30": "$2,483", "2015-06-30": "$2,193", "2015-03-31": "$2,191", "2014-12-31": "$2,365", "2014-09-30": "$2,382", "2014-06-30": "$2,185", "2014-03-31": "$1,942", "2013-12-31": "$1,863", "2013-09-30": "$1,775", "2013-06-30": "$1,737", "2013-03-31": "$1,662", "2012-12-31": "$1,667", "2012-09-30": "$1,557", "2012-06-30": "$1,541", "2012-03-31": "$1,486", "2011-12-31": "$1,508", "2011-09-30": "$1,479", "2011-06-30": "$1,413", "2011-03-31": "$1,398", "2010-12-31": "$1,418", "2010-09-30": "$1,279", "2010-06-30": "$1,339", "2010-03-31": "$1,348", "2009-12-31": "$1,538", "2009-09-30": "$1,549", "2009-06-30": "$1,534", "2009-03-31": "$1,546", "2008-12-31": "$1,561", "2008-09-30": "$1,575", "2008-06-30": "$1,493", "2008-03-31": "$1,505", "2007-12-31": "$1,427", "2007-09-30": "$1,526", "2007-06-30": "$1,657", "2007-03-31": "$1,256", "2006-12-31": "$1,299", "2006-09-30": "$1,277", "2006-06-30": "$1,122", "2006-03-31": "$1,042", "2005-12-31": "$1,019", "2005-09-30": "$942", "2005-06-30": "$1,031", "2005-03-31": "$857"}}, "total-liabilities": {"Amerco Annual Total Liabilities (Millions of US $)": {"2020": "$9,217", "2019": "$8,199", "2018": "$7,339", "2017": "$6,786", "2016": "$5,858", "2015": "$4,988", "2014": "$4,472", "2013": "$4,077", "2012": "$3,618", "2011": "$3,198", "2010": "$2,950", "2009": "$3,107", "2008": "$3,074", "2007": "$2,805", "2006": "$2,672", "2005": "$2,543"}, "Amerco Quarterly Total Liabilities (Millions of US $)": {"2020-12-31": "$9,690", "2020-09-30": "$9,518", "2020-06-30": "$9,455", "2020-03-31": "$9,217", "2019-12-31": "$8,891", "2019-09-30": "$8,798", "2019-06-30": "$8,606", "2019-03-31": "$8,199", "2018-12-31": "$7,954", "2018-09-30": "$7,691", "2018-06-30": "$7,505", "2018-03-31": "$7,339", "2017-12-31": "$7,084", "2017-09-30": "$7,190", "2017-06-30": "$7,038", "2017-03-31": "$6,786", "2016-12-31": "$6,627", "2016-09-30": "$6,392", "2016-06-30": "$6,125", "2016-03-31": "$5,858", "2015-12-31": "$5,538", "2015-09-30": "$5,457", "2015-06-30": "$5,042", "2015-03-31": "$4,988", "2014-12-31": "$5,000", "2014-09-30": "$5,028", "2014-06-30": "$4,854", "2014-03-31": "$4,472", "2013-12-31": "$4,380", "2013-09-30": "$4,315", "2013-06-30": "$4,232", "2013-03-31": "$4,077", "2012-12-31": "$4,029", "2012-09-30": "$3,901", "2012-06-30": "$3,724", "2012-03-31": "$3,618", "2011-12-31": "$3,633", "2011-09-30": "$3,397", "2011-06-30": "$3,255", "2011-03-31": "$3,198", "2010-12-31": "$3,170", "2010-09-30": "$2,993", "2010-06-30": "$3,014", "2010-03-31": "$2,950", "2009-12-31": "$3,149", "2009-09-30": "$3,126", "2009-06-30": "$3,088", "2009-03-31": "$3,107", "2008-12-31": "$3,143", "2008-09-30": "$3,146", "2008-06-30": "$3,079", "2008-03-31": "$3,074", "2007-12-31": "$2,976", "2007-09-30": "$3,091", "2007-06-30": "$3,208", "2007-03-31": "$2,805", "2006-12-31": "$2,884", "2006-09-30": "$2,905", "2006-06-30": "$2,755", "2006-03-31": "$2,672", "2005-12-31": "$2,666", "2005-09-30": "$2,627", "2005-06-30": "$2,721", "2005-03-31": "$2,543"}}, "total-share-holder-equity": {"Amerco Annual Share Holder Equity (Millions of US $)": {"2020": "$4,221", "2019": "$3,692", "2018": "$3,409", "2017": "$2,620", "2016": "$2,251", "2015": "$1,884", "2014": "$1,527", "2013": "$1,229", "2012": "$1,036", "2011": "$993", "2010": "$813", "2009": "$718", "2008": "$758", "2007": "$718", "2006": "$696", "2005": "$573"}, "Amerco Quarterly Share Holder Equity (Millions of US $)": {"2020-12-31": "$4,757", "2020-09-30": "$4,606", "2020-06-30": "$4,257", "2020-03-31": "$4,221", "2019-12-31": "$4,103", "2019-09-30": "$4,058", "2019-06-30": "$3,869", "2019-03-31": "$3,692", "2018-12-31": "$3,692", "2018-09-30": "$3,633", "2018-06-30": "$3,496", "2018-03-31": "$3,409", "2017-12-31": "$3,413", "2017-09-30": "$2,892", "2017-06-30": "$2,763", "2017-03-31": "$2,620", "2016-12-31": "$2,661", "2016-09-30": "$2,615", "2016-06-30": "$2,419", "2016-03-31": "$2,251", "2015-12-31": "$2,225", "2015-09-30": "$2,144", "2015-06-30": "$2,049", "2015-03-31": "$1,884", "2014-12-31": "$1,906", "2014-09-30": "$1,842", "2014-06-30": "$1,674", "2014-03-31": "$1,527", "2013-12-31": "$1,494", "2013-09-30": "$1,462", "2013-06-30": "$1,346", "2013-03-31": "$1,229", "2012-12-31": "$1,190", "2012-09-30": "$1,236", "2012-06-30": "$1,115", "2012-03-31": "$1,036", "2011-12-31": "$1,001", "2011-09-30": "$1,006", "2011-06-30": "$920", "2011-03-31": "$993", "2010-12-31": "$985", "2010-09-30": "$946", "2010-06-30": "$865", "2010-03-31": "$813", "2009-12-31": "$821", "2009-09-30": "$804", "2009-06-30": "$751", "2009-03-31": "$718", "2008-12-31": "$754", "2008-09-30": "$832", "2008-06-30": "$801", "2008-03-31": "$758", "2007-12-31": "$813", "2007-09-30": "$788", "2007-06-30": "$745", "2007-03-31": "$718", "2006-12-31": "$789", "2006-09-30": "$800", "2006-06-30": "$754", "2006-03-31": "$696", "2005-12-31": "$700", "2005-09-30": "$679", "2005-06-30": "$597", "2005-03-31": "$573"}}, "profit-margins": {"current": "15.32%"}, "gross margin": {"2020-12-31": "35.41%", "2020-09-30": "32.94%", "2020-06-30": "30.92%", "2020-03-31": "31.04%", "2019-12-31": "31.91%", "2019-09-30": "32.76%", "2019-06-30": "32.85%", "2019-03-31": "32.81%", "2018-12-31": "31.56%", "2018-09-30": "31.29%", "2018-06-30": "31.25%", "2018-03-31": "32.51%", "2017-12-31": "33.61%", "2017-09-30": "34.11%", "2017-06-30": "36.14%", "2017-03-31": "36.60%", "2016-12-31": "37.79%", "2016-09-30": "38.21%", "2016-06-30": "37.45%", "2016-03-31": "37.58%", "2015-12-31": "35.35%", "2015-09-30": "35.13%", "2015-06-30": "34.94%", "2015-03-31": "33.83%", "2014-12-31": "35.97%", "2014-09-30": "35.63%", "2014-06-30": "35.35%", "2014-03-31": "35.66%", "2013-12-31": "35.75%", "2013-09-30": "35.44%", "2013-06-30": "34.86%", "2013-03-31": "34.09%", "2012-12-31": "33.95%", "2012-09-30": "31.03%", "2012-06-30": "30.82%", "2012-03-31": "30.65%", "2011-12-31": "30.12%", "2011-09-30": "32.48%", "2011-06-30": "32.28%", "2011-03-31": "32.34%", "2010-12-31": "32.00%", "2010-09-30": "32.24%", "2010-06-30": "30.95%", "2010-03-31": "29.26%", "2009-12-31": "28.37%", "2009-09-30": "27.14%", "2009-06-30": "27.31%", "2009-03-31": "27.66%", "2008-12-31": "28.01%", "2008-09-30": "28.20%", "2008-06-30": "28.08%", "2008-03-31": "27.93%", "2007-12-31": "27.73%", "2007-09-30": "27.36%", "2007-06-30": "27.71%", "2007-03-31": "28.50%", "2006-12-31": "28.98%", "2006-09-30": "29.72%", "2006-06-30": "29.39%", "2006-03-31": "29.17%", "2005-12-31": "27.04%"}, "operating margin": {"2020-12-31": "19.31%", "2020-09-30": "15.46%", "2020-06-30": "12.37%", "2020-03-31": "13.60%", "2019-12-31": "14.60%", "2019-09-30": "16.11%", "2019-06-30": "16.45%", "2019-03-31": "16.47%", "2018-12-31": "15.70%", "2018-09-30": "20.45%", "2018-06-30": "20.22%", "2018-03-31": "21.24%", "2017-12-31": "22.71%", "2017-09-30": "18.17%", "2017-06-30": "20.63%", "2017-03-31": "21.75%", "2016-12-31": "23.74%", "2016-09-30": "24.84%", "2016-06-30": "25.23%", "2016-03-31": "26.47%", "2015-12-31": "24.57%", "2015-09-30": "24.09%", "2015-06-30": "23.41%", "2015-03-31": "21.57%", "2014-12-31": "23.41%", "2014-09-30": "22.98%", "2014-06-30": "22.27%", "2014-03-31": "22.22%", "2013-12-31": "22.17%", "2013-09-30": "21.80%", "2013-06-30": "20.84%", "2013-03-31": "19.51%", "2012-12-31": "19.19%", "2012-09-30": "16.60%", "2012-06-30": "16.48%", "2012-03-31": "16.52%", "2011-12-31": "16.03%", "2011-09-30": "17.82%", "2011-06-30": "17.20%", "2011-03-31": "16.75%", "2010-12-31": "15.79%", "2010-09-30": "15.25%", "2010-06-30": "12.72%", "2010-03-31": "9.69%", "2009-12-31": "7.70%", "2009-09-30": "5.58%", "2009-06-30": "5.53%", "2009-03-31": "6.12%", "2008-12-31": "7.36%", "2008-09-30": "8.37%", "2008-06-30": "8.98%", "2008-03-31": "9.91%", "2007-12-31": "9.78%", "2007-09-30": "9.77%", "2007-06-30": "10.21%", "2007-03-31": "11.01%", "2006-12-31": "10.69%", "2006-09-30": "12.31%", "2006-06-30": "12.74%", "2006-03-31": "12.93%", "2005-12-31": "12.39%"}, "ebitda margin": {"2020-12-31": "35.92%", "2020-09-30": "33.19%", "2020-06-30": "31.00%", "2020-03-31": "31.52%", "2019-12-31": "32.42%", "2019-09-30": "33.32%", "2019-06-30": "33.22%", "2019-03-31": "33.10%", "2018-12-31": "32.19%", "2018-09-30": "37.12%", "2018-06-30": "36.90%", "2018-03-31": "37.81%", "2017-12-31": "39.04%", "2017-09-30": "34.11%", "2017-06-30": "36.23%", "2017-03-31": "37.01%", "2016-12-31": "38.03%", "2016-09-30": "38.54%", "2016-06-30": "38.35%", "2016-03-31": "39.16%", "2015-12-31": "37.21%", "2015-09-30": "36.60%", "2015-06-30": "35.86%", "2015-03-31": "33.80%", "2014-12-31": "35.21%", "2014-09-30": "34.52%", "2014-06-30": "33.60%", "2014-03-31": "33.30%", "2013-12-31": "33.07%", "2013-09-30": "32.63%", "2013-06-30": "31.64%", "2013-03-31": "30.38%", "2012-12-31": "29.80%", "2012-09-30": "26.73%", "2012-06-30": "26.41%", "2012-03-31": "26.27%", "2011-12-31": "25.56%", "2011-09-30": "27.51%", "2011-06-30": "26.99%", "2011-03-31": "26.61%", "2010-12-31": "25.85%", "2010-09-30": "25.76%", "2010-06-30": "23.89%", "2010-03-31": "21.47%", "2009-12-31": "20.31%", "2009-09-30": "18.74%", "2009-06-30": "18.68%", "2009-03-31": "19.23%", "2008-12-31": "19.95%", "2008-09-30": "20.52%", "2008-06-30": "20.96%", "2008-03-31": "21.68%", "2007-12-31": "21.27%", "2007-09-30": "20.86%", "2007-06-30": "20.76%", "2007-03-31": "20.87%", "2006-12-31": "19.98%", "2006-09-30": "20.80%", "2006-06-30": "20.66%", "2006-03-31": "20.45%", "2005-12-31": "19.86%"}, "pre tax profit margin": {"2020-12-31": "15.45%", "2020-09-30": "11.40%", "2020-06-30": "8.16%", "2020-03-31": "9.50%", "2019-12-31": "10.56%", "2019-09-30": "12.21%", "2019-06-30": "12.64%", "2019-03-31": "12.68%", "2018-12-31": "12.05%", "2018-09-30": "16.83%", "2018-06-30": "16.59%", "2018-03-31": "17.71%", "2017-12-31": "19.20%", "2017-09-30": "14.66%", "2017-06-30": "17.22%", "2017-03-31": "18.39%", "2016-12-31": "20.47%", "2016-09-30": "21.61%", "2016-06-30": "22.09%", "2016-03-31": "23.44%", "2015-12-31": "21.63%", "2015-09-30": "21.11%", "2015-06-30": "20.22%", "2015-03-31": "18.25%", "2014-12-31": "20.05%", "2014-09-30": "19.62%", "2014-06-30": "19.04%", "2014-03-31": "18.94%", "2013-12-31": "18.84%", "2013-09-30": "18.47%", "2013-06-30": "17.43%", "2013-03-31": "15.95%", "2012-12-31": "15.63%", "2012-09-30": "13.07%", "2012-06-30": "12.85%", "2012-03-31": "12.94%", "2011-12-31": "12.35%", "2011-09-30": "14.03%", "2011-06-30": "13.34%", "2011-03-31": "12.84%", "2010-12-31": "11.79%", "2010-09-30": "11.03%", "2010-06-30": "8.27%", "2010-03-31": "4.99%", "2009-12-31": "2.89%", "2009-09-30": "0.61%", "2009-06-30": "0.56%", "2009-03-31": "1.15%", "2008-12-31": "2.39%", "2008-09-30": "3.49%", "2008-06-30": "4.03%", "2008-03-31": "4.98%", "2007-12-31": "5.04%", "2007-09-30": "5.18%", "2007-06-30": "5.93%", "2007-03-31": "7.05%", "2006-12-31": "8.61%", "2006-09-30": "10.50%", "2006-06-30": "11.21%", "2006-03-31": "9.58%", "2005-12-31": "7.23%"}, "net profit margin": {"2020-12-31": "15.31%", "2020-09-30": "12.48%", "2020-06-30": "10.21%", "2020-03-31": "11.08%", "2019-12-31": "8.24%", "2019-09-30": "9.50%", "2019-06-30": "9.82%", "2019-03-31": "9.87%", "2018-12-31": "10.05%", "2018-09-30": "22.33%", "2018-06-30": "21.64%", "2018-03-31": "21.96%", "2017-12-31": "22.23%", "2017-09-30": "9.31%", "2017-06-30": "10.91%", "2017-03-31": "11.63%", "2016-12-31": "12.99%", "2016-09-30": "13.67%", "2016-06-30": "14.03%", "2016-03-31": "14.93%", "2015-12-31": "13.75%", "2015-09-30": "13.45%", "2015-06-30": "12.83%", "2015-03-31": "11.58%", "2014-12-31": "12.73%", "2014-09-30": "12.48%", "2014-06-30": "12.15%", "2014-03-31": "12.06%", "2013-12-31": "12.19%", "2013-09-30": "11.92%", "2013-06-30": "11.25%", "2013-03-31": "10.36%", "2012-12-31": "9.97%", "2012-09-30": "8.38%", "2012-06-30": "8.20%", "2012-03-31": "7.80%", "2011-12-31": "7.31%", "2011-09-30": "8.26%", "2011-06-30": "7.67%", "2011-03-31": "7.60%", "2010-12-31": "6.96%", "2010-09-30": "6.43%", "2010-06-30": "4.69%", "2010-03-31": "2.70%", "2009-12-31": "1.17%", "2009-09-30": "-0.26%", "2009-06-30": "-0.30%", "2009-03-31": "0.05%", "2008-12-31": "1.14%", "2008-09-30": "1.82%", "2008-06-30": "2.11%", "2008-03-31": "2.69%", "2007-12-31": "2.59%", "2007-09-30": "2.64%", "2007-06-30": "3.11%", "2007-03-31": "3.72%", "2006-12-31": "4.60%", "2006-09-30": "5.73%", "2006-06-30": "6.15%", "2006-03-31": "5.22%", "2005-12-31": "3.71%"}, "pe ratio": {"current": "18.21", "2021-02-05": "19.62", "2020-12-31": "18.69", "2020-09-30": "13.70", "2020-06-30": "14.83", "2020-03-31": "12.81", "2019-12-31": "22.85", "2019-09-30": "20.62", "2019-06-30": "19.59", "2019-03-31": "19.46", "2018-12-31": "16.70", "2018-09-30": "8.31", "2018-06-30": "8.69", "2018-03-31": "8.43", "2017-12-31": "9.23", "2017-09-30": "22.18", "2017-06-30": "18.63", "2017-03-31": "18.37", "2016-12-31": "16.04", "2016-09-30": "13.53", "2016-06-30": "15.39", "2016-03-31": "13.92", "2015-12-31": "16.65", "2015-09-30": "17.41", "2015-06-30": "15.31", "2015-03-31": "17.44", "2014-12-31": "13.80", "2014-09-30": "13.20", "2014-06-30": "15.41", "2014-03-31": "12.71", "2013-12-31": "13.02", "2013-09-30": "10.55", "2013-06-30": "10.16", "2013-03-31": "12.22", "2012-12-31": "9.37", "2012-09-30": "8.78", "2012-06-30": "7.71", "2012-03-31": "9.55", "2011-12-31": "8.66", "2011-09-30": "5.59", "2011-06-30": "9.54", "2011-03-31": "9.95", "2010-12-31": "11.05", "2010-09-30": "10.15", "2010-06-30": "9.96", "2010-03-31": "17.89", "2009-12-31": "38.05", "2009-09-30": "0.00", "2009-06-30": "0.00", "2009-03-31": "1513.87", "2008-12-31": "26.88", "2008-09-30": "19.62", "2008-06-30": "19.39", "2008-03-31": "18.54", "2007-12-31": "21.65", "2007-09-30": "20.32", "2007-06-30": "21.51", "2007-03-31": "16.90", "2006-12-31": "17.23"}, "price sales": {"2021-02-05": "2.17", "2020-12-31": "2.07", "2020-09-30": "1.71", "2020-06-30": "1.52", "2020-03-31": "1.42", "2019-12-31": "1.89", "2019-09-30": "1.96", "2019-06-30": "1.92", "2019-03-31": "1.91", "2018-12-31": "1.67", "2018-09-30": "1.85", "2018-06-30": "1.88", "2018-03-31": "1.85", "2017-12-31": "2.05", "2017-09-30": "2.06", "2017-06-30": "2.03", "2017-03-31": "2.14", "2016-12-31": "2.09", "2016-09-30": "1.85", "2016-06-30": "2.16", "2016-03-31": "2.08", "2015-12-31": "2.29", "2015-09-30": "2.34", "2015-06-30": "1.97", "2015-03-31": "2.02", "2014-12-31": "1.76", "2014-09-30": "1.65", "2014-06-30": "1.88", "2014-03-31": "1.53", "2013-12-31": "1.59", "2013-09-30": "1.26", "2013-06-30": "1.14", "2013-03-31": "1.26", "2012-12-31": "0.93", "2012-09-30": "0.73", "2012-06-30": "0.63", "2012-03-31": "0.75", "2011-12-31": "0.63", "2011-09-30": "0.46", "2011-06-30": "0.73", "2011-03-31": "0.76", "2010-12-31": "0.77", "2010-09-30": "0.65", "2010-06-30": "0.47", "2010-03-31": "0.47", "2009-12-31": "0.44", "2009-09-30": "0.41", "2009-06-30": "0.33", "2009-03-31": "0.29", "2008-12-31": "0.30", "2008-09-30": "0.36", "2008-06-30": "0.41", "2008-03-31": "0.50", "2007-12-31": "0.58", "2007-09-30": "0.57", "2007-06-30": "0.68", "2007-03-31": "0.64", "2006-12-31": "0.79"}, "price book": {"current": "1.90", "2021-02-05": "1.96", "2020-12-31": "1.87", "2020-09-30": "1.51", "2020-06-30": "1.38", "2020-03-31": "1.34", "2019-12-31": "1.79", "2019-09-30": "1.87", "2019-06-30": "1.90", "2019-03-31": "1.96", "2018-12-31": "1.73", "2018-09-30": "1.90", "2018-06-30": "1.97", "2018-03-31": "1.96", "2017-12-31": "2.14", "2017-09-30": "2.50", "2017-06-30": "2.55", "2017-03-31": "2.80", "2016-12-31": "2.66", "2016-09-30": "2.37", "2016-06-30": "2.96", "2016-03-31": "3.03", "2015-12-31": "3.34", "2015-09-30": "3.50", "2015-06-30": "3.02", "2015-03-31": "3.31", "2014-12-31": "2.80", "2014-09-30": "2.67", "2014-06-30": "3.26", "2014-03-31": "2.86", "2013-12-31": "2.98", "2013-09-30": "2.36", "2013-06-30": "2.25", "2013-03-31": "2.64", "2012-12-31": "1.99", "2012-09-30": "1.54", "2012-06-30": "1.45", "2012-03-31": "1.82", "2011-12-31": "1.58", "2011-09-30": "1.10", "2011-06-30": "1.85", "2011-03-31": "1.73", "2010-12-31": "1.73", "2010-09-30": "1.49", "2010-06-30": "1.13", "2010-03-31": "1.18", "2009-12-31": "1.07", "2009-09-30": "1.01", "2009-06-30": "0.88", "2009-03-31": "0.83", "2008-12-31": "0.81", "2008-09-30": "0.89", "2008-06-30": "1.06", "2008-03-31": "1.33", "2007-12-31": "1.46", "2007-09-30": "1.46", "2007-06-30": "1.83", "2007-03-31": "1.81", "2006-12-31": "2.12", "2006-09-30": "1.78", "2006-06-30": "2.57", "2006-03-31": "2.73"}, "price fcf": {"2021-02-05": "", "2020-12-31": "$33.85", "2020-09-30": "$28.25", "2020-06-30": "$-4.50", "2020-03-31": "$-28.08", "2019-12-31": "$-39.22", "2019-09-30": "$-38.61", "2019-06-30": "$-30.79", "2019-03-31": "$-14.74", "2018-12-31": "$-3.77", "2018-09-30": "$5.20", "2018-06-30": "$12.40", "2018-03-31": "$14.02", "2017-12-31": "$11.12", "2017-09-30": "$0.34", "2017-06-30": "$3.86", "2017-03-31": "$5.28", "2016-12-31": "$8.39", "2016-09-30": "$-1.18", "2016-06-30": "$1.67", "2016-03-31": "$4.16", "2015-12-31": "$14.17", "2015-09-30": "$19.46", "2015-06-30": "$8.24", "2015-03-31": "$6.08", "2014-12-31": "$1.36", "2014-09-30": "$-3.51", "2014-06-30": "$1.08", "2014-03-31": "$0.19", "2013-12-31": "$-0.49", "2013-09-30": "$1.87", "2013-06-30": "$1.29", "2013-03-31": "$11.57", "2012-12-31": "$17.98", "2012-09-30": "$23.38", "2012-06-30": "$25.99", "2012-03-31": "$12.40", "2011-12-31": "$10.73", "2011-09-30": "$12.66", "2011-06-30": "$9.45", "2011-03-31": "$14.13", "2010-12-31": "$17.01", "2010-09-30": "$16.61", "2010-06-30": "$18.54", "2010-03-31": "$14.67", "2009-12-31": "$9.94", "2009-09-30": "$3.61", "2009-06-30": "$-2.48", "2009-03-31": "$0.27", "2008-12-31": "$-1.38", "2008-09-30": "$0.52", "2008-06-30": "$2.50", "2008-03-31": "$-3.89", "2007-12-31": "$-6.91", "2007-09-30": "$-5.99", "2007-06-30": "$-13.46", "2007-03-31": "$-9.65", "2006-12-31": "$-1.96"}, "net worth": {"value": "$9.34B"}, "current ratio": {"current": "3.58", "2020-12-31": "3.58", "2020-09-30": "3.13", "2020-06-30": "2.95", "2020-03-31": "2.43", "2019-12-31": "2.04", "2019-09-30": "1.91", "2019-06-30": "1.78", "2019-03-31": "2.11", "2018-12-31": "2.80", "2018-09-30": "2.12", "2018-06-30": "2.19", "2018-03-31": "2.37", "2017-12-31": "3.13", "2017-09-30": "2.60", "2017-06-30": "2.69", "2017-03-31": "2.40", "2016-12-31": "3.03", "2016-09-30": "2.90", "2016-06-30": "2.11", "2016-03-31": "1.97", "2015-12-31": "2.49", "2015-09-30": "2.48", "2015-06-30": "1.75", "2015-03-31": "1.67", "2014-12-31": "3.08", "2014-09-30": "2.95", "2014-06-30": "2.24", "2014-03-31": "2.28", "2013-12-31": "2.67", "2013-09-30": "2.85", "2013-06-30": "2.56", "2013-03-31": "2.34", "2012-12-31": "2.83", "2012-09-30": "2.71", "2012-06-30": "2.48", "2012-03-31": "2.25", "2011-12-31": "2.62", "2011-09-30": "2.37", "2011-06-30": "1.86", "2011-03-31": "2.35", "2010-12-31": "2.40", "2010-09-30": "1.95", "2010-06-30": "1.81", "2010-03-31": "1.85", "2009-12-31": "2.60", "2009-09-30": "2.30", "2009-06-30": "1.90", "2009-03-31": "1.77", "2008-12-31": "1.99", "2008-09-30": "2.48", "2008-06-30": "1.95", "2008-03-31": "1.82", "2007-12-31": "1.81", "2007-09-30": "1.91", "2007-06-30": "1.75", "2007-03-31": "1.52", "2006-12-31": "2.63", "2006-09-30": "2.68", "2006-06-30": "2.30", "2006-03-31": "2.15", "2005-12-31": "2.82", "2005-09-30": "2.90", "2005-06-30": "2.39", "2005-03-31": "1.65"}, "quick ratio": {"2020-12-31": "3.41", "2020-09-30": "2.98", "2020-06-30": "2.78", "2020-03-31": "2.24", "2019-12-31": "1.85", "2019-09-30": "1.72", "2019-06-30": "1.61", "2019-03-31": "1.93", "2018-12-31": "2.62", "2018-09-30": "1.95", "2018-06-30": "2.01", "2018-03-31": "2.19", "2017-12-31": "2.93", "2017-09-30": "2.37", "2017-06-30": "2.48", "2017-03-31": "2.22", "2016-12-31": "2.85", "2016-09-30": "2.72", "2016-06-30": "1.94", "2016-03-31": "1.81", "2015-12-31": "2.32", "2015-09-30": "2.34", "2015-06-30": "1.60", "2015-03-31": "1.53", "2014-12-31": "2.89", "2014-09-30": "2.78", "2014-06-30": "2.09", "2014-03-31": "2.09", "2013-12-31": "2.49", "2013-09-30": "2.68", "2013-06-30": "2.40", "2013-03-31": "2.18", "2012-12-31": "2.66", "2012-09-30": "2.55", "2012-06-30": "2.31", "2012-03-31": "2.08", "2011-12-31": "2.46", "2011-09-30": "2.19", "2011-06-30": "1.68", "2011-03-31": "2.15", "2010-12-31": "2.20", "2010-09-30": "1.78", "2010-06-30": "1.65", "2010-03-31": "1.68", "2009-12-31": "2.39", "2009-09-30": "2.09", "2009-06-30": "1.69", "2009-03-31": "1.55", "2008-12-31": "1.76", "2008-09-30": "2.21", "2008-06-30": "1.71", "2008-03-31": "1.60", "2007-12-31": "1.58", "2007-09-30": "1.67", "2007-06-30": "1.51", "2007-03-31": "1.25", "2006-12-31": "2.35", "2006-09-30": "2.38", "2006-06-30": "2.04", "2006-03-31": "1.87", "2005-12-31": "2.47", "2005-09-30": "2.57", "2005-06-30": "2.10", "2005-03-31": "1.38"}, "debt equity ratio": {"current": "0.95", "2020-12-31": "2.04", "2020-09-30": "2.07", "2020-06-30": "2.22", "2020-03-31": "2.18", "2019-12-31": "2.17", "2019-09-30": "2.17", "2019-06-30": "2.22", "2019-03-31": "2.22", "2018-12-31": "2.15", "2018-09-30": "2.12", "2018-06-30": "2.15", "2018-03-31": "2.15", "2017-12-31": "2.08", "2017-09-30": "2.49", "2017-06-30": "2.55", "2017-03-31": "2.59", "2016-12-31": "2.49", "2016-09-30": "2.45", "2016-06-30": "2.53", "2016-03-31": "2.60", "2015-12-31": "2.49", "2015-09-30": "2.55", "2015-06-30": "2.46", "2015-03-31": "2.65", "2014-12-31": "2.62", "2014-09-30": "2.73", "2014-06-30": "2.90", "2014-03-31": "2.93", "2013-12-31": "2.93", "2013-09-30": "2.95", "2013-06-30": "3.14", "2013-03-31": "3.32", "2012-12-31": "3.38", "2012-09-30": "3.16", "2012-06-30": "3.34", "2012-03-31": "3.49", "2011-12-31": "3.63", "2011-09-30": "3.38", "2011-06-30": "3.54", "2011-03-31": "3.22", "2010-12-31": "3.22", "2010-09-30": "3.17", "2010-06-30": "3.48", "2010-03-31": "3.63", "2009-12-31": "3.84", "2009-09-30": "3.89", "2009-06-30": "4.11", "2009-03-31": "4.33", "2008-12-31": "4.17", "2008-09-30": "3.78", "2008-06-30": "3.84", "2008-03-31": "4.05", "2007-12-31": "3.66", "2007-09-30": "3.92", "2007-06-30": "4.30", "2007-03-31": "3.91", "2006-12-31": "3.66", "2006-09-30": "3.63", "2006-06-30": "3.65", "2006-03-31": "3.84", "2005-12-31": "3.81", "2005-09-30": "3.87", "2005-06-30": "4.56", "2005-03-31": "4.44"}, "return on equity": {"2020-12-31": "14.77%", "2020-09-30": "11.80%", "2020-06-30": "9.54%", "2020-03-31": "10.85%", "2019-12-31": "8.14%", "2019-09-30": "9.61%", "2019-06-30": "10.10%", "2019-03-31": "10.25%", "2018-12-31": "10.74%", "2018-09-30": "23.85%", "2018-06-30": "24.01%", "2018-03-31": "25.36%", "2017-12-31": "27.04%", "2017-09-30": "11.92%", "2017-06-30": "14.15%", "2017-03-31": "15.43%", "2016-12-31": "17.74%", "2016-09-30": "19.26%", "2016-06-30": "20.58%", "2016-03-31": "22.56%", "2015-12-31": "21.44%", "2015-09-30": "21.55%", "2015-06-30": "20.99%", "2015-03-31": "19.49%", "2014-12-31": "22.22%", "2014-09-30": "22.70%", "2014-06-30": "22.93%", "2014-03-31": "23.47%", "2013-12-31": "24.66%", "2013-09-30": "24.95%", "2013-06-30": "23.76%", "2013-03-31": "22.22%", "2012-12-31": "22.02%", "2012-09-30": "19.69%", "2012-06-30": "20.01%", "2012-03-31": "19.78%", "2011-12-31": "18.47%", "2011-09-30": "20.08%", "2011-06-30": "18.42%", "2011-03-31": "18.05%", "2010-12-31": "16.96%", "2010-09-30": "15.91%", "2010-06-30": "11.75%", "2010-03-31": "6.77%", "2009-12-31": "2.97%", "2009-09-30": "-0.66%", "2009-06-30": "-0.79%", "2009-03-31": "0.13%", "2008-12-31": "2.93%", "2008-09-30": "4.62%", "2008-06-30": "5.44%", "2008-03-31": "7.09%", "2007-12-31": "6.92%", "2007-09-30": "7.11%", "2007-06-30": "8.39%", "2007-03-31": "10.06%", "2006-12-31": "12.50%", "2006-09-30": "16.27%", "2006-06-30": "18.24%", "2006-03-31": "16.32%", "2005-12-31": "12.08%"}, "return on assets": {"2020-12-31": "4.73%", "2020-09-30": "3.74%", "2020-06-30": "3.00%", "2020-03-31": "3.41%", "2019-12-31": "2.55%", "2019-09-30": "3.01%", "2019-06-30": "3.18%", "2019-03-31": "3.24%", "2018-12-31": "3.42%", "2018-09-30": "7.64%", "2018-06-30": "7.49%", "2018-03-31": "7.69%", "2017-12-31": "7.94%", "2017-09-30": "3.38%", "2017-06-30": "4.02%", "2017-03-31": "4.39%", "2016-12-31": "5.05%", "2016-09-30": "5.48%", "2016-06-30": "5.81%", "2016-03-31": "6.40%", "2015-12-31": "6.07%", "2015-09-30": "6.04%", "2015-06-30": "5.81%", "2015-03-31": "5.24%", "2014-12-31": "5.87%", "2014-09-30": "5.87%", "2014-06-30": "5.84%", "2014-03-31": "5.89%", "2013-12-31": "6.05%", "2013-09-30": "5.96%", "2013-06-30": "5.59%", "2013-03-31": "5.17%", "2012-12-31": "5.08%", "2012-09-30": "4.49%", "2012-06-30": "4.49%", "2012-03-31": "4.39%", "2011-12-31": "4.16%", "2011-09-30": "4.63%", "2011-06-30": "4.30%", "2011-03-31": "4.23%", "2010-12-31": "3.89%", "2010-09-30": "3.52%", "2010-06-30": "2.50%", "2010-03-31": "1.39%", "2009-12-31": "0.59%", "2009-09-30": "-0.13%", "2009-06-30": "-0.15%", "2009-03-31": "0.03%", "2008-12-31": "0.59%", "2008-09-30": "0.96%", "2008-06-30": "1.12%", "2008-03-31": "1.42%", "2007-12-31": "1.40%", "2007-09-30": "1.44%", "2007-06-30": "1.72%", "2007-03-31": "2.14%", "2006-12-31": "2.67%", "2006-09-30": "3.44%", "2006-06-30": "3.81%", "2006-03-31": "3.26%", "2005-12-31": "2.35%"}, "return on investments": {"2020-12-31": "9.08%", "2020-09-30": "7.01%", "2020-06-30": "5.48%", "2020-03-31": "6.32%", "2019-12-31": "6.82%", "2019-09-30": "7.73%", "2019-06-30": "8.11%", "2019-03-31": "8.30%", "2018-12-31": "8.24%", "2018-09-30": "10.80%", "2018-06-30": "10.89%", "2018-03-31": "11.64%", "2017-12-31": "12.78%", "2017-09-30": "10.51%", "2017-06-30": "12.14%", "2017-03-31": "13.17%", "2016-12-31": "14.92%", "2016-09-30": "16.31%", "2016-06-30": "17.22%", "2016-03-31": "18.83%", "2015-12-31": "18.07%", "2015-09-30": "17.89%", "2015-06-30": "17.49%", "2015-03-31": "16.14%", "2014-12-31": "17.95%", "2014-09-30": "18.32%", "2014-06-30": "18.59%", "2014-03-31": "19.17%", "2013-12-31": "19.73%", "2013-09-30": "19.75%", "2013-06-30": "18.92%", "2013-03-31": "17.83%", "2012-12-31": "17.92%", "2012-09-30": "16.34%", "2012-06-30": "16.44%", "2012-03-31": "16.86%", "2011-12-31": "16.34%", "2011-09-30": "17.60%", "2011-06-30": "16.98%", "2011-03-31": "16.35%", "2010-12-31": "15.44%", "2010-09-30": "14.53%", "2010-06-30": "11.59%", "2010-03-31": "8.47%", "2009-12-31": "6.57%", "2009-09-30": "4.73%", "2009-06-30": "4.70%", "2009-03-31": "5.26%", "2008-12-31": "6.38%", "2008-09-30": "7.39%", "2008-06-30": "8.03%", "2008-03-31": "8.81%", "2007-12-31": "8.96%", "2007-09-30": "9.11%", "2007-06-30": "9.84%", "2007-03-31": "11.38%", "2006-12-31": "11.37%", "2006-09-30": "13.93%", "2006-06-30": "15.36%", "2006-03-31": "16.11%", "2005-12-31": "16.07%"}, "return on tangible equity": {"2020-12-31": "14.77%", "2020-09-30": "11.80%", "2020-06-30": "9.54%", "2020-03-31": "10.85%", "2019-12-31": "8.14%", "2019-09-30": "9.61%", "2019-06-30": "10.10%", "2019-03-31": "10.25%", "2018-12-31": "10.74%", "2018-09-30": "23.85%", "2018-06-30": "24.01%", "2018-03-31": "25.36%", "2017-12-31": "27.04%", "2017-09-30": "11.92%", "2017-06-30": "14.15%", "2017-03-31": "15.43%", "2016-12-31": "17.74%", "2016-09-30": "19.26%", "2016-06-30": "20.58%", "2016-03-31": "22.56%", "2015-12-31": "21.44%", "2015-09-30": "21.55%", "2015-06-30": "20.99%", "2015-03-31": "19.49%", "2014-12-31": "22.22%", "2014-09-30": "22.70%", "2014-06-30": "22.93%", "2014-03-31": "23.47%", "2013-12-31": "24.66%", "2013-09-30": "24.95%", "2013-06-30": "23.76%", "2013-03-31": "22.22%", "2012-12-31": "22.02%", "2012-09-30": "19.69%", "2012-06-30": "20.01%", "2012-03-31": "19.78%", "2011-12-31": "18.47%", "2011-09-30": "20.08%", "2011-06-30": "18.42%", "2011-03-31": "18.05%", "2010-12-31": "16.96%", "2010-09-30": "15.91%", "2010-06-30": "11.75%", "2010-03-31": "6.77%", "2009-12-31": "2.97%", "2009-09-30": "-0.66%", "2009-06-30": "-0.79%", "2009-03-31": "0.13%", "2008-12-31": "2.93%", "2008-09-30": "4.62%", "2008-06-30": "5.44%", "2008-03-31": "7.09%", "2007-12-31": "6.92%", "2007-09-30": "7.11%", "2007-06-30": "8.39%", "2007-03-31": "10.06%", "2006-12-31": "12.50%", "2006-09-30": "16.27%", "2006-06-30": "18.24%", "2006-03-31": "16.32%", "2005-12-31": "12.08%"}, "dividend yield history": {"last payout": "$0.00", "last yield": "0.00%"}}