{"ticker": "AAL", "price": {"title": "American Airlines Group Historical Annual Stock Price Data", "value": 17.19, "historical": {"2020": {"Average Stock Price": "15.2803", "Year Open": "29.0900", "Year High": "30.4700", "Year Low": "9.0400", "Year Close": "15.7700", "Annual % Change": "-45.01%"}, "2019": {"Average Stock Price": "30.8792", "Year Open": "32.4800", "Year High": "36.9300", "Year Low": "24.4500", "Year Close": "28.6800", "Annual % Change": "-10.68%"}, "2018": {"Average Stock Price": "42.8020", "Year Open": "52.9900", "Year High": "58.4700", "Year Low": "29.7200", "Year Close": "32.1100", "Annual % Change": "-38.29%"}, "2017": {"Average Stock Price": "47.4907", "Year Open": "46.3000", "Year High": "54.2200", "Year Low": "40.3500", "Year Close": "52.0300", "Annual % Change": "11.44%"}, "2016": {"Average Stock Price": "38.1838", "Year Open": "40.9100", "Year High": "49.6400", "Year Low": "25.2700", "Year Close": "46.6900", "Annual % Change": "10.25%"}, "2015": {"Average Stock Price": "45.1216", "Year Open": "53.9100", "Year High": "55.7600", "Year Low": "37.5000", "Year Close": "42.3500", "Annual % Change": "-21.03%"}, "2014": {"Average Stock Price": "38.9236", "Year Open": "25.3600", "Year High": "53.6300", "Year Low": "25.3600", "Year Close": "53.6300", "Annual % Change": "112.40%"}, "2013": {"Average Stock Price": "18.1879", "Year Open": "13.9800", "Year High": "26.6100", "Year Low": "13.0200", "Year Close": "25.2500", "Annual % Change": "87.04%"}, "2012": {"Average Stock Price": "10.4962", "Year Open": "5.1200", "Year High": "14.4500", "Year Low": "5.0300", "Year Close": "13.5000", "Annual % Change": "166.27%"}, "2011": {"Average Stock Price": "7.4598", "Year Open": "10.6500", "Year High": "11.4700", "Year Low": "4.0000", "Year Close": "5.0700", "Annual % Change": "-49.35%"}, "2010": {"Average Stock Price": "8.6367", "Year Open": "4.7700", "Year High": "12.0700", "Year Low": "4.7700", "Year Close": "10.0100", "Annual % Change": "106.82%"}, "2009": {"Average Stock Price": "3.8296", "Year Open": "8.3900", "Year High": "9.5700", "Year Low": "1.9700", "Year Close": "4.8400", "Annual % Change": "-37.39%"}, "2008": {"Average Stock Price": "7.7421", "Year Open": "13.3200", "Year High": "15.4000", "Year Low": "1.7600", "Year Close": "7.7300", "Annual % Change": "-47.45%"}, "2007": {"Average Stock Price": "35.6720", "Year Open": "56.3000", "Year High": "61.9600", "Year Low": "14.7100", "Year Close": "14.7100", "Annual % Change": "-72.68%"}, "2006": {"Average Stock Price": "44.3224", "Year Open": "37.4500", "Year High": "62.9500", "Year Low": "28.8900", "Year Close": "53.8500", "Annual % Change": "44.99%"}, "2005": {"Average Stock Price": "29.0685", "Year Open": "19.3000", "Year High": "37.7300", "Year Low": "19.3000", "Year Close": "37.1400", "Annual % Change": "0.00%"}}}, "market cap": {"value": "$10.4B"}, "income statement": {"Revenue": {"2020-12-31": "17337.00000", "2019-12-31": "45768.00000", "2018-12-31": "44541.00000", "2017-12-31": "42622.00000", "2016-12-31": "40142.00000", "2015-12-31": "40990.00000", "2014-12-31": "42650.00000", "2013-12-31": "26743.00000", "2012-12-31": "24855.00000", "2011-12-31": "23979.00000", "2010-12-31": "22170.00000", "2009-12-31": "19917.00000", "2008-12-31": "23766.00000", "2007-12-31": "22935.00000", "2006-12-31": "22563.00000", "2005-12-31": "20712.00000"}, "Cost Of Goods Sold": {"2020-12-31": "22893.00000", "2019-12-31": "33397.00000", "2018-12-31": "32651.00000", "2017-12-31": "29590.00000", "2016-12-31": "26891.00000", "2015-12-31": "26603.00000", "2014-12-31": "30644.00000", "2013-12-31": "19805.00000", "2012-12-31": "19744.00000", "2011-12-31": "19606.00000", "2010-12-31": "18040.00000", "2009-12-31": "16838.00000", "2008-12-31": "20211.00000", "2007-12-31": "17928.00000", "2006-12-31": "17659.00000", "2005-12-31": "16828.00000"}, "Gross Profit": {"2020-12-31": "-5556.00000", "2019-12-31": "12371.00000", "2018-12-31": "11890.00000", "2017-12-31": "13032.00000", "2016-12-31": "13251.00000", "2015-12-31": "14387.00000", "2014-12-31": "12006.00000", "2013-12-31": "6938.00000", "2012-12-31": "5111.00000", "2011-12-31": "4373.00000", "2010-12-31": "4130.00000", "2009-12-31": "3079.00000", "2008-12-31": "3555.00000", "2007-12-31": "5007.00000", "2006-12-31": "4904.00000", "2005-12-31": "3884.00000"}, "Research And Development Expenses": {"2020-12-31": "", "2019-12-31": "", "2018-12-31": "", "2017-12-31": "", "2016-12-31": "", "2015-12-31": "", "2014-12-31": "", "2013-12-31": "", "2012-12-31": "", "2011-12-31": "", "2010-12-31": "", "2009-12-31": "", "2008-12-31": "", "2007-12-31": "", "2006-12-31": "", "2005-12-31": ""}, "SG&A Expenses": {"2020-12-31": "513.00000", "2019-12-31": "1602.00000", "2018-12-31": "1520.00000", "2017-12-31": "1477.00000", "2016-12-31": "1323.00000", "2015-12-31": "1394.00000", "2014-12-31": "1544.00000", "2013-12-31": "1158.00000", "2012-12-31": "1058.00000", "2011-12-31": "1102.00000", "2010-12-31": "", "2009-12-31": "", "2008-12-31": "", "2007-12-31": "", "2006-12-31": "", "2005-12-31": ""}, "Other Operating Income Or Expenses": {"2020-12-31": "-2312.00000", "2019-12-31": "-5722.00000", "2018-12-31": "-5875.00000", "2017-12-31": "-5622.00000", "2016-12-31": "-5343.00000", "2015-12-31": "-5425.00000", "2014-12-31": "-4918.00000", "2013-12-31": "-3528.00000", "2012-12-31": "-3060.00000", "2011-12-31": "-3393.00000", "2010-12-31": "-2729.00000", "2009-12-31": "-2979.00000", "2008-12-31": "-4237.00000", "2007-12-31": "-2840.00000", "2006-12-31": "-2687.00000", "2005-12-31": "-2809.00000"}, "Operating Expenses": {"2020-12-31": "27758.00000", "2019-12-31": "42703.00000", "2018-12-31": "41885.00000", "2017-12-31": "38391.00000", "2016-12-31": "35082.00000", "2015-12-31": "34786.00000", "2014-12-31": "38401.00000", "2013-12-31": "25344.00000", "2012-12-31": "24707.00000", "2011-12-31": "25016.00000", "2010-12-31": "21862.00000", "2009-12-31": "20921.00000", "2008-12-31": "25655.00000", "2007-12-31": "21970.00000", "2006-12-31": "21503.00000", "2005-12-31": "20801.00000"}, "Operating Income": {"2020-12-31": "-10421.00000", "2019-12-31": "3065.00000", "2018-12-31": "2656.00000", "2017-12-31": "4231.00000", "2016-12-31": "5060.00000", "2015-12-31": "6204.00000", "2014-12-31": "4249.00000", "2013-12-31": "1399.00000", "2012-12-31": "148.00000", "2011-12-31": "-1037.00000", "2010-12-31": "308.00000", "2009-12-31": "-1004.00000", "2008-12-31": "-1889.00000", "2007-12-31": "965.00000", "2006-12-31": "1060.00000", "2005-12-31": "-89.00000"}, "Total Non-Operating Income/Expense": {"2020-12-31": "-1032.00000", "2019-12-31": "-809.00000", "2018-12-31": "-772.00000", "2017-12-31": "-836.00000", "2016-12-31": "-908.00000", "2015-12-31": "-1588.00000", "2014-12-31": "-1037.00000", "2013-12-31": "-3579.00000", "2012-12-31": "-2593.00000", "2011-12-31": "-942.00000", "2010-12-31": "-814.00000", "2009-12-31": "-748.00000", "2008-12-31": "-229.00000", "2007-12-31": "-509.00000", "2006-12-31": "-829.00000", "2005-12-31": "-768.00000"}, "Pre-Tax Income": {"2020-12-31": "-11453.00000", "2019-12-31": "2256.00000", "2018-12-31": "1884.00000", "2017-12-31": "3395.00000", "2016-12-31": "4152.00000", "2015-12-31": "4616.00000", "2014-12-31": "3212.00000", "2013-12-31": "-2180.00000", "2012-12-31": "-2445.00000", "2011-12-31": "-1979.00000", "2010-12-31": "-506.00000", "2009-12-31": "-1752.00000", "2008-12-31": "-2118.00000", "2007-12-31": "456.00000", "2006-12-31": "231.00000", "2005-12-31": "-857.00000"}, "Income Taxes": {"2020-12-31": "-2568.00000", "2019-12-31": "570.00000", "2018-12-31": "472.00000", "2017-12-31": "2113.00000", "2016-12-31": "1568.00000", "2015-12-31": "-2994.00000", "2014-12-31": "330.00000", "2013-12-31": "-346.00000", "2012-12-31": "-569.00000", "2011-12-31": "", "2010-12-31": "-35.00000", "2009-12-31": "-284.00000", "2008-12-31": "", "2007-12-31": "0.00000", "2006-12-31": "0.00000", "2005-12-31": ""}, "Income After Taxes": {"2020-12-31": "-8885.00000", "2019-12-31": "1686.00000", "2018-12-31": "1412.00000", "2017-12-31": "1282.00000", "2016-12-31": "2584.00000", "2015-12-31": "7610.00000", "2014-12-31": "2882.00000", "2013-12-31": "-1834.00000", "2012-12-31": "-1876.00000", "2011-12-31": "-1979.00000", "2010-12-31": "-471.00000", "2009-12-31": "-1468.00000", "2008-12-31": "-2118.00000", "2007-12-31": "456.00000", "2006-12-31": "231.00000", "2005-12-31": "-857.00000"}, "Other Income": {"2020-12-31": "", "2019-12-31": "", "2018-12-31": "", "2017-12-31": "", "2016-12-31": "", "2015-12-31": "", "2014-12-31": "", "2013-12-31": "", "2012-12-31": "", "2011-12-31": "", "2010-12-31": "", "2009-12-31": "", "2008-12-31": "", "2007-12-31": "", "2006-12-31": "", "2005-12-31": ""}, "Income From Continuous Operations": {"2020-12-31": "-8885.00000", "2019-12-31": "1686.00000", "2018-12-31": "1412.00000", "2017-12-31": "1282.00000", "2016-12-31": "2584.00000", "2015-12-31": "7610.00000", "2014-12-31": "2882.00000", "2013-12-31": "-1834.00000", "2012-12-31": "-1876.00000", "2011-12-31": "-1979.00000", "2010-12-31": "-471.00000", "2009-12-31": "-1468.00000", "2008-12-31": "-2118.00000", "2007-12-31": "456.00000", "2006-12-31": "231.00000", "2005-12-31": "-857.00000"}, "Income From Discontinued Operations": {"2020-12-31": "", "2019-12-31": "", "2018-12-31": "", "2017-12-31": "", "2016-12-31": "", "2015-12-31": "", "2014-12-31": "", "2013-12-31": "", "2012-12-31": "", "2011-12-31": "", "2010-12-31": "", "2009-12-31": "", "2008-12-31": "", "2007-12-31": "", "2006-12-31": "", "2005-12-31": ""}, "Net Income": {"2020-12-31": "-8885.00000", "2019-12-31": "1686.00000", "2018-12-31": "1412.00000", "2017-12-31": "1282.00000", "2016-12-31": "2584.00000", "2015-12-31": "7610.00000", "2014-12-31": "2882.00000", "2013-12-31": "-1834.00000", "2012-12-31": "-1876.00000", "2011-12-31": "-1979.00000", "2010-12-31": "-471.00000", "2009-12-31": "-1468.00000", "2008-12-31": "-2118.00000", "2007-12-31": "456.00000", "2006-12-31": "231.00000", "2005-12-31": "-857.00000"}, "EBITDA": {"2020-12-31": "-10421.00000", "2019-12-31": "5383.00000", "2018-12-31": "4815.00000", "2017-12-31": "6248.00000", "2016-12-31": "6759.00000", "2015-12-31": "7691.00000", "2014-12-31": "5591.00000", "2013-12-31": "2419.00000", "2012-12-31": "1149.00000", "2011-12-31": "38.00000", "2010-12-31": "1401.00000", "2009-12-31": "100.00000", "2008-12-31": "-682.00000", "2007-12-31": "2167.00000", "2006-12-31": "2217.00000", "2005-12-31": "1075.00000"}, "EBIT": {"2020-12-31": "-10421.00000", "2019-12-31": "3065.00000", "2018-12-31": "2656.00000", "2017-12-31": "4231.00000", "2016-12-31": "5060.00000", "2015-12-31": "6204.00000", "2014-12-31": "4249.00000", "2013-12-31": "1399.00000", "2012-12-31": "148.00000", "2011-12-31": "-1037.00000", "2010-12-31": "308.00000", "2009-12-31": "-1004.00000", "2008-12-31": "-1889.00000", "2007-12-31": "965.00000", "2006-12-31": "1060.00000", "2005-12-31": "-89.00000"}, "Basic Shares Outstanding": {"2020-12-31": "483.88800", "2019-12-31": "443.36300", "2018-12-31": "464.23600", "2017-12-31": "489.16400", "2016-12-31": "552.30800", "2015-12-31": "668.39300", "2014-12-31": "717.45600", "2013-12-31": "280.21300", "2012-12-31": "249.49000", "2011-12-31": "124.98500", "2010-12-31": "333.00000", "2009-12-31": "294.00000", "2008-12-31": "259.00000", "2007-12-31": "245.00000", "2006-12-31": "205.00000", "2005-12-31": "165.00000"}, "Shares Outstanding": {"2020-12-31": "483.88800", "2019-12-31": "444.26900", "2018-12-31": "465.66000", "2017-12-31": "491.69200", "2016-12-31": "556.09900", "2015-12-31": "687.35500", "2014-12-31": "734.01600", "2013-12-31": "280.21300", "2012-12-31": "249.49000", "2011-12-31": "124.98500", "2010-12-31": "333.00000", "2009-12-31": "294.00000", "2008-12-31": "259.00000", "2007-12-31": "267.00000", "2006-12-31": "264.00000", "2005-12-31": "165.00000"}, "Basic EPS": {"2020-12-31": "-18.36000", "2019-12-31": "3.80000", "2018-12-31": "3.04000", "2017-12-31": "2.62000", "2016-12-31": "4.68000", "2015-12-31": "11.39000", "2014-12-31": "4.02000", "2013-12-31": "-6.54000", "2012-12-31": "-7.52000", "2011-12-31": "-15.83000", "2010-12-31": "-1.41000", "2009-12-31": "-4.99000", "2008-12-31": "-8.16000", "2007-12-31": "1.86000", "2006-12-31": "1.13000", "2005-12-31": "-5.18000"}, "EPS - Earnings Per Share": {"2020-12-31": "-18.36000", "2019-12-31": "3.79000", "2018-12-31": "3.03000", "2017-12-31": "2.61000", "2016-12-31": "4.65000", "2015-12-31": "11.07000", "2014-12-31": "3.93000", "2013-12-31": "-6.54000", "2012-12-31": "-7.52000", "2011-12-31": "-15.83000", "2010-12-31": "-1.41000", "2009-12-31": "-4.99000", "2008-12-31": "-8.16000", "2007-12-31": "1.71000", "2006-12-31": "0.98000", "2005-12-31": "-5.18000"}}, "income statement, quarterly": {"Revenue": {"2020-12-31": "4027.00000", "2020-09-30": "3173.00000", "2020-06-30": "1622.00000", "2020-03-31": "8515.00000", "2019-12-31": "11313.00000", "2019-09-30": "11911.00000", "2019-06-30": "11960.00000", "2019-03-31": "10584.00000", "2018-12-31": "10938.00000", "2018-09-30": "11559.00000", "2018-06-30": "11643.00000", "2018-03-31": "10401.00000", "2017-12-31": "10610.00000", "2017-09-30": "10965.00000", "2017-06-30": "11227.00000", "2017-03-31": "9820.00000", "2016-12-31": "9750.00000", "2016-09-30": "10594.00000", "2016-06-30": "10363.00000", "2016-03-31": "9435.00000", "2015-12-31": "9630.00000", "2015-09-30": "10706.00000", "2015-06-30": "10827.00000", "2015-03-31": "9827.00000", "2014-12-31": "10161.00000", "2014-09-30": "11139.00000", "2014-06-30": "11355.00000", "2014-03-31": "9995.00000", "2013-12-31": "7368.00000", "2013-09-30": "6828.00000", "2013-06-30": "6449.00000", "2013-03-31": "6098.00000", "2012-12-31": "5937.00000", "2012-09-30": "6429.00000", "2012-06-30": "6452.00000", "2012-03-31": "6037.00000", "2011-12-31": "5956.00000", "2011-09-30": "6376.00000", "2011-06-30": "6114.00000", "2011-03-31": "5533.00000", "2010-12-31": "5586.00000", "2010-09-30": "5842.00000", "2010-06-30": "5674.00000", "2010-03-31": "5068.00000", "2009-12-31": "5062.00000", "2009-09-30": "5127.00000", "2009-06-30": "4889.00000", "2009-03-31": "4839.00000", "2008-12-31": "5469.00000", "2008-09-30": "6421.00000", "2008-06-30": "6179.00000", "2008-03-31": "5697.00000", "2007-12-31": "5683.00000", "2007-09-30": "5946.00000", "2007-06-30": "5879.00000", "2007-03-31": "5427.00000", "2006-12-31": "5397.00000", "2006-09-30": "5847.00000", "2006-06-30": "5975.00000", "2006-03-31": "5344.00000", "2005-12-31": "5168.00000", "2005-09-30": "5485.00000", "2005-06-30": "5309.00000", "2005-03-31": "4750.00000"}, "Cost Of Goods Sold": {"2020-12-31": "5399.00000", "2020-09-30": "5112.00000", "2020-06-30": "4492.00000", "2020-03-31": "7890.00000", "2019-12-31": "8286.00000", "2019-09-30": "8616.00000", "2019-06-30": "8525.00000", "2019-03-31": "7970.00000", "2018-12-31": "8082.00000", "2018-09-30": "8544.00000", "2018-06-30": "8302.00000", "2018-03-31": "7723.00000", "2017-12-31": "7605.00000", "2017-09-30": "7516.00000", "2017-06-30": "7408.00000", "2017-03-31": "7061.00000", "2016-12-31": "6970.00000", "2016-09-30": "6946.00000", "2016-06-30": "6715.00000", "2016-03-31": "6260.00000", "2015-12-31": "6330.00000", "2015-09-30": "6711.00000", "2015-06-30": "6964.00000", "2015-03-31": "6598.00000", "2014-12-31": "7174.00000", "2014-09-30": "7900.00000", "2014-06-30": "7917.00000", "2014-03-31": "7653.00000", "2013-12-31": "5455.00000", "2013-09-30": "4875.00000", "2013-06-30": "4715.00000", "2013-03-31": "4760.00000", "2012-12-31": "4200.00000", "2012-09-30": "5192.00000", "2012-06-30": "5200.00000", "2012-03-31": "5152.00000", "2011-12-31": "4308.00000", "2011-09-30": "5326.00000", "2011-06-30": "5214.00000", "2011-03-31": "4758.00000", "2010-12-31": "4538.00000", "2010-09-30": "4567.00000", "2010-06-30": "4575.00000", "2010-03-31": "4360.00000", "2009-12-31": "4325.00000", "2009-09-30": "4303.00000", "2009-06-30": "4140.00000", "2009-03-31": "4070.00000", "2008-12-31": "4607.00000", "2008-09-30": "5524.00000", "2008-06-30": "5239.00000", "2008-03-31": "4841.00000", "2007-12-31": "4687.00000", "2007-09-30": "4623.00000", "2007-06-30": "4433.00000", "2007-03-31": "4185.00000", "2006-12-31": "4237.00000", "2006-09-30": "4605.00000", "2006-06-30": "4524.00000", "2006-03-31": "4293.00000", "2005-12-31": "4423.00000", "2005-09-30": "4428.00000", "2005-06-30": "4157.00000", "2005-03-31": "3820.00000"}, "Gross Profit": {"2020-12-31": "-1372.00000", "2020-09-30": "-1939.00000", "2020-06-30": "-2870.00000", "2020-03-31": "625.00000", "2019-12-31": "3027.00000", "2019-09-30": "3295.00000", "2019-06-30": "3435.00000", "2019-03-31": "2614.00000", "2018-12-31": "2856.00000", "2018-09-30": "3015.00000", "2018-06-30": "3341.00000", "2018-03-31": "2678.00000", "2017-12-31": "3005.00000", "2017-09-30": "3449.00000", "2017-06-30": "3819.00000", "2017-03-31": "2759.00000", "2016-12-31": "2780.00000", "2016-09-30": "3648.00000", "2016-06-30": "3648.00000", "2016-03-31": "3175.00000", "2015-12-31": "3300.00000", "2015-09-30": "3995.00000", "2015-06-30": "3863.00000", "2015-03-31": "3229.00000", "2014-12-31": "2987.00000", "2014-09-30": "3239.00000", "2014-06-30": "3438.00000", "2014-03-31": "2342.00000", "2013-12-31": "1913.00000", "2013-09-30": "1953.00000", "2013-06-30": "1734.00000", "2013-03-31": "1338.00000", "2012-12-31": "1737.00000", "2012-09-30": "1237.00000", "2012-06-30": "1252.00000", "2012-03-31": "885.00000", "2011-12-31": "1648.00000", "2011-09-30": "1050.00000", "2011-06-30": "900.00000", "2011-03-31": "775.00000", "2010-12-31": "1048.00000", "2010-09-30": "1275.00000", "2010-06-30": "1099.00000", "2010-03-31": "708.00000", "2009-12-31": "737.00000", "2009-09-30": "824.00000", "2009-06-30": "749.00000", "2009-03-31": "769.00000", "2008-12-31": "862.00000", "2008-09-30": "897.00000", "2008-06-30": "940.00000", "2008-03-31": "856.00000", "2007-12-31": "996.00000", "2007-09-30": "1323.00000", "2007-06-30": "1446.00000", "2007-03-31": "1242.00000", "2006-12-31": "1160.00000", "2006-09-30": "1242.00000", "2006-06-30": "1451.00000", "2006-03-31": "1051.00000", "2005-12-31": "745.00000", "2005-09-30": "1057.00000", "2005-06-30": "1152.00000", "2005-03-31": "930.00000"}, "Research And Development Expenses": {"2020-12-31": "", "2020-09-30": "", "2020-06-30": "", "2020-03-31": "", "2019-12-31": "", "2019-09-30": "", "2019-06-30": "", "2019-03-31": "", "2018-12-31": "", "2018-09-30": "", "2018-06-30": "", "2018-03-31": "", "2017-12-31": "", "2017-09-30": "", "2017-06-30": "", "2017-03-31": "", "2016-12-31": "", "2016-09-30": "", "2016-06-30": "", "2016-03-31": "", "2015-12-31": "", "2015-09-30": "", "2015-06-30": "", "2015-03-31": "", "2014-12-31": "", "2014-09-30": "", "2014-06-30": "", "2014-03-31": "", "2013-12-31": "", "2013-09-30": "", "2013-06-30": "", "2013-03-31": "", "2012-12-31": "", "2012-09-30": "", "2012-06-30": "", "2012-03-31": "", "2011-12-31": "", "2011-09-30": "", "2011-06-30": "", "2011-03-31": "", "2010-12-31": "", "2010-09-30": "", "2010-06-30": "", "2010-03-31": "", "2009-12-31": "", "2009-09-30": "", "2009-06-30": "", "2009-03-31": "", "2008-12-31": "", "2008-09-30": "", "2008-06-30": "", "2008-03-31": "", "2007-12-31": "", "2007-09-30": "", "2007-06-30": "", "2007-03-31": "", "2006-12-31": "", "2006-09-30": "", "2006-06-30": "", "2006-03-31": "", "2005-12-31": "", "2005-09-30": "", "2005-06-30": "", "2005-03-31": ""}, "SG&A Expenses": {"2020-12-31": "94.00000", "2020-09-30": "70.00000", "2020-06-30": "43.00000", "2020-03-31": "305.00000", "2019-12-31": "407.00000", "2019-09-30": "424.00000", "2019-06-30": "401.00000", "2019-03-31": "370.00000", "2018-12-31": "384.00000", "2018-09-30": "395.00000", "2018-06-30": "385.00000", "2018-03-31": "356.00000", "2017-12-31": "383.00000", "2017-09-30": "400.00000", "2017-06-30": "376.00000", "2017-03-31": "318.00000", "2016-12-31": "334.00000", "2016-09-30": "347.00000", "2016-06-30": "334.00000", "2016-03-31": "308.00000", "2015-12-31": "342.00000", "2015-09-30": "366.00000", "2015-06-30": "350.00000", "2015-03-31": "336.00000", "2014-12-31": "348.00000", "2014-09-30": "393.00000", "2014-06-30": "402.00000", "2014-03-31": "401.00000", "2013-12-31": "301.00000", "2013-09-30": "294.00000", "2013-06-30": "273.00000", "2013-03-31": "290.00000", "2012-12-31": "", "2012-09-30": "", "2012-06-30": "", "2012-03-31": "", "2011-12-31": "", "2011-09-30": "", "2011-06-30": "", "2011-03-31": "", "2010-12-31": "", "2010-09-30": "", "2010-06-30": "", "2010-03-31": "", "2009-12-31": "", "2009-09-30": "", "2009-06-30": "", "2009-03-31": "", "2008-12-31": "", "2008-09-30": "", "2008-06-30": "", "2008-03-31": "", "2007-12-31": "", "2007-09-30": "", "2007-06-30": "", "2007-03-31": "", "2006-12-31": "", "2006-09-30": "", "2006-06-30": "", "2006-03-31": "", "2005-12-31": "", "2005-09-30": "", "2005-06-30": "", "2005-03-31": ""}, "Other Operating Income Or Expenses": {"2020-12-31": "-565.00000", "2020-09-30": "-364.00000", "2020-06-30": "926.00000", "2020-03-31": "-2309.00000", "2019-12-31": "-1377.00000", "2019-09-30": "-1564.00000", "2019-06-30": "-1392.00000", "2019-03-31": "-1389.00000", "2018-12-31": "-1427.00000", "2018-09-30": "-1467.00000", "2018-06-30": "-1495.00000", "2018-03-31": "-1486.00000", "2017-12-31": "-1537.00000", "2017-09-30": "-1360.00000", "2017-06-30": "-1426.00000", "2017-03-31": "-1299.00000", "2016-12-31": "-1506.00000", "2016-09-30": "-1471.00000", "2016-06-30": "-1189.00000", "2016-03-31": "-1177.00000", "2015-12-31": "-1538.00000", "2015-09-30": "-1294.00000", "2015-06-30": "-1252.00000", "2015-03-31": "-1341.00000", "2014-12-31": "-1444.00000", "2014-09-30": "-1252.00000", "2014-06-30": "-1318.00000", "2014-03-31": "-904.00000", "2013-12-31": "-1259.00000", "2013-09-30": "-754.00000", "2013-06-30": "-742.00000", "2013-03-31": "-773.00000", "2012-12-31": "-567.00000", "2012-09-30": "-930.00000", "2012-06-30": "-849.00000", "2012-03-31": "-714.00000", "2011-12-31": "-1212.00000", "2011-09-30": "-738.00000", "2011-06-30": "-712.00000", "2011-03-31": "-731.00000", "2010-12-31": "-695.00000", "2010-09-30": "-659.00000", "2010-06-30": "-636.00000", "2010-03-31": "-739.00000", "2009-12-31": "-849.00000", "2009-09-30": "-746.00000", "2009-06-30": "-693.00000", "2009-03-31": "-691.00000", "2008-12-31": "-773.00000", "2008-09-30": "-824.00000", "2008-06-30": "-1906.00000", "2008-03-31": "-734.00000", "2007-12-31": "-755.00000", "2007-09-30": "-697.00000", "2007-06-30": "-684.00000", "2007-03-31": "-704.00000", "2006-12-31": "-686.00000", "2006-09-30": "-668.00000", "2006-06-30": "-684.00000", "2006-03-31": "-649.00000", "2005-12-31": "-829.00000", "2005-09-30": "-726.00000", "2005-06-30": "-637.00000", "2005-03-31": "-617.00000"}, "Operating Expenses": {"2020-12-31": "6542.00000", "2020-09-30": "6044.00000", "2020-06-30": "4108.00000", "2020-03-31": "11064.00000", "2019-12-31": "10584.00000", "2019-09-30": "11103.00000", "2019-06-30": "10807.00000", "2019-03-31": "10209.00000", "2018-12-31": "10367.00000", "2018-09-30": "10874.00000", "2018-06-30": "10639.00000", "2018-03-31": "10005.00000", "2017-12-31": "9971.00000", "2017-09-30": "9709.00000", "2017-06-30": "9628.00000", "2017-03-31": "9083.00000", "2016-12-31": "9207.00000", "2016-09-30": "9163.00000", "2016-06-30": "8612.00000", "2016-03-31": "8100.00000", "2015-12-31": "8562.00000", "2015-09-30": "8707.00000", "2015-06-30": "8906.00000", "2015-03-31": "8611.00000", "2014-12-31": "9301.00000", "2014-09-30": "9879.00000", "2014-06-30": "9956.00000", "2014-03-31": "9265.00000", "2013-12-31": "7253.00000", "2013-09-30": "6127.00000", "2013-06-30": "5937.00000", "2013-03-31": "6027.00000", "2012-12-31": "5893.00000", "2012-09-30": "6378.00000", "2012-06-30": "6310.00000", "2012-03-31": "6126.00000", "2011-12-31": "6722.00000", "2011-09-30": "6337.00000", "2011-06-30": "6192.00000", "2011-03-31": "5765.00000", "2010-12-31": "5518.00000", "2010-09-30": "5500.00000", "2010-06-30": "5478.00000", "2010-03-31": "5366.00000", "2009-12-31": "5452.00000", "2009-09-30": "5321.00000", "2009-06-30": "5115.00000", "2009-03-31": "5033.00000", "2008-12-31": "5665.00000", "2008-09-30": "6637.00000", "2008-06-30": "7469.00000", "2008-03-31": "5884.00000", "2007-12-31": "5752.00000", "2007-09-30": "5627.00000", "2007-06-30": "5412.00000", "2007-03-31": "5179.00000", "2006-12-31": "5212.00000", "2006-09-30": "5563.00000", "2006-06-30": "5499.00000", "2006-03-31": "5229.00000", "2005-12-31": "5548.00000", "2005-09-30": "5446.00000", "2005-06-30": "5080.00000", "2005-03-31": "4727.00000"}, "Operating Income": {"2020-12-31": "-2515.00000", "2020-09-30": "-2871.00000", "2020-06-30": "-2486.00000", "2020-03-31": "-2549.00000", "2019-12-31": "729.00000", "2019-09-30": "808.00000", "2019-06-30": "1153.00000", "2019-03-31": "375.00000", "2018-12-31": "571.00000", "2018-09-30": "685.00000", "2018-06-30": "1004.00000", "2018-03-31": "396.00000", "2017-12-31": "639.00000", "2017-09-30": "1256.00000", "2017-06-30": "1599.00000", "2017-03-31": "737.00000", "2016-12-31": "543.00000", "2016-09-30": "1431.00000", "2016-06-30": "1751.00000", "2016-03-31": "1335.00000", "2015-12-31": "1068.00000", "2015-09-30": "1999.00000", "2015-06-30": "1921.00000", "2015-03-31": "1216.00000", "2014-12-31": "860.00000", "2014-09-30": "1260.00000", "2014-06-30": "1399.00000", "2014-03-31": "730.00000", "2013-12-31": "115.00000", "2013-09-30": "701.00000", "2013-06-30": "512.00000", "2013-03-31": "71.00000", "2012-12-31": "44.00000", "2012-09-30": "51.00000", "2012-06-30": "142.00000", "2012-03-31": "-89.00000", "2011-12-31": "-766.00000", "2011-09-30": "39.00000", "2011-06-30": "-78.00000", "2011-03-31": "-232.00000", "2010-12-31": "68.00000", "2010-09-30": "342.00000", "2010-06-30": "196.00000", "2010-03-31": "-298.00000", "2009-12-31": "-390.00000", "2009-09-30": "-194.00000", "2009-06-30": "-226.00000", "2009-03-31": "-194.00000", "2008-12-31": "-196.00000", "2008-09-30": "-216.00000", "2008-06-30": "-1290.00000", "2008-03-31": "-187.00000", "2007-12-31": "-69.00000", "2007-09-30": "319.00000", "2007-06-30": "467.00000", "2007-03-31": "248.00000", "2006-12-31": "185.00000", "2006-09-30": "284.00000", "2006-06-30": "476.00000", "2006-03-31": "115.00000", "2005-12-31": "-380.00000", "2005-09-30": "39.00000", "2005-06-30": "229.00000", "2005-03-31": "23.00000"}, "Total Non-Operating Income/Expense": {"2020-12-31": "-294.00000", "2020-09-30": "-224.00000", "2020-06-30": "-173.00000", "2020-03-31": "-341.00000", "2019-12-31": "-157.00000", "2019-09-30": "-251.00000", "2019-06-30": "-271.00000", "2019-03-31": "-130.00000", "2018-12-31": "-177.00000", "2018-09-30": "-189.00000", "2018-06-30": "-248.00000", "2018-03-31": "-158.00000", "2017-12-31": "-231.00000", "2017-09-30": "-193.00000", "2017-06-30": "-210.00000", "2017-03-31": "-202.00000", "2016-12-31": "-190.00000", "2016-09-30": "-242.00000", "2016-06-30": "-258.00000", "2016-03-31": "-218.00000", "2015-12-31": "-823.00000", "2015-09-30": "-290.00000", "2015-06-30": "-202.00000", "2015-03-31": "-273.00000", "2014-12-31": "-294.00000", "2014-09-30": "-311.00000", "2014-06-30": "-195.00000", "2014-03-31": "-237.00000", "2013-12-31": "-2441.00000", "2013-09-30": "-412.00000", "2013-06-30": "-292.00000", "2013-03-31": "-434.00000", "2012-12-31": "-350.00000", "2012-09-30": "-289.00000", "2012-06-30": "-383.00000", "2012-03-31": "-1571.00000", "2011-12-31": "-329.00000", "2011-09-30": "-201.00000", "2011-06-30": "-208.00000", "2011-03-31": "-204.00000", "2010-12-31": "-201.00000", "2010-09-30": "-199.00000", "2010-06-30": "-207.00000", "2010-03-31": "-207.00000", "2009-12-31": "-208.00000", "2009-09-30": "-195.00000", "2009-06-30": "-164.00000", "2009-03-31": "-181.00000", "2008-12-31": "-151.00000", "2008-09-30": "247.00000", "2008-06-30": "-171.00000", "2008-03-31": "-154.00000", "2007-12-31": "-48.00000", "2007-09-30": "-144.00000", "2007-06-30": "-150.00000", "2007-03-31": "-167.00000", "2006-12-31": "-168.00000", "2006-09-30": "-269.00000", "2006-06-30": "-185.00000", "2006-03-31": "-207.00000", "2005-12-31": "-220.00000", "2005-09-30": "-192.00000", "2005-06-30": "-171.00000", "2005-03-31": "-185.00000"}, "Pre-Tax Income": {"2020-12-31": "-2809.00000", "2020-09-30": "-3095.00000", "2020-06-30": "-2659.00000", "2020-03-31": "-2890.00000", "2019-12-31": "572.00000", "2019-09-30": "557.00000", "2019-06-30": "882.00000", "2019-03-31": "245.00000", "2018-12-31": "394.00000", "2018-09-30": "496.00000", "2018-06-30": "756.00000", "2018-03-31": "238.00000", "2017-12-31": "408.00000", "2017-09-30": "1063.00000", "2017-06-30": "1389.00000", "2017-03-31": "535.00000", "2016-12-31": "353.00000", "2016-09-30": "1189.00000", "2016-06-30": "1493.00000", "2016-03-31": "1117.00000", "2015-12-31": "245.00000", "2015-09-30": "1709.00000", "2015-06-30": "1719.00000", "2015-03-31": "943.00000", "2014-12-31": "566.00000", "2014-09-30": "949.00000", "2014-06-30": "1204.00000", "2014-03-31": "493.00000", "2013-12-31": "-2326.00000", "2013-09-30": "289.00000", "2013-06-30": "220.00000", "2013-03-31": "-363.00000", "2012-12-31": "-306.00000", "2012-09-30": "-238.00000", "2012-06-30": "-241.00000", "2012-03-31": "-1660.00000", "2011-12-31": "-1095.00000", "2011-09-30": "-162.00000", "2011-06-30": "-286.00000", "2011-03-31": "-436.00000", "2010-12-31": "-133.00000", "2010-09-30": "143.00000", "2010-06-30": "-11.00000", "2010-03-31": "-505.00000", "2009-12-31": "-598.00000", "2009-09-30": "-389.00000", "2009-06-30": "-390.00000", "2009-03-31": "-375.00000", "2008-12-31": "-347.00000", "2008-09-30": "31.00000", "2008-06-30": "-1461.00000", "2008-03-31": "-341.00000", "2007-12-31": "-117.00000", "2007-09-30": "175.00000", "2007-06-30": "317.00000", "2007-03-31": "81.00000", "2006-12-31": "17.00000", "2006-09-30": "15.00000", "2006-06-30": "291.00000", "2006-03-31": "-92.00000", "2005-12-31": "-600.00000", "2005-09-30": "-153.00000", "2005-06-30": "58.00000", "2005-03-31": "-162.00000"}, "Income Taxes": {"2020-12-31": "-631.00000", "2020-09-30": "-696.00000", "2020-06-30": "-592.00000", "2020-03-31": "-649.00000", "2019-12-31": "158.00000", "2019-09-30": "132.00000", "2019-06-30": "220.00000", "2019-03-31": "60.00000", "2018-12-31": "69.00000", "2018-09-30": "124.00000", "2018-06-30": "200.00000", "2018-03-31": "79.00000", "2017-12-31": "991.00000", "2017-09-30": "402.00000", "2017-06-30": "525.00000", "2017-03-31": "195.00000", "2016-12-31": "156.00000", "2016-09-30": "452.00000", "2016-06-30": "543.00000", "2016-03-31": "417.00000", "2015-12-31": "-3036.00000", "2015-09-30": "16.00000", "2015-06-30": "15.00000", "2015-03-31": "11.00000", "2014-12-31": "-30.00000", "2014-09-30": "7.00000", "2014-06-30": "340.00000", "2014-03-31": "13.00000", "2013-12-31": "-324.00000", "2013-09-30": "", "2013-06-30": "", "2013-03-31": "-22.00000", "2012-12-31": "", "2012-09-30": "", "2012-06-30": "", "2012-03-31": "", "2011-12-31": "", "2011-09-30": "", "2011-06-30": "", "2011-03-31": "", "2010-12-31": "", "2010-09-30": "", "2010-06-30": "", "2010-03-31": "", "2009-12-31": "-254.00000", "2009-09-30": "-30.00000", "2009-06-30": "", "2009-03-31": "", "2008-12-31": "", "2008-09-30": "", "2008-06-30": "", "2008-03-31": "", "2007-12-31": "", "2007-09-30": "", "2007-06-30": "", "2007-03-31": "", "2006-12-31": "", "2006-09-30": "", "2006-06-30": "", "2006-03-31": "", "2005-12-31": "", "2005-09-30": "", "2005-06-30": "", "2005-03-31": ""}, "Income After Taxes": {"2020-12-31": "-2178.00000", "2020-09-30": "-2399.00000", "2020-06-30": "-2067.00000", "2020-03-31": "-2241.00000", "2019-12-31": "414.00000", "2019-09-30": "425.00000", "2019-06-30": "662.00000", "2019-03-31": "185.00000", "2018-12-31": "325.00000", "2018-09-30": "372.00000", "2018-06-30": "556.00000", "2018-03-31": "159.00000", "2017-12-31": "-583.00000", "2017-09-30": "661.00000", "2017-06-30": "864.00000", "2017-03-31": "340.00000", "2016-12-31": "197.00000", "2016-09-30": "737.00000", "2016-06-30": "950.00000", "2016-03-31": "700.00000", "2015-12-31": "3281.00000", "2015-09-30": "1693.00000", "2015-06-30": "1704.00000", "2015-03-31": "932.00000", "2014-12-31": "596.00000", "2014-09-30": "942.00000", "2014-06-30": "864.00000", "2014-03-31": "480.00000", "2013-12-31": "-2002.00000", "2013-09-30": "289.00000", "2013-06-30": "220.00000", "2013-03-31": "-341.00000", "2012-12-31": "263.00000", "2012-09-30": "-238.00000", "2012-06-30": "-241.00000", "2012-03-31": "-1660.00000", "2011-12-31": "-1095.00000", "2011-09-30": "-162.00000", "2011-06-30": "-286.00000", "2011-03-31": "-436.00000", "2010-12-31": "-98.00000", "2010-09-30": "143.00000", "2010-06-30": "-11.00000", "2010-03-31": "-505.00000", "2009-12-31": "-344.00000", "2009-09-30": "-359.00000", "2009-06-30": "-390.00000", "2009-03-31": "-375.00000", "2008-12-31": "-347.00000", "2008-09-30": "31.00000", "2008-06-30": "-1461.00000", "2008-03-31": "-341.00000", "2007-12-31": "-117.00000", "2007-09-30": "175.00000", "2007-06-30": "317.00000", "2007-03-31": "81.00000", "2006-12-31": "17.00000", "2006-09-30": "15.00000", "2006-06-30": "291.00000", "2006-03-31": "-92.00000", "2005-12-31": "-600.00000", "2005-09-30": "-153.00000", "2005-06-30": "58.00000", "2005-03-31": "-162.00000"}, "Other Income": {"2020-12-31": "", "2020-09-30": "", "2020-06-30": "", "2020-03-31": "", "2019-12-31": "", "2019-09-30": "", "2019-06-30": "", "2019-03-31": "", "2018-12-31": "", "2018-09-30": "", "2018-06-30": "", "2018-03-31": "", "2017-12-31": "", "2017-09-30": "", "2017-06-30": "", "2017-03-31": "", "2016-12-31": "", "2016-09-30": "", "2016-06-30": "", "2016-03-31": "", "2015-12-31": "", "2015-09-30": "", "2015-06-30": "", "2015-03-31": "", "2014-12-31": "", "2014-09-30": "", "2014-06-30": "", "2014-03-31": "", "2013-12-31": "", "2013-09-30": "", "2013-06-30": "", "2013-03-31": "", "2012-12-31": "", "2012-09-30": "", "2012-06-30": "", "2012-03-31": "", "2011-12-31": "", "2011-09-30": "", "2011-06-30": "", "2011-03-31": "", "2010-12-31": "", "2010-09-30": "", "2010-06-30": "", "2010-03-31": "", "2009-12-31": "", "2009-09-30": "", "2009-06-30": "", "2009-03-31": "", "2008-12-31": "", "2008-09-30": "", "2008-06-30": "", "2008-03-31": "", "2007-12-31": "", "2007-09-30": "", "2007-06-30": "", "2007-03-31": "", "2006-12-31": "", "2006-09-30": "", "2006-06-30": "", "2006-03-31": "", "2005-12-31": "", "2005-09-30": "", "2005-06-30": "", "2005-03-31": ""}, "Income From Continuous Operations": {"2020-12-31": "-2178.00000", "2020-09-30": "-2399.00000", "2020-06-30": "-2067.00000", "2020-03-31": "-2241.00000", "2019-12-31": "414.00000", "2019-09-30": "425.00000", "2019-06-30": "662.00000", "2019-03-31": "185.00000", "2018-12-31": "325.00000", "2018-09-30": "372.00000", "2018-06-30": "556.00000", "2018-03-31": "159.00000", "2017-12-31": "-583.00000", "2017-09-30": "661.00000", "2017-06-30": "864.00000", "2017-03-31": "340.00000", "2016-12-31": "197.00000", "2016-09-30": "737.00000", "2016-06-30": "950.00000", "2016-03-31": "700.00000", "2015-12-31": "3281.00000", "2015-09-30": "1693.00000", "2015-06-30": "1704.00000", "2015-03-31": "932.00000", "2014-12-31": "596.00000", "2014-09-30": "942.00000", "2014-06-30": "864.00000", "2014-03-31": "480.00000", "2013-12-31": "-2002.00000", "2013-09-30": "289.00000", "2013-06-30": "220.00000", "2013-03-31": "-341.00000", "2012-12-31": "263.00000", "2012-09-30": "-238.00000", "2012-06-30": "-241.00000", "2012-03-31": "-1660.00000", "2011-12-31": "-1095.00000", "2011-09-30": "-162.00000", "2011-06-30": "-286.00000", "2011-03-31": "-436.00000", "2010-12-31": "-98.00000", "2010-09-30": "143.00000", "2010-06-30": "-11.00000", "2010-03-31": "-505.00000", "2009-12-31": "-344.00000", "2009-09-30": "-359.00000", "2009-06-30": "-390.00000", "2009-03-31": "-375.00000", "2008-12-31": "-347.00000", "2008-09-30": "31.00000", "2008-06-30": "-1461.00000", "2008-03-31": "-341.00000", "2007-12-31": "-117.00000", "2007-09-30": "175.00000", "2007-06-30": "317.00000", "2007-03-31": "81.00000", "2006-12-31": "17.00000", "2006-09-30": "15.00000", "2006-06-30": "291.00000", "2006-03-31": "-92.00000", "2005-12-31": "-600.00000", "2005-09-30": "-153.00000", "2005-06-30": "58.00000", "2005-03-31": "-162.00000"}, "Income From Discontinued Operations": {"2020-12-31": "", "2020-09-30": "", "2020-06-30": "", "2020-03-31": "", "2019-12-31": "", "2019-09-30": "", "2019-06-30": "", "2019-03-31": "", "2018-12-31": "", "2018-09-30": "", "2018-06-30": "", "2018-03-31": "", "2017-12-31": "", "2017-09-30": "", "2017-06-30": "", "2017-03-31": "", "2016-12-31": "", "2016-09-30": "", "2016-06-30": "", "2016-03-31": "", "2015-12-31": "", "2015-09-30": "", "2015-06-30": "", "2015-03-31": "", "2014-12-31": "", "2014-09-30": "", "2014-06-30": "", "2014-03-31": "", "2013-12-31": "", "2013-09-30": "", "2013-06-30": "", "2013-03-31": "", "2012-12-31": "", "2012-09-30": "", "2012-06-30": "", "2012-03-31": "", "2011-12-31": "", "2011-09-30": "", "2011-06-30": "", "2011-03-31": "", "2010-12-31": "", "2010-09-30": "", "2010-06-30": "", "2010-03-31": "", "2009-12-31": "", "2009-09-30": "", "2009-06-30": "", "2009-03-31": "", "2008-12-31": "", "2008-09-30": "", "2008-06-30": "", "2008-03-31": "", "2007-12-31": "", "2007-09-30": "", "2007-06-30": "", "2007-03-31": "", "2006-12-31": "", "2006-09-30": "", "2006-06-30": "", "2006-03-31": "", "2005-12-31": "", "2005-09-30": "", "2005-06-30": "", "2005-03-31": ""}, "Net Income": {"2020-12-31": "-2178.00000", "2020-09-30": "-2399.00000", "2020-06-30": "-2067.00000", "2020-03-31": "-2241.00000", "2019-12-31": "414.00000", "2019-09-30": "425.00000", "2019-06-30": "662.00000", "2019-03-31": "185.00000", "2018-12-31": "325.00000", "2018-09-30": "372.00000", "2018-06-30": "556.00000", "2018-03-31": "159.00000", "2017-12-31": "-583.00000", "2017-09-30": "661.00000", "2017-06-30": "864.00000", "2017-03-31": "340.00000", "2016-12-31": "197.00000", "2016-09-30": "737.00000", "2016-06-30": "950.00000", "2016-03-31": "700.00000", "2015-12-31": "3281.00000", "2015-09-30": "1693.00000", "2015-06-30": "1704.00000", "2015-03-31": "932.00000", "2014-12-31": "596.00000", "2014-09-30": "942.00000", "2014-06-30": "864.00000", "2014-03-31": "480.00000", "2013-12-31": "-2002.00000", "2013-09-30": "289.00000", "2013-06-30": "220.00000", "2013-03-31": "-341.00000", "2012-12-31": "263.00000", "2012-09-30": "-238.00000", "2012-06-30": "-241.00000", "2012-03-31": "-1660.00000", "2011-12-31": "-1095.00000", "2011-09-30": "-162.00000", "2011-06-30": "-286.00000", "2011-03-31": "-436.00000", "2010-12-31": "-98.00000", "2010-09-30": "143.00000", "2010-06-30": "-11.00000", "2010-03-31": "-505.00000", "2009-12-31": "-344.00000", "2009-09-30": "-359.00000", "2009-06-30": "-390.00000", "2009-03-31": "-375.00000", "2008-12-31": "-347.00000", "2008-09-30": "31.00000", "2008-06-30": "-1461.00000", "2008-03-31": "-341.00000", "2007-12-31": "-117.00000", "2007-09-30": "175.00000", "2007-06-30": "317.00000", "2007-03-31": "81.00000", "2006-12-31": "17.00000", "2006-09-30": "15.00000", "2006-06-30": "291.00000", "2006-03-31": "-92.00000", "2005-12-31": "-600.00000", "2005-09-30": "-153.00000", "2005-06-30": "58.00000", "2005-03-31": "-162.00000"}, "EBITDA": {"2020-12-31": "", "2020-09-30": "-2871.00000", "2020-06-30": "-2486.00000", "2020-03-31": "-2549.00000", "2019-12-31": "729.00000", "2019-09-30": "808.00000", "2019-06-30": "1153.00000", "2019-03-31": "375.00000", "2018-12-31": "571.00000", "2018-09-30": "685.00000", "2018-06-30": "1004.00000", "2018-03-31": "396.00000", "2017-12-31": "639.00000", "2017-09-30": "1256.00000", "2017-06-30": "1599.00000", "2017-03-31": "737.00000", "2016-12-31": "543.00000", "2016-09-30": "1431.00000", "2016-06-30": "1751.00000", "2016-03-31": "1335.00000", "2015-12-31": "1068.00000", "2015-09-30": "1999.00000", "2015-06-30": "1921.00000", "2015-03-31": "1216.00000", "2014-12-31": "860.00000", "2014-09-30": "1260.00000", "2014-06-30": "1399.00000", "2014-03-31": "730.00000", "2013-12-31": "115.00000", "2013-09-30": "701.00000", "2013-06-30": "512.00000", "2013-03-31": "71.00000", "2012-12-31": "44.00000", "2012-09-30": "51.00000", "2012-06-30": "142.00000", "2012-03-31": "-89.00000", "2011-12-31": "-766.00000", "2011-09-30": "39.00000", "2011-06-30": "-78.00000", "2011-03-31": "-232.00000", "2010-12-31": "68.00000", "2010-09-30": "342.00000", "2010-06-30": "196.00000", "2010-03-31": "-298.00000", "2009-12-31": "-390.00000", "2009-09-30": "-194.00000", "2009-06-30": "-226.00000", "2009-03-31": "-194.00000", "2008-12-31": "-196.00000", "2008-09-30": "-216.00000", "2008-06-30": "-1290.00000", "2008-03-31": "-187.00000", "2007-12-31": "-69.00000", "2007-09-30": "319.00000", "2007-06-30": "467.00000", "2007-03-31": "248.00000", "2006-12-31": "185.00000", "2006-09-30": "284.00000", "2006-06-30": "476.00000", "2006-03-31": "115.00000", "2005-12-31": "-380.00000", "2005-09-30": "39.00000", "2005-06-30": "229.00000", "2005-03-31": "23.00000"}, "EBIT": {"2020-12-31": "-2515.00000", "2020-09-30": "-2871.00000", "2020-06-30": "-2486.00000", "2020-03-31": "-2549.00000", "2019-12-31": "729.00000", "2019-09-30": "808.00000", "2019-06-30": "1153.00000", "2019-03-31": "375.00000", "2018-12-31": "571.00000", "2018-09-30": "685.00000", "2018-06-30": "1004.00000", "2018-03-31": "396.00000", "2017-12-31": "639.00000", "2017-09-30": "1256.00000", "2017-06-30": "1599.00000", "2017-03-31": "737.00000", "2016-12-31": "543.00000", "2016-09-30": "1431.00000", "2016-06-30": "1751.00000", "2016-03-31": "1335.00000", "2015-12-31": "1068.00000", "2015-09-30": "1999.00000", "2015-06-30": "1921.00000", "2015-03-31": "1216.00000", "2014-12-31": "860.00000", "2014-09-30": "1260.00000", "2014-06-30": "1399.00000", "2014-03-31": "730.00000", "2013-12-31": "115.00000", "2013-09-30": "701.00000", "2013-06-30": "512.00000", "2013-03-31": "71.00000", "2012-12-31": "44.00000", "2012-09-30": "51.00000", "2012-06-30": "142.00000", "2012-03-31": "-89.00000", "2011-12-31": "-766.00000", "2011-09-30": "39.00000", "2011-06-30": "-78.00000", "2011-03-31": "-232.00000", "2010-12-31": "68.00000", "2010-09-30": "342.00000", "2010-06-30": "196.00000", "2010-03-31": "-298.00000", "2009-12-31": "-390.00000", "2009-09-30": "-194.00000", "2009-06-30": "-226.00000", "2009-03-31": "-194.00000", "2008-12-31": "-196.00000", "2008-09-30": "-216.00000", "2008-06-30": "-1290.00000", "2008-03-31": "-187.00000", "2007-12-31": "-69.00000", "2007-09-30": "319.00000", "2007-06-30": "467.00000", "2007-03-31": "248.00000", "2006-12-31": "185.00000", "2006-09-30": "284.00000", "2006-06-30": "476.00000", "2006-03-31": "115.00000", "2005-12-31": "-380.00000", "2005-09-30": "39.00000", "2005-06-30": "229.00000", "2005-03-31": "23.00000"}, "Basic Shares Outstanding": {"2020-12-31": "571.98400", "2020-09-30": "509.04900", "2020-06-30": "428.80700", "2020-03-31": "425.71300", "2019-12-31": "443.36300", "2019-09-30": "441.91500", "2019-06-30": "445.00800", "2019-03-31": "451.95100", "2018-12-31": "464.23600", "2018-09-30": "460.52600", "2018-06-30": "463.53300", "2018-03-31": "472.29700", "2017-12-31": "489.16400", "2017-09-30": "484.77200", "2017-06-30": "490.81800", "2017-03-31": "503.90200", "2016-12-31": "552.30800", "2016-09-30": "525.41500", "2016-06-30": "563.00000", "2016-03-31": "606.24500", "2015-12-31": "668.39300", "2015-09-30": "661.86900", "2015-06-30": "688.72700", "2015-03-31": "696.41500", "2014-12-31": "717.45600", "2014-09-30": "719.06700", "2014-06-30": "720.60000", "2014-03-31": "723.97100", "2013-12-31": "280.21300", "2013-09-30": "249.71900", "2013-06-30": "249.58800", "2013-03-31": "249.49100", "2012-12-31": "249.49000", "2012-09-30": "335.00000", "2012-06-30": "335.00000", "2012-03-31": "335.00000", "2011-12-31": "124.98500", "2011-09-30": "335.00000", "2011-06-30": "335.00000", "2011-03-31": "333.00000", "2010-12-31": "333.00000", "2010-09-30": "333.00000", "2010-06-30": "333.00000", "2010-03-31": "333.00000", "2009-12-31": "294.00000", "2009-09-30": "285.00000", "2009-06-30": "280.00000", "2009-03-31": "279.00000", "2008-12-31": "259.00000", "2008-09-30": "258.00000", "2008-06-30": "251.00000", "2008-03-31": "249.00000", "2007-12-31": "245.00000", "2007-09-30": "249.00000", "2007-06-30": "246.00000", "2007-03-31": "236.00000", "2006-12-31": "205.00000", "2006-09-30": "213.00000", "2006-06-30": "202.00000", "2006-03-31": "186.00000", "2005-12-31": "165.00000", "2005-09-30": "164.00000", "2005-06-30": "163.00000", "2005-03-31": "161.00000"}, "Shares Outstanding": {"2020-12-31": "571.98400", "2020-09-30": "509.04900", "2020-06-30": "428.80700", "2020-03-31": "425.71300", "2019-12-31": "444.26900", "2019-09-30": "442.40100", "2019-06-30": "445.58700", "2019-03-31": "453.42900", "2018-12-31": "465.66000", "2018-09-30": "461.50700", "2018-06-30": "464.61800", "2018-03-31": "474.59800", "2017-12-31": "491.69200", "2017-09-30": "486.62500", "2017-06-30": "492.96500", "2017-03-31": "507.79700", "2016-12-31": "556.09900", "2016-09-30": "528.51000", "2016-06-30": "566.04000", "2016-03-31": "611.48800", "2015-12-31": "687.35500", "2015-09-30": "680.73900", "2015-06-30": "707.61100", "2015-03-31": "716.93000", "2014-12-31": "734.01600", "2014-09-30": "735.19600", "2014-06-30": "734.76700", "2014-03-31": "741.33500", "2013-12-31": "280.21300", "2013-09-30": "289.03600", "2013-06-30": "288.51100", "2013-03-31": "249.49100", "2012-12-31": "249.49000", "2012-09-30": "335.00000", "2012-06-30": "335.00000", "2012-03-31": "335.00000", "2011-12-31": "124.98500", "2011-09-30": "335.00000", "2011-06-30": "335.00000", "2011-03-31": "333.00000", "2010-12-31": "333.00000", "2010-09-30": "389.00000", "2010-06-30": "333.00000", "2010-03-31": "333.00000", "2009-12-31": "294.00000", "2009-09-30": "285.00000", "2009-06-30": "280.00000", "2009-03-31": "279.00000", "2008-12-31": "259.00000", "2008-09-30": "268.00000", "2008-06-30": "251.00000", "2008-03-31": "249.00000", "2007-12-31": "267.00000", "2007-09-30": "300.00000", "2007-06-30": "299.00000", "2007-03-31": "298.00000", "2006-12-31": "264.00000", "2006-09-30": "237.00000", "2006-06-30": "262.00000", "2006-03-31": "186.00000", "2005-12-31": "165.00000", "2005-09-30": "164.00000", "2005-06-30": "216.00000", "2005-03-31": "161.00000"}, "Basic EPS": {"2020-12-31": "-3.81000", "2020-09-30": "-4.71000", "2020-06-30": "-4.82000", "2020-03-31": "-5.26000", "2019-12-31": "0.94000", "2019-09-30": "0.96000", "2019-06-30": "1.49000", "2019-03-31": "0.41000", "2018-12-31": "0.69000", "2018-09-30": "0.81000", "2018-06-30": "1.20000", "2018-03-31": "0.34000", "2017-12-31": "-1.17000", "2017-09-30": "1.36000", "2017-06-30": "1.76000", "2017-03-31": "0.67000", "2016-12-31": "0.44000", "2016-09-30": "1.40000", "2016-06-30": "1.69000", "2016-03-31": "1.15000", "2015-12-31": "5.02000", "2015-09-30": "2.56000", "2015-06-30": "2.47000", "2015-03-31": "1.34000", "2014-12-31": "0.85000", "2014-09-30": "1.31000", "2014-06-30": "1.20000", "2014-03-31": "0.66000", "2013-12-31": "-7.21000", "2013-09-30": "1.16000", "2013-06-30": "0.88000", "2013-03-31": "-1.37000", "2012-12-31": "-1.14000", "2012-09-30": "-0.71000", "2012-06-30": "-0.72000", "2012-03-31": "-4.95000", "2011-12-31": "-13.19000", "2011-09-30": "-0.48000", "2011-06-30": "-0.85000", "2011-03-31": "-1.31000", "2010-12-31": "-0.29000", "2010-09-30": "0.43000", "2010-06-30": "-0.03000", "2010-03-31": "-1.52000", "2009-12-31": "-0.99000", "2009-09-30": "-1.26000", "2009-06-30": "-1.39000", "2009-03-31": "-1.35000", "2008-12-31": "-1.08000", "2008-09-30": "0.12000", "2008-06-30": "-5.83000", "2008-03-31": "-1.37000", "2007-12-31": "-0.47000", "2007-09-30": "0.70000", "2007-06-30": "1.28000", "2007-03-31": "0.35000", "2006-12-31": "0.11000", "2006-09-30": "0.07000", "2006-06-30": "1.44000", "2006-03-31": "-0.49000", "2005-12-31": "-3.60000", "2005-09-30": "-0.93000", "2005-06-30": "0.35000", "2005-03-31": "-1.00000"}, "EPS - Earnings Per Share": {"2020-12-31": "-3.81000", "2020-09-30": "-4.71000", "2020-06-30": "-4.82000", "2020-03-31": "-5.26000", "2019-12-31": "0.93000", "2019-09-30": "0.96000", "2019-06-30": "1.49000", "2019-03-31": "0.41000", "2018-12-31": "0.68000", "2018-09-30": "0.81000", "2018-06-30": "1.20000", "2018-03-31": "0.34000", "2017-12-31": "-1.17000", "2017-09-30": "1.36000", "2017-06-30": "1.75000", "2017-03-31": "0.67000", "2016-12-31": "0.43000", "2016-09-30": "1.40000", "2016-06-30": "1.68000", "2016-03-31": "1.14000", "2015-12-31": "4.87000", "2015-09-30": "2.49000", "2015-06-30": "2.41000", "2015-03-31": "1.30000", "2014-12-31": "0.83000", "2014-09-30": "1.28000", "2014-06-30": "1.17000", "2014-03-31": "0.65000", "2013-12-31": "-6.98000", "2013-09-30": "1.02000", "2013-06-30": "0.79000", "2013-03-31": "-1.37000", "2012-12-31": "-1.14000", "2012-09-30": "-0.71000", "2012-06-30": "-0.72000", "2012-03-31": "-4.95000", "2011-12-31": "-13.19000", "2011-09-30": "-0.48000", "2011-06-30": "-0.85000", "2011-03-31": "-1.31000", "2010-12-31": "-0.25000", "2010-09-30": "0.39000", "2010-06-30": "-0.03000", "2010-03-31": "-1.52000", "2009-12-31": "-0.99000", "2009-09-30": "-1.26000", "2009-06-30": "-1.39000", "2009-03-31": "-1.35000", "2008-12-31": "-1.08000", "2008-09-30": "0.12000", "2008-06-30": "-5.83000", "2008-03-31": "-1.37000", "2007-12-31": "-0.28000", "2007-09-30": "0.61000", "2007-06-30": "1.08000", "2007-03-31": "0.30000", "2006-12-31": "0.27000", "2006-09-30": "0.06000", "2006-06-30": "1.14000", "2006-03-31": "-0.49000", "2005-12-31": "-3.55000", "2005-09-30": "-0.93000", "2005-06-30": "0.30000", "2005-03-31": "-1.00000"}}, "balance sheet": {"Cash On Hand": {"2020-12-31": "7473.00000", "2019-12-31": "3984.00000", "2018-12-31": "4914.00000", "2017-12-31": "5384.00000", "2016-12-31": "6997.00000", "2015-12-31": "6949.00000", "2014-12-31": "8077.00000", "2013-12-31": "10286.00000", "2012-12-31": "4742.00000", "2011-12-31": "4739.00000", "2010-12-31": "4946.00000", "2009-12-31": "4859.00000", "2008-12-31": "3566.00000", "2007-12-31": "4963.00000", "2006-12-31": "5183.00000", "2005-12-31": "4324.00000"}, "Receivables": {"2020-12-31": "1342.00000", "2019-12-31": "1750.00000", "2018-12-31": "1706.00000", "2017-12-31": "1752.00000", "2016-12-31": "1594.00000", "2015-12-31": "1425.00000", "2014-12-31": "1771.00000", "2013-12-31": "1560.00000", "2012-12-31": "1124.00000", "2011-12-31": "902.00000", "2010-12-31": "738.00000", "2009-12-31": "768.00000", "2008-12-31": "811.00000", "2007-12-31": "1027.00000", "2006-12-31": "988.00000", "2005-12-31": "991.00000"}, "Inventory": {"2020-12-31": "1614.00000", "2019-12-31": "1851.00000", "2018-12-31": "1522.00000", "2017-12-31": "1359.00000", "2016-12-31": "1094.00000", "2015-12-31": "863.00000", "2014-12-31": "1004.00000", "2013-12-31": "1012.00000", "2012-12-31": "580.00000", "2011-12-31": "617.00000", "2010-12-31": "594.00000", "2009-12-31": "557.00000", "2008-12-31": "525.00000", "2007-12-31": "601.00000", "2006-12-31": "506.00000", "2005-12-31": "515.00000"}, "Pre-Paid Expenses": {"2020-12-31": "666.00000", "2019-12-31": "621.00000", "2018-12-31": "495.00000", "2017-12-31": "651.00000", "2016-12-31": "639.00000", "2015-12-31": "748.00000", "2014-12-31": "898.00000", "2013-12-31": "1465.00000", "2012-12-31": "626.00000", "2011-12-31": "", "2010-12-31": "", "2009-12-31": "", "2008-12-31": "", "2007-12-31": "", "2006-12-31": "", "2005-12-31": ""}, "Other Current Assets": {"2020-12-31": "", "2019-12-31": "", "2018-12-31": "", "2017-12-31": "", "2016-12-31": "", "2015-12-31": "", "2014-12-31": "", "2013-12-31": "", "2012-12-31": "", "2011-12-31": "499.00000", "2010-12-31": "560.00000", "2009-12-31": "458.00000", "2008-12-31": "1033.00000", "2007-12-31": "638.00000", "2006-12-31": "225.00000", "2005-12-31": "334.00000"}, "Total Current Assets": {"2020-12-31": "11095.00000", "2019-12-31": "8206.00000", "2018-12-31": "8637.00000", "2017-12-31": "9146.00000", "2016-12-31": "10324.00000", "2015-12-31": "9985.00000", "2014-12-31": "11750.00000", "2013-12-31": "14323.00000", "2012-12-31": "7072.00000", "2011-12-31": "6757.00000", "2010-12-31": "6838.00000", "2009-12-31": "6642.00000", "2008-12-31": "5935.00000", "2007-12-31": "7229.00000", "2006-12-31": "6902.00000", "2005-12-31": "6164.00000"}, "Property, Plant, And Equipment": {"2020-12-31": "31699.00000", "2019-12-31": "34995.00000", "2018-12-31": "34098.00000", "2017-12-31": "34156.00000", "2016-12-31": "31159.00000", "2015-12-31": "27510.00000", "2014-12-31": "23084.00000", "2013-12-31": "19259.00000", "2012-12-31": "13402.00000", "2011-12-31": "14306.00000", "2010-12-31": "15082.00000", "2009-12-31": "15476.00000", "2008-12-31": "15735.00000", "2007-12-31": "17394.00000", "2006-12-31": "17941.00000", "2005-12-31": "18546.00000"}, "Long-Term Investments": {"2020-12-31": "", "2019-12-31": "", "2018-12-31": "", "2017-12-31": "", "2016-12-31": "", "2015-12-31": "", "2014-12-31": "", "2013-12-31": "", "2012-12-31": "", "2011-12-31": "", "2010-12-31": "", "2009-12-31": "", "2008-12-31": "", "2007-12-31": "", "2006-12-31": "", "2005-12-31": ""}, "Goodwill And Intangible Assets": {"2020-12-31": "6120.00000", "2019-12-31": "6175.00000", "2018-12-31": "6228.00000", "2017-12-31": "6294.00000", "2016-12-31": "6264.00000", "2015-12-31": "6340.00000", "2014-12-31": "6331.00000", "2013-12-31": "6397.00000", "2012-12-31": "869.00000", "2011-12-31": "894.00000", "2010-12-31": "932.00000", "2009-12-31": "988.00000", "2008-12-31": "1109.00000", "2007-12-31": "1156.00000", "2006-12-31": "1167.00000", "2005-12-31": "1194.00000"}, "Other Long-Term Assets": {"2020-12-31": "1816.00000", "2019-12-31": "1237.00000", "2018-12-31": "1321.00000", "2017-12-31": "1373.00000", "2016-12-31": "2029.00000", "2015-12-31": "2103.00000", "2014-12-31": "2060.00000", "2013-12-31": "2299.00000", "2012-12-31": "2167.00000", "2011-12-31": "1891.00000", "2010-12-31": "2236.00000", "2009-12-31": "2332.00000", "2008-12-31": "2396.00000", "2007-12-31": "2792.00000", "2006-12-31": "3135.00000", "2005-12-31": "3591.00000"}, "Total Long-Term Assets": {"2020-12-31": "50913.00000", "2019-12-31": "51789.00000", "2018-12-31": "51943.00000", "2017-12-31": "43639.00000", "2016-12-31": "40950.00000", "2015-12-31": "38430.00000", "2014-12-31": "31475.00000", "2013-12-31": "27955.00000", "2012-12-31": "16438.00000", "2011-12-31": "17091.00000", "2010-12-31": "18250.00000", "2009-12-31": "18796.00000", "2008-12-31": "19240.00000", "2007-12-31": "21342.00000", "2006-12-31": "22243.00000", "2005-12-31": "23331.00000"}, "Total Assets": {"2020-12-31": "62008.00000", "2019-12-31": "59995.00000", "2018-12-31": "60580.00000", "2017-12-31": "52785.00000", "2016-12-31": "51274.00000", "2015-12-31": "48415.00000", "2014-12-31": "43225.00000", "2013-12-31": "42278.00000", "2012-12-31": "23510.00000", "2011-12-31": "23848.00000", "2010-12-31": "25088.00000", "2009-12-31": "25438.00000", "2008-12-31": "25175.00000", "2007-12-31": "28571.00000", "2006-12-31": "29145.00000", "2005-12-31": "29495.00000"}, "Total Current Liabilities": {"2020-12-31": "16569.00000", "2019-12-31": "18311.00000", "2018-12-31": "18096.00000", "2017-12-31": "15358.00000", "2016-12-31": "13872.00000", "2015-12-31": "13605.00000", "2014-12-31": "13404.00000", "2013-12-31": "13806.00000", "2012-12-31": "9011.00000", "2011-12-31": "8630.00000", "2010-12-31": "8780.00000", "2009-12-31": "7728.00000", "2008-12-31": "9370.00000", "2007-12-31": "8483.00000", "2006-12-31": "8505.00000", "2005-12-31": "8272.00000"}, "Long Term Debt": {"2020-12-31": "29796.00000", "2019-12-31": "21454.00000", "2018-12-31": "21179.00000", "2017-12-31": "22511.00000", "2016-12-31": "22489.00000", "2015-12-31": "18330.00000", "2014-12-31": "16043.00000", "2013-12-31": "15353.00000", "2012-12-31": "7116.00000", "2011-12-31": "6702.00000", "2010-12-31": "9253.00000", "2009-12-31": "10583.00000", "2008-12-31": "9005.00000", "2007-12-31": "10093.00000", "2006-12-31": "12041.00000", "2005-12-31": "13456.00000"}, "Other Non-Current Liabilities": {"2020-12-31": "8664.00000", "2019-12-31": "6875.00000", "2018-12-31": "6665.00000", "2017-12-31": "8199.00000", "2016-12-31": "3286.00000", "2015-12-31": "2728.00000", "2014-12-31": "3366.00000", "2013-12-31": "3159.00000", "2012-12-31": "8367.00000", "2011-12-31": "6313.00000", "2010-12-31": "2853.00000", "2009-12-31": "2947.00000", "2008-12-31": "2824.00000", "2007-12-31": "3398.00000", "2006-12-31": "3492.00000", "2005-12-31": "3778.00000"}, "Total Long Term Liabilities": {"2020-12-31": "52306.00000", "2019-12-31": "41802.00000", "2018-12-31": "42653.00000", "2017-12-31": "38207.00000", "2016-12-31": "33617.00000", "2015-12-31": "29175.00000", "2014-12-31": "27800.00000", "2013-12-31": "31203.00000", "2012-12-31": "22486.00000", "2011-12-31": "22329.00000", "2010-12-31": "20253.00000", "2009-12-31": "21199.00000", "2008-12-31": "18740.00000", "2007-12-31": "17431.00000", "2006-12-31": "21246.00000", "2005-12-31": "22653.00000"}, "Total Liabilities": {"2020-12-31": "68875.00000", "2019-12-31": "60113.00000", "2018-12-31": "60749.00000", "2017-12-31": "53565.00000", "2016-12-31": "47489.00000", "2015-12-31": "42780.00000", "2014-12-31": "41204.00000", "2013-12-31": "45009.00000", "2012-12-31": "31497.00000", "2011-12-31": "30959.00000", "2010-12-31": "29033.00000", "2009-12-31": "28927.00000", "2008-12-31": "28110.00000", "2007-12-31": "25914.00000", "2006-12-31": "29751.00000", "2005-12-31": "30925.00000"}, "Common Stock Net": {"2020-12-31": "6.00000", "2019-12-31": "4.00000", "2018-12-31": "5.00000", "2017-12-31": "5.00000", "2016-12-31": "5.00000", "2015-12-31": "6.00000", "2014-12-31": "7.00000", "2013-12-31": "5.00000", "2012-12-31": "127.00000", "2011-12-31": "341.00000", "2010-12-31": "339.00000", "2009-12-31": "339.00000", "2008-12-31": "285.00000", "2007-12-31": "255.00000", "2006-12-31": "228.00000", "2005-12-31": "195.00000"}, "Retained Earnings (Accumulated Deficit)": {"2020-12-31": "-6664.00000", "2019-12-31": "2264.00000", "2018-12-31": "758.00000", "2017-12-31": "-1345.00000", "2016-12-31": "1640.00000", "2015-12-31": "-1230.00000", "2014-12-31": "-8562.00000", "2013-12-31": "-11296.00000", "2012-12-31": "-9462.00000", "2011-12-31": "-7586.00000", "2010-12-31": "-5607.00000", "2009-12-31": "-5136.00000", "2008-12-31": "-3668.00000", "2007-12-31": "-1390.00000", "2006-12-31": "-1894.00000", "2005-12-31": "-2125.00000"}, "Comprehensive Income": {"2020-12-31": "-7103.00000", "2019-12-31": "-6331.00000", "2018-12-31": "-5896.00000", "2017-12-31": "-5154.00000", "2016-12-31": "-5083.00000", "2015-12-31": "-4732.00000", "2014-12-31": "-4559.00000", "2013-12-31": "-2032.00000", "2012-12-31": "-2980.00000", "2011-12-31": "-3964.00000", "2010-12-31": "-2755.00000", "2009-12-31": "-2724.00000", "2008-12-31": "-3177.00000", "2007-12-31": "670.00000", "2006-12-31": "-1291.00000", "2005-12-31": "-979.00000"}, "Other Share Holders Equity": {"2020-12-31": "", "2019-12-31": "", "2018-12-31": "", "2017-12-31": "", "2016-12-31": "", "2015-12-31": "", "2014-12-31": "", "2013-12-31": "", "2012-12-31": "", "2011-12-31": "", "2010-12-31": "", "2009-12-31": "", "2008-12-31": "", "2007-12-31": "", "2006-12-31": "", "2005-12-31": ""}, "Share Holder Equity": {"2020-12-31": "-6867.00000", "2019-12-31": "-118.00000", "2018-12-31": "-169.00000", "2017-12-31": "-780.00000", "2016-12-31": "3785.00000", "2015-12-31": "5635.00000", "2014-12-31": "2021.00000", "2013-12-31": "-2731.00000", "2012-12-31": "-7987.00000", "2011-12-31": "-7111.00000", "2010-12-31": "-3945.00000", "2009-12-31": "-3489.00000", "2008-12-31": "-2935.00000", "2007-12-31": "2657.00000", "2006-12-31": "-606.00000", "2005-12-31": "-1430.00000"}, "Total Liabilities And Share Holders Equity": {"2020-12-31": "62008.00000", "2019-12-31": "59995.00000", "2018-12-31": "60580.00000", "2017-12-31": "52785.00000", "2016-12-31": "51274.00000", "2015-12-31": "48415.00000", "2014-12-31": "43225.00000", "2013-12-31": "42278.00000", "2012-12-31": "23510.00000", "2011-12-31": "23848.00000", "2010-12-31": "25088.00000", "2009-12-31": "25438.00000", "2008-12-31": "25175.00000", "2007-12-31": "28571.00000", "2006-12-31": "29145.00000", "2005-12-31": "29495.00000"}}, "balance sheet, quarterly": {"Cash On Hand": {"2020-12-31": "7473.00000", "2020-09-30": "8792.00000", "2020-06-30": "10352.00000", "2020-03-31": "3733.00000", "2019-12-31": "3984.00000", "2019-09-30": "5326.00000", "2019-06-30": "5564.00000", "2019-03-31": "4505.00000", "2018-12-31": "4914.00000", "2018-09-30": "5009.00000", "2018-06-30": "4857.00000", "2018-03-31": "5585.00000", "2017-12-31": "5384.00000", "2017-09-30": "6161.00000", "2017-06-30": "7440.00000", "2017-03-31": "7219.00000", "2016-12-31": "6997.00000", "2016-09-30": "7390.00000", "2016-06-30": "7758.00000", "2016-03-31": "7621.00000", "2015-12-31": "6949.00000", "2015-09-30": "9583.00000", "2015-06-30": "9666.00000", "2015-03-31": "9930.00000", "2014-12-31": "8077.00000", "2014-09-30": "8774.00000", "2014-06-30": "10341.00000", "2014-03-31": "10611.00000", "2013-12-31": "10286.00000", "2013-09-30": "7698.00000", "2013-06-30": "7073.00000", "2013-03-31": "5097.00000", "2012-12-31": "4742.00000", "2012-09-30": "5073.00000", "2012-06-30": "5752.00000", "2012-03-31": "5590.00000", "2011-12-31": "4739.00000", "2011-09-30": "4770.00000", "2011-06-30": "5633.00000", "2011-03-31": "6254.00000", "2010-12-31": "4946.00000", "2010-09-30": "5004.00000", "2010-06-30": "5545.00000", "2010-03-31": "5006.00000", "2009-12-31": "4859.00000", "2009-09-30": "4571.00000", "2009-06-30": "3268.00000", "2009-03-31": "3326.00000", "2008-12-31": "3566.00000", "2008-09-30": "5077.00000", "2008-06-30": "5503.00000", "2008-03-31": "4945.00000", "2007-12-31": "4963.00000", "2007-09-30": "5837.00000", "2007-06-30": "6370.00000", "2007-03-31": "5854.00000", "2006-12-31": "5183.00000", "2006-09-30": "5518.00000", "2006-06-30": "5678.00000", "2006-03-31": "4778.00000", "2005-12-31": "4324.00000", "2005-09-30": "3911.00000", "2005-06-30": "3891.00000", "2005-03-31": "3543.00000"}, "Receivables": {"2020-12-31": "1342.00000", "2020-09-30": "1135.00000", "2020-06-30": "879.00000", "2020-03-31": "1020.00000", "2019-12-31": "1750.00000", "2019-09-30": "1850.00000", "2019-06-30": "1943.00000", "2019-03-31": "1876.00000", "2018-12-31": "1706.00000", "2018-09-30": "2170.00000", "2018-06-30": "1941.00000", "2018-03-31": "1809.00000", "2017-12-31": "1752.00000", "2017-09-30": "1700.00000", "2017-06-30": "1543.00000", "2017-03-31": "1397.00000", "2016-12-31": "1594.00000", "2016-09-30": "1703.00000", "2016-06-30": "1593.00000", "2016-03-31": "1450.00000", "2015-12-31": "1425.00000", "2015-09-30": "1828.00000", "2015-06-30": "1892.00000", "2015-03-31": "1826.00000", "2014-12-31": "1771.00000", "2014-09-30": "1961.00000", "2014-06-30": "1981.00000", "2014-03-31": "2008.00000", "2013-12-31": "1560.00000", "2013-09-30": "1340.00000", "2013-06-30": "1376.00000", "2013-03-31": "1243.00000", "2012-12-31": "1124.00000", "2012-09-30": "1160.00000", "2012-06-30": "1129.00000", "2012-03-31": "1056.00000", "2011-12-31": "902.00000", "2011-09-30": "925.00000", "2011-06-30": "945.00000", "2011-03-31": "922.00000", "2010-12-31": "738.00000", "2010-09-30": "889.00000", "2010-06-30": "910.00000", "2010-03-31": "842.00000", "2009-12-31": "768.00000", "2009-09-30": "814.00000", "2009-06-30": "780.00000", "2009-03-31": "785.00000", "2008-12-31": "811.00000", "2008-09-30": "1104.00000", "2008-06-30": "1166.00000", "2008-03-31": "1109.00000", "2007-12-31": "1027.00000", "2007-09-30": "1166.00000", "2007-06-30": "1219.00000", "2007-03-31": "1124.00000", "2006-12-31": "988.00000", "2006-09-30": "1160.00000", "2006-06-30": "1121.00000", "2006-03-31": "1073.00000", "2005-12-31": "991.00000", "2005-09-30": "1111.00000", "2005-06-30": "1052.00000", "2005-03-31": "1033.00000"}, "Inventory": {"2020-12-31": "1614.00000", "2020-09-30": "1633.00000", "2020-06-30": "1653.00000", "2020-03-31": "1772.00000", "2019-12-31": "1851.00000", "2019-09-30": "1800.00000", "2019-06-30": "1708.00000", "2019-03-31": "1666.00000", "2018-12-31": "1522.00000", "2018-09-30": "1576.00000", "2018-06-30": "1522.00000", "2018-03-31": "1455.00000", "2017-12-31": "1359.00000", "2017-09-30": "1315.00000", "2017-06-30": "1206.00000", "2017-03-31": "1154.00000", "2016-12-31": "1094.00000", "2016-09-30": "1100.00000", "2016-06-30": "999.00000", "2016-03-31": "886.00000", "2015-12-31": "863.00000", "2015-09-30": "1010.00000", "2015-06-30": "1069.00000", "2015-03-31": "995.00000", "2014-12-31": "1004.00000", "2014-09-30": "1182.00000", "2014-06-30": "1093.00000", "2014-03-31": "1052.00000", "2013-12-31": "1012.00000", "2013-09-30": "681.00000", "2013-06-30": "589.00000", "2013-03-31": "595.00000", "2012-12-31": "580.00000", "2012-09-30": "596.00000", "2012-06-30": "593.00000", "2012-03-31": "619.00000", "2011-12-31": "617.00000", "2011-09-30": "631.00000", "2011-06-30": "641.00000", "2011-03-31": "595.00000", "2010-12-31": "594.00000", "2010-09-30": "575.00000", "2010-06-30": "569.00000", "2010-03-31": "552.00000", "2009-12-31": "557.00000", "2009-09-30": "546.00000", "2009-06-30": "535.00000", "2009-03-31": "494.00000", "2008-12-31": "525.00000", "2008-09-30": "670.00000", "2008-06-30": "702.00000", "2008-03-31": "637.00000", "2007-12-31": "601.00000", "2007-09-30": "556.00000", "2007-06-30": "532.00000", "2007-03-31": "503.00000", "2006-12-31": "506.00000", "2006-09-30": "506.00000", "2006-06-30": "510.00000", "2006-03-31": "494.00000", "2005-12-31": "515.00000", "2005-09-30": "540.00000", "2005-06-30": "488.00000", "2005-03-31": "489.00000"}, "Pre-Paid Expenses": {"2020-12-31": "666.00000", "2020-09-30": "780.00000", "2020-06-30": "905.00000", "2020-03-31": "650.00000", "2019-12-31": "621.00000", "2019-09-30": "596.00000", "2019-06-30": "635.00000", "2019-03-31": "607.00000", "2018-12-31": "495.00000", "2018-09-30": "743.00000", "2018-06-30": "856.00000", "2018-03-31": "824.00000", "2017-12-31": "651.00000", "2017-09-30": "826.00000", "2017-06-30": "827.00000", "2017-03-31": "856.00000", "2016-12-31": "639.00000", "2016-09-30": "855.00000", "2016-06-30": "834.00000", "2016-03-31": "845.00000", "2015-12-31": "748.00000", "2015-09-30": "1285.00000", "2015-06-30": "1482.00000", "2015-03-31": "1378.00000", "2014-12-31": "898.00000", "2014-09-30": "1533.00000", "2014-06-30": "1551.00000", "2014-03-31": "1522.00000", "2013-12-31": "1465.00000", "2013-09-30": "", "2013-06-30": "", "2013-03-31": "", "2012-12-31": "626.00000", "2012-09-30": "", "2012-06-30": "", "2012-03-31": "", "2011-12-31": "", "2011-09-30": "", "2011-06-30": "", "2011-03-31": "", "2010-12-31": "", "2010-09-30": "", "2010-06-30": "", "2010-03-31": "", "2009-12-31": "", "2009-09-30": "", "2009-06-30": "", "2009-03-31": "", "2008-12-31": "", "2008-09-30": "", "2008-06-30": "", "2008-03-31": "", "2007-12-31": "", "2007-09-30": "", "2007-06-30": "", "2007-03-31": "", "2006-12-31": "", "2006-09-30": "", "2006-06-30": "", "2006-03-31": "", "2005-12-31": "", "2005-09-30": "", "2005-06-30": "", "2005-03-31": ""}, "Other Current Assets": {"2020-12-31": "", "2020-09-30": "", "2020-06-30": "", "2020-03-31": "", "2019-12-31": "", "2019-09-30": "", "2019-06-30": "", "2019-03-31": "", "2018-12-31": "", "2018-09-30": "", "2018-06-30": "", "2018-03-31": "", "2017-12-31": "", "2017-09-30": "", "2017-06-30": "", "2017-03-31": "", "2016-12-31": "", "2016-09-30": "", "2016-06-30": "", "2016-03-31": "", "2015-12-31": "", "2015-09-30": "", "2015-06-30": "", "2015-03-31": "", "2014-12-31": "", "2014-09-30": "", "2014-06-30": "", "2014-03-31": "", "2013-12-31": "", "2013-09-30": "522.00000", "2013-06-30": "597.00000", "2013-03-31": "590.00000", "2012-12-31": "", "2012-09-30": "474.00000", "2012-06-30": "510.00000", "2012-03-31": "513.00000", "2011-12-31": "499.00000", "2011-09-30": "512.00000", "2011-06-30": "778.00000", "2011-03-31": "1054.00000", "2010-12-31": "560.00000", "2010-09-30": "369.00000", "2010-06-30": "320.00000", "2010-03-31": "434.00000", "2009-12-31": "458.00000", "2009-09-30": "522.00000", "2009-06-30": "557.00000", "2009-03-31": "757.00000", "2008-12-31": "1033.00000", "2008-09-30": "656.00000", "2008-06-30": "1701.00000", "2008-03-31": "822.00000", "2007-12-31": "638.00000", "2007-09-30": "503.00000", "2007-06-30": "467.00000", "2007-03-31": "352.00000", "2006-12-31": "225.00000", "2006-09-30": "289.00000", "2006-06-30": "531.00000", "2006-03-31": "475.00000", "2005-12-31": "334.00000", "2005-09-30": "425.00000", "2005-06-30": "358.00000", "2005-03-31": "355.00000"}, "Total Current Assets": {"2020-12-31": "11095.00000", "2020-09-30": "12340.00000", "2020-06-30": "13789.00000", "2020-03-31": "7175.00000", "2019-12-31": "8206.00000", "2019-09-30": "9572.00000", "2019-06-30": "9850.00000", "2019-03-31": "8654.00000", "2018-12-31": "8637.00000", "2018-09-30": "9498.00000", "2018-06-30": "9176.00000", "2018-03-31": "9673.00000", "2017-12-31": "9146.00000", "2017-09-30": "10002.00000", "2017-06-30": "11016.00000", "2017-03-31": "10626.00000", "2016-12-31": "10324.00000", "2016-09-30": "11048.00000", "2016-06-30": "11184.00000", "2016-03-31": "10802.00000", "2015-12-31": "9985.00000", "2015-09-30": "13706.00000", "2015-06-30": "14109.00000", "2015-03-31": "14129.00000", "2014-12-31": "11750.00000", "2014-09-30": "13450.00000", "2014-06-30": "14966.00000", "2014-03-31": "15193.00000", "2013-12-31": "14323.00000", "2013-09-30": "10241.00000", "2013-06-30": "9635.00000", "2013-03-31": "7525.00000", "2012-12-31": "7072.00000", "2012-09-30": "7303.00000", "2012-06-30": "7984.00000", "2012-03-31": "7778.00000", "2011-12-31": "6757.00000", "2011-09-30": "6838.00000", "2011-06-30": "7997.00000", "2011-03-31": "8825.00000", "2010-12-31": "6838.00000", "2010-09-30": "6837.00000", "2010-06-30": "7344.00000", "2010-03-31": "6834.00000", "2009-12-31": "6642.00000", "2009-09-30": "6453.00000", "2009-06-30": "5140.00000", "2009-03-31": "5362.00000", "2008-12-31": "5935.00000", "2008-09-30": "7507.00000", "2008-06-30": "9072.00000", "2008-03-31": "7513.00000", "2007-12-31": "7229.00000", "2007-09-30": "8062.00000", "2007-06-30": "8588.00000", "2007-03-31": "7833.00000", "2006-12-31": "6902.00000", "2006-09-30": "7473.00000", "2006-06-30": "7840.00000", "2006-03-31": "6820.00000", "2005-12-31": "6164.00000", "2005-09-30": "5987.00000", "2005-06-30": "5789.00000", "2005-03-31": "5420.00000"}, "Property, Plant, And Equipment": {"2020-12-31": "31699.00000", "2020-09-30": "32256.00000", "2020-06-30": "33351.00000", "2020-03-31": "34206.00000", "2019-12-31": "34995.00000", "2019-09-30": "34619.00000", "2019-06-30": "34702.00000", "2019-03-31": "34410.00000", "2018-12-31": "34098.00000", "2018-09-30": "34223.00000", "2018-06-30": "34424.00000", "2018-03-31": "34333.00000", "2017-12-31": "34156.00000", "2017-09-30": "33311.00000", "2017-06-30": "32993.00000", "2017-03-31": "32291.00000", "2016-12-31": "31159.00000", "2016-09-30": "30304.00000", "2016-06-30": "29611.00000", "2016-03-31": "28633.00000", "2015-12-31": "27510.00000", "2015-09-30": "26292.00000", "2015-06-30": "25288.00000", "2015-03-31": "24042.00000", "2014-12-31": "23084.00000", "2014-09-30": "22163.00000", "2014-06-30": "21236.00000", "2014-03-31": "19944.00000", "2013-12-31": "19259.00000", "2013-09-30": "13472.00000", "2013-06-30": "13550.00000", "2013-03-31": "13305.00000", "2012-12-31": "13402.00000", "2012-09-30": "13620.00000", "2012-06-30": "13784.00000", "2012-03-31": "13918.00000", "2011-12-31": "14306.00000", "2011-09-30": "15142.00000", "2011-06-30": "15155.00000", "2011-03-31": "15116.00000", "2010-12-31": "15082.00000", "2010-09-30": "15296.00000", "2010-06-30": "15267.00000", "2010-03-31": "15393.00000", "2009-12-31": "15476.00000", "2009-09-30": "15596.00000", "2009-06-30": "15572.00000", "2009-03-31": "15574.00000", "2008-12-31": "15735.00000", "2008-09-30": "15928.00000", "2008-06-30": "15982.00000", "2008-03-31": "17345.00000", "2007-12-31": "17394.00000", "2007-09-30": "17553.00000", "2007-06-30": "17700.00000", "2007-03-31": "17822.00000", "2006-12-31": "17941.00000", "2006-09-30": "18040.00000", "2006-06-30": "18218.00000", "2006-03-31": "18362.00000", "2005-12-31": "18546.00000", "2005-09-30": "18911.00000", "2005-06-30": "19096.00000", "2005-03-31": "19116.00000"}, "Long-Term Investments": {"2020-12-31": "", "2020-09-30": "", "2020-06-30": "", "2020-03-31": "", "2019-12-31": "", "2019-09-30": "", "2019-06-30": "", "2019-03-31": "", "2018-12-31": "", "2018-09-30": "", "2018-06-30": "", "2018-03-31": "", "2017-12-31": "", "2017-09-30": "", "2017-06-30": "", "2017-03-31": "", "2016-12-31": "", "2016-09-30": "", "2016-06-30": "", "2016-03-31": "", "2015-12-31": "", "2015-09-30": "", "2015-06-30": "", "2015-03-31": "", "2014-12-31": "", "2014-09-30": "", "2014-06-30": "", "2014-03-31": "", "2013-12-31": "", "2013-09-30": "", "2013-06-30": "", "2013-03-31": "", "2012-12-31": "", "2012-09-30": "", "2012-06-30": "", "2012-03-31": "", "2011-12-31": "", "2011-09-30": "", "2011-06-30": "", "2011-03-31": "", "2010-12-31": "", "2010-09-30": "", "2010-06-30": "", "2010-03-31": "", "2009-12-31": "", "2009-09-30": "", "2009-06-30": "", "2009-03-31": "", "2008-12-31": "", "2008-09-30": "", "2008-06-30": "", "2008-03-31": "", "2007-12-31": "", "2007-09-30": "", "2007-06-30": "", "2007-03-31": "", "2006-12-31": "", "2006-09-30": "", "2006-06-30": "", "2006-03-31": "", "2005-12-31": "", "2005-09-30": "", "2005-06-30": "", "2005-03-31": ""}, "Goodwill And Intangible Assets": {"2020-12-31": "6120.00000", "2020-09-30": "6130.00000", "2020-06-30": "6140.00000", "2020-03-31": "6150.00000", "2019-12-31": "6175.00000", "2019-09-30": "6186.00000", "2019-06-30": "6196.00000", "2019-03-31": "6206.00000", "2018-12-31": "6228.00000", "2018-09-30": "6238.00000", "2018-06-30": "6248.00000", "2018-03-31": "6284.00000", "2017-12-31": "6294.00000", "2017-09-30": "6305.00000", "2017-06-30": "6315.00000", "2017-03-31": "6327.00000", "2016-12-31": "6264.00000", "2016-09-30": "6280.00000", "2016-06-30": "6304.00000", "2016-03-31": "6327.00000", "2015-12-31": "6340.00000", "2015-09-30": "6352.00000", "2015-06-30": "6365.00000", "2015-03-31": "6372.00000", "2014-12-31": "6331.00000", "2014-09-30": "6394.00000", "2014-06-30": "6419.00000", "2014-03-31": "6408.00000", "2013-12-31": "6397.00000", "2013-09-30": "853.00000", "2013-06-30": "859.00000", "2013-03-31": "863.00000", "2012-12-31": "869.00000", "2012-09-30": "875.00000", "2012-06-30": "881.00000", "2012-03-31": "887.00000", "2011-12-31": "894.00000", "2011-09-30": "912.00000", "2011-06-30": "919.00000", "2011-03-31": "925.00000", "2010-12-31": "932.00000", "2010-09-30": "967.00000", "2010-06-30": "974.00000", "2010-03-31": "981.00000", "2009-12-31": "988.00000", "2009-09-30": "1091.00000", "2009-06-30": "1098.00000", "2009-03-31": "1102.00000", "2008-12-31": "1109.00000", "2008-09-30": "1116.00000", "2008-06-30": "1123.00000", "2008-03-31": "1148.00000", "2007-12-31": "1156.00000", "2007-09-30": "1163.00000", "2007-06-30": "1170.00000", "2007-03-31": "1160.00000", "2006-12-31": "1167.00000", "2006-09-30": "1174.00000", "2006-06-30": "1181.00000", "2006-03-31": "1188.00000", "2005-12-31": "1194.00000", "2005-09-30": "1202.00000", "2005-06-30": "1209.00000", "2005-03-31": "1216.00000"}, "Other Long-Term Assets": {"2020-12-31": "1816.00000", "2020-09-30": "1643.00000", "2020-06-30": "1216.00000", "2020-03-31": "1193.00000", "2019-12-31": "1237.00000", "2019-09-30": "1290.00000", "2019-06-30": "1325.00000", "2019-03-31": "1386.00000", "2018-12-31": "1321.00000", "2018-09-30": "1383.00000", "2018-06-30": "1375.00000", "2018-03-31": "1409.00000", "2017-12-31": "1373.00000", "2017-09-30": "2245.00000", "2017-06-30": "2107.00000", "2017-03-31": "2004.00000", "2016-12-31": "2029.00000", "2016-09-30": "1952.00000", "2016-06-30": "1987.00000", "2016-03-31": "2075.00000", "2015-12-31": "2103.00000", "2015-09-30": "2365.00000", "2015-06-30": "2106.00000", "2015-03-31": "2211.00000", "2014-12-31": "2060.00000", "2014-09-30": "2166.00000", "2014-06-30": "2190.00000", "2014-03-31": "2192.00000", "2013-12-31": "2299.00000", "2013-09-30": "2214.00000", "2013-06-30": "2172.00000", "2013-03-31": "2159.00000", "2012-12-31": "2167.00000", "2012-09-30": "2129.00000", "2012-06-30": "2077.00000", "2012-03-31": "1928.00000", "2011-12-31": "1891.00000", "2011-09-30": "1827.00000", "2011-06-30": "1716.00000", "2011-03-31": "2247.00000", "2010-12-31": "2236.00000", "2010-09-30": "2257.00000", "2010-06-30": "2300.00000", "2010-03-31": "2317.00000", "2009-12-31": "2332.00000", "2009-09-30": "2614.00000", "2009-06-30": "2328.00000", "2009-03-31": "2480.00000", "2008-12-31": "2396.00000", "2008-09-30": "2399.00000", "2008-06-30": "2748.00000", "2008-03-31": "2760.00000", "2007-12-31": "2792.00000", "2007-09-30": "2821.00000", "2007-06-30": "2952.00000", "2007-03-31": "3069.00000", "2006-12-31": "3135.00000", "2006-09-30": "3441.00000", "2006-06-30": "3513.00000", "2006-03-31": "3548.00000", "2005-12-31": "3591.00000", "2005-09-30": "3336.00000", "2005-06-30": "3400.00000", "2005-03-31": "3415.00000"}, "Total Long-Term Assets": {"2020-12-31": "50913.00000", "2020-09-30": "50433.00000", "2020-06-30": "50755.00000", "2020-03-31": "51405.00000", "2019-12-31": "51789.00000", "2019-09-30": "51603.00000", "2019-06-30": "52117.00000", "2019-03-31": "52133.00000", "2018-12-31": "51943.00000", "2018-09-30": "43137.00000", "2018-06-30": "43446.00000", "2018-03-31": "43607.00000", "2017-12-31": "43639.00000", "2017-09-30": "42399.00000", "2017-06-30": "42320.00000", "2017-03-31": "42001.00000", "2016-12-31": "40950.00000", "2016-09-30": "40060.00000", "2016-06-30": "39867.00000", "2016-03-31": "39107.00000", "2015-12-31": "38430.00000", "2015-09-30": "35009.00000", "2015-06-30": "33759.00000", "2015-03-31": "32625.00000", "2014-12-31": "31475.00000", "2014-09-30": "30723.00000", "2014-06-30": "29845.00000", "2014-03-31": "28544.00000", "2013-12-31": "27955.00000", "2013-09-30": "16539.00000", "2013-06-30": "16581.00000", "2013-03-31": "16327.00000", "2012-12-31": "16438.00000", "2012-09-30": "16624.00000", "2012-06-30": "16742.00000", "2012-03-31": "16733.00000", "2011-12-31": "17091.00000", "2011-09-30": "17881.00000", "2011-06-30": "17790.00000", "2011-03-31": "18288.00000", "2010-12-31": "18250.00000", "2010-09-30": "18520.00000", "2010-06-30": "18541.00000", "2010-03-31": "18691.00000", "2009-12-31": "18796.00000", "2009-09-30": "19301.00000", "2009-06-30": "18998.00000", "2009-03-31": "19156.00000", "2008-12-31": "19240.00000", "2008-09-30": "19443.00000", "2008-06-30": "19853.00000", "2008-03-31": "21253.00000", "2007-12-31": "21342.00000", "2007-09-30": "21537.00000", "2007-06-30": "21822.00000", "2007-03-31": "22051.00000", "2006-12-31": "22243.00000", "2006-09-30": "22655.00000", "2006-06-30": "22912.00000", "2006-03-31": "23098.00000", "2005-12-31": "23331.00000", "2005-09-30": "23449.00000", "2005-06-30": "23705.00000", "2005-03-31": "23747.00000"}, "Total Assets": {"2020-12-31": "62008.00000", "2020-09-30": "62773.00000", "2020-06-30": "64544.00000", "2020-03-31": "58580.00000", "2019-12-31": "59995.00000", "2019-09-30": "61175.00000", "2019-06-30": "61967.00000", "2019-03-31": "60787.00000", "2018-12-31": "60580.00000", "2018-09-30": "52635.00000", "2018-06-30": "52622.00000", "2018-03-31": "53280.00000", "2017-12-31": "52785.00000", "2017-09-30": "52401.00000", "2017-06-30": "53336.00000", "2017-03-31": "52627.00000", "2016-12-31": "51274.00000", "2016-09-30": "51108.00000", "2016-06-30": "51051.00000", "2016-03-31": "49909.00000", "2015-12-31": "48415.00000", "2015-09-30": "48715.00000", "2015-06-30": "47868.00000", "2015-03-31": "46754.00000", "2014-12-31": "43225.00000", "2014-09-30": "44173.00000", "2014-06-30": "44811.00000", "2014-03-31": "43737.00000", "2013-12-31": "42278.00000", "2013-09-30": "26780.00000", "2013-06-30": "26216.00000", "2013-03-31": "23852.00000", "2012-12-31": "23510.00000", "2012-09-30": "23927.00000", "2012-06-30": "24726.00000", "2012-03-31": "24511.00000", "2011-12-31": "23848.00000", "2011-09-30": "24719.00000", "2011-06-30": "25787.00000", "2011-03-31": "27113.00000", "2010-12-31": "25088.00000", "2010-09-30": "25357.00000", "2010-06-30": "25885.00000", "2010-03-31": "25525.00000", "2009-12-31": "25438.00000", "2009-09-30": "25754.00000", "2009-06-30": "24138.00000", "2009-03-31": "24518.00000", "2008-12-31": "25175.00000", "2008-09-30": "26950.00000", "2008-06-30": "28925.00000", "2008-03-31": "28766.00000", "2007-12-31": "28571.00000", "2007-09-30": "29599.00000", "2007-06-30": "30410.00000", "2007-03-31": "29884.00000", "2006-12-31": "29145.00000", "2006-09-30": "30128.00000", "2006-06-30": "30752.00000", "2006-03-31": "29918.00000", "2005-12-31": "29495.00000", "2005-09-30": "29436.00000", "2005-06-30": "29494.00000", "2005-03-31": "29167.00000"}, "Total Current Liabilities": {"2020-12-31": "16569.00000", "2020-09-30": "16584.00000", "2020-06-30": "18000.00000", "2020-03-31": "19213.00000", "2019-12-31": "18311.00000", "2019-09-30": "19560.00000", "2019-06-30": "20123.00000", "2019-03-31": "19849.00000", "2018-12-31": "18096.00000", "2018-09-30": "16348.00000", "2018-06-30": "16669.00000", "2018-03-31": "17008.00000", "2017-12-31": "15358.00000", "2017-09-30": "15307.00000", "2017-06-30": "16112.00000", "2017-03-31": "15286.00000", "2016-12-31": "13872.00000", "2016-09-30": "14533.00000", "2016-06-30": "14917.00000", "2016-03-31": "15277.00000", "2015-12-31": "13605.00000", "2015-09-30": "14161.00000", "2015-06-30": "15045.00000", "2015-03-31": "14233.00000", "2014-12-31": "13404.00000", "2014-09-30": "13888.00000", "2014-06-30": "15088.00000", "2014-03-31": "15079.00000", "2013-12-31": "13806.00000", "2013-09-30": "10098.00000", "2013-06-30": "10669.00000", "2013-03-31": "9990.00000", "2012-12-31": "9011.00000", "2012-09-30": "9586.00000", "2012-06-30": "10066.00000", "2012-03-31": "9543.00000", "2011-12-31": "8630.00000", "2011-09-30": "8923.00000", "2011-06-30": "9766.00000", "2011-03-31": "9853.00000", "2010-12-31": "8780.00000", "2010-09-30": "8939.00000", "2010-06-30": "9359.00000", "2010-03-31": "8241.00000", "2009-12-31": "7728.00000", "2009-09-30": "7901.00000", "2009-06-30": "8270.00000", "2009-03-31": "8908.00000", "2008-12-31": "9370.00000", "2008-09-30": "9484.00000", "2008-06-30": "10640.00000", "2008-03-31": "9572.00000", "2007-12-31": "8483.00000", "2007-09-30": "9236.00000", "2007-06-30": "9393.00000", "2007-03-31": "8958.00000", "2006-12-31": "8505.00000", "2006-09-30": "8675.00000", "2006-06-30": "9232.00000", "2006-03-31": "8744.00000", "2005-12-31": "8272.00000", "2005-09-30": "7869.00000", "2005-06-30": "8019.00000", "2005-03-31": "7731.00000"}, "Long Term Debt": {"2020-12-31": "29796.00000", "2020-09-30": "30076.00000", "2020-06-30": "28698.00000", "2020-03-31": "21564.00000", "2019-12-31": "21454.00000", "2019-09-30": "21625.00000", "2019-06-30": "21791.00000", "2019-03-31": "20660.00000", "2018-12-31": "21179.00000", "2018-09-30": "22274.00000", "2018-06-30": "21863.00000", "2018-03-31": "21946.00000", "2017-12-31": "22511.00000", "2017-09-30": "22217.00000", "2017-06-30": "22525.00000", "2017-03-31": "22829.00000", "2016-12-31": "22489.00000", "2016-09-30": "21545.00000", "2016-06-30": "21131.00000", "2016-03-31": "19134.00000", "2015-12-31": "18330.00000", "2015-09-30": "18849.00000", "2015-06-30": "17152.00000", "2015-03-31": "17638.00000", "2014-12-31": "16043.00000", "2014-09-30": "15651.00000", "2014-06-30": "15205.00000", "2014-03-31": "15244.00000", "2013-12-31": "15353.00000", "2013-09-30": "9208.00000", "2013-06-30": "8354.00000", "2013-03-31": "7021.00000", "2012-12-31": "7116.00000", "2012-09-30": "6489.00000", "2012-06-30": "6716.00000", "2012-03-31": "6891.00000", "2011-12-31": "6702.00000", "2011-09-30": "10167.00000", "2011-06-30": "10052.00000", "2011-03-31": "10156.00000", "2010-12-31": "9253.00000", "2010-09-30": "9513.00000", "2010-06-30": "9668.00000", "2010-03-31": "10420.00000", "2009-12-31": "10583.00000", "2009-09-30": "10461.00000", "2009-06-30": "8864.00000", "2009-03-31": "8842.00000", "2008-12-31": "9005.00000", "2008-09-30": "9536.00000", "2008-06-30": "9331.00000", "2008-03-31": "9375.00000", "2007-12-31": "10093.00000", "2007-09-30": "10528.00000", "2007-06-30": "11242.00000", "2007-03-31": "11471.00000", "2006-12-31": "12041.00000", "2006-09-30": "12407.00000", "2006-06-30": "12968.00000", "2006-03-31": "13165.00000", "2005-12-31": "13456.00000", "2005-09-30": "13231.00000", "2005-06-30": "13322.00000", "2005-03-31": "13375.00000"}, "Other Non-Current Liabilities": {"2020-12-31": "8664.00000", "2020-09-30": "8648.00000", "2020-06-30": "8024.00000", "2020-03-31": "7093.00000", "2019-12-31": "6875.00000", "2019-09-30": "6686.00000", "2019-06-30": "6616.00000", "2019-03-31": "6610.00000", "2018-12-31": "6665.00000", "2018-09-30": "7683.00000", "2018-06-30": "7841.00000", "2018-03-31": "8085.00000", "2017-12-31": "8199.00000", "2017-09-30": "3462.00000", "2017-06-30": "3484.00000", "2017-03-31": "2753.00000", "2016-12-31": "3286.00000", "2016-09-30": "2698.00000", "2016-06-30": "2675.00000", "2016-03-31": "2723.00000", "2015-12-31": "2728.00000", "2015-09-30": "3624.00000", "2015-06-30": "3604.00000", "2015-03-31": "3539.00000", "2014-12-31": "3366.00000", "2014-09-30": "3589.00000", "2014-06-30": "3408.00000", "2014-03-31": "3241.00000", "2013-12-31": "3159.00000", "2013-09-30": "8755.00000", "2013-06-30": "8707.00000", "2013-03-31": "8487.00000", "2012-12-31": "8367.00000", "2012-09-30": "15151.00000", "2012-06-30": "16835.00000", "2012-03-31": "16686.00000", "2011-12-31": "6313.00000", "2011-09-30": "2587.00000", "2011-06-30": "2509.00000", "2011-03-31": "3127.00000", "2010-12-31": "2853.00000", "2010-09-30": "3139.00000", "2010-06-30": "3190.00000", "2010-03-31": "3225.00000", "2009-12-31": "2947.00000", "2009-09-30": "3246.00000", "2009-06-30": "3123.00000", "2009-03-31": "3138.00000", "2008-12-31": "2824.00000", "2008-09-30": "3260.00000", "2008-06-30": "3624.00000", "2008-03-31": "3673.00000", "2007-12-31": "3398.00000", "2007-09-30": "3772.00000", "2007-06-30": "3822.00000", "2007-03-31": "3863.00000", "2006-12-31": "3492.00000", "2006-09-30": "4100.00000", "2006-06-30": "4104.00000", "2006-03-31": "4155.00000", "2005-12-31": "3778.00000", "2005-09-30": "4266.00000", "2005-06-30": "4014.00000", "2005-03-31": "4045.00000"}, "Total Long Term Liabilities": {"2020-12-31": "52306.00000", "2020-09-30": "51717.00000", "2020-06-30": "49713.00000", "2020-03-31": "42003.00000", "2019-12-31": "41802.00000", "2019-09-30": "41455.00000", "2019-06-30": "41866.00000", "2019-03-31": "41574.00000", "2018-12-31": "42653.00000", "2018-09-30": "36855.00000", "2018-06-30": "36822.00000", "2018-03-31": "37290.00000", "2017-12-31": "38207.00000", "2017-09-30": "33146.00000", "2017-06-30": "33509.00000", "2017-03-31": "33884.00000", "2016-12-31": "33617.00000", "2016-09-30": "32184.00000", "2016-06-30": "31822.00000", "2016-03-31": "29922.00000", "2015-12-31": "29175.00000", "2015-09-30": "30792.00000", "2015-06-30": "29187.00000", "2015-03-31": "29757.00000", "2014-12-31": "27800.00000", "2014-09-30": "25314.00000", "2014-06-30": "25637.00000", "2014-03-31": "27563.00000", "2013-12-31": "31203.00000", "2013-09-30": "24604.00000", "2013-06-30": "23763.00000", "2013-03-31": "22238.00000", "2012-12-31": "22486.00000", "2012-09-30": "21716.00000", "2012-06-30": "23628.00000", "2012-03-31": "23654.00000", "2011-12-31": "22329.00000", "2011-09-30": "20629.00000", "2011-06-30": "20530.00000", "2011-03-31": "21209.00000", "2010-12-31": "20253.00000", "2010-09-30": "20061.00000", "2010-06-30": "20456.00000", "2010-03-31": "21176.00000", "2009-12-31": "21199.00000", "2009-09-30": "20712.00000", "2009-06-30": "18868.00000", "2009-03-31": "18719.00000", "2008-12-31": "18740.00000", "2008-09-30": "16532.00000", "2008-06-30": "16625.00000", "2008-03-31": "16705.00000", "2007-12-31": "17431.00000", "2007-09-30": "19535.00000", "2007-06-30": "20407.00000", "2007-03-31": "20700.00000", "2006-12-31": "21246.00000", "2006-09-30": "21967.00000", "2006-06-30": "22028.00000", "2006-03-31": "22446.00000", "2005-12-31": "22653.00000", "2005-09-30": "22296.00000", "2005-06-30": "22090.00000", "2005-03-31": "22133.00000"}, "Total Liabilities": {"2020-12-31": "68875.00000", "2020-09-30": "68301.00000", "2020-06-30": "67713.00000", "2020-03-31": "61216.00000", "2019-12-31": "60113.00000", "2019-09-30": "61015.00000", "2019-06-30": "61989.00000", "2019-03-31": "61423.00000", "2018-12-31": "60749.00000", "2018-09-30": "53203.00000", "2018-06-30": "53491.00000", "2018-03-31": "54298.00000", "2017-12-31": "53565.00000", "2017-09-30": "48453.00000", "2017-06-30": "49621.00000", "2017-03-31": "49170.00000", "2016-12-31": "47489.00000", "2016-09-30": "46717.00000", "2016-06-30": "46739.00000", "2016-03-31": "45199.00000", "2015-12-31": "42780.00000", "2015-09-30": "44953.00000", "2015-06-30": "44232.00000", "2015-03-31": "43990.00000", "2014-12-31": "41204.00000", "2014-09-30": "39202.00000", "2014-06-30": "40725.00000", "2014-03-31": "42642.00000", "2013-12-31": "45009.00000", "2013-09-30": "34702.00000", "2013-06-30": "34432.00000", "2013-03-31": "32228.00000", "2012-12-31": "31497.00000", "2012-09-30": "31302.00000", "2012-06-30": "33694.00000", "2012-03-31": "33197.00000", "2011-12-31": "30959.00000", "2011-09-30": "29552.00000", "2011-06-30": "30296.00000", "2011-03-31": "31062.00000", "2010-12-31": "29033.00000", "2010-09-30": "29000.00000", "2010-06-30": "29815.00000", "2010-03-31": "29417.00000", "2009-12-31": "28927.00000", "2009-09-30": "28613.00000", "2009-06-30": "27138.00000", "2009-03-31": "27627.00000", "2008-12-31": "28110.00000", "2008-09-30": "26016.00000", "2008-06-30": "27265.00000", "2008-03-31": "26277.00000", "2007-12-31": "25914.00000", "2007-09-30": "28771.00000", "2007-06-30": "29800.00000", "2007-03-31": "29658.00000", "2006-12-31": "29751.00000", "2006-09-30": "30642.00000", "2006-06-30": "31260.00000", "2006-03-31": "31190.00000", "2005-12-31": "30925.00000", "2005-09-30": "30165.00000", "2005-06-30": "30109.00000", "2005-03-31": "29864.00000"}, "Common Stock Net": {"2020-12-31": "6.00000", "2020-09-30": "5.00000", "2020-06-30": "5.00000", "2020-03-31": "4.00000", "2019-12-31": "4.00000", "2019-09-30": "4.00000", "2019-06-30": "5.00000", "2019-03-31": "5.00000", "2018-12-31": "5.00000", "2018-09-30": "5.00000", "2018-06-30": "5.00000", "2018-03-31": "5.00000", "2017-12-31": "5.00000", "2017-09-30": "5.00000", "2017-06-30": "5.00000", "2017-03-31": "5.00000", "2016-12-31": "5.00000", "2016-09-30": "5.00000", "2016-06-30": "5.00000", "2016-03-31": "6.00000", "2015-12-31": "6.00000", "2015-09-30": "6.00000", "2015-06-30": "7.00000", "2015-03-31": "7.00000", "2014-12-31": "7.00000", "2014-09-30": "7.00000", "2014-06-30": "7.00000", "2014-03-31": "6.00000", "2013-12-31": "5.00000", "2013-09-30": "342.00000", "2013-06-30": "341.00000", "2013-03-31": "341.00000", "2012-12-31": "127.00000", "2012-09-30": "341.00000", "2012-06-30": "341.00000", "2012-03-31": "341.00000", "2011-12-31": "341.00000", "2011-09-30": "341.00000", "2011-06-30": "341.00000", "2011-03-31": "339.00000", "2010-12-31": "339.00000", "2010-09-30": "339.00000", "2010-06-30": "339.00000", "2010-03-31": "339.00000", "2009-12-31": "339.00000", "2009-09-30": "335.00000", "2009-06-30": "286.00000", "2009-03-31": "285.00000", "2008-12-31": "285.00000", "2008-09-30": "285.00000", "2008-06-30": "257.00000", "2008-03-31": "255.00000", "2007-12-31": "255.00000", "2007-09-30": "255.00000", "2007-06-30": "254.00000", "2007-03-31": "246.00000", "2006-12-31": "228.00000", "2006-09-30": "220.00000", "2006-06-30": "218.00000", "2006-03-31": "195.00000", "2005-12-31": "195.00000", "2005-09-30": "182.00000", "2005-06-30": "182.00000", "2005-03-31": "182.00000"}, "Retained Earnings (Accumulated Deficit)": {"2020-12-31": "-6664.00000", "2020-09-30": "-4487.00000", "2020-06-30": "-2088.00000", "2020-03-31": "-21.00000", "2019-12-31": "2264.00000", "2019-09-30": "1894.00000", "2019-06-30": "1514.00000", "2019-03-31": "897.00000", "2018-12-31": "758.00000", "2018-09-30": "-316.00000", "2018-06-30": "-610.00000", "2018-03-31": "-1130.00000", "2017-12-31": "-1345.00000", "2017-09-30": "3152.00000", "2017-06-30": "2577.00000", "2017-03-31": "1823.00000", "2016-12-31": "1640.00000", "2016-09-30": "1403.00000", "2016-06-30": "719.00000", "2016-03-31": "-591.00000", "2015-12-31": "-1230.00000", "2015-09-30": "-4445.00000", "2015-06-30": "-6070.00000", "2015-03-31": "-7702.00000", "2014-12-31": "-8562.00000", "2014-09-30": "-9086.00000", "2014-06-30": "-9953.00000", "2014-03-31": "-10816.00000", "2013-12-31": "-11296.00000", "2013-09-30": "-9295.00000", "2013-06-30": "-9584.00000", "2013-03-31": "-9803.00000", "2012-12-31": "-9462.00000", "2012-09-30": "-9725.00000", "2012-06-30": "-9487.00000", "2012-03-31": "-9246.00000", "2011-12-31": "-7586.00000", "2011-09-30": "-6491.00000", "2011-06-30": "-6329.00000", "2011-03-31": "-6043.00000", "2010-12-31": "-5607.00000", "2010-09-30": "-5509.00000", "2010-06-30": "-5652.00000", "2010-03-31": "-5641.00000", "2009-12-31": "-5136.00000", "2009-09-30": "-4792.00000", "2009-06-30": "-4433.00000", "2009-03-31": "-4043.00000", "2008-12-31": "-3668.00000", "2008-09-30": "-3121.00000", "2008-06-30": "-3166.00000", "2008-03-31": "-1718.00000", "2007-12-31": "-1390.00000", "2007-09-30": "-1321.00000", "2007-06-30": "-1496.00000", "2007-03-31": "-1813.00000", "2006-12-31": "-1894.00000", "2006-09-30": "-1959.00000", "2006-06-30": "-1974.00000", "2006-03-31": "-2265.00000", "2005-12-31": "-2125.00000", "2005-09-30": "-1569.00000", "2005-06-30": "-1416.00000", "2005-03-31": "-1474.00000"}, "Comprehensive Income": {"2020-12-31": "-7103.00000", "2020-09-30": "-6476.00000", "2020-06-30": "-6463.00000", "2020-03-31": "-6480.00000", "2019-12-31": "-6331.00000", "2019-09-30": "-5946.00000", "2019-06-30": "-5927.00000", "2019-03-31": "-5909.00000", "2018-12-31": "-5896.00000", "2018-09-30": "-5203.00000", "2018-06-30": "-5187.00000", "2018-03-31": "-5172.00000", "2017-12-31": "-5154.00000", "2017-09-30": "-5127.00000", "2017-06-30": "-5112.00000", "2017-03-31": "-5097.00000", "2016-12-31": "-5083.00000", "2016-09-30": "-4778.00000", "2016-06-30": "-4763.00000", "2016-03-31": "-4749.00000", "2015-12-31": "-4732.00000", "2015-09-30": "-4651.00000", "2015-06-30": "-4620.00000", "2015-03-31": "-4590.00000", "2014-12-31": "-4559.00000", "2014-09-30": "-1893.00000", "2014-06-30": "-1846.00000", "2014-03-31": "-2135.00000", "2013-12-31": "-2032.00000", "2013-09-30": "-3090.00000", "2013-06-30": "-3090.00000", "2013-03-31": "-3030.00000", "2012-12-31": "-2980.00000", "2012-09-30": "-2101.00000", "2012-06-30": "-3930.00000", "2012-03-31": "-3884.00000", "2011-12-31": "-3964.00000", "2011-09-30": "-2783.00000", "2011-06-30": "-2613.00000", "2011-03-31": "-2333.00000", "2010-12-31": "-2755.00000", "2010-09-30": "-2540.00000", "2010-06-30": "-2674.00000", "2010-03-31": "-2635.00000", "2009-12-31": "-2724.00000", "2009-09-30": "-2396.00000", "2009-06-30": "-2499.00000", "2009-03-31": "-2988.00000", "2008-12-31": "-3177.00000", "2008-09-30": "368.00000", "2008-06-30": "1445.00000", "2008-03-31": "823.00000", "2007-12-31": "670.00000", "2007-09-30": "-1210.00000", "2007-06-30": "-1219.00000", "2007-03-31": "-1219.00000", "2006-12-31": "-1291.00000", "2006-09-30": "-993.00000", "2006-06-30": "-947.00000", "2006-03-31": "-958.00000", "2005-12-31": "-979.00000", "2005-09-30": "-575.00000", "2005-06-30": "-607.00000", "2005-03-31": "-619.00000"}, "Other Share Holders Equity": {"2020-12-31": "", "2020-09-30": "", "2020-06-30": "", "2020-03-31": "", "2019-12-31": "", "2019-09-30": "", "2019-06-30": "", "2019-03-31": "", "2018-12-31": "", "2018-09-30": "", "2018-06-30": "", "2018-03-31": "", "2017-12-31": "", "2017-09-30": "", "2017-06-30": "", "2017-03-31": "", "2016-12-31": "", "2016-09-30": "", "2016-06-30": "", "2016-03-31": "", "2015-12-31": "", "2015-09-30": "", "2015-06-30": "", "2015-03-31": "", "2014-12-31": "", "2014-09-30": "", "2014-06-30": "", "2014-03-31": "", "2013-12-31": "", "2013-09-30": "", "2013-06-30": "", "2013-03-31": "", "2012-12-31": "", "2012-09-30": "", "2012-06-30": "", "2012-03-31": "", "2011-12-31": "", "2011-09-30": "", "2011-06-30": "", "2011-03-31": "", "2010-12-31": "", "2010-09-30": "", "2010-06-30": "", "2010-03-31": "", "2009-12-31": "", "2009-09-30": "", "2009-06-30": "", "2009-03-31": "", "2008-12-31": "", "2008-09-30": "", "2008-06-30": "", "2008-03-31": "", "2007-12-31": "", "2007-09-30": "", "2007-06-30": "", "2007-03-31": "", "2006-12-31": "", "2006-09-30": "", "2006-06-30": "", "2006-03-31": "", "2005-12-31": "", "2005-09-30": "", "2005-06-30": "", "2005-03-31": ""}, "Share Holder Equity": {"2020-12-31": "-6867.00000", "2020-09-30": "-5528.00000", "2020-06-30": "-3169.00000", "2020-03-31": "-2636.00000", "2019-12-31": "-118.00000", "2019-09-30": "160.00000", "2019-06-30": "-22.00000", "2019-03-31": "-636.00000", "2018-12-31": "-169.00000", "2018-09-30": "-568.00000", "2018-06-30": "-869.00000", "2018-03-31": "-1018.00000", "2017-12-31": "-780.00000", "2017-09-30": "3948.00000", "2017-06-30": "3715.00000", "2017-03-31": "3457.00000", "2016-12-31": "3785.00000", "2016-09-30": "4391.00000", "2016-06-30": "4312.00000", "2016-03-31": "4710.00000", "2015-12-31": "5635.00000", "2015-09-30": "3762.00000", "2015-06-30": "3636.00000", "2015-03-31": "2764.00000", "2014-12-31": "2021.00000", "2014-09-30": "4971.00000", "2014-06-30": "4086.00000", "2014-03-31": "1095.00000", "2013-12-31": "-2731.00000", "2013-09-30": "-7922.00000", "2013-06-30": "-8216.00000", "2013-03-31": "-8376.00000", "2012-12-31": "-7987.00000", "2012-09-30": "-7375.00000", "2012-06-30": "-8968.00000", "2012-03-31": "-8686.00000", "2011-12-31": "-7111.00000", "2011-09-30": "-4833.00000", "2011-06-30": "-4509.00000", "2011-03-31": "-3949.00000", "2010-12-31": "-3945.00000", "2010-09-30": "-3643.00000", "2010-06-30": "-3930.00000", "2010-03-31": "-3892.00000", "2009-12-31": "-3489.00000", "2009-09-30": "-2859.00000", "2009-06-30": "-3000.00000", "2009-03-31": "-3109.00000", "2008-12-31": "-2935.00000", "2008-09-30": "934.00000", "2008-06-30": "1660.00000", "2008-03-31": "2489.00000", "2007-12-31": "2657.00000", "2007-09-30": "828.00000", "2007-06-30": "610.00000", "2007-03-31": "226.00000", "2006-12-31": "-606.00000", "2006-09-30": "-514.00000", "2006-06-30": "-508.00000", "2006-03-31": "-1272.00000", "2005-12-31": "-1430.00000", "2005-09-30": "-729.00000", "2005-06-30": "-615.00000", "2005-03-31": "-697.00000"}, "Total Liabilities And Share Holders Equity": {"2020-12-31": "62008.00000", "2020-09-30": "62773.00000", "2020-06-30": "64544.00000", "2020-03-31": "58580.00000", "2019-12-31": "59995.00000", "2019-09-30": "61175.00000", "2019-06-30": "61967.00000", "2019-03-31": "60787.00000", "2018-12-31": "60580.00000", "2018-09-30": "52635.00000", "2018-06-30": "52622.00000", "2018-03-31": "53280.00000", "2017-12-31": "52785.00000", "2017-09-30": "52401.00000", "2017-06-30": "53336.00000", "2017-03-31": "52627.00000", "2016-12-31": "51274.00000", "2016-09-30": "51108.00000", "2016-06-30": "51051.00000", "2016-03-31": "49909.00000", "2015-12-31": "48415.00000", "2015-09-30": "48715.00000", "2015-06-30": "47868.00000", "2015-03-31": "46754.00000", "2014-12-31": "43225.00000", "2014-09-30": "44173.00000", "2014-06-30": "44811.00000", "2014-03-31": "43737.00000", "2013-12-31": "42278.00000", "2013-09-30": "26780.00000", "2013-06-30": "26216.00000", "2013-03-31": "23852.00000", "2012-12-31": "23510.00000", "2012-09-30": "23927.00000", "2012-06-30": "24726.00000", "2012-03-31": "24511.00000", "2011-12-31": "23848.00000", "2011-09-30": "24719.00000", "2011-06-30": "25787.00000", "2011-03-31": "27113.00000", "2010-12-31": "25088.00000", "2010-09-30": "25357.00000", "2010-06-30": "25885.00000", "2010-03-31": "25525.00000", "2009-12-31": "25438.00000", "2009-09-30": "25754.00000", "2009-06-30": "24138.00000", "2009-03-31": "24518.00000", "2008-12-31": "25175.00000", "2008-09-30": "26950.00000", "2008-06-30": "28925.00000", "2008-03-31": "28766.00000", "2007-12-31": "28571.00000", "2007-09-30": "29599.00000", "2007-06-30": "30410.00000", "2007-03-31": "29884.00000", "2006-12-31": "29145.00000", "2006-09-30": "30128.00000", "2006-06-30": "30752.00000", "2006-03-31": "29918.00000", "2005-12-31": "29495.00000", "2005-09-30": "29436.00000", "2005-06-30": "29494.00000", "2005-03-31": "29167.00000"}}, "cash flow statement": {"Net Income/Loss": {"2020-12-31": "0.00000", "2019-12-31": "1686.00000", "2018-12-31": "1412.00000", "2017-12-31": "1282.00000", "2016-12-31": "2584.00000", "2015-12-31": "7610.00000", "2014-12-31": "2882.00000", "2013-12-31": "-1834.00000", "2012-12-31": "-1876.00000", "2011-12-31": "-1979.00000", "2010-12-31": "-471.00000", "2009-12-31": "-1468.00000", "2008-12-31": "-2118.00000", "2007-12-31": "456.00000", "2006-12-31": "231.00000", "2005-12-31": "-857.00000"}, "Total Depreciation And Amortization - Cash Flow": {"2020-12-31": "", "2019-12-31": "2318.00000", "2018-12-31": "2159.00000", "2017-12-31": "2017.00000", "2016-12-31": "1699.00000", "2015-12-31": "1487.00000", "2014-12-31": "1342.00000", "2013-12-31": "1020.00000", "2012-12-31": "1001.00000", "2011-12-31": "1075.00000", "2010-12-31": "1093.00000", "2009-12-31": "1104.00000", "2008-12-31": "1207.00000", "2007-12-31": "1202.00000", "2006-12-31": "1157.00000", "2005-12-31": "1164.00000"}, "Other Non-Cash Items": {"2020-12-31": "", "2019-12-31": "740.00000", "2018-12-31": "625.00000", "2017-12-31": "2308.00000", "2016-12-31": "1858.00000", "2015-12-31": "-2650.00000", "2014-12-31": "539.00000", "2013-12-31": "1949.00000", "2012-12-31": "2028.00000", "2011-12-31": "1062.00000", "2010-12-31": "279.00000", "2009-12-31": "889.00000", "2008-12-31": "1029.00000", "2007-12-31": "-15.00000", "2006-12-31": "101.00000", "2005-12-31": "30.00000"}, "Total Non-Cash Items": {"2020-12-31": "", "2019-12-31": "3058.00000", "2018-12-31": "2784.00000", "2017-12-31": "4325.00000", "2016-12-31": "3557.00000", "2015-12-31": "-1163.00000", "2014-12-31": "1881.00000", "2013-12-31": "2969.00000", "2012-12-31": "3029.00000", "2011-12-31": "2137.00000", "2010-12-31": "1372.00000", "2009-12-31": "1993.00000", "2008-12-31": "2236.00000", "2007-12-31": "1187.00000", "2006-12-31": "1258.00000", "2005-12-31": "1194.00000"}, "Change In Accounts Receivable": {"2020-12-31": "", "2019-12-31": "73.00000", "2018-12-31": "222.00000", "2017-12-31": "-190.00000", "2016-12-31": "-160.00000", "2015-12-31": "352.00000", "2014-12-31": "-160.00000", "2013-12-31": "-93.00000", "2012-12-31": "-222.00000", "2011-12-31": "-164.00000", "2010-12-31": "29.00000", "2009-12-31": "43.00000", "2008-12-31": "217.00000", "2007-12-31": "-41.00000", "2006-12-31": "3.00000", "2005-12-31": "-156.00000"}, "Change In Inventories": {"2020-12-31": "", "2019-12-31": "", "2018-12-31": "", "2017-12-31": "", "2016-12-31": "", "2015-12-31": "", "2014-12-31": "", "2013-12-31": "", "2012-12-31": "", "2011-12-31": "", "2010-12-31": "-81.00000", "2009-12-31": "-79.00000", "2008-12-31": "5.00000", "2007-12-31": "-128.00000", "2006-12-31": "-7.00000", "2005-12-31": "-59.00000"}, "Change In Accounts Payable": {"2020-12-31": "", "2019-12-31": "", "2018-12-31": "", "2017-12-31": "", "2016-12-31": "", "2015-12-31": "", "2014-12-31": "", "2013-12-31": "", "2012-12-31": "", "2011-12-31": "", "2010-12-31": "", "2009-12-31": "", "2008-12-31": "", "2007-12-31": "", "2006-12-31": "", "2005-12-31": ""}, "Change In Assets/Liabilities": {"2020-12-31": "", "2019-12-31": "-1267.00000", "2018-12-31": "-641.00000", "2017-12-31": "-830.00000", "2016-12-31": "254.00000", "2015-12-31": "-711.00000", "2014-12-31": "-1636.00000", "2013-12-31": "-362.00000", "2012-12-31": "-117.00000", "2011-12-31": "473.00000", "2010-12-31": "354.00000", "2009-12-31": "504.00000", "2008-12-31": "-1318.00000", "2007-12-31": "205.00000", "2006-12-31": "550.00000", "2005-12-31": "629.00000"}, "Total Change In Assets/Liabilities": {"2020-12-31": "", "2019-12-31": "-867.00000", "2018-12-31": "-566.00000", "2017-12-31": "-721.00000", "2016-12-31": "401.00000", "2015-12-31": "-186.00000", "2014-12-31": "-1686.00000", "2013-12-31": "-384.00000", "2012-12-31": "110.00000", "2011-12-31": "498.00000", "2010-12-31": "283.00000", "2009-12-31": "393.00000", "2008-12-31": "-1517.00000", "2007-12-31": "284.00000", "2006-12-31": "416.00000", "2005-12-31": "660.00000"}, "Cash Flow From Operating Activities": {"2020-12-31": "-6543.00000", "2019-12-31": "3815.00000", "2018-12-31": "3533.00000", "2017-12-31": "4744.00000", "2016-12-31": "6524.00000", "2015-12-31": "6249.00000", "2014-12-31": "3080.00000", "2013-12-31": "675.00000", "2012-12-31": "1285.00000", "2011-12-31": "743.00000", "2010-12-31": "1241.00000", "2009-12-31": "930.00000", "2008-12-31": "-1394.00000", "2007-12-31": "1935.00000", "2006-12-31": "1939.00000", "2005-12-31": "1024.00000"}, "Net Change In Property, Plant, And Equipment": {"2020-12-31": "-1607.00000", "2019-12-31": "-4214.00000", "2018-12-31": "-3634.00000", "2017-12-31": "-5877.00000", "2016-12-31": "-5606.00000", "2015-12-31": "-6116.00000", "2014-12-31": "-5278.00000", "2013-12-31": "-2986.00000", "2012-12-31": "-1765.00000", "2011-12-31": "-1614.00000", "2010-12-31": "-1958.00000", "2009-12-31": "-1445.00000", "2008-12-31": "-396.00000", "2007-12-31": "-486.00000", "2006-12-31": "-481.00000", "2005-12-31": "-641.00000"}, "Net Change In Intangible Assets": {"2020-12-31": "", "2019-12-31": "", "2018-12-31": "", "2017-12-31": "", "2016-12-31": "", "2015-12-31": "", "2014-12-31": "", "2013-12-31": "", "2012-12-31": "", "2011-12-31": "", "2010-12-31": "", "2009-12-31": "", "2008-12-31": "", "2007-12-31": "", "2006-12-31": "", "2005-12-31": ""}, "Net Acquisitions/Divestitures": {"2020-12-31": "", "2019-12-31": "", "2018-12-31": "", "2017-12-31": "", "2016-12-31": "", "2015-12-31": "", "2014-12-31": "", "2013-12-31": "206.00000", "2012-12-31": "", "2011-12-31": "", "2010-12-31": "", "2009-12-31": "", "2008-12-31": "", "2007-12-31": "", "2006-12-31": "", "2005-12-31": ""}, "Net Change In Short-term Investments": {"2020-12-31": "-308.00000", "2019-12-31": "957.00000", "2018-12-31": "365.00000", "2017-12-31": "1591.00000", "2016-12-31": "-96.00000", "2015-12-31": "470.00000", "2014-12-31": "2060.00000", "2013-12-31": "-1034.00000", "2012-12-31": "194.00000", "2011-12-31": "322.00000", "2010-12-31": "-72.00000", "2009-12-31": "-1331.00000", "2008-12-31": "1440.00000", "2007-12-31": "247.00000", "2006-12-31": "-876.00000", "2005-12-31": "-899.00000"}, "Net Change In Long-Term Investments": {"2020-12-31": "-5873.00000", "2019-12-31": "", "2018-12-31": "207.00000", "2017-12-31": "-203.00000", "2016-12-31": "", "2015-12-31": "52.00000", "2014-12-31": "", "2013-12-31": "", "2012-12-31": "", "2011-12-31": "", "2010-12-31": "", "2009-12-31": "", "2008-12-31": "", "2007-12-31": "", "2006-12-31": "", "2005-12-31": ""}, "Net Change In Investments - Total": {"2020-12-31": "-6181.00000", "2019-12-31": "957.00000", "2018-12-31": "572.00000", "2017-12-31": "1388.00000", "2016-12-31": "-96.00000", "2015-12-31": "522.00000", "2014-12-31": "2060.00000", "2013-12-31": "-1034.00000", "2012-12-31": "194.00000", "2011-12-31": "322.00000", "2010-12-31": "-72.00000", "2009-12-31": "-1331.00000", "2008-12-31": "1440.00000", "2007-12-31": "247.00000", "2006-12-31": "-876.00000", "2005-12-31": "-899.00000"}, "Investing Activities - Other": {"2020-12-31": "3446.00000", "2019-12-31": "1014.00000", "2018-12-31": "1089.00000", "2017-12-31": "853.00000", "2016-12-31": "", "2015-12-31": "", "2014-12-31": "307.00000", "2013-12-31": "", "2012-12-31": "", "2011-12-31": "", "2010-12-31": "", "2009-12-31": "53.00000", "2008-12-31": "11.00000", "2007-12-31": "5.00000", "2006-12-31": "-8.00000", "2005-12-31": "1.00000"}, "Cash Flow From Investing Activities": {"2020-12-31": "-4342.00000", "2019-12-31": "-2243.00000", "2018-12-31": "-1973.00000", "2017-12-31": "-3636.00000", "2016-12-31": "-5702.00000", "2015-12-31": "-5594.00000", "2014-12-31": "-2911.00000", "2013-12-31": "-3814.00000", "2012-12-31": "-1571.00000", "2011-12-31": "-1292.00000", "2010-12-31": "-2030.00000", "2009-12-31": "-2723.00000", "2008-12-31": "1055.00000", "2007-12-31": "-234.00000", "2006-12-31": "-1365.00000", "2005-12-31": "-1539.00000"}, "Net Long-Term Debt": {"2020-12-31": "8245.00000", "2019-12-31": "-230.00000", "2018-12-31": "-587.00000", "2017-12-31": "726.00000", "2016-12-31": "3874.00000", "2015-12-31": "2856.00000", "2014-12-31": "170.00000", "2013-12-31": "2208.00000", "2012-12-31": "-1020.00000", "2011-12-31": "24.00000", "2010-12-31": "-612.00000", "2009-12-31": "574.00000", "2008-12-31": "-267.00000", "2007-12-31": "-2321.00000", "2006-12-31": "-1366.00000", "2005-12-31": "121.00000"}, "Net Current Debt": {"2020-12-31": "", "2019-12-31": "", "2018-12-31": "", "2017-12-31": "", "2016-12-31": "", "2015-12-31": "", "2014-12-31": "", "2013-12-31": "", "2012-12-31": "", "2011-12-31": "", "2010-12-31": "", "2009-12-31": "", "2008-12-31": "", "2007-12-31": "", "2006-12-31": "", "2005-12-31": ""}, "Debt Issuance/Retirement Net - Total": {"2020-12-31": "8245.00000", "2019-12-31": "-230.00000", "2018-12-31": "-587.00000", "2017-12-31": "726.00000", "2016-12-31": "3874.00000", "2015-12-31": "2856.00000", "2014-12-31": "170.00000", "2013-12-31": "2208.00000", "2012-12-31": "-1020.00000", "2011-12-31": "24.00000", "2010-12-31": "-612.00000", "2009-12-31": "574.00000", "2008-12-31": "-267.00000", "2007-12-31": "-2321.00000", "2006-12-31": "-1366.00000", "2005-12-31": "121.00000"}, "Net Common Equity Issued/Repurchased": {"2020-12-31": "2797.00000", "2019-12-31": "-1097.00000", "2018-12-31": "-837.00000", "2017-12-31": "-1615.00000", "2016-12-31": "-4500.00000", "2015-12-31": "-3846.00000", "2014-12-31": "-1052.00000", "2013-12-31": "", "2012-12-31": "", "2011-12-31": "", "2010-12-31": "1.00000", "2009-12-31": "413.00000", "2008-12-31": "295.00000", "2007-12-31": "587.00000", "2006-12-31": "630.00000", "2005-12-31": "279.00000"}, "Net Total Equity Issued/Repurchased": {"2020-12-31": "2797.00000", "2019-12-31": "-1097.00000", "2018-12-31": "-837.00000", "2017-12-31": "-1615.00000", "2016-12-31": "-4500.00000", "2015-12-31": "-3846.00000", "2014-12-31": "-1052.00000", "2013-12-31": "", "2012-12-31": "", "2011-12-31": "", "2010-12-31": "1.00000", "2009-12-31": "413.00000", "2008-12-31": "295.00000", "2007-12-31": "587.00000", "2006-12-31": "630.00000", "2005-12-31": "279.00000"}, "Total Common And Preferred Stock Dividends Paid": {"2020-12-31": "-43.00000", "2019-12-31": "-178.00000", "2018-12-31": "-186.00000", "2017-12-31": "-198.00000", "2016-12-31": "-224.00000", "2015-12-31": "-278.00000", "2014-12-31": "-144.00000", "2013-12-31": "", "2012-12-31": "", "2011-12-31": "", "2010-12-31": "", "2009-12-31": "", "2008-12-31": "", "2007-12-31": "", "2006-12-31": "", "2005-12-31": ""}, "Financial Activities - Other": {"2020-12-31": "-5.00000", "2019-12-31": "-63.00000", "2018-12-31": "-62.00000", "2017-12-31": "-58.00000", "2016-12-31": "-44.00000", "2015-12-31": "9.00000", "2014-12-31": "711.00000", "2013-12-31": "1591.00000", "2012-12-31": "1503.00000", "2011-12-31": "640.00000", "2010-12-31": "1415.00000", "2009-12-31": "768.00000", "2008-12-31": "354.00000", "2007-12-31": "59.00000", "2006-12-31": "145.00000", "2005-12-31": "133.00000"}, "Cash Flow From Financial Activities": {"2020-12-31": "10994.00000", "2019-12-31": "-1568.00000", "2018-12-31": "-1672.00000", "2017-12-31": "-1145.00000", "2016-12-31": "-894.00000", "2015-12-31": "-1259.00000", "2014-12-31": "-315.00000", "2013-12-31": "3799.00000", "2012-12-31": "483.00000", "2011-12-31": "664.00000", "2010-12-31": "804.00000", "2009-12-31": "1755.00000", "2008-12-31": "382.00000", "2007-12-31": "-1675.00000", "2006-12-31": "-591.00000", "2005-12-31": "533.00000"}, "Net Cash Flow": {"2020-12-31": "109.00000", "2019-12-31": "4.00000", "2018-12-31": "-112.00000", "2017-12-31": "-37.00000", "2016-12-31": "-72.00000", "2015-12-31": "-604.00000", "2014-12-31": "-146.00000", "2013-12-31": "660.00000", "2012-12-31": "197.00000", "2011-12-31": "115.00000", "2010-12-31": "15.00000", "2009-12-31": "-38.00000", "2008-12-31": "43.00000", "2007-12-31": "26.00000", "2006-12-31": "-17.00000", "2005-12-31": "18.00000"}, "Stock-Based Compensation": {"2020-12-31": "", "2019-12-31": "94.00000", "2018-12-31": "86.00000", "2017-12-31": "90.00000", "2016-12-31": "100.00000", "2015-12-31": "284.00000", "2014-12-31": "304.00000", "2013-12-31": "39.00000", "2012-12-31": "29.00000", "2011-12-31": "40.00000", "2010-12-31": "43.00000", "2009-12-31": "61.00000", "2008-12-31": "53.00000", "2007-12-31": "133.00000", "2006-12-31": "142.00000", "2005-12-31": ""}, "Common Stock Dividends Paid": {"2020-12-31": "-43.00000", "2019-12-31": "-178.00000", "2018-12-31": "-186.00000", "2017-12-31": "-198.00000", "2016-12-31": "-224.00000", "2015-12-31": "-278.00000", "2014-12-31": "-144.00000", "2013-12-31": "0.00000", "2012-12-31": "", "2011-12-31": "", "2010-12-31": "", "2009-12-31": "", "2008-12-31": "", "2007-12-31": "", "2006-12-31": "", "2005-12-31": ""}}, "cash flow statement, quarterly": {"Net Income/Loss": {"2020-12-31": 0, "2020-09-30": 0, "2020-06-30": 0, "2020-03-31": "0.00000", "2019-12-31": 1686, "2019-09-30": 0, "2019-06-30": 0, "2019-03-31": "0.00000", "2018-12-31": 1412, "2018-09-30": 0, "2018-06-30": 0, "2018-03-31": "0.00000", "2017-12-31": 1282, "2017-09-30": 0, "2017-06-30": 0, "2017-03-31": "0.00000", "2016-12-31": 2584, "2016-09-30": 0, "2016-06-30": 0, "2016-03-31": "0.00000", "2015-12-31": 7610, "2015-09-30": 0, "2015-06-30": 0, "2015-03-31": "0.00000", "2014-12-31": 2882, "2014-09-30": 0, "2014-06-30": 0, "2014-03-31": "0.00000", "2013-12-31": -1834, "2013-09-30": 0, "2013-06-30": 0, "2013-03-31": "0.00000", "2012-12-31": -1876, "2012-09-30": 0, "2012-06-30": 0, "2012-03-31": "0.00000", "2011-12-31": -1979, "2011-09-30": 0, "2011-06-30": 0, "2011-03-31": "0.00000", "2010-12-31": -471, "2010-09-30": 0, "2010-06-30": 0, "2010-03-31": "0.00000", "2009-12-31": -1468, "2009-09-30": 0, "2009-06-30": 0, "2009-03-31": "0.00000", "2008-12-31": -2118, "2008-09-30": 0, "2008-06-30": 0, "2008-03-31": "0.00000", "2007-12-31": 456, "2007-09-30": 0, "2007-06-30": 0, "2007-03-31": "0.00000", "2006-12-31": 231, "2006-09-30": 0, "2006-06-30": 0, "2006-03-31": "0.00000", "2005-12-31": -857, "2005-09-30": 0, "2005-06-30": 0, "2005-03-31": "0.00000"}, "Total Depreciation And Amortization - Cash Flow": {"2020-12-31": 0, "2020-09-30": 0, "2020-06-30": 0, "2020-03-31": "", "2019-12-31": 2318, "2019-09-30": 0, "2019-06-30": 0, "2019-03-31": "", "2018-12-31": 2159, "2018-09-30": 0, "2018-06-30": 0, "2018-03-31": "", "2017-12-31": 2017, "2017-09-30": 0, "2017-06-30": 0, "2017-03-31": "", "2016-12-31": 1699, "2016-09-30": 0, "2016-06-30": 0, "2016-03-31": "", "2015-12-31": 1487, "2015-09-30": 0, "2015-06-30": 0, "2015-03-31": "", "2014-12-31": 1342, "2014-09-30": 0, "2014-06-30": 0, "2014-03-31": "", "2013-12-31": 1020, "2013-09-30": 0, "2013-06-30": 0, "2013-03-31": "", "2012-12-31": 1001, "2012-09-30": 0, "2012-06-30": 0, "2012-03-31": "", "2011-12-31": 1075, "2011-09-30": 0, "2011-06-30": 0, "2011-03-31": "", "2010-12-31": 1093, "2010-09-30": 0, "2010-06-30": 0, "2010-03-31": "", "2009-12-31": 1104, "2009-09-30": 0, "2009-06-30": 0, "2009-03-31": "", "2008-12-31": 1207, "2008-09-30": 0, "2008-06-30": 0, "2008-03-31": "", "2007-12-31": 1202, "2007-09-30": 0, "2007-06-30": 0, "2007-03-31": "", "2006-12-31": 1157, "2006-09-30": 0, "2006-06-30": 0, "2006-03-31": "", "2005-12-31": 1164, "2005-09-30": 0, "2005-06-30": 0, "2005-03-31": ""}, "Other Non-Cash Items": {"2020-12-31": 0, "2020-09-30": 0, "2020-06-30": 0, "2020-03-31": "", "2019-12-31": 740, "2019-09-30": 0, "2019-06-30": 0, "2019-03-31": "", "2018-12-31": 625, "2018-09-30": 0, "2018-06-30": 0, "2018-03-31": "", "2017-12-31": 2308, "2017-09-30": 0, "2017-06-30": 0, "2017-03-31": "", "2016-12-31": 1858, "2016-09-30": 0, "2016-06-30": 0, "2016-03-31": "", "2015-12-31": -2650, "2015-09-30": 0, "2015-06-30": 0, "2015-03-31": "", "2014-12-31": 539, "2014-09-30": 0, "2014-06-30": 0, "2014-03-31": "", "2013-12-31": 1949, "2013-09-30": 0, "2013-06-30": 0, "2013-03-31": "", "2012-12-31": 2028, "2012-09-30": 0, "2012-06-30": 0, "2012-03-31": "", "2011-12-31": 1062, "2011-09-30": 0, "2011-06-30": 0, "2011-03-31": "", "2010-12-31": 279, "2010-09-30": 0, "2010-06-30": 0, "2010-03-31": "", "2009-12-31": 889, "2009-09-30": 0, "2009-06-30": 0, "2009-03-31": "", "2008-12-31": 1029, "2008-09-30": 0, "2008-06-30": 0, "2008-03-31": "", "2007-12-31": -15, "2007-09-30": 0, "2007-06-30": 0, "2007-03-31": "", "2006-12-31": 101, "2006-09-30": 0, "2006-06-30": 0, "2006-03-31": "", "2005-12-31": 30, "2005-09-30": 0, "2005-06-30": 0, "2005-03-31": ""}, "Total Non-Cash Items": {"2020-12-31": 0, "2020-09-30": 0, "2020-06-30": 0, "2020-03-31": "", "2019-12-31": 3058, "2019-09-30": 0, "2019-06-30": 0, "2019-03-31": "", "2018-12-31": 2784, "2018-09-30": 0, "2018-06-30": 0, "2018-03-31": "", "2017-12-31": 4325, "2017-09-30": 0, "2017-06-30": 0, "2017-03-31": "", "2016-12-31": 3557, "2016-09-30": 0, "2016-06-30": 0, "2016-03-31": "", "2015-12-31": -1163, "2015-09-30": 0, "2015-06-30": 0, "2015-03-31": "", "2014-12-31": 1881, "2014-09-30": 0, "2014-06-30": 0, "2014-03-31": "", "2013-12-31": 2969, "2013-09-30": 0, "2013-06-30": 0, "2013-03-31": "", "2012-12-31": 3029, "2012-09-30": 0, "2012-06-30": 0, "2012-03-31": "", "2011-12-31": 2137, "2011-09-30": 0, "2011-06-30": 0, "2011-03-31": "", "2010-12-31": 1372, "2010-09-30": 0, "2010-06-30": 0, "2010-03-31": "", "2009-12-31": 1993, "2009-09-30": 0, "2009-06-30": 0, "2009-03-31": "", "2008-12-31": 2236, "2008-09-30": 0, "2008-06-30": 0, "2008-03-31": "", "2007-12-31": 1187, "2007-09-30": 0, "2007-06-30": 0, "2007-03-31": "", "2006-12-31": 1258, "2006-09-30": 0, "2006-06-30": 0, "2006-03-31": "", "2005-12-31": 1194, "2005-09-30": 0, "2005-06-30": 0, "2005-03-31": ""}, "Change In Accounts Receivable": {"2020-12-31": 0, "2020-09-30": 0, "2020-06-30": 0, "2020-03-31": "", "2019-12-31": 73, "2019-09-30": 0, "2019-06-30": 0, "2019-03-31": "", "2018-12-31": 222, "2018-09-30": 0, "2018-06-30": 0, "2018-03-31": "", "2017-12-31": -190, "2017-09-30": 0, "2017-06-30": 0, "2017-03-31": "", "2016-12-31": -160, "2016-09-30": 0, "2016-06-30": 0, "2016-03-31": "", "2015-12-31": 352, "2015-09-30": 0, "2015-06-30": 0, "2015-03-31": "", "2014-12-31": -160, "2014-09-30": 0, "2014-06-30": 0, "2014-03-31": "", "2013-12-31": -93, "2013-09-30": 0, "2013-06-30": 0, "2013-03-31": "", "2012-12-31": -222, "2012-09-30": 0, "2012-06-30": 0, "2012-03-31": "", "2011-12-31": -164, "2011-09-30": 0, "2011-06-30": 0, "2011-03-31": "", "2010-12-31": 29, "2010-09-30": 0, "2010-06-30": 0, "2010-03-31": "", "2009-12-31": 43, "2009-09-30": 0, "2009-06-30": 0, "2009-03-31": "", "2008-12-31": 217, "2008-09-30": 0, "2008-06-30": 0, "2008-03-31": "", "2007-12-31": -41, "2007-09-30": 0, "2007-06-30": 0, "2007-03-31": "", "2006-12-31": 3, "2006-09-30": 0, "2006-06-30": 0, "2006-03-31": "", "2005-12-31": -156, "2005-09-30": 0, "2005-06-30": 0, "2005-03-31": ""}, "Change In Inventories": {"2020-12-31": 0, "2020-09-30": 0, "2020-06-30": 0, "2020-03-31": "", "2019-12-31": 0, "2019-09-30": 0, "2019-06-30": 0, "2019-03-31": "", "2018-12-31": 0, "2018-09-30": 0, "2018-06-30": 0, "2018-03-31": "", "2017-12-31": 0, "2017-09-30": 0, "2017-06-30": 0, "2017-03-31": "", "2016-12-31": 0, "2016-09-30": 0, "2016-06-30": 0, "2016-03-31": "", "2015-12-31": 0, "2015-09-30": 0, "2015-06-30": 0, "2015-03-31": "", "2014-12-31": 0, "2014-09-30": 0, "2014-06-30": 0, "2014-03-31": "", "2013-12-31": 0, "2013-09-30": 0, "2013-06-30": 0, "2013-03-31": "", "2012-12-31": 0, "2012-09-30": 0, "2012-06-30": 0, "2012-03-31": "", "2011-12-31": 0, "2011-09-30": 0, "2011-06-30": 0, "2011-03-31": "", "2010-12-31": -81, "2010-09-30": 0, "2010-06-30": 0, "2010-03-31": "", "2009-12-31": -79, "2009-09-30": 0, "2009-06-30": 0, "2009-03-31": "", "2008-12-31": 5, "2008-09-30": 0, "2008-06-30": 0, "2008-03-31": "", "2007-12-31": -128, "2007-09-30": 0, "2007-06-30": 0, "2007-03-31": "", "2006-12-31": -7, "2006-09-30": 0, "2006-06-30": 0, "2006-03-31": "", "2005-12-31": -59, "2005-09-30": 0, "2005-06-30": 0, "2005-03-31": ""}, "Change In Accounts Payable": {"2020-12-31": 0, "2020-09-30": 0, "2020-06-30": 0, "2020-03-31": "", "2019-12-31": 0, "2019-09-30": 0, "2019-06-30": 0, "2019-03-31": "", "2018-12-31": 0, "2018-09-30": 0, "2018-06-30": 0, "2018-03-31": "", "2017-12-31": 0, "2017-09-30": 0, "2017-06-30": 0, "2017-03-31": "", "2016-12-31": 0, "2016-09-30": 0, "2016-06-30": 0, "2016-03-31": "", "2015-12-31": 0, "2015-09-30": 0, "2015-06-30": 0, "2015-03-31": "", "2014-12-31": 0, "2014-09-30": 0, "2014-06-30": 0, "2014-03-31": "", "2013-12-31": 0, "2013-09-30": 0, "2013-06-30": 0, "2013-03-31": "", "2012-12-31": 0, "2012-09-30": 0, "2012-06-30": 0, "2012-03-31": "", "2011-12-31": 0, "2011-09-30": 0, "2011-06-30": 0, "2011-03-31": "", "2010-12-31": 0, "2010-09-30": 0, "2010-06-30": 0, "2010-03-31": "", "2009-12-31": 0, "2009-09-30": 0, "2009-06-30": 0, "2009-03-31": "", "2008-12-31": 0, "2008-09-30": 0, "2008-06-30": 0, "2008-03-31": "", "2007-12-31": 0, "2007-09-30": 0, "2007-06-30": 0, "2007-03-31": "", "2006-12-31": 0, "2006-09-30": 0, "2006-06-30": 0, "2006-03-31": "", "2005-12-31": 0, "2005-09-30": 0, "2005-06-30": 0, "2005-03-31": ""}, "Change In Assets/Liabilities": {"2020-12-31": 0, "2020-09-30": 0, "2020-06-30": 0, "2020-03-31": "", "2019-12-31": -1267, "2019-09-30": 0, "2019-06-30": 0, "2019-03-31": "", "2018-12-31": -641, "2018-09-30": 0, "2018-06-30": 0, "2018-03-31": "", "2017-12-31": -830, "2017-09-30": 0, "2017-06-30": 0, "2017-03-31": "", "2016-12-31": 254, "2016-09-30": 0, "2016-06-30": 0, "2016-03-31": "", "2015-12-31": -711, "2015-09-30": 0, "2015-06-30": 0, "2015-03-31": "", "2014-12-31": -1636, "2014-09-30": 0, "2014-06-30": 0, "2014-03-31": "", "2013-12-31": -362, "2013-09-30": 0, "2013-06-30": 0, "2013-03-31": "", "2012-12-31": -117, "2012-09-30": 0, "2012-06-30": 0, "2012-03-31": "", "2011-12-31": 473, "2011-09-30": 0, "2011-06-30": 0, "2011-03-31": "", "2010-12-31": 354, "2010-09-30": 0, "2010-06-30": 0, "2010-03-31": "", "2009-12-31": 504, "2009-09-30": 0, "2009-06-30": 0, "2009-03-31": "", "2008-12-31": -1318, "2008-09-30": 0, "2008-06-30": 0, "2008-03-31": "", "2007-12-31": 205, "2007-09-30": 0, "2007-06-30": 0, "2007-03-31": "", "2006-12-31": 550, "2006-09-30": 0, "2006-06-30": 0, "2006-03-31": "", "2005-12-31": 629, "2005-09-30": 0, "2005-06-30": 0, "2005-03-31": ""}, "Total Change In Assets/Liabilities": {"2020-12-31": 0, "2020-09-30": 0, "2020-06-30": 0, "2020-03-31": "", "2019-12-31": -867, "2019-09-30": 0, "2019-06-30": 0, "2019-03-31": "", "2018-12-31": -566, "2018-09-30": 0, "2018-06-30": 0, "2018-03-31": "", "2017-12-31": -721, "2017-09-30": 0, "2017-06-30": 0, "2017-03-31": "", "2016-12-31": 401, "2016-09-30": 0, "2016-06-30": 0, "2016-03-31": "", "2015-12-31": -186, "2015-09-30": 0, "2015-06-30": 0, "2015-03-31": "", "2014-12-31": -1686, "2014-09-30": 0, "2014-06-30": 0, "2014-03-31": "", "2013-12-31": -384, "2013-09-30": 0, "2013-06-30": 0, "2013-03-31": "", "2012-12-31": 110, "2012-09-30": 0, "2012-06-30": 0, "2012-03-31": "", "2011-12-31": 498, "2011-09-30": 0, "2011-06-30": 0, "2011-03-31": "", "2010-12-31": 283, "2010-09-30": 0, "2010-06-30": 0, "2010-03-31": "", "2009-12-31": 393, "2009-09-30": 0, "2009-06-30": 0, "2009-03-31": "", "2008-12-31": -1517, "2008-09-30": 0, "2008-06-30": 0, "2008-03-31": "", "2007-12-31": 284, "2007-09-30": 0, "2007-06-30": 0, "2007-03-31": "", "2006-12-31": 416, "2006-09-30": 0, "2006-06-30": 0, "2006-03-31": "", "2005-12-31": 660, "2005-09-30": 0, "2005-06-30": 0, "2005-03-31": ""}, "Cash Flow From Operating Activities": {"2020-12-31": -2863, "2020-09-30": -2604, "2020-06-30": -908, "2020-03-31": "-168.00000", "2019-12-31": 600, "2019-09-30": 828, "2019-06-30": 736, "2019-03-31": "1651.00000", "2018-12-31": 716, "2018-09-30": -77, "2018-06-30": 1094, "2018-03-31": "1800.00000", "2017-12-31": 437, "2017-09-30": 369, "2017-06-30": 1688, "2017-03-31": "2250.00000", "2016-12-31": 627, "2016-09-30": 1064, "2016-06-30": 2213, "2016-03-31": "2620.00000", "2015-12-31": 228, "2015-09-30": 1180, "2015-06-30": 2347, "2015-03-31": "2494.00000", "2014-12-31": 804, "2014-09-30": -361, "2014-06-30": 1381, "2014-03-31": "1256.00000", "2013-12-31": -1212, "2013-09-30": 17, "2013-06-30": 1170, "2013-03-31": "700.00000", "2012-12-31": -282, "2012-09-30": -155, "2012-06-30": 655, "2012-03-31": "1067.00000", "2011-12-31": 397, "2011-09-30": -307, "2011-06-30": -55, "2011-03-31": "708.00000", "2010-12-31": 151, "2010-09-30": -83, "2010-06-30": 717, "2010-03-31": "456.00000", "2009-12-31": 4, "2009-09-30": -12, "2009-06-30": 479, "2009-03-31": "459.00000", "2008-12-31": -1364, "2008-09-30": -1184, "2008-06-30": 705, "2008-03-31": "449.00000", "2007-12-31": -10, "2007-09-30": 202, "2007-06-30": 841, "2007-03-31": "902.00000", "2006-12-31": 210, "2006-09-30": 118, "2006-06-30": 822, "2006-03-31": "789.00000", "2005-12-31": -8, "2005-09-30": -32, "2005-06-30": 599, "2005-03-31": "465.00000"}, "Net Change In Property, Plant, And Equipment": {"2020-12-31": -48, "2020-09-30": -474, "2020-06-30": -275, "2020-03-31": "-810.00000", "2019-12-31": -1127, "2019-09-30": -783, "2019-06-30": -1006, "2019-03-31": "-1298.00000", "2018-12-31": -1758, "2018-09-30": -403, "2018-06-30": -716, "2018-03-31": "-757.00000", "2017-12-31": -2145, "2017-09-30": -851, "2017-06-30": -1199, "2017-03-31": "-1682.00000", "2016-12-31": -1395, "2016-09-30": -1180, "2016-06-30": -1478, "2016-03-31": "-1553.00000", "2015-12-31": -1518, "2015-09-30": -1481, "2015-06-30": -1712, "2015-03-31": "-1405.00000", "2014-12-31": -1296, "2014-09-30": -1313, "2014-06-30": -1625, "2014-03-31": "-1044.00000", "2013-12-31": -613, "2013-09-30": -595, "2013-06-30": -919, "2013-03-31": "-859.00000", "2012-12-31": -670, "2012-09-30": -419, "2012-06-30": -450, "2012-03-31": "-226.00000", "2011-12-31": -372, "2011-09-30": -481, "2011-06-30": -396, "2011-03-31": "-365.00000", "2010-12-31": -558, "2010-09-30": -668, "2010-06-30": -415, "2010-03-31": "-317.00000", "2009-12-31": -355, "2009-09-30": -493, "2009-06-30": -431, "2009-03-31": "-166.00000", "2008-12-31": 273, "2008-09-30": -205, "2008-06-30": -249, "2008-03-31": "-215.00000", "2007-12-31": 2, "2007-09-30": -147, "2007-06-30": -172, "2007-03-31": "-169.00000", "2006-12-31": -144, "2006-09-30": -104, "2006-06-30": -135, "2006-03-31": "-98.00000", "2005-12-31": -80, "2005-09-30": -95, "2005-06-30": -227, "2005-03-31": "-239.00000"}, "Net Change In Intangible Assets": {"2020-12-31": 0, "2020-09-30": 0, "2020-06-30": 0, "2020-03-31": "", "2019-12-31": 0, "2019-09-30": 0, "2019-06-30": 0, "2019-03-31": "", "2018-12-31": 0, "2018-09-30": 0, "2018-06-30": 0, "2018-03-31": "", "2017-12-31": 0, "2017-09-30": 0, "2017-06-30": 0, "2017-03-31": "", "2016-12-31": 0, "2016-09-30": 0, "2016-06-30": 0, "2016-03-31": "", "2015-12-31": 0, "2015-09-30": 0, "2015-06-30": 0, "2015-03-31": "", "2014-12-31": 0, "2014-09-30": 0, "2014-06-30": 0, "2014-03-31": "", "2013-12-31": 0, "2013-09-30": 0, "2013-06-30": 0, "2013-03-31": "", "2012-12-31": 0, "2012-09-30": 0, "2012-06-30": 0, "2012-03-31": "", "2011-12-31": 0, "2011-09-30": 0, "2011-06-30": 0, "2011-03-31": "", "2010-12-31": 0, "2010-09-30": 0, "2010-06-30": 0, "2010-03-31": "", "2009-12-31": 0, "2009-09-30": 0, "2009-06-30": 0, "2009-03-31": "", "2008-12-31": 0, "2008-09-30": 0, "2008-06-30": 0, "2008-03-31": "", "2007-12-31": 0, "2007-09-30": 0, "2007-06-30": 0, "2007-03-31": "", "2006-12-31": 0, "2006-09-30": 0, "2006-06-30": 0, "2006-03-31": "", "2005-12-31": 0, "2005-09-30": 0, "2005-06-30": 0, "2005-03-31": ""}, "Net Acquisitions/Divestitures": {"2020-12-31": 0, "2020-09-30": 0, "2020-06-30": 0, "2020-03-31": "", "2019-12-31": 0, "2019-09-30": 0, "2019-06-30": 0, "2019-03-31": "", "2018-12-31": 0, "2018-09-30": 0, "2018-06-30": 0, "2018-03-31": "", "2017-12-31": 0, "2017-09-30": 0, "2017-06-30": 0, "2017-03-31": "", "2016-12-31": 0, "2016-09-30": 0, "2016-06-30": 0, "2016-03-31": "", "2015-12-31": 0, "2015-09-30": 0, "2015-06-30": 0, "2015-03-31": "", "2014-12-31": 0, "2014-09-30": 0, "2014-06-30": 0, "2014-03-31": "", "2013-12-31": 206, "2013-09-30": 0, "2013-06-30": 0, "2013-03-31": "", "2012-12-31": 0, "2012-09-30": 0, "2012-06-30": 0, "2012-03-31": "", "2011-12-31": 0, "2011-09-30": 0, "2011-06-30": 0, "2011-03-31": "", "2010-12-31": 0, "2010-09-30": 0, "2010-06-30": 0, "2010-03-31": "", "2009-12-31": 0, "2009-09-30": 0, "2009-06-30": 0, "2009-03-31": "", "2008-12-31": -442, "2008-09-30": 442, "2008-06-30": 0, "2008-03-31": "", "2007-12-31": 0, "2007-09-30": 0, "2007-06-30": 0, "2007-03-31": "", "2006-12-31": 0, "2006-09-30": 0, "2006-06-30": 0, "2006-03-31": "", "2005-12-31": 0, "2005-09-30": 0, "2005-06-30": 0, "2005-03-31": ""}, "Net Change In Short-term Investments": {"2020-12-31": 4175, "2020-09-30": 1322, "2020-06-30": -6222, "2020-03-31": "417.00000", "2019-12-31": 1311, "2019-09-30": 236, "2019-06-30": -1071, "2019-03-31": "481.00000", "2018-12-31": 67, "2018-09-30": -140, "2018-06-30": 637, "2018-03-31": "-199.00000", "2017-12-31": 735, "2017-09-30": 1239, "2017-06-30": -195, "2017-03-31": "-188.00000", "2016-12-31": 335, "2016-09-30": 309, "2016-06-30": -179, "2016-03-31": "-561.00000", "2015-12-31": 1956, "2015-09-30": 3528, "2015-06-30": -3217, "2015-03-31": "-1797.00000", "2014-12-31": 510, "2014-09-30": 1535, "2014-06-30": 221, "2014-03-31": "-206.00000", "2013-12-31": 1685, "2013-09-30": -512, "2013-06-30": -1978, "2013-03-31": "-229.00000", "2012-12-31": 303, "2012-09-30": 815, "2012-06-30": -165, "2012-03-31": "-759.00000", "2011-12-31": 10, "2011-09-30": 849, "2011-06-30": 653, "2011-03-31": "-1190.00000", "2010-12-31": 24, "2010-09-30": 546, "2010-06-30": -531, "2010-03-31": "-111.00000", "2009-12-31": -306, "2009-09-30": -1323, "2009-06-30": 62, "2009-03-31": "236.00000", "2008-12-31": 1429, "2008-09-30": 412, "2008-06-30": -474, "2008-03-31": "73.00000", "2007-12-31": 861, "2007-09-30": 479, "2007-06-30": -446, "2007-03-31": "-647.00000", "2006-12-31": 342, "2006-09-30": 107, "2006-06-30": -877, "2006-03-31": "-448.00000", "2005-12-31": -402, "2005-09-30": -59, "2005-06-30": -330, "2005-03-31": "-108.00000"}, "Net Change In Long-Term Investments": {"2020-12-31": -5556, "2020-09-30": 69, "2020-06-30": -386, "2020-03-31": "", "2019-12-31": 2, "2019-09-30": 0, "2019-06-30": -2, "2019-03-31": "", "2018-12-31": 207, "2018-09-30": 0, "2018-06-30": 0, "2018-03-31": "", "2017-12-31": 0, "2017-09-30": -203, "2017-06-30": 0, "2017-03-31": "", "2016-12-31": 0, "2016-09-30": 0, "2016-06-30": 0, "2016-03-31": "", "2015-12-31": 0, "2015-09-30": -3384, "2015-06-30": 3436, "2015-03-31": "", "2014-12-31": 0, "2014-09-30": 0, "2014-06-30": 0, "2014-03-31": "", "2013-12-31": 0, "2013-09-30": 0, "2013-06-30": 0, "2013-03-31": "", "2012-12-31": 0, "2012-09-30": 0, "2012-06-30": 0, "2012-03-31": "", "2011-12-31": 0, "2011-09-30": 0, "2011-06-30": 0, "2011-03-31": "", "2010-12-31": 0, "2010-09-30": 0, "2010-06-30": 0, "2010-03-31": "", "2009-12-31": 0, "2009-09-30": 0, "2009-06-30": 0, "2009-03-31": "", "2008-12-31": 0, "2008-09-30": 0, "2008-06-30": 0, "2008-03-31": "", "2007-12-31": 0, "2007-09-30": 0, "2007-06-30": 0, "2007-03-31": "", "2006-12-31": 0, "2006-09-30": 0, "2006-06-30": 0, "2006-03-31": "", "2005-12-31": 0, "2005-09-30": 0, "2005-06-30": 0, "2005-03-31": ""}, "Net Change In Investments - Total": {"2020-12-31": -1381, "2020-09-30": 1391, "2020-06-30": -6608, "2020-03-31": "417.00000", "2019-12-31": 1313, "2019-09-30": 236, "2019-06-30": -1073, "2019-03-31": "481.00000", "2018-12-31": 274, "2018-09-30": -140, "2018-06-30": 637, "2018-03-31": "-199.00000", "2017-12-31": 735, "2017-09-30": 1036, "2017-06-30": -195, "2017-03-31": "-188.00000", "2016-12-31": 335, "2016-09-30": 309, "2016-06-30": -179, "2016-03-31": "-561.00000", "2015-12-31": 1956, "2015-09-30": 144, "2015-06-30": 219, "2015-03-31": "-1797.00000", "2014-12-31": 510, "2014-09-30": 1535, "2014-06-30": 221, "2014-03-31": "-206.00000", "2013-12-31": 1685, "2013-09-30": -512, "2013-06-30": -1978, "2013-03-31": "-229.00000", "2012-12-31": 303, "2012-09-30": 815, "2012-06-30": -165, "2012-03-31": "-759.00000", "2011-12-31": 10, "2011-09-30": 849, "2011-06-30": 653, "2011-03-31": "-1190.00000", "2010-12-31": 24, "2010-09-30": 546, "2010-06-30": -531, "2010-03-31": "-111.00000", "2009-12-31": -306, "2009-09-30": -1323, "2009-06-30": 62, "2009-03-31": "236.00000", "2008-12-31": 1429, "2008-09-30": 412, "2008-06-30": -474, "2008-03-31": "73.00000", "2007-12-31": 861, "2007-09-30": 479, "2007-06-30": -446, "2007-03-31": "-647.00000", "2006-12-31": 342, "2006-09-30": 107, "2006-06-30": -877, "2006-03-31": "-448.00000", "2005-12-31": -402, "2005-09-30": -59, "2005-06-30": -330, "2005-03-31": "-108.00000"}, "Investing Activities - Other": {"2020-12-31": 3125, "2020-09-30": 6, "2020-06-30": 84, "2020-03-31": "231.00000", "2019-12-31": 453, "2019-09-30": 78, "2019-06-30": 146, "2019-03-31": "337.00000", "2018-12-31": 1094, "2018-09-30": -5, "2018-06-30": 0, "2018-03-31": "", "2017-12-31": 853, "2017-09-30": 0, "2017-06-30": 0, "2017-03-31": "", "2016-12-31": 0, "2016-09-30": 0, "2016-06-30": 0, "2016-03-31": "", "2015-12-31": 0, "2015-09-30": 0, "2015-06-30": 0, "2015-03-31": "", "2014-12-31": 0, "2014-09-30": 0, "2014-06-30": 0, "2014-03-31": "307.00000", "2013-12-31": 0, "2013-09-30": 0, "2013-06-30": 0, "2013-03-31": "", "2012-12-31": 0, "2012-09-30": 0, "2012-06-30": 0, "2012-03-31": "", "2011-12-31": 0, "2011-09-30": 0, "2011-06-30": 0, "2011-03-31": "", "2010-12-31": 0, "2010-09-30": 0, "2010-06-30": 0, "2010-03-31": "", "2009-12-31": 1, "2009-09-30": 5, "2009-06-30": 2, "2009-03-31": "45.00000", "2008-12-31": 3, "2008-09-30": 0, "2008-06-30": 7, "2008-03-31": "1.00000", "2007-12-31": -2, "2007-09-30": 2, "2007-06-30": 7, "2007-03-31": "-2.00000", "2006-12-31": 0, "2006-09-30": 1, "2006-06-30": -9, "2006-03-31": "", "2005-12-31": 1, "2005-09-30": 0, "2005-06-30": -2, "2005-03-31": "2.00000"}, "Cash Flow From Investing Activities": {"2020-12-31": 1696, "2020-09-30": 923, "2020-06-30": -6799, "2020-03-31": "-162.00000", "2019-12-31": 639, "2019-09-30": -469, "2019-06-30": -1933, "2019-03-31": "-480.00000", "2018-12-31": -390, "2018-09-30": -548, "2018-06-30": -79, "2018-03-31": "-956.00000", "2017-12-31": -557, "2017-09-30": 185, "2017-06-30": -1394, "2017-03-31": "-1870.00000", "2016-12-31": -1060, "2016-09-30": -871, "2016-06-30": -1657, "2016-03-31": "-2114.00000", "2015-12-31": 438, "2015-09-30": -1337, "2015-06-30": -1493, "2015-03-31": "-3202.00000", "2014-12-31": -786, "2014-09-30": 222, "2014-06-30": -1404, "2014-03-31": "-943.00000", "2013-12-31": 1278, "2013-09-30": -1107, "2013-06-30": -2897, "2013-03-31": "-1088.00000", "2012-12-31": -367, "2012-09-30": 396, "2012-06-30": -615, "2012-03-31": "-985.00000", "2011-12-31": -362, "2011-09-30": 368, "2011-06-30": 257, "2011-03-31": "-1555.00000", "2010-12-31": -534, "2010-09-30": -122, "2010-06-30": -946, "2010-03-31": "-428.00000", "2009-12-31": -660, "2009-09-30": -1811, "2009-06-30": -367, "2009-03-31": "115.00000", "2008-12-31": 1263, "2008-09-30": 649, "2008-06-30": -716, "2008-03-31": "-141.00000", "2007-12-31": 861, "2007-09-30": 334, "2007-06-30": -611, "2007-03-31": "-818.00000", "2006-12-31": 198, "2006-09-30": 4, "2006-06-30": -1021, "2006-03-31": "-546.00000", "2005-12-31": -481, "2005-09-30": -154, "2005-06-30": -559, "2005-03-31": "-345.00000"}, "Net Long-Term Debt": {"2020-12-31": -301, "2020-09-30": 1559, "2020-06-30": 6215, "2020-03-31": "772.00000", "2019-12-31": -945, "2019-09-30": -93, "2019-06-30": 1257, "2019-03-31": "-449.00000", "2018-12-31": -296, "2018-09-30": 701, "2018-06-30": -660, "2018-03-31": "-332.00000", "2017-12-31": 379, "2017-09-30": -177, "2017-06-30": 311, "2017-03-31": "213.00000", "2016-12-31": 1016, "2016-09-30": 499, "2016-06-30": 1169, "2016-03-31": "1190.00000", "2015-12-31": 214, "2015-09-30": 1753, "2015-06-30": -131, "2015-03-31": "1020.00000", "2014-12-31": 543, "2014-09-30": 238, "2014-06-30": -334, "2014-03-31": "-277.00000", "2013-12-31": 178, "2013-09-30": 897, "2013-06-30": 1366, "2013-03-31": "-233.00000", "2012-12-31": -29, "2012-09-30": -389, "2012-06-30": -288, "2012-03-31": "-314.00000", "2011-12-31": -233, "2011-09-30": 1441, "2011-06-30": -2025, "2011-03-31": "841.00000", "2010-12-31": -165, "2010-09-30": -219, "2010-06-30": -74, "2010-03-31": "-154.00000", "2009-12-31": 73, "2009-09-30": 1188, "2009-06-30": -108, "2009-03-31": "-579.00000", "2008-12-31": -183, "2008-09-30": 74, "2008-06-30": 96, "2008-03-31": "-254.00000", "2007-12-31": -865, "2007-09-30": -594, "2007-06-30": -216, "2007-03-31": "-646.00000", "2006-12-31": -535, "2006-09-30": -220, "2006-06-30": -247, "2006-03-31": "-364.00000", "2005-12-31": 305, "2005-09-30": -58, "2005-06-30": -33, "2005-03-31": "-93.00000"}, "Net Current Debt": {"2020-12-31": 0, "2020-09-30": 0, "2020-06-30": 0, "2020-03-31": "", "2019-12-31": 0, "2019-09-30": 0, "2019-06-30": 0, "2019-03-31": "", "2018-12-31": 0, "2018-09-30": 0, "2018-06-30": 0, "2018-03-31": "", "2017-12-31": 0, "2017-09-30": 0, "2017-06-30": 0, "2017-03-31": "", "2016-12-31": 0, "2016-09-30": 0, "2016-06-30": 0, "2016-03-31": "", "2015-12-31": 0, "2015-09-30": 0, "2015-06-30": 0, "2015-03-31": "", "2014-12-31": 0, "2014-09-30": 0, "2014-06-30": 0, "2014-03-31": "", "2013-12-31": 0, "2013-09-30": 0, "2013-06-30": 0, "2013-03-31": "", "2012-12-31": 0, "2012-09-30": 0, "2012-06-30": 0, "2012-03-31": "", "2011-12-31": 0, "2011-09-30": 0, "2011-06-30": 0, "2011-03-31": "", "2010-12-31": 0, "2010-09-30": 0, "2010-06-30": 0, "2010-03-31": "", "2009-12-31": 0, "2009-09-30": 0, "2009-06-30": 0, "2009-03-31": "", "2008-12-31": 0, "2008-09-30": 0, "2008-06-30": 0, "2008-03-31": "", "2007-12-31": 0, "2007-09-30": 0, "2007-06-30": 0, "2007-03-31": "", "2006-12-31": 0, "2006-09-30": 0, "2006-06-30": 0, "2006-03-31": "", "2005-12-31": 0, "2005-09-30": 0, "2005-06-30": 0, "2005-03-31": ""}, "Debt Issuance/Retirement Net - Total": {"2020-12-31": -301, "2020-09-30": 1559, "2020-06-30": 6215, "2020-03-31": "772.00000", "2019-12-31": -945, "2019-09-30": -93, "2019-06-30": 1257, "2019-03-31": "-449.00000", "2018-12-31": -296, "2018-09-30": 701, "2018-06-30": -660, "2018-03-31": "-332.00000", "2017-12-31": 379, "2017-09-30": -177, "2017-06-30": 311, "2017-03-31": "213.00000", "2016-12-31": 1016, "2016-09-30": 499, "2016-06-30": 1169, "2016-03-31": "1190.00000", "2015-12-31": 214, "2015-09-30": 1753, "2015-06-30": -131, "2015-03-31": "1020.00000", "2014-12-31": 543, "2014-09-30": 238, "2014-06-30": -334, "2014-03-31": "-277.00000", "2013-12-31": 178, "2013-09-30": 897, "2013-06-30": 1366, "2013-03-31": "-233.00000", "2012-12-31": -29, "2012-09-30": -389, "2012-06-30": -288, "2012-03-31": "-314.00000", "2011-12-31": -233, "2011-09-30": 1441, "2011-06-30": -2025, "2011-03-31": "841.00000", "2010-12-31": -165, "2010-09-30": -219, "2010-06-30": -74, "2010-03-31": "-154.00000", "2009-12-31": 73, "2009-09-30": 1188, "2009-06-30": -108, "2009-03-31": "-579.00000", "2008-12-31": -183, "2008-09-30": 74, "2008-06-30": 96, "2008-03-31": "-254.00000", "2007-12-31": -865, "2007-09-30": -594, "2007-06-30": -216, "2007-03-31": "-646.00000", "2006-12-31": -535, "2006-09-30": -220, "2006-06-30": -247, "2006-03-31": "-364.00000", "2005-12-31": 305, "2005-09-30": -58, "2005-06-30": -33, "2005-03-31": "-93.00000"}, "Net Common Equity Issued/Repurchased": {"2020-12-31": 1443, "2020-09-30": 0, "2020-06-30": 1525, "2020-03-31": "-171.00000", "2019-12-31": -272, "2019-09-30": -200, "2019-06-30": -17, "2019-03-31": "-608.00000", "2018-12-31": 0, "2018-09-30": 0, "2018-06-30": -376, "2018-03-31": "-461.00000", "2017-12-31": -243, "2017-09-30": -359, "2017-06-30": -529, "2017-03-31": "-484.00000", "2016-12-31": -569, "2016-09-30": -695, "2016-06-30": -1711, "2016-03-31": "-1525.00000", "2015-12-31": -1435, "2015-09-30": -1480, "2015-06-30": -750, "2015-03-31": "-181.00000", "2014-12-31": -906, "2014-09-30": -127, "2014-06-30": 56, "2014-03-31": "-75.00000", "2013-12-31": 0, "2013-09-30": 0, "2013-06-30": 0, "2013-03-31": "", "2012-12-31": 0, "2012-09-30": 0, "2012-06-30": 0, "2012-03-31": "", "2011-12-31": 0, "2011-09-30": -1717, "2011-06-30": 1717, "2011-03-31": "", "2010-12-31": 1, "2010-09-30": 0, "2010-06-30": -1, "2010-03-31": "1.00000", "2009-12-31": 31, "2009-09-30": 382, "2009-06-30": 0, "2009-03-31": "", "2008-12-31": 0, "2008-09-30": 295, "2008-06-30": 0, "2008-03-31": "", "2007-12-31": 2, "2007-09-30": 2, "2007-06-30": 39, "2007-03-31": "544.00000", "2006-12-31": 96, "2006-09-30": 13, "2006-06-30": 442, "2006-03-31": "79.00000", "2005-12-31": 260, "2005-09-30": 7, "2005-06-30": 11, "2005-03-31": "1.00000"}, "Net Total Equity Issued/Repurchased": {"2020-12-31": 1443, "2020-09-30": 0, "2020-06-30": 1525, "2020-03-31": "-171.00000", "2019-12-31": -272, "2019-09-30": -200, "2019-06-30": -17, "2019-03-31": "-608.00000", "2018-12-31": 0, "2018-09-30": 0, "2018-06-30": -376, "2018-03-31": "-461.00000", "2017-12-31": -243, "2017-09-30": -359, "2017-06-30": -529, "2017-03-31": "-484.00000", "2016-12-31": -569, "2016-09-30": -695, "2016-06-30": -1711, "2016-03-31": "-1525.00000", "2015-12-31": -1435, "2015-09-30": -1480, "2015-06-30": -750, "2015-03-31": "-181.00000", "2014-12-31": -906, "2014-09-30": -127, "2014-06-30": 56, "2014-03-31": "-75.00000", "2013-12-31": 0, "2013-09-30": 0, "2013-06-30": 0, "2013-03-31": "", "2012-12-31": 0, "2012-09-30": 0, "2012-06-30": 0, "2012-03-31": "", "2011-12-31": 0, "2011-09-30": -1717, "2011-06-30": 1717, "2011-03-31": "", "2010-12-31": 1, "2010-09-30": 0, "2010-06-30": -1, "2010-03-31": "1.00000", "2009-12-31": 31, "2009-09-30": 382, "2009-06-30": 0, "2009-03-31": "", "2008-12-31": 0, "2008-09-30": 295, "2008-06-30": 0, "2008-03-31": "", "2007-12-31": 2, "2007-09-30": 2, "2007-06-30": 39, "2007-03-31": "544.00000", "2006-12-31": 96, "2006-09-30": 13, "2006-06-30": 442, "2006-03-31": "79.00000", "2005-12-31": 260, "2005-09-30": 7, "2005-06-30": 11, "2005-03-31": "1.00000"}, "Total Common And Preferred Stock Dividends Paid": {"2020-12-31": 0, "2020-09-30": 0, "2020-06-30": 0, "2020-03-31": "-43.00000", "2019-12-31": -43, "2019-09-30": -45, "2019-06-30": -44, "2019-03-31": "-46.00000", "2018-12-31": -46, "2018-09-30": -46, "2018-06-30": -46, "2018-03-31": "-48.00000", "2017-12-31": -48, "2017-09-30": -48, "2017-06-30": -51, "2017-03-31": "-51.00000", "2016-12-31": -52, "2016-09-30": -53, "2016-06-30": -58, "2016-03-31": "-61.00000", "2015-12-31": -72, "2015-09-30": -66, "2015-06-30": -70, "2015-03-31": "-70.00000", "2014-12-31": -72, "2014-09-30": -72, "2014-06-30": 0, "2014-03-31": "", "2013-12-31": 0, "2013-09-30": 0, "2013-06-30": 0, "2013-03-31": "", "2012-12-31": 0, "2012-09-30": 0, "2012-06-30": 0, "2012-03-31": "", "2011-12-31": 0, "2011-09-30": 0, "2011-06-30": 0, "2011-03-31": "", "2010-12-31": 0, "2010-09-30": 0, "2010-06-30": 0, "2010-03-31": "", "2009-12-31": 0, "2009-09-30": 0, "2009-06-30": 0, "2009-03-31": "", "2008-12-31": 0, "2008-09-30": 0, "2008-06-30": 0, "2008-03-31": "", "2007-12-31": 0, "2007-09-30": 0, "2007-06-30": 0, "2007-03-31": "", "2006-12-31": 0, "2006-09-30": 0, "2006-06-30": 0, "2006-03-31": "", "2005-12-31": 0, "2005-09-30": 0, "2005-06-30": 0, "2005-03-31": ""}, "Financial Activities - Other": {"2020-12-31": 127, "2020-09-30": -48, "2020-06-30": -52, "2020-03-31": "-32.00000", "2019-12-31": -12, "2019-09-30": -28, "2019-06-30": -17, "2019-03-31": "-6.00000", "2018-12-31": -12, "2018-09-30": -21, "2018-06-30": -28, "2018-03-31": "-1.00000", "2017-12-31": -13, "2017-09-30": -15, "2017-06-30": -3, "2017-03-31": "-27.00000", "2016-12-31": -25, "2016-09-30": -9, "2016-06-30": -5, "2016-03-31": "-5.00000", "2015-12-31": 1, "2015-09-30": 14, "2015-06-30": 1, "2015-03-31": "-7.00000", "2014-12-31": 233, "2014-09-30": 68, "2014-06-30": 252, "2014-03-31": "158.00000", "2013-12-31": 179, "2013-09-30": 306, "2013-06-30": 359, "2013-03-31": "747.00000", "2012-12-31": 650, "2012-09-30": 285, "2012-06-30": 244, "2012-03-31": "324.00000", "2011-12-31": 177, "2011-09-30": 201, "2011-06-30": 138, "2011-03-31": "124.00000", "2010-12-31": 513, "2010-09-30": 429, "2010-06-30": 312, "2010-03-31": "161.00000", "2009-12-31": 534, "2009-09-30": 233, "2009-06-30": 0, "2009-03-31": "1.00000", "2008-12-31": 202, "2008-09-30": 152, "2008-06-30": -1, "2008-03-31": "1.00000", "2007-12-31": -2, "2007-09-30": 2, "2007-06-30": 17, "2007-03-31": "42.00000", "2006-12-31": 38, "2006-09-30": 32, "2006-06-30": 27, "2006-03-31": "48.00000", "2005-12-31": -65, "2005-09-30": 198, "2005-06-30": 0, "2005-03-31": ""}, "Cash Flow From Financial Activities": {"2020-12-31": 1269, "2020-09-30": 1511, "2020-06-30": 7688, "2020-03-31": "526.00000", "2019-12-31": -1272, "2019-09-30": -366, "2019-06-30": 1179, "2019-03-31": "-1109.00000", "2018-12-31": -354, "2018-09-30": 634, "2018-06-30": -1110, "2018-03-31": "-842.00000", "2017-12-31": 75, "2017-09-30": -599, "2017-06-30": -272, "2017-03-31": "-349.00000", "2016-12-31": 370, "2016-09-30": -258, "2016-06-30": -605, "2016-03-31": "-401.00000", "2015-12-31": -1292, "2015-09-30": 221, "2015-06-30": -950, "2015-03-31": "762.00000", "2014-12-31": -202, "2014-09-30": 107, "2014-06-30": -26, "2014-03-31": "-194.00000", "2013-12-31": 357, "2013-09-30": 1203, "2013-06-30": 1725, "2013-03-31": "514.00000", "2012-12-31": 621, "2012-09-30": -104, "2012-06-30": -44, "2012-03-31": "10.00000", "2011-12-31": -56, "2011-09-30": -75, "2011-06-30": -170, "2011-03-31": "965.00000", "2010-12-31": 349, "2010-09-30": 210, "2010-06-30": 237, "2010-03-31": "8.00000", "2009-12-31": 638, "2009-09-30": 1803, "2009-06-30": -108, "2009-03-31": "-578.00000", "2008-12-31": 19, "2008-09-30": 521, "2008-06-30": 95, "2008-03-31": "-253.00000", "2007-12-31": -865, "2007-09-30": -590, "2007-06-30": -160, "2007-03-31": "-60.00000", "2006-12-31": -401, "2006-09-30": -175, "2006-06-30": 222, "2006-03-31": "-237.00000", "2005-12-31": 500, "2005-09-30": 147, "2005-06-30": -22, "2005-03-31": "-92.00000"}, "Net Cash Flow": {"2020-12-31": 102, "2020-09-30": -170, "2020-06-30": -19, "2020-03-31": "196.00000", "2019-12-31": -33, "2019-09-30": -7, "2019-06-30": -18, "2019-03-31": "62.00000", "2018-12-31": -28, "2018-09-30": 9, "2018-06-30": -95, "2018-03-31": "2.00000", "2017-12-31": -45, "2017-09-30": -45, "2017-06-30": 22, "2017-03-31": "31.00000", "2016-12-31": -63, "2016-09-30": -65, "2016-06-30": -49, "2016-03-31": "105.00000", "2015-12-31": -626, "2015-09-30": 64, "2015-06-30": -96, "2015-03-31": "54.00000", "2014-12-31": -184, "2014-09-30": -32, "2014-06-30": -49, "2014-03-31": "119.00000", "2013-12-31": 423, "2013-09-30": 113, "2013-06-30": -2, "2013-03-31": "126.00000", "2012-12-31": -28, "2012-09-30": 137, "2012-06-30": -4, "2012-03-31": "92.00000", "2011-12-31": -21, "2011-09-30": -14, "2011-06-30": 32, "2011-03-31": "118.00000", "2010-12-31": -34, "2010-09-30": 5, "2010-06-30": 8, "2010-03-31": "36.00000", "2009-12-31": -18, "2009-09-30": -20, "2009-06-30": 4, "2009-03-31": "-4.00000", "2008-12-31": -82, "2008-09-30": -14, "2008-06-30": 84, "2008-03-31": "55.00000", "2007-12-31": -14, "2007-09-30": -54, "2007-06-30": 70, "2007-03-31": "24.00000", "2006-12-31": 7, "2006-09-30": -53, "2006-06-30": 23, "2006-03-31": "6.00000", "2005-12-31": 11, "2005-09-30": -39, "2005-06-30": 18, "2005-03-31": "28.00000"}, "Stock-Based Compensation": {"2020-12-31": 0, "2020-09-30": 0, "2020-06-30": 0, "2020-03-31": "", "2019-12-31": 94, "2019-09-30": 0, "2019-06-30": 0, "2019-03-31": "", "2018-12-31": 86, "2018-09-30": 0, "2018-06-30": 0, "2018-03-31": "", "2017-12-31": 90, "2017-09-30": 0, "2017-06-30": 0, "2017-03-31": "", "2016-12-31": 100, "2016-09-30": 0, "2016-06-30": 0, "2016-03-31": "", "2015-12-31": 284, "2015-09-30": 0, "2015-06-30": 0, "2015-03-31": "", "2014-12-31": 304, "2014-09-30": 0, "2014-06-30": 0, "2014-03-31": "", "2013-12-31": 39, "2013-09-30": 0, "2013-06-30": 0, "2013-03-31": "", "2012-12-31": 29, "2012-09-30": 0, "2012-06-30": 0, "2012-03-31": "", "2011-12-31": 40, "2011-09-30": 0, "2011-06-30": 0, "2011-03-31": "", "2010-12-31": 43, "2010-09-30": 0, "2010-06-30": 0, "2010-03-31": "", "2009-12-31": 61, "2009-09-30": 0, "2009-06-30": 0, "2009-03-31": "", "2008-12-31": 53, "2008-09-30": 0, "2008-06-30": 0, "2008-03-31": "", "2007-12-31": 133, "2007-09-30": 0, "2007-06-30": 0, "2007-03-31": "", "2006-12-31": 142, "2006-09-30": 0, "2006-06-30": 0, "2006-03-31": "", "2005-12-31": 0, "2005-09-30": 0, "2005-06-30": 0, "2005-03-31": ""}, "Common Stock Dividends Paid": {"2020-12-31": 0, "2020-09-30": 0, "2020-06-30": 0, "2020-03-31": "-43.00000", "2019-12-31": -43, "2019-09-30": -45, "2019-06-30": -44, "2019-03-31": "-46.00000", "2018-12-31": -46, "2018-09-30": -46, "2018-06-30": -46, "2018-03-31": "-48.00000", "2017-12-31": -48, "2017-09-30": -48, "2017-06-30": -51, "2017-03-31": "-51.00000", "2016-12-31": -52, "2016-09-30": -53, "2016-06-30": -58, "2016-03-31": "-61.00000", "2015-12-31": -72, "2015-09-30": -66, "2015-06-30": -70, "2015-03-31": "-70.00000", "2014-12-31": -72, "2014-09-30": -72, "2014-06-30": 0, "2014-03-31": "", "2013-12-31": 0, "2013-09-30": 0, "2013-06-30": 0, "2013-03-31": "", "2012-12-31": 0, "2012-09-30": 0, "2012-06-30": 0, "2012-03-31": "", "2011-12-31": 0, "2011-09-30": 0, "2011-06-30": 0, "2011-03-31": "", "2010-12-31": 0, "2010-09-30": 0, "2010-06-30": 0, "2010-03-31": "", "2009-12-31": 0, "2009-09-30": 0, "2009-06-30": 0, "2009-03-31": "", "2008-12-31": 0, "2008-09-30": 0, "2008-06-30": 0, "2008-03-31": "", "2007-12-31": 0, "2007-09-30": 0, "2007-06-30": 0, "2007-03-31": "", "2006-12-31": 0, "2006-09-30": 0, "2006-06-30": 0, "2006-03-31": "", "2005-12-31": 0, "2005-09-30": 0, "2005-06-30": 0, "2005-03-31": ""}}, "financial ratios": {"Current Ratio": {"2019-12-31": "0.44810", "2018-12-31": "0.47730", "2017-12-31": "0.59550", "2016-12-31": "0.74420", "2015-12-31": "0.73390", "2014-12-31": "0.87660", "2013-12-31": "1.03740", "2012-12-31": "0.78480", "2011-12-31": "0.78300", "2010-12-31": "0.77880", "2009-12-31": "0.85950", "2008-12-31": "0.63340", "2007-12-31": "0.85220", "2006-12-31": "0.81150", "2005-12-31": "0.74520"}, "Long-term Debt / Capital": {"2019-12-31": "1.00550", "2018-12-31": "1.00800", "2017-12-31": "1.03590", "2016-12-31": "0.85590", "2015-12-31": "0.76490", "2014-12-31": "0.88810", "2013-12-31": "1.21640", "2012-12-31": "-8.16990", "2011-12-31": "-16.38630", "2010-12-31": "1.74320", "2009-12-31": "1.49180", "2008-12-31": "1.48350", "2007-12-31": "0.79160", "2006-12-31": "1.05300", "2005-12-31": "1.11890"}, "Debt/Equity Ratio": {"2019-12-31": "-206.05930", "2018-12-31": "-144.81070", "2017-12-31": "-32.13460", "2016-12-31": "6.43170", "2015-12-31": "3.64880", "2014-12-31": "8.76790", "2013-12-31": "-6.15120", "2012-12-31": "-1.06860", "2011-12-31": "-1.15600", "2010-12-31": "-2.82280", "2009-12-31": "-3.35250", "2008-12-31": "-3.73320", "2007-12-31": "4.19350", "2006-12-31": "-22.09570", "2005-12-31": "-10.27620"}, "Gross Margin": {"2019-12-31": "27.02980", "2018-12-31": "26.69450", "2017-12-31": "30.57580", "2016-12-31": "33.01030", "2015-12-31": "35.09880", "2014-12-31": "28.15010", "2013-12-31": "25.94320", "2012-12-31": "20.56330", "2011-12-31": "18.23680", "2010-12-31": "18.62880", "2009-12-31": "15.45920", "2008-12-31": "14.95830", "2007-12-31": "21.83130", "2006-12-31": "21.73470", "2005-12-31": "18.75240"}, "Operating Margin": {"2019-12-31": "6.69680", "2018-12-31": "5.96300", "2017-12-31": "9.92680", "2016-12-31": "12.60530", "2015-12-31": "15.13540", "2014-12-31": "9.96250", "2013-12-31": "5.23130", "2012-12-31": "0.59550", "2011-12-31": "-4.32460", "2010-12-31": "1.38930", "2009-12-31": "-5.04090", "2008-12-31": "-7.94830", "2007-12-31": "4.20750", "2006-12-31": "4.69800", "2005-12-31": "-0.42970"}, "EBIT Margin": {"2019-12-31": "6.69680", "2018-12-31": "5.96300", "2017-12-31": "9.92680", "2016-12-31": "12.60530", "2015-12-31": "15.13540", "2014-12-31": "9.96250", "2013-12-31": "5.23130", "2012-12-31": "0.59550", "2011-12-31": "-4.32460", "2010-12-31": "1.38930", "2009-12-31": "-5.04090", "2008-12-31": "-7.94830", "2007-12-31": "4.20750", "2006-12-31": "4.69800", "2005-12-31": "-0.42970"}, "EBITDA Margin": {"2019-12-31": "11.76150", "2018-12-31": "10.81030", "2017-12-31": "14.65910", "2016-12-31": "16.83770", "2015-12-31": "18.76310", "2014-12-31": "13.10900", "2013-12-31": "9.04540", "2012-12-31": "4.62280", "2011-12-31": "0.15850", "2010-12-31": "6.31940", "2009-12-31": "0.50210", "2008-12-31": "-2.86960", "2007-12-31": "9.44840", "2006-12-31": "9.82580", "2005-12-31": "5.19020"}, "Pre-Tax Profit Margin": {"2019-12-31": "4.92920", "2018-12-31": "4.22980", "2017-12-31": "7.96540", "2016-12-31": "10.34330", "2015-12-31": "11.26130", "2014-12-31": "7.53110", "2013-12-31": "-8.15170", "2012-12-31": "-9.83710", "2011-12-31": "-8.25310", "2010-12-31": "-2.28240", "2009-12-31": "-8.79650", "2008-12-31": "-8.91190", "2007-12-31": "1.98820", "2006-12-31": "1.02380", "2005-12-31": "-4.13770"}, "Net Profit Margin": {"2019-12-31": "3.68380", "2018-12-31": "3.17010", "2017-12-31": "3.00780", "2016-12-31": "6.43710", "2015-12-31": "18.56550", "2014-12-31": "6.75730", "2013-12-31": "-6.85790", "2012-12-31": "-7.54780", "2011-12-31": "-8.25310", "2010-12-31": "-2.12450", "2009-12-31": "-7.37060", "2008-12-31": "-8.91190", "2007-12-31": "1.98820", "2006-12-31": "1.02380", "2005-12-31": "-4.13770"}, "Asset Turnover": {"2019-12-31": "0.76290", "2018-12-31": "0.73520", "2017-12-31": "0.80750", "2016-12-31": "0.78290", "2015-12-31": "0.84660", "2014-12-31": "0.98670", "2013-12-31": "0.63260", "2012-12-31": "1.05720", "2011-12-31": "1.00550", "2010-12-31": "0.88370", "2009-12-31": "0.78300", "2008-12-31": "0.94400", "2007-12-31": "0.80270", "2006-12-31": "0.77420", "2005-12-31": "0.70220"}, "Inventory Turnover Ratio": {"2019-12-31": "18.04270", "2018-12-31": "21.45270", "2017-12-31": "21.77340", "2016-12-31": "24.58040", "2015-12-31": "30.82620", "2014-12-31": "30.52190", "2013-12-31": "19.57020", "2012-12-31": "34.04140", "2011-12-31": "31.77630", "2010-12-31": "30.37040", "2009-12-31": "30.22980", "2008-12-31": "38.49710", "2007-12-31": "29.83030", "2006-12-31": "34.89920", "2005-12-31": "32.67570"}, "Receiveable Turnover": {"2019-12-31": "26.15310", "2018-12-31": "26.10840", "2017-12-31": "24.32760", "2016-12-31": "25.18320", "2015-12-31": "28.76490", "2014-12-31": "24.08240", "2013-12-31": "17.14300", "2012-12-31": "22.11300", "2011-12-31": "26.58430", "2010-12-31": "30.04070", "2009-12-31": "25.93360", "2008-12-31": "29.30460", "2007-12-31": "22.33200", "2006-12-31": "22.83700", "2005-12-31": "20.90010"}, "Days Sales In Receivables": {"2019-12-31": "13.95630", "2018-12-31": "13.98020", "2017-12-31": "15.00350", "2016-12-31": "14.49380", "2015-12-31": "12.68910", "2014-12-31": "15.15630", "2013-12-31": "21.29160", "2012-12-31": "16.50610", "2011-12-31": "13.72990", "2010-12-31": "12.15020", "2009-12-31": "14.07440", "2008-12-31": "12.45540", "2007-12-31": "16.34420", "2006-12-31": "15.98280", "2005-12-31": "17.46400"}, "ROE - Return On Equity": {"2019-12-31": "-1428.81400", "2018-12-31": "-835.50300", "2017-12-31": "-164.35900", "2016-12-31": "68.26950", "2015-12-31": "135.04880", "2014-12-31": "142.60270", "2013-12-31": "67.15490", "2012-12-31": "23.48820", "2011-12-31": "27.83010", "2010-12-31": "11.93920", "2009-12-31": "42.07510", "2008-12-31": "72.16350", "2007-12-31": "17.16220", "2006-12-31": "-38.11880", "2005-12-31": "59.93010"}, "Return On Tangible Equity": {"2019-12-31": "-26.79170", "2018-12-31": "-22.07290", "2017-12-31": "-18.12270", "2016-12-31": "-104.23560", "2015-12-31": "-1079.43300", "2014-12-31": "-66.86780", "2013-12-31": "20.09200", "2012-12-31": "21.18340", "2011-12-31": "24.72210", "2010-12-31": "9.65760", "2009-12-31": "32.78980", "2008-12-31": "52.37390", "2007-12-31": "30.37980", "2006-12-31": "-13.02880", "2005-12-31": "32.66010"}, "ROA - Return On Assets": {"2019-12-31": "2.81020", "2018-12-31": "2.33080", "2017-12-31": "2.42870", "2016-12-31": "5.03960", "2015-12-31": "15.71830", "2014-12-31": "6.66740", "2013-12-31": "-4.33800", "2012-12-31": "-7.97960", "2011-12-31": "-8.29840", "2010-12-31": "-1.87740", "2009-12-31": "-5.77090", "2008-12-31": "-8.41310", "2007-12-31": "1.59600", "2006-12-31": "0.79260", "2005-12-31": "-2.90560"}, "ROI - Return On Investment": {"2019-12-31": "7.90210", "2018-12-31": "6.72060", "2017-12-31": "5.89940", "2016-12-31": "9.83480", "2015-12-31": "31.75460", "2014-12-31": "15.95440", "2013-12-31": "-14.53020", "2012-12-31": "215.38460", "2011-12-31": "483.86310", "2010-12-31": "-8.87340", "2009-12-31": "-20.69350", "2008-12-31": "-34.89290", "2007-12-31": "3.57650", "2006-12-31": "2.02010", "2005-12-31": "-7.12620"}, "Book Value Per Share": {"2019-12-31": "-0.27560", "2018-12-31": "-0.36690", "2017-12-31": "-1.64040", "2016-12-31": "7.46120", "2015-12-31": "9.02150", "2014-12-31": "2.89760", "2013-12-31": "-5.18410", "2012-12-31": "-65.73120", "2011-12-31": "-21.21000", "2010-12-31": "-11.83090", "2009-12-31": "-10.48930", "2008-12-31": "-10.52170", "2007-12-31": "10.65370", "2006-12-31": "-2.72700", "2005-12-31": "-7.82570"}, "Operating Cash Flow Per Share": {"2019-12-31": 1, "2018-12-31": -2.0612, "2017-12-31": -2.0834, "2016-12-31": 2.6403, "2015-12-31": 4.8953, "2014-12-31": 1.7872, "2013-12-31": -2.7416, "2012-12-31": -0.7942, "2011-12-31": 2.218, "2010-12-31": 0.5634, "2009-12-31": 8.5455, "2008-12-31": -12.6294, "2007-12-31": -0.0975, "2006-12-31": 1.1386, "2005-12-31": 6.2061}, "Free Cash Flow Per Share": {"2019-12-31": -0.6812, "2018-12-31": 2.0874, "2017-12-31": -3.9551, "2016-12-31": 1.4573, "2015-12-31": 3.188, "2014-12-31": 5.2528, "2013-12-31": -6.3234, "2012-12-31": 5.0449, "2011-12-31": -4.8156, "2010-12-31": -0.4015, "2009-12-31": 5.1595, "2008-12-31": -12.3382, "2007-12-31": -0.0957, "2006-12-31": 3.2015, "2005-12-31": 2.3212}}, "financial ratios, quarterly": {"Current Ratio": {"2020-09-30": "0.74410", "2020-06-30": "0.76610", "2020-03-31": "0.37340", "2019-12-31": "0.44810", "2019-09-30": "0.48940", "2019-06-30": "0.48950", "2019-03-31": "0.43600", "2018-12-31": "0.47730", "2018-09-30": "0.58100", "2018-06-30": "0.55050", "2018-03-31": "0.56870", "2017-12-31": "0.59550", "2017-09-30": "0.65340", "2017-06-30": "0.68370", "2017-03-31": "0.69510", "2016-12-31": "0.74420", "2016-09-30": "0.76020", "2016-06-30": "0.74970", "2016-03-31": "0.70710", "2015-12-31": "0.73390", "2015-09-30": "0.96790", "2015-06-30": "0.93780", "2015-03-31": "0.99270", "2014-12-31": "0.87660", "2014-09-30": "0.96850", "2014-06-30": "0.99190", "2014-03-31": "1.00760", "2013-12-31": "1.03740", "2013-09-30": "1.01420", "2013-06-30": "0.90310", "2013-03-31": "0.75330", "2012-12-31": "0.78480", "2012-09-30": "0.76180", "2012-06-30": "0.79320", "2012-03-31": "0.81500", "2011-12-31": "0.78300", "2011-09-30": "0.76630", "2011-06-30": "0.81890", "2011-03-31": "0.89570", "2010-12-31": "0.77880", "2010-09-30": "0.76490", "2010-06-30": "0.78470", "2010-03-31": "0.82930", "2009-12-31": "0.85950", "2009-09-30": "0.81670", "2009-06-30": "0.62150", "2009-03-31": "0.60190", "2008-12-31": "0.63340", "2008-09-30": "0.79150", "2008-06-30": "0.85260", "2008-03-31": "0.78490", "2007-12-31": "0.85220", "2007-09-30": "0.87290", "2007-06-30": "0.91430", "2007-03-31": "0.87440", "2006-12-31": "0.81150", "2006-09-30": "0.86140", "2006-06-30": "0.84920", "2006-03-31": "0.78000", "2005-12-31": "0.74520", "2005-09-30": "0.76080", "2005-06-30": "0.72190", "2005-03-31": "0.70110"}, "Long-term Debt / Capital": {"2020-09-30": "1.22520", "2020-06-30": "1.12410", "2020-03-31": "1.13930", "2019-12-31": "1.00550", "2019-09-30": "0.99270", "2019-06-30": "1.00100", "2019-03-31": "1.03180", "2018-12-31": "1.00800", "2018-09-30": "1.02620", "2018-06-30": "1.04140", "2018-03-31": "1.04860", "2017-12-31": "1.03590", "2017-09-30": "0.84910", "2017-06-30": "0.85840", "2017-03-31": "0.86850", "2016-12-31": "0.85590", "2016-09-30": "0.83070", "2016-06-30": "0.83050", "2016-03-31": "0.80250", "2015-12-31": "0.76490", "2015-09-30": "0.83360", "2015-06-30": "0.82510", "2015-03-31": "0.86450", "2014-12-31": "0.88810", "2014-09-30": "0.75890", "2014-06-30": "0.78820", "2014-03-31": "0.93300", "2013-12-31": "1.21640", "2013-09-30": "7.16020", "2013-06-30": "60.53620", "2013-03-31": "-5.18160", "2012-12-31": "-8.16990", "2012-09-30": "-7.32390", "2012-06-30": "-2.98220", "2012-03-31": "-3.83900", "2011-12-31": "-16.38630", "2011-09-30": "1.90610", "2011-06-30": "1.81350", "2011-03-31": "1.63620", "2010-12-31": "1.74320", "2010-09-30": "1.62060", "2010-06-30": "1.68490", "2010-03-31": "1.59620", "2009-12-31": "1.49180", "2009-09-30": "1.37610", "2009-06-30": "1.51160", "2009-03-31": "1.54230", "2008-12-31": "1.48350", "2008-09-30": "0.91080", "2008-06-30": "0.84900", "2008-03-31": "0.79020", "2007-12-31": "0.79160", "2007-09-30": "0.92710", "2007-06-30": "0.94850", "2007-03-31": "0.98070", "2006-12-31": "1.05300", "2006-09-30": "1.04320", "2006-06-30": "1.04080", "2006-03-31": "1.10700", "2005-12-31": "1.11890", "2005-09-30": "1.05830", "2005-06-30": "1.04840", "2005-03-31": "1.05500"}, "Debt/Equity Ratio": {"2020-09-30": "-5.93090", "2020-06-30": "-9.86840", "2020-03-31": "-9.51520", "2019-12-31": "-206.05930", "2019-09-30": "157.70630", "2019-06-30": "-1149.59100", "2019-03-31": "-37.78300", "2018-12-31": "-144.81070", "2018-09-30": "-43.60390", "2018-06-30": "-27.70540", "2018-03-31": "-24.30160", "2017-12-31": "-32.13460", "2017-09-30": "6.25230", "2017-06-30": "6.69150", "2017-03-31": "7.09950", "2016-12-31": "6.43170", "2016-09-30": "5.31610", "2016-06-30": "5.29820", "2016-03-31": "4.61660", "2015-12-31": "3.64880", "2015-09-30": "5.46540", "2015-06-30": "5.16890", "2015-03-31": "6.84590", "2014-12-31": "8.76790", "2014-09-30": "3.43790", "2014-06-30": "4.09400", "2014-03-31": "15.23740", "2013-12-31": "-6.15120", "2013-09-30": "-1.33390", "2013-06-30": "-1.17830", "2013-03-31": "-0.99180", "2012-12-31": "-1.06860", "2012-09-30": "-1.08920", "2012-06-30": "-0.93330", "2012-03-31": "-0.98430", "2011-12-31": "-1.15600", "2011-09-30": "-2.40430", "2011-06-30": "-2.63520", "2011-03-31": "-3.06860", "2010-12-31": "-2.82280", "2010-09-30": "-3.09880", "2010-06-30": "-2.92540", "2010-03-31": "-2.97020", "2009-12-31": "-3.35250", "2009-09-30": "-4.05490", "2009-06-30": "-3.36400", "2009-03-31": "-3.31650", "2008-12-31": "-3.73320", "2008-09-30": "11.91220", "2008-06-30": "6.55960", "2008-03-31": "4.39250", "2007-12-31": "4.19350", "2007-09-30": "14.48190", "2007-06-30": "20.59020", "2007-03-31": "56.46020", "2006-12-31": "-22.09570", "2006-09-30": "-27.06810", "2006-06-30": "-27.79530", "2006-03-31": "-11.28150", "2005-12-31": "-10.27620", "2005-09-30": "-19.46640", "2005-06-30": "-23.14150", "2005-03-31": "-20.45050"}, "Gross Margin": {"2020-09-30": "-61.10940", "2020-06-30": "-176.94200", "2020-03-31": "7.34000", "2019-12-31": "26.75680", "2019-09-30": "27.66350", "2019-06-30": "28.72070", "2019-03-31": "24.69770", "2018-12-31": "26.11080", "2018-09-30": "26.08360", "2018-06-30": "28.69540", "2018-03-31": "25.74750", "2017-12-31": "28.32230", "2017-09-30": "31.45460", "2017-06-30": "34.01620", "2017-03-31": "28.09570", "2016-12-31": "28.51280", "2016-09-30": "34.43460", "2016-06-30": "35.20220", "2016-03-31": "33.65130", "2015-12-31": "34.26790", "2015-09-30": "37.31550", "2015-06-30": "35.67930", "2015-03-31": "32.85850", "2014-12-31": "29.39670", "2014-09-30": "29.07800", "2014-06-30": "30.27740", "2014-03-31": "23.43170", "2013-12-31": "25.96360", "2013-09-30": "28.60280", "2013-06-30": "26.88790", "2013-03-31": "21.94160", "2012-12-31": "29.25720", "2012-09-30": "19.24090", "2012-06-30": "19.40480", "2012-03-31": "14.65960", "2011-12-31": "27.66960", "2011-09-30": "16.46800", "2011-06-30": "14.72030", "2011-03-31": "14.00690", "2010-12-31": "18.76120", "2010-09-30": "21.82470", "2010-06-30": "19.36910", "2010-03-31": "13.97000", "2009-12-31": "14.55950", "2009-09-30": "16.07180", "2009-06-30": "15.32010", "2009-03-31": "15.89170", "2008-12-31": "15.76160", "2008-09-30": "13.96980", "2008-06-30": "15.21280", "2008-03-31": "15.02550", "2007-12-31": "17.52600", "2007-09-30": "22.25030", "2007-06-30": "24.59600", "2007-03-31": "22.88560", "2006-12-31": "21.49340", "2006-09-30": "21.24170", "2006-06-30": "24.28450", "2006-03-31": "19.66690", "2005-12-31": "14.41560", "2005-09-30": "19.27070", "2005-06-30": "21.69900", "2005-03-31": "19.57900"}, "Operating Margin": {"2020-09-30": "-90.48220", "2020-06-30": "-153.26760", "2020-03-31": "-29.93540", "2019-12-31": "6.44390", "2019-09-30": "6.78360", "2019-06-30": "9.64050", "2019-03-31": "3.54310", "2018-12-31": "5.22030", "2018-09-30": "5.92610", "2018-06-30": "8.62320", "2018-03-31": "3.80730", "2017-12-31": "6.02260", "2017-09-30": "11.45460", "2017-06-30": "14.24250", "2017-03-31": "7.50510", "2016-12-31": "5.56920", "2016-09-30": "13.50770", "2016-06-30": "16.89670", "2016-03-31": "14.14940", "2015-12-31": "11.09030", "2015-09-30": "18.67180", "2015-06-30": "17.74270", "2015-03-31": "12.37410", "2014-12-31": "8.46370", "2014-09-30": "11.31160", "2014-06-30": "12.32060", "2014-03-31": "7.30370", "2013-12-31": "1.56080", "2013-09-30": "10.26660", "2013-06-30": "7.93920", "2013-03-31": "1.16430", "2012-12-31": "0.74110", "2012-09-30": "0.79330", "2012-06-30": "2.20090", "2012-03-31": "-1.47420", "2011-12-31": "-12.86100", "2011-09-30": "0.61170", "2011-06-30": "-1.27580", "2011-03-31": "-4.19300", "2010-12-31": "1.21730", "2010-09-30": "5.85420", "2010-06-30": "3.45440", "2010-03-31": "-5.88000", "2009-12-31": "-7.70450", "2009-09-30": "-3.78390", "2009-06-30": "-4.62260", "2009-03-31": "-4.00910", "2008-12-31": "-3.58380", "2008-09-30": "-3.36400", "2008-06-30": "-20.87720", "2008-03-31": "-3.28240", "2007-12-31": "-1.21410", "2007-09-30": "5.36500", "2007-06-30": "7.94350", "2007-03-31": "4.56970", "2006-12-31": "3.42780", "2006-09-30": "4.85720", "2006-06-30": "7.96650", "2006-03-31": "2.15190", "2005-12-31": "-7.35290", "2005-09-30": "0.71100", "2005-06-30": "4.31340", "2005-03-31": "0.48420"}, "EBIT Margin": {"2020-09-30": "-90.48220", "2020-06-30": "-153.26760", "2020-03-31": "-29.93540", "2019-12-31": "6.44390", "2019-09-30": "6.78360", "2019-06-30": "9.64050", "2019-03-31": "3.54310", "2018-12-31": "5.22030", "2018-09-30": "5.92610", "2018-06-30": "8.62320", "2018-03-31": "3.80730", "2017-12-31": "6.02260", "2017-09-30": "11.45460", "2017-06-30": "14.24250", "2017-03-31": "7.50510", "2016-12-31": "5.56920", "2016-09-30": "13.50770", "2016-06-30": "16.89670", "2016-03-31": "14.14940", "2015-12-31": "11.09030", "2015-09-30": "18.67180", "2015-06-30": "17.74270", "2015-03-31": "12.37410", "2014-12-31": "8.46370", "2014-09-30": "11.31160", "2014-06-30": "12.32060", "2014-03-31": "7.30370", "2013-12-31": "1.56080", "2013-09-30": "10.26660", "2013-06-30": "7.93920", "2013-03-31": "1.16430", "2012-12-31": "0.74110", "2012-09-30": "0.79330", "2012-06-30": "2.20090", "2012-03-31": "-1.47420", "2011-12-31": "-12.86100", "2011-09-30": "0.61170", "2011-06-30": "-1.27580", "2011-03-31": "-4.19300", "2010-12-31": "1.21730", "2010-09-30": "5.85420", "2010-06-30": "3.45440", "2010-03-31": "-5.88000", "2009-12-31": "-7.70450", "2009-09-30": "-3.78390", "2009-06-30": "-4.62260", "2009-03-31": "-4.00910", "2008-12-31": "-3.58380", "2008-09-30": "-3.36400", "2008-06-30": "-20.87720", "2008-03-31": "-3.28240", "2007-12-31": "-1.21410", "2007-09-30": "5.36500", "2007-06-30": "7.94350", "2007-03-31": "4.56970", "2006-12-31": "3.42780", "2006-09-30": "4.85720", "2006-06-30": "7.96650", "2006-03-31": "2.15190", "2005-12-31": "-7.35290", "2005-09-30": "0.71100", "2005-06-30": "4.31340", "2005-03-31": "0.48420"}, "EBITDA Margin": {"2020-09-30": "", "2020-06-30": "", "2020-03-31": "", "2019-12-31": "", "2019-09-30": "", "2019-06-30": "", "2019-03-31": "", "2018-12-31": "", "2018-09-30": "", "2018-06-30": "", "2018-03-31": "", "2017-12-31": "", "2017-09-30": "", "2017-06-30": "", "2017-03-31": "", "2016-12-31": "", "2016-09-30": "", "2016-06-30": "", "2016-03-31": "", "2015-12-31": "", "2015-09-30": "", "2015-06-30": "", "2015-03-31": "", "2014-12-31": "", "2014-09-30": "", "2014-06-30": "", "2014-03-31": "", "2013-12-31": "", "2013-09-30": "", "2013-06-30": "", "2013-03-31": "", "2012-12-31": "", "2012-09-30": "", "2012-06-30": "", "2012-03-31": "", "2011-12-31": "", "2011-09-30": "", "2011-06-30": "", "2011-03-31": "", "2010-12-31": "", "2010-09-30": "", "2010-06-30": "", "2010-03-31": "", "2009-12-31": "", "2009-09-30": "", "2009-06-30": "", "2009-03-31": "", "2008-12-31": "", "2008-09-30": "", "2008-06-30": "", "2008-03-31": "", "2007-12-31": "", "2007-09-30": "", "2007-06-30": "", "2007-03-31": "", "2006-12-31": "", "2006-09-30": "", "2006-06-30": "", "2006-03-31": "", "2005-12-31": "", "2005-09-30": "", "2005-06-30": "", "2005-03-31": ""}, "Pre-Tax Profit Margin": {"2020-09-30": "-97.54180", "2020-06-30": "-163.93340", "2020-03-31": "-33.94010", "2019-12-31": "5.05610", "2019-09-30": "4.67640", "2019-06-30": "7.37460", "2019-03-31": "2.31480", "2018-12-31": "3.60210", "2018-09-30": "4.29100", "2018-06-30": "6.49320", "2018-03-31": "2.28820", "2017-12-31": "3.84540", "2017-09-30": "9.69450", "2017-06-30": "12.37200", "2017-03-31": "5.44810", "2016-12-31": "3.62050", "2016-09-30": "11.22330", "2016-06-30": "14.40700", "2016-03-31": "11.83890", "2015-12-31": "2.54410", "2015-09-30": "15.96300", "2015-06-30": "15.87700", "2015-03-31": "9.59600", "2014-12-31": "5.57030", "2014-09-30": "8.51960", "2014-06-30": "10.60330", "2014-03-31": "4.93250", "2013-12-31": "-31.56900", "2013-09-30": "4.23260", "2013-06-30": "3.41140", "2013-03-31": "-5.95280", "2012-12-31": "-5.15410", "2012-09-30": "-3.70200", "2012-06-30": "-3.73530", "2012-03-31": "-27.49710", "2011-12-31": "-18.38480", "2011-09-30": "-2.54080", "2011-06-30": "-4.67780", "2011-03-31": "-7.88000", "2010-12-31": "-2.38100", "2010-09-30": "2.44780", "2010-06-30": "-0.19390", "2010-03-31": "-9.96450", "2009-12-31": "-11.81350", "2009-09-30": "-7.58730", "2009-06-30": "-7.97710", "2009-03-31": "-7.74950", "2008-12-31": "-6.34490", "2008-09-30": "0.48280", "2008-06-30": "-23.64460", "2008-03-31": "-5.98560", "2007-12-31": "-2.05880", "2007-09-30": "2.94320", "2007-06-30": "5.39210", "2007-03-31": "1.49250", "2006-12-31": "0.31500", "2006-09-30": "0.25650", "2006-06-30": "4.87030", "2006-03-31": "-1.72160", "2005-12-31": "-11.60990", "2005-09-30": "-2.78940", "2005-06-30": "1.09250", "2005-03-31": "-3.41050"}, "Net Profit Margin": {"2020-09-30": "-75.60670", "2020-06-30": "-127.43530", "2020-03-31": "-26.31830", "2019-12-31": "3.65950", "2019-09-30": "3.56810", "2019-06-30": "5.53510", "2019-03-31": "1.74790", "2018-12-31": "2.97130", "2018-09-30": "3.21830", "2018-06-30": "4.77540", "2018-03-31": "1.52870", "2017-12-31": "-5.49480", "2017-09-30": "6.02830", "2017-06-30": "7.69570", "2017-03-31": "3.46230", "2016-12-31": "2.02050", "2016-09-30": "6.95680", "2016-06-30": "9.16720", "2016-03-31": "7.41920", "2015-12-31": "34.07060", "2015-09-30": "15.81360", "2015-06-30": "15.73840", "2015-03-31": "9.48410", "2014-12-31": "5.86560", "2014-09-30": "8.45680", "2014-06-30": "7.60900", "2014-03-31": "4.80240", "2013-12-31": "-27.17160", "2013-09-30": "4.23260", "2013-06-30": "3.41140", "2013-03-31": "-5.59200", "2012-12-31": "4.42980", "2012-09-30": "-3.70200", "2012-06-30": "-3.73530", "2012-03-31": "-27.49710", "2011-12-31": "-18.38480", "2011-09-30": "-2.54080", "2011-06-30": "-4.67780", "2011-03-31": "-7.88000", "2010-12-31": "-1.75440", "2010-09-30": "2.44780", "2010-06-30": "-0.19390", "2010-03-31": "-9.96450", "2009-12-31": "-6.79570", "2009-09-30": "-7.00210", "2009-06-30": "-7.97710", "2009-03-31": "-7.74950", "2008-12-31": "-6.34490", "2008-09-30": "0.48280", "2008-06-30": "-23.64460", "2008-03-31": "-5.98560", "2007-12-31": "-2.05880", "2007-09-30": "2.94320", "2007-06-30": "5.39210", "2007-03-31": "1.49250", "2006-12-31": "0.31500", "2006-09-30": "0.25650", "2006-06-30": "4.87030", "2006-03-31": "-1.72160", "2005-12-31": "-11.60990", "2005-09-30": "-2.78940", "2005-06-30": "1.09250", "2005-03-31": "-3.41050"}, "Asset Turnover": {"2020-09-30": "0.05050", "2020-06-30": "0.02510", "2020-03-31": "0.14540", "2019-12-31": "0.18860", "2019-09-30": "0.19470", "2019-06-30": "0.19300", "2019-03-31": "0.17410", "2018-12-31": "0.18060", "2018-09-30": "0.21960", "2018-06-30": "0.22130", "2018-03-31": "0.19520", "2017-12-31": "0.20100", "2017-09-30": "0.20930", "2017-06-30": "0.21050", "2017-03-31": "0.18660", "2016-12-31": "0.19020", "2016-09-30": "0.20730", "2016-06-30": "0.20300", "2016-03-31": "0.18900", "2015-12-31": "0.19890", "2015-09-30": "0.21980", "2015-06-30": "0.22620", "2015-03-31": "0.21020", "2014-12-31": "0.23510", "2014-09-30": "0.25220", "2014-06-30": "0.25340", "2014-03-31": "0.22850", "2013-12-31": "0.17430", "2013-09-30": "0.25500", "2013-06-30": "0.24600", "2013-03-31": "0.25570", "2012-12-31": "0.25250", "2012-09-30": "0.26870", "2012-06-30": "0.26090", "2012-03-31": "0.24630", "2011-12-31": "0.24970", "2011-09-30": "0.25790", "2011-06-30": "0.23710", "2011-03-31": "0.20410", "2010-12-31": "0.22270", "2010-09-30": "0.23040", "2010-06-30": "0.21920", "2010-03-31": "0.19860", "2009-12-31": "0.19900", "2009-09-30": "0.19910", "2009-06-30": "0.20250", "2009-03-31": "0.19740", "2008-12-31": "0.21720", "2008-09-30": "0.23830", "2008-06-30": "0.21360", "2008-03-31": "0.19800", "2007-12-31": "0.19890", "2007-09-30": "0.20090", "2007-06-30": "0.19330", "2007-03-31": "0.18160", "2006-12-31": "0.18520", "2006-09-30": "0.19410", "2006-06-30": "0.19430", "2006-03-31": "0.17860", "2005-12-31": "0.17520", "2005-09-30": "0.18630", "2005-06-30": "0.18000", "2005-03-31": "0.16290"}, "Inventory Turnover Ratio": {"2020-09-30": "3.13040", "2020-06-30": "2.71750", "2020-03-31": "4.45260", "2019-12-31": "4.47650", "2019-09-30": "4.78670", "2019-06-30": "4.99120", "2019-03-31": "4.78390", "2018-12-31": "5.31010", "2018-09-30": "5.42130", "2018-06-30": "5.45470", "2018-03-31": "5.30790", "2017-12-31": "5.59600", "2017-09-30": "5.71560", "2017-06-30": "6.14260", "2017-03-31": "6.11870", "2016-12-31": "6.37110", "2016-09-30": "6.31450", "2016-06-30": "6.72170", "2016-03-31": "7.06550", "2015-12-31": "7.33490", "2015-09-30": "6.64460", "2015-06-30": "6.51450", "2015-03-31": "6.63120", "2014-12-31": "7.14540", "2014-09-30": "6.68360", "2014-06-30": "7.24340", "2014-03-31": "7.27470", "2013-12-31": "5.39030", "2013-09-30": "7.15860", "2013-06-30": "8.00510", "2013-03-31": "8.00000", "2012-12-31": "7.24140", "2012-09-30": "8.71140", "2012-06-30": "8.76900", "2012-03-31": "8.32310", "2011-12-31": "6.98220", "2011-09-30": "8.44060", "2011-06-30": "8.13420", "2011-03-31": "7.99660", "2010-12-31": "7.63970", "2010-09-30": "7.94260", "2010-06-30": "8.04040", "2010-03-31": "7.89860", "2009-12-31": "7.76480", "2009-09-30": "7.88100", "2009-06-30": "7.73830", "2009-03-31": "8.23890", "2008-12-31": "8.77520", "2008-09-30": "8.24480", "2008-06-30": "7.46300", "2008-03-31": "7.59970", "2007-12-31": "7.79870", "2007-09-30": "8.31470", "2007-06-30": "8.33270", "2007-03-31": "8.32010", "2006-12-31": "8.37350", "2006-09-30": "9.10080", "2006-06-30": "8.87060", "2006-03-31": "8.69030", "2005-12-31": "8.58830", "2005-09-30": "8.20000", "2005-06-30": "8.51840", "2005-03-31": "7.81190"}, "Receiveable Turnover": {"2020-09-30": "2.79560", "2020-06-30": "1.84530", "2020-03-31": "8.34800", "2019-12-31": "6.46460", "2019-09-30": "6.43840", "2019-06-30": "6.15540", "2019-03-31": "5.64180", "2018-12-31": "6.41150", "2018-09-30": "5.32670", "2018-06-30": "5.99850", "2018-03-31": "5.74960", "2017-12-31": "6.05590", "2017-09-30": "6.45000", "2017-06-30": "7.27610", "2017-03-31": "7.02930", "2016-12-31": "6.11670", "2016-09-30": "6.22080", "2016-06-30": "6.50530", "2016-03-31": "6.50690", "2015-12-31": "6.75790", "2015-09-30": "5.85670", "2015-06-30": "5.72250", "2015-03-31": "5.38170", "2014-12-31": "5.73740", "2014-09-30": "5.68030", "2014-06-30": "5.73200", "2014-03-31": "4.97760", "2013-12-31": "4.72310", "2013-09-30": "5.09550", "2013-06-30": "4.68680", "2013-03-31": "4.90590", "2012-12-31": "5.28200", "2012-09-30": "5.54220", "2012-06-30": "5.71480", "2012-03-31": "5.71690", "2011-12-31": "6.60310", "2011-09-30": "6.89300", "2011-06-30": "6.46980", "2011-03-31": "6.00110", "2010-12-31": "7.56910", "2010-09-30": "6.57140", "2010-06-30": "6.23520", "2010-03-31": "6.01900", "2009-12-31": "6.59110", "2009-09-30": "6.29850", "2009-06-30": "6.26790", "2009-03-31": "6.16430", "2008-12-31": "6.74350", "2008-09-30": "5.81610", "2008-06-30": "5.29930", "2008-03-31": "5.13710", "2007-12-31": "5.53360", "2007-09-30": "5.09950", "2007-06-30": "4.82280", "2007-03-31": "4.82830", "2006-12-31": "5.46260", "2006-09-30": "5.04050", "2006-06-30": "5.33010", "2006-03-31": "4.98040", "2005-12-31": "5.21490", "2005-09-30": "4.93700", "2005-06-30": "5.04660", "2005-03-31": "4.59830"}, "Days Sales In Receivables": {"2020-09-30": "32.19350", "2020-06-30": "48.77310", "2020-03-31": "10.78100", "2019-12-31": "13.92200", "2019-09-30": "13.97870", "2019-06-30": "14.62120", "2019-03-31": "15.95240", "2018-12-31": "14.03730", "2018-09-30": "16.89590", "2018-06-30": "15.00390", "2018-03-31": "15.65330", "2017-12-31": "14.86150", "2017-09-30": "13.95350", "2017-06-30": "12.36930", "2017-03-31": "12.80350", "2016-12-31": "14.71390", "2016-09-30": "14.46760", "2016-06-30": "13.83480", "2016-03-31": "13.83150", "2015-12-31": "13.31780", "2015-09-30": "15.36710", "2015-06-30": "15.72740", "2015-03-31": "16.72330", "2014-12-31": "15.68650", "2014-09-30": "15.84430", "2014-06-30": "15.70150", "2014-03-31": "18.08100", "2013-12-31": "19.05540", "2013-09-30": "17.66260", "2013-06-30": "19.20300", "2013-03-31": "18.34540", "2012-12-31": "17.03890", "2012-09-30": "16.23890", "2012-06-30": "15.74860", "2012-03-31": "15.74290", "2011-12-31": "13.63000", "2011-09-30": "13.05680", "2011-06-30": "13.91070", "2011-03-31": "14.99730", "2010-12-31": "11.89040", "2010-09-30": "13.69570", "2010-06-30": "14.43430", "2010-03-31": "14.95260", "2009-12-31": "13.65470", "2009-09-30": "14.28910", "2009-06-30": "14.35880", "2009-03-31": "14.60010", "2008-12-31": "13.34610", "2008-09-30": "15.47420", "2008-06-30": "16.98330", "2008-03-31": "17.51980", "2007-12-31": "16.26430", "2007-09-30": "17.64880", "2007-06-30": "18.66130", "2007-03-31": "18.64010", "2006-12-31": "16.47580", "2006-09-30": "17.85530", "2006-06-30": "16.88540", "2006-03-31": "18.07070", "2005-12-31": "17.25810", "2005-09-30": "18.22970", "2005-06-30": "17.83390", "2005-03-31": "19.57260"}, "ROE - Return On Equity": {"2020-09-30": "43.39730", "2020-06-30": "65.22560", "2020-03-31": "85.01520", "2019-12-31": "-350.84750", "2019-09-30": "265.62500", "2019-06-30": "-3009.09100", "2019-03-31": "-29.08810", "2018-12-31": "-192.30770", "2018-09-30": "-65.49300", "2018-06-30": "-63.98160", "2018-03-31": "-15.61890", "2017-12-31": "74.74360", "2017-09-30": "16.74270", "2017-06-30": "23.25710", "2017-03-31": "9.83510", "2016-12-31": "5.20480", "2016-09-30": "16.78430", "2016-06-30": "22.03150", "2016-03-31": "14.86200", "2015-12-31": "58.22540", "2015-09-30": "45.00270", "2015-06-30": "46.86470", "2015-03-31": "33.71930", "2014-12-31": "29.49040", "2014-09-30": "18.94990", "2014-06-30": "21.14540", "2014-03-31": "43.83560", "2013-12-31": "73.30650", "2013-09-30": "-3.64810", "2013-06-30": "-2.67770", "2013-03-31": "4.07120", "2012-12-31": "-3.29290", "2012-09-30": "3.22710", "2012-06-30": "2.68730", "2012-03-31": "19.11120", "2011-12-31": "15.39870", "2011-09-30": "3.35200", "2011-06-30": "6.34290", "2011-03-31": "11.04080", "2010-12-31": "2.48420", "2010-09-30": "-3.92530", "2010-06-30": "0.27990", "2010-03-31": "12.97530", "2009-12-31": "9.85960", "2009-09-30": "12.55680", "2009-06-30": "13.00000", "2009-03-31": "12.06180", "2008-12-31": "11.82280", "2008-09-30": "3.31910", "2008-06-30": "-88.01210", "2008-03-31": "-13.70030", "2007-12-31": "-4.40350", "2007-09-30": "21.16080", "2007-06-30": "51.96720", "2007-03-31": "35.84070", "2006-12-31": "-2.80530", "2006-09-30": "-2.91830", "2006-06-30": "-57.28350", "2006-03-31": "7.23270", "2005-12-31": "41.95800", "2005-09-30": "20.98770", "2005-06-30": "-9.43090", "2005-03-31": "23.24250"}, "Return On Tangible Equity": {"2020-09-30": "20.57810", "2020-06-30": "22.20430", "2020-03-31": "25.50650", "2019-12-31": "-6.57870", "2019-09-30": "-7.05280", "2019-06-30": "-10.64650", "2019-03-31": "-2.70390", "2018-12-31": "-5.08050", "2018-09-30": "-5.46580", "2018-06-30": "-7.81230", "2018-03-31": "-2.17750", "2017-12-31": "8.24140", "2017-09-30": "-28.04410", "2017-06-30": "-33.23080", "2017-03-31": "-11.84670", "2016-12-31": "-7.94680", "2016-09-30": "-39.01540", "2016-06-30": "-47.69080", "2016-03-31": "-43.29000", "2015-12-31": "-465.39010", "2015-09-30": "-65.36680", "2015-06-30": "-62.44050", "2015-03-31": "-25.83150", "2014-12-31": "-13.82830", "2014-09-30": "-66.19820", "2014-06-30": "-37.03390", "2014-03-31": "-9.03440", "2013-12-31": "21.93250", "2013-09-30": "-3.29340", "2013-06-30": "-2.42420", "2013-03-31": "3.69090", "2012-12-31": "-2.96970", "2012-09-30": "2.88480", "2012-06-30": "2.44690", "2012-03-31": "17.34040", "2011-12-31": "13.67900", "2011-09-30": "2.81980", "2011-06-30": "5.26900", "2011-03-31": "8.94540", "2010-12-31": "2.00940", "2010-09-30": "-3.10200", "2010-06-30": "0.22430", "2010-03-31": "10.36320", "2009-12-31": "7.68370", "2009-09-30": "9.08860", "2009-06-30": "9.51680", "2009-03-31": "8.90520", "2008-12-31": "8.58060", "2008-09-30": "-17.03300", "2008-06-30": "-272.06700", "2008-03-31": "-25.42880", "2007-12-31": "-7.79480", "2007-09-30": "-52.23880", "2007-06-30": "-56.60710", "2007-03-31": "-8.67240", "2006-12-31": "-0.95880", "2006-09-30": "-0.88860", "2006-06-30": "-17.22910", "2006-03-31": "3.73980", "2005-12-31": "22.86590", "2005-09-30": "7.92340", "2005-06-30": "-3.17980", "2005-03-31": "8.46840"}, "ROA - Return On Assets": {"2020-09-30": "-3.82170", "2020-06-30": "-3.20250", "2020-03-31": "-3.82550", "2019-12-31": "0.69010", "2019-09-30": "0.69470", "2019-06-30": "1.06830", "2019-03-31": "0.30430", "2018-12-31": "0.53650", "2018-09-30": "0.70680", "2018-06-30": "1.05660", "2018-03-31": "0.29840", "2017-12-31": "-1.10450", "2017-09-30": "1.26140", "2017-06-30": "1.61990", "2017-03-31": "0.64610", "2016-12-31": "0.38420", "2016-09-30": "1.44200", "2016-06-30": "1.86090", "2016-03-31": "1.40260", "2015-12-31": "6.77680", "2015-09-30": "3.47530", "2015-06-30": "3.55980", "2015-03-31": "1.99340", "2014-12-31": "1.37880", "2014-09-30": "2.13250", "2014-06-30": "1.92810", "2014-03-31": "1.09750", "2013-12-31": "-4.73530", "2013-09-30": "1.07920", "2013-06-30": "0.83920", "2013-03-31": "-1.42970", "2012-12-31": "1.11870", "2012-09-30": "-0.99470", "2012-06-30": "-0.97470", "2012-03-31": "-6.77250", "2011-12-31": "-4.59160", "2011-09-30": "-0.65540", "2011-06-30": "-1.10910", "2011-03-31": "-1.60810", "2010-12-31": "-0.39060", "2010-09-30": "0.56390", "2010-06-30": "-0.04250", "2010-03-31": "-1.97850", "2009-12-31": "-1.35230", "2009-09-30": "-1.39400", "2009-06-30": "-1.61570", "2009-03-31": "-1.52950", "2008-12-31": "-1.37840", "2008-09-30": "0.11500", "2008-06-30": "-5.05100", "2008-03-31": "-1.18540", "2007-12-31": "-0.40950", "2007-09-30": "0.59120", "2007-06-30": "1.04240", "2007-03-31": "0.27100", "2006-12-31": "0.05830", "2006-09-30": "0.04980", "2006-06-30": "0.94630", "2006-03-31": "-0.30750", "2005-12-31": "-2.03420", "2005-09-30": "-0.51980", "2005-06-30": "0.19670", "2005-03-31": "-0.55540"}, "ROI - Return On Investment": {"2020-09-30": "-9.77270", "2020-06-30": "-8.09670", "2020-03-31": "-11.83960", "2019-12-31": "1.94040", "2019-09-30": "1.95090", "2019-06-30": "3.04100", "2019-03-31": "0.92390", "2018-12-31": "1.54690", "2018-09-30": "1.71380", "2018-06-30": "2.64840", "2018-03-31": "0.75970", "2017-12-31": "-2.68280", "2017-09-30": "2.52630", "2017-06-30": "3.29270", "2017-03-31": "1.29350", "2016-12-31": "0.74980", "2016-09-30": "2.84160", "2016-06-30": "3.73380", "2016-03-31": "2.93570", "2015-12-31": "13.69080", "2015-09-30": "7.48750", "2015-06-30": "8.19700", "2015-03-31": "4.56820", "2014-12-31": "3.29940", "2014-09-30": "4.56790", "2014-06-30": "4.47880", "2014-03-31": "2.93780", "2013-12-31": "-15.86120", "2013-09-30": "22.47280", "2013-06-30": "159.42030", "2013-03-31": "25.16610", "2012-12-31": "-30.19520", "2012-09-30": "26.86230", "2012-06-30": "10.70160", "2012-03-31": "92.47910", "2011-12-31": "267.72620", "2011-09-30": "-3.03710", "2011-06-30": "-5.15970", "2011-03-31": "-7.02430", "2010-12-31": "-1.84630", "2010-09-30": "2.43610", "2010-06-30": "-0.19170", "2010-03-31": "-7.73590", "2009-12-31": "-4.84920", "2009-09-30": "-4.72240", "2009-06-30": "-6.65080", "2009-03-31": "-6.54110", "2008-12-31": "-5.71660", "2008-09-30": "0.29610", "2008-06-30": "-13.29270", "2008-03-31": "-2.87420", "2007-12-31": "-0.91760", "2007-09-30": "1.54100", "2007-06-30": "2.67470", "2007-03-31": "0.69250", "2006-12-31": "0.14870", "2006-09-30": "0.12610", "2006-06-30": "2.33550", "2006-03-31": "-0.77360", "2005-12-31": "-4.98920", "2005-09-30": "-1.22380", "2005-06-30": "0.45640", "2005-03-31": "-1.27780"}, "Book Value Per Share": {"2020-09-30": "-10.86900", "2020-06-30": "-6.23140", "2020-03-31": "-6.23330", "2019-12-31": "-0.27560", "2019-09-30": "0.36530", "2019-06-30": "-0.04940", "2019-03-31": "-1.43170", "2018-12-31": "-0.36690", "2018-09-30": "-1.23330", "2018-06-30": "-1.88710", "2018-03-31": "-2.17810", "2017-12-31": "-1.64040", "2017-09-30": "8.22500", "2017-06-30": "7.61800", "2017-03-31": "6.97330", "2016-12-31": "7.46120", "2016-09-30": "8.45790", "2016-06-30": "8.02770", "2016-03-31": "8.04220", "2015-12-31": "9.02150", "2015-09-30": "5.87710", "2015-06-30": "5.36050", "2015-03-31": "3.98390", "2014-12-31": "2.89760", "2014-09-30": "6.93060", "2014-06-30": "5.67100", "2014-03-31": "1.68470", "2013-12-31": "-5.18410", "2013-09-30": "-23.60560", "2013-06-30": "-24.48700", "2013-03-31": "-24.98270", "2012-12-31": "-65.73120", "2012-09-30": "-21.99710", "2012-06-30": "-26.74850", "2012-03-31": "-25.90730", "2011-12-31": "-21.21000", "2011-09-30": "-14.41710", "2011-06-30": "-13.45140", "2011-03-31": "-11.84240", "2010-12-31": "-11.83090", "2010-09-30": "-10.93060", "2010-06-30": "-11.80000", "2010-03-31": "-11.69780", "2009-12-31": "-10.48930", "2009-09-30": "-8.59960", "2009-06-30": "-10.71840", "2009-03-31": "-10.91060", "2008-12-31": "-10.52170", "2008-09-30": "3.35060", "2008-06-30": "6.60970", "2008-03-31": "9.97770", "2007-12-31": "10.65370", "2007-09-30": "3.32370", "2007-06-30": "2.46090", "2007-03-31": "0.93940", "2006-12-31": "-2.72700", "2006-09-30": "-2.39720", "2006-06-30": "-2.38480", "2006-03-31": "-6.71640", "2005-12-31": "-7.82570", "2005-09-30": "-4.41640", "2005-06-30": "-3.75680", "2005-03-31": "-4.31870"}, "Operating Cash Flow Per Share": {"2020-09-30": -4.7199, "2020-06-30": -2.1147, "2020-03-31": "-0.39460", "2019-12-31": 1.3199, "2019-09-30": 1.9102, "2019-06-30": 1.7159, "2019-03-31": "3.64110", "2018-12-31": 1.4832, "2018-09-30": -0.1249, "2018-06-30": 2.4361, "2018-03-31": "3.79270", "2017-12-31": 0.7975, "2017-09-30": 0.8624, "2017-06-30": 3.5575, "2017-03-31": "4.43090", "2016-12-31": 0.5739, "2016-09-30": 2.6195, "2016-06-30": 4.2537, "2016-03-31": "4.28460", "2015-12-31": 0.2466, "2015-09-30": 2.0035, "2015-06-30": 3.3626, "2015-03-31": "3.47870", "2014-12-31": 1.1003, "2014-09-30": -0.4931, "2014-06-30": 1.8947, "2014-03-31": "1.69420", "2013-12-31": -4.1197, "2013-09-30": 0.047, "2013-06-30": 3.6759, "2013-03-31": "2.80570", "2012-12-31": 0.4729, "2012-09-30": -0.4627, "2012-06-30": 1.9552, "2012-03-31": "3.18510", "2011-12-31": 4.9119, "2011-09-30": -0.9165, "2011-06-30": -0.1768, "2011-03-31": "2.12610", "2010-12-31": 0.9246, "2010-09-30": -0.7204, "2010-06-30": 2.1531, "2010-03-31": "1.36940", "2009-12-31": -0.0858, "2009-09-30": -0.1009, "2009-06-30": 1.7048, "2009-03-31": "1.64520", "2008-12-31": -5.2703, "2008-09-30": -4.7095, "2008-06-30": 2.7944, "2008-03-31": "1.80320", "2007-12-31": 0.7639, "2007-09-30": 0.6539, "2007-06-30": 2.8026, "2007-03-31": "3.02680", "2006-12-31": 0.0493, "2006-09-30": 1.1465, "2006-06-30": 1.907, "2006-03-31": "4.24190", "2005-12-31": -0.0866, "2005-09-30": 1.3668, "2005-06-30": 2.0377, "2005-03-31": "2.88820"}, "Free Cash Flow Per Share": {"2020-09-30": -5.2521, "2020-06-30": -2.7423, "2020-03-31": "-2.29730", "2019-12-31": -1.1874, "2019-09-30": 0.103, "2019-06-30": -0.5922, "2019-03-31": "0.77850", "2018-12-31": -2.2559, "2018-09-30": -1.0194, "2018-06-30": 0.8608, "2018-03-31": "2.19760", "2017-12-31": -3.4859, "2017-09-30": -0.9626, "2017-06-30": 1.0256, "2017-03-31": "1.11860", "2016-12-31": -1.5393, "2016-09-30": 0.0066, "2016-06-30": 1.4386, "2016-03-31": "1.74490", "2015-12-31": -1.8969, "2015-09-30": -0.346, "2015-06-30": 0.9174, "2015-03-31": "1.51900", "2014-12-31": -0.674, "2014-09-30": -2.2769, "2014-06-30": -0.3296, "2014-03-31": "0.28600", "2013-12-31": -6.5658, "2013-09-30": -2.0004, "2013-06-30": 0.9562, "2013-03-31": "-0.63730", "2012-12-31": -3.3329, "2012-09-30": -1.7134, "2012-06-30": 0.612, "2012-03-31": "2.51040", "2011-12-31": -4.2942, "2011-09-30": -2.3522, "2011-06-30": -1.3524, "2011-03-31": "1.03000", "2010-12-31": -1.3563, "2010-09-30": -2.1212, "2010-06-30": 0.9069, "2010-03-31": "0.41740", "2009-12-31": -1.1763, "2009-09-30": -1.7933, "2009-06-30": 0.1677, "2009-03-31": "1.05020", "2008-12-31": -4.303, "2008-09-30": -5.3572, "2008-06-30": 1.8092, "2008-03-31": "0.93980", "2007-12-31": 0.5703, "2007-09-30": 0.1677, "2007-06-30": 2.2293, "2007-03-31": "2.45970", "2006-12-31": -0.3507, "2006-09-30": 0.6139, "2006-06-30": 1.5444, "2006-03-31": "3.71510", "2005-12-31": -0.5508, "2005-09-30": 0.1035, "2005-06-30": 1.3648, "2005-03-31": "1.40370"}}, "revenue": {"American Airlines Group Annual Revenue (Millions of US $)": {"2020": "$17,337", "2019": "$45,768", "2018": "$44,541", "2017": "$42,622", "2016": "$40,142", "2015": "$40,990", "2014": "$42,650", "2013": "$26,743", "2012": "$24,855", "2011": "$23,979", "2010": "$22,170", "2009": "$19,917", "2008": "$23,766", "2007": "$22,935", "2006": "$22,563", "2005": "$20,712"}, "American Airlines Group Quarterly Revenue (Millions of US $)": {"2020-12-31": "$4,027", "2020-09-30": "$3,173", "2020-06-30": "$1,622", "2020-03-31": "$8,515", "2019-12-31": "$11,313", "2019-09-30": "$11,911", "2019-06-30": "$11,960", "2019-03-31": "$10,584", "2018-12-31": "$10,938", "2018-09-30": "$11,559", "2018-06-30": "$11,643", "2018-03-31": "$10,401", "2017-12-31": "$10,610", "2017-09-30": "$10,965", "2017-06-30": "$11,227", "2017-03-31": "$9,820", "2016-12-31": "$9,750", "2016-09-30": "$10,594", "2016-06-30": "$10,363", "2016-03-31": "$9,435", "2015-12-31": "$9,630", "2015-09-30": "$10,706", "2015-06-30": "$10,827", "2015-03-31": "$9,827", "2014-12-31": "$10,161", "2014-09-30": "$11,139", "2014-06-30": "$11,355", "2014-03-31": "$9,995", "2013-12-31": "$7,368", "2013-09-30": "$6,828", "2013-06-30": "$6,449", "2013-03-31": "$6,098", "2012-12-31": "$5,937", "2012-09-30": "$6,429", "2012-06-30": "$6,452", "2012-03-31": "$6,037", "2011-12-31": "$5,956", "2011-09-30": "$6,376", "2011-06-30": "$6,114", "2011-03-31": "$5,533", "2010-12-31": "$5,586", "2010-09-30": "$5,842", "2010-06-30": "$5,674", "2010-03-31": "$5,068", "2009-12-31": "$5,062", "2009-09-30": "$5,127", "2009-06-30": "$4,889", "2009-03-31": "$4,839", "2008-12-31": "$5,469", "2008-09-30": "$6,421", "2008-06-30": "$6,179", "2008-03-31": "$5,697", "2007-12-31": "$5,683", "2007-09-30": "$5,946", "2007-06-30": "$5,879", "2007-03-31": "$5,427", "2006-12-31": "$5,397", "2006-09-30": "$5,847", "2006-06-30": "$5,975", "2006-03-31": "$5,344", "2005-12-31": "$5,168", "2005-09-30": "$5,485", "2005-06-30": "$5,309", "2005-03-31": "$4,750"}}, "gross-profit": {"American Airlines Group Annual Gross Profit (Millions of US $)": {"2020": "$-5,556", "2019": "$12,371", "2018": "$11,890", "2017": "$13,032", "2016": "$13,251", "2015": "$14,387", "2014": "$12,006", "2013": "$6,938", "2012": "$5,111", "2011": "$4,373", "2010": "$4,130", "2009": "$3,079", "2008": "$3,555", "2007": "$5,007", "2006": "$4,904", "2005": "$3,884"}, "American Airlines Group Quarterly Gross Profit (Millions of US $)": {"2020-12-31": "$-1,372", "2020-09-30": "$-1,939", "2020-06-30": "$-2,870", "2020-03-31": "$625", "2019-12-31": "$3,027", "2019-09-30": "$3,295", "2019-06-30": "$3,435", "2019-03-31": "$2,614", "2018-12-31": "$2,856", "2018-09-30": "$3,015", "2018-06-30": "$3,341", "2018-03-31": "$2,678", "2017-12-31": "$3,005", "2017-09-30": "$3,449", "2017-06-30": "$3,819", "2017-03-31": "$2,759", "2016-12-31": "$2,780", "2016-09-30": "$3,648", "2016-06-30": "$3,648", "2016-03-31": "$3,175", "2015-12-31": "$3,300", "2015-09-30": "$3,995", "2015-06-30": "$3,863", "2015-03-31": "$3,229", "2014-12-31": "$2,987", "2014-09-30": "$3,239", "2014-06-30": "$3,438", "2014-03-31": "$2,342", "2013-12-31": "$1,913", "2013-09-30": "$1,953", "2013-06-30": "$1,734", "2013-03-31": "$1,338", "2012-12-31": "$1,737", "2012-09-30": "$1,237", "2012-06-30": "$1,252", "2012-03-31": "$885", "2011-12-31": "$1,648", "2011-09-30": "$1,050", "2011-06-30": "$900", "2011-03-31": "$775", "2010-12-31": "$1,048", "2010-09-30": "$1,275", "2010-06-30": "$1,099", "2010-03-31": "$708", "2009-12-31": "$737", "2009-09-30": "$824", "2009-06-30": "$749", "2009-03-31": "$769", "2008-12-31": "$862", "2008-09-30": "$897", "2008-06-30": "$940", "2008-03-31": "$856", "2007-12-31": "$996", "2007-09-30": "$1,323", "2007-06-30": "$1,446", "2007-03-31": "$1,242", "2006-12-31": "$1,160", "2006-09-30": "$1,242", "2006-06-30": "$1,451", "2006-03-31": "$1,051", "2005-12-31": "$745", "2005-09-30": "$1,057", "2005-06-30": "$1,152", "2005-03-31": "$930"}}, "operating-income": {"American Airlines Group Annual Operating Income (Millions of US $)": {"2020": "$-10,421", "2019": "$3,065", "2018": "$2,656", "2017": "$4,231", "2016": "$5,060", "2015": "$6,204", "2014": "$4,249", "2013": "$1,399", "2012": "$148", "2011": "$-1,037", "2010": "$308", "2009": "$-1,004", "2008": "$-1,889", "2007": "$965", "2006": "$1,060", "2005": "$-89"}, "American Airlines Group Quarterly Operating Income (Millions of US $)": {"2020-12-31": "$-2,515", "2020-09-30": "$-2,871", "2020-06-30": "$-2,486", "2020-03-31": "$-2,549", "2019-12-31": "$729", "2019-09-30": "$808", "2019-06-30": "$1,153", "2019-03-31": "$375", "2018-12-31": "$571", "2018-09-30": "$685", "2018-06-30": "$1,004", "2018-03-31": "$396", "2017-12-31": "$639", "2017-09-30": "$1,256", "2017-06-30": "$1,599", "2017-03-31": "$737", "2016-12-31": "$543", "2016-09-30": "$1,431", "2016-06-30": "$1,751", "2016-03-31": "$1,335", "2015-12-31": "$1,068", "2015-09-30": "$1,999", "2015-06-30": "$1,921", "2015-03-31": "$1,216", "2014-12-31": "$860", "2014-09-30": "$1,260", "2014-06-30": "$1,399", "2014-03-31": "$730", "2013-12-31": "$115", "2013-09-30": "$701", "2013-06-30": "$512", "2013-03-31": "$71", "2012-12-31": "$44", "2012-09-30": "$51", "2012-06-30": "$142", "2012-03-31": "$-89", "2011-12-31": "$-766", "2011-09-30": "$39", "2011-06-30": "$-78", "2011-03-31": "$-232", "2010-12-31": "$68", "2010-09-30": "$342", "2010-06-30": "$196", "2010-03-31": "$-298", "2009-12-31": "$-390", "2009-09-30": "$-194", "2009-06-30": "$-226", "2009-03-31": "$-194", "2008-12-31": "$-196", "2008-09-30": "$-216", "2008-06-30": "$-1,290", "2008-03-31": "$-187", "2007-12-31": "$-69", "2007-09-30": "$319", "2007-06-30": "$467", "2007-03-31": "$248", "2006-12-31": "$185", "2006-09-30": "$284", "2006-06-30": "$476", "2006-03-31": "$115", "2005-12-31": "$-380", "2005-09-30": "$39", "2005-06-30": "$229", "2005-03-31": "$23"}}, "ebitda": {"American Airlines Group Annual EBITDA (Millions of US $)": {"2019": "$5,383", "2018": "$4,815", "2017": "$6,248", "2016": "$6,759", "2015": "$7,691", "2014": "$5,591", "2013": "$2,419", "2012": "$1,149", "2011": "$38", "2010": "$1,401", "2009": "$100", "2008": "$-682", "2007": "$2,167", "2006": "$2,217", "2005": "$1,075"}, "American Airlines Group Quarterly EBITDA (Millions of US $)": {"2020-09-30": "$-2,871", "2020-06-30": "$-2,486", "2020-03-31": "$-2,549", "2019-12-31": "$729", "2019-09-30": "$808", "2019-06-30": "$1,153", "2019-03-31": "$375", "2018-12-31": "$571", "2018-09-30": "$685", "2018-06-30": "$1,004", "2018-03-31": "$396", "2017-12-31": "$639", "2017-09-30": "$1,256", "2017-06-30": "$1,599", "2017-03-31": "$737", "2016-12-31": "$543", "2016-09-30": "$1,431", "2016-06-30": "$1,751", "2016-03-31": "$1,335", "2015-12-31": "$1,068", "2015-09-30": "$1,999", "2015-06-30": "$1,921", "2015-03-31": "$1,216", "2014-12-31": "$860", "2014-09-30": "$1,260", "2014-06-30": "$1,399", "2014-03-31": "$730", "2013-12-31": "$115", "2013-09-30": "$701", "2013-06-30": "$512", "2013-03-31": "$71", "2012-12-31": "$44", "2012-09-30": "$51", "2012-06-30": "$142", "2012-03-31": "$-89", "2011-12-31": "$-766", "2011-09-30": "$39", "2011-06-30": "$-78", "2011-03-31": "$-232", "2010-12-31": "$68", "2010-09-30": "$342", "2010-06-30": "$196", "2010-03-31": "$-298", "2009-12-31": "$-390", "2009-09-30": "$-194", "2009-06-30": "$-226", "2009-03-31": "$-194", "2008-12-31": "$-196", "2008-09-30": "$-216", "2008-06-30": "$-1,290", "2008-03-31": "$-187", "2007-12-31": "$-69", "2007-09-30": "$319", "2007-06-30": "$467", "2007-03-31": "$248", "2006-12-31": "$185", "2006-09-30": "$284", "2006-06-30": "$476", "2006-03-31": "$115", "2005-12-31": "$-380", "2005-09-30": "$39", "2005-06-30": "$229", "2005-03-31": "$23"}}, "net-income": {"American Airlines Group Annual Net Income (Millions of US $)": {"2020": "$-8,885", "2019": "$1,686", "2018": "$1,412", "2017": "$1,282", "2016": "$2,584", "2015": "$7,610", "2014": "$2,882", "2013": "$-1,834", "2012": "$-1,876", "2011": "$-1,979", "2010": "$-471", "2009": "$-1,468", "2008": "$-2,118", "2007": "$456", "2006": "$231", "2005": "$-857"}, "American Airlines Group Quarterly Net Income (Millions of US $)": {"2020-12-31": "$-2,178", "2020-09-30": "$-2,399", "2020-06-30": "$-2,067", "2020-03-31": "$-2,241", "2019-12-31": "$414", "2019-09-30": "$425", "2019-06-30": "$662", "2019-03-31": "$185", "2018-12-31": "$325", "2018-09-30": "$372", "2018-06-30": "$556", "2018-03-31": "$159", "2017-12-31": "$-583", "2017-09-30": "$661", "2017-06-30": "$864", "2017-03-31": "$340", "2016-12-31": "$197", "2016-09-30": "$737", "2016-06-30": "$950", "2016-03-31": "$700", "2015-12-31": "$3,281", "2015-09-30": "$1,693", "2015-06-30": "$1,704", "2015-03-31": "$932", "2014-12-31": "$596", "2014-09-30": "$942", "2014-06-30": "$864", "2014-03-31": "$480", "2013-12-31": "$-2,002", "2013-09-30": "$289", "2013-06-30": "$220", "2013-03-31": "$-341", "2012-12-31": "$263", "2012-09-30": "$-238", "2012-06-30": "$-241", "2012-03-31": "$-1,660", "2011-12-31": "$-1,095", "2011-09-30": "$-162", "2011-06-30": "$-286", "2011-03-31": "$-436", "2010-12-31": "$-98", "2010-09-30": "$143", "2010-06-30": "$-11", "2010-03-31": "$-505", "2009-12-31": "$-344", "2009-09-30": "$-359", "2009-06-30": "$-390", "2009-03-31": "$-375", "2008-12-31": "$-347", "2008-09-30": "$31", "2008-06-30": "$-1,461", "2008-03-31": "$-341", "2007-12-31": "$-117", "2007-09-30": "$175", "2007-06-30": "$317", "2007-03-31": "$81", "2006-12-31": "$17", "2006-09-30": "$15", "2006-06-30": "$291", "2006-03-31": "$-92", "2005-12-31": "$-600", "2005-09-30": "$-153", "2005-06-30": "$58", "2005-03-31": "$-162"}}, "eps-earnings-per-share-diluted": {"American Airlines Group Annual EPS": {"2020": "$-18.36", "2019": "$3.79", "2018": "$3.03", "2017": "$2.61", "2016": "$4.65", "2015": "$11.07", "2014": "$3.93", "2013": "$-6.54", "2012": "$-7.52", "2011": "$-15.83", "2010": "$-1.41", "2009": "$-4.99", "2008": "$-8.16", "2007": "$1.71", "2006": "$0.98", "2005": "$-5.18"}, "American Airlines Group Quarterly EPS": {"2020-12-31": "$-3.81", "2020-09-30": "$-4.71", "2020-06-30": "$-4.82", "2020-03-31": "$-5.26", "2019-12-31": "$0.93", "2019-09-30": "$0.96", "2019-06-30": "$1.49", "2019-03-31": "$0.41", "2018-12-31": "$0.68", "2018-09-30": "$0.81", "2018-06-30": "$1.20", "2018-03-31": "$0.34", "2017-12-31": "$-1.17", "2017-09-30": "$1.36", "2017-06-30": "$1.75", "2017-03-31": "$0.67", "2016-12-31": "$0.43", "2016-09-30": "$1.40", "2016-06-30": "$1.68", "2016-03-31": "$1.14", "2015-12-31": "$4.87", "2015-09-30": "$2.49", "2015-06-30": "$2.41", "2015-03-31": "$1.30", "2014-12-31": "$0.83", "2014-09-30": "$1.28", "2014-06-30": "$1.17", "2014-03-31": "$0.65", "2013-12-31": "$-6.98", "2013-09-30": "$1.02", "2013-06-30": "$0.79", "2013-03-31": "$-1.37", "2012-12-31": "$-1.14", "2012-09-30": "$-0.71", "2012-06-30": "$-0.72", "2012-03-31": "$-4.95", "2011-12-31": "$-13.19", "2011-09-30": "$-0.48", "2011-06-30": "$-0.85", "2011-03-31": "$-1.31", "2010-12-31": "$-0.25", "2010-09-30": "$0.39", "2010-06-30": "$-0.03", "2010-03-31": "$-1.52", "2009-12-31": "$-0.99", "2009-09-30": "$-1.26", "2009-06-30": "$-1.39", "2009-03-31": "$-1.35", "2008-12-31": "$-1.08", "2008-09-30": "$0.12", "2008-06-30": "$-5.83", "2008-03-31": "$-1.37", "2007-12-31": "$-0.28", "2007-09-30": "$0.61", "2007-06-30": "$1.08", "2007-03-31": "$0.30", "2006-12-31": "$0.27", "2006-09-30": "$0.06", "2006-06-30": "$1.14", "2006-03-31": "$-0.49", "2005-12-31": "$-3.55", "2005-09-30": "$-0.93", "2005-06-30": "$0.30", "2005-03-31": "$-1.00"}}, "shares-outstanding": {"American Airlines Group Annual Shares Outstanding (Millions of Shares)": {"2020": "484", "2019": "444", "2018": "466", "2017": "492", "2016": "556", "2015": "687", "2014": "734", "2013": "280", "2012": "249", "2011": "125", "2010": "333", "2009": "294", "2008": "259", "2007": "267", "2006": "264", "2005": "165"}, "American Airlines Group Quarterly Shares Outstanding (Millions of Shares)": {"2020-12-31": "572", "2020-09-30": "509", "2020-06-30": "429", "2020-03-31": "426", "2019-12-31": "444", "2019-09-30": "442", "2019-06-30": "446", "2019-03-31": "453", "2018-12-31": "466", "2018-09-30": "462", "2018-06-30": "465", "2018-03-31": "475", "2017-12-31": "492", "2017-09-30": "487", "2017-06-30": "493", "2017-03-31": "508", "2016-12-31": "556", "2016-09-30": "529", "2016-06-30": "566", "2016-03-31": "611", "2015-12-31": "687", "2015-09-30": "681", "2015-06-30": "708", "2015-03-31": "717", "2014-12-31": "734", "2014-09-30": "735", "2014-06-30": "735", "2014-03-31": "741", "2013-12-31": "280", "2013-09-30": "289", "2013-06-30": "289", "2013-03-31": "249", "2012-12-31": "249", "2012-09-30": "335", "2012-06-30": "335", "2012-03-31": "335", "2011-12-31": "125", "2011-09-30": "335", "2011-06-30": "335", "2011-03-31": "333", "2010-12-31": "333", "2010-09-30": "389", "2010-06-30": "333", "2010-03-31": "333", "2009-12-31": "294", "2009-09-30": "285", "2009-06-30": "280", "2009-03-31": "279", "2008-12-31": "259", "2008-09-30": "268", "2008-06-30": "251", "2008-03-31": "249", "2007-12-31": "267", "2007-09-30": "300", "2007-06-30": "299", "2007-03-31": "298", "2006-12-31": "264", "2006-09-30": "237", "2006-06-30": "262", "2006-03-31": "186", "2005-12-31": "165", "2005-09-30": "164", "2005-06-30": "216", "2005-03-31": "161"}}, "total-assets": {"American Airlines Group Annual Total Assets (Millions of US $)": {"2019": "$59,995", "2018": "$60,580", "2017": "$52,785", "2016": "$51,274", "2015": "$48,415", "2014": "$43,225", "2013": "$42,278", "2012": "$23,510", "2011": "$23,848", "2010": "$25,088", "2009": "$25,438", "2008": "$25,175", "2007": "$28,571", "2006": "$29,145", "2005": "$29,495"}, "American Airlines Group Quarterly Total Assets (Millions of US $)": {"2020-09-30": "$62,773", "2020-06-30": "$64,544", "2020-03-31": "$58,580", "2019-12-31": "$59,995", "2019-09-30": "$61,175", "2019-06-30": "$61,967", "2019-03-31": "$60,787", "2018-12-31": "$60,580", "2018-09-30": "$52,635", "2018-06-30": "$52,622", "2018-03-31": "$53,280", "2017-12-31": "$52,785", "2017-09-30": "$52,401", "2017-06-30": "$53,336", "2017-03-31": "$52,627", "2016-12-31": "$51,274", "2016-09-30": "$51,108", "2016-06-30": "$51,051", "2016-03-31": "$49,909", "2015-12-31": "$48,415", "2015-09-30": "$48,715", "2015-06-30": "$47,868", "2015-03-31": "$46,754", "2014-12-31": "$43,225", "2014-09-30": "$44,173", "2014-06-30": "$44,811", "2014-03-31": "$43,737", "2013-12-31": "$42,278", "2013-09-30": "$26,780", "2013-06-30": "$26,216", "2013-03-31": "$23,852", "2012-12-31": "$23,510", "2012-09-30": "$23,927", "2012-06-30": "$24,726", "2012-03-31": "$24,511", "2011-12-31": "$23,848", "2011-09-30": "$24,719", "2011-06-30": "$25,787", "2011-03-31": "$27,113", "2010-12-31": "$25,088", "2010-09-30": "$25,357", "2010-06-30": "$25,885", "2010-03-31": "$25,525", "2009-12-31": "$25,438", "2009-09-30": "$25,754", "2009-06-30": "$24,138", "2009-03-31": "$24,518", "2008-12-31": "$25,175", "2008-09-30": "$26,950", "2008-06-30": "$28,925", "2008-03-31": "$28,766", "2007-12-31": "$28,571", "2007-09-30": "$29,599", "2007-06-30": "$30,410", "2007-03-31": "$29,884", "2006-12-31": "$29,145", "2006-09-30": "$30,128", "2006-06-30": "$30,752", "2006-03-31": "$29,918", "2005-12-31": "$29,495", "2005-09-30": "$29,436", "2005-06-30": "$29,494", "2005-03-31": "$29,167"}}, "cash-on-hand": {"American Airlines Group Annual Cash on Hand (Millions of US $)": {"2019": "$3,984", "2018": "$4,914", "2017": "$5,384", "2016": "$6,997", "2015": "$6,949", "2014": "$8,077", "2013": "$10,286", "2012": "$4,742", "2011": "$4,739", "2010": "$4,946", "2009": "$4,859", "2008": "$3,566", "2007": "$4,963", "2006": "$5,183", "2005": "$4,324"}, "American Airlines Group Quarterly Cash on Hand (Millions of US $)": {"2020-09-30": "$8,792", "2020-06-30": "$10,352", "2020-03-31": "$3,733", "2019-12-31": "$3,984", "2019-09-30": "$5,326", "2019-06-30": "$5,564", "2019-03-31": "$4,505", "2018-12-31": "$4,914", "2018-09-30": "$5,009", "2018-06-30": "$4,857", "2018-03-31": "$5,585", "2017-12-31": "$5,384", "2017-09-30": "$6,161", "2017-06-30": "$7,440", "2017-03-31": "$7,219", "2016-12-31": "$6,997", "2016-09-30": "$7,390", "2016-06-30": "$7,758", "2016-03-31": "$7,621", "2015-12-31": "$6,949", "2015-09-30": "$9,583", "2015-06-30": "$9,666", "2015-03-31": "$9,930", "2014-12-31": "$8,077", "2014-09-30": "$8,774", "2014-06-30": "$10,341", "2014-03-31": "$10,611", "2013-12-31": "$10,286", "2013-09-30": "$7,698", "2013-06-30": "$7,073", "2013-03-31": "$5,097", "2012-12-31": "$4,742", "2012-09-30": "$5,073", "2012-06-30": "$5,752", "2012-03-31": "$5,590", "2011-12-31": "$4,739", "2011-09-30": "$4,770", "2011-06-30": "$5,633", "2011-03-31": "$6,254", "2010-12-31": "$4,946", "2010-09-30": "$5,004", "2010-06-30": "$5,545", "2010-03-31": "$5,006", "2009-12-31": "$4,859", "2009-09-30": "$4,571", "2009-06-30": "$3,268", "2009-03-31": "$3,326", "2008-12-31": "$3,566", "2008-09-30": "$5,077", "2008-06-30": "$5,503", "2008-03-31": "$4,945", "2007-12-31": "$4,963", "2007-09-30": "$5,837", "2007-06-30": "$6,370", "2007-03-31": "$5,854", "2006-12-31": "$5,183", "2006-09-30": "$5,518", "2006-06-30": "$5,678", "2006-03-31": "$4,778", "2005-12-31": "$4,324", "2005-09-30": "$3,911", "2005-06-30": "$3,891", "2005-03-31": "$3,543"}}, "long-term-debt": {"American Airlines Group Annual Long Term Debt (Millions of US $)": {"2019": "$21,454", "2018": "$21,179", "2017": "$22,511", "2016": "$22,489", "2015": "$18,330", "2014": "$16,043", "2013": "$15,353", "2012": "$7,116", "2011": "$6,702", "2010": "$9,253", "2009": "$10,583", "2008": "$9,005", "2007": "$10,093", "2006": "$12,041", "2005": "$13,456"}, "American Airlines Group Quarterly Long Term Debt (Millions of US $)": {"2020-09-30": "$30,076", "2020-06-30": "$28,698", "2020-03-31": "$21,564", "2019-12-31": "$21,454", "2019-09-30": "$21,625", "2019-06-30": "$21,791", "2019-03-31": "$20,660", "2018-12-31": "$21,179", "2018-09-30": "$22,274", "2018-06-30": "$21,863", "2018-03-31": "$21,946", "2017-12-31": "$22,511", "2017-09-30": "$22,217", "2017-06-30": "$22,525", "2017-03-31": "$22,829", "2016-12-31": "$22,489", "2016-09-30": "$21,545", "2016-06-30": "$21,131", "2016-03-31": "$19,134", "2015-12-31": "$18,330", "2015-09-30": "$18,849", "2015-06-30": "$17,152", "2015-03-31": "$17,638", "2014-12-31": "$16,043", "2014-09-30": "$15,651", "2014-06-30": "$15,205", "2014-03-31": "$15,244", "2013-12-31": "$15,353", "2013-09-30": "$9,208", "2013-06-30": "$8,354", "2013-03-31": "$7,021", "2012-12-31": "$7,116", "2012-09-30": "$6,489", "2012-06-30": "$6,716", "2012-03-31": "$6,891", "2011-12-31": "$6,702", "2011-09-30": "$10,167", "2011-06-30": "$10,052", "2011-03-31": "$10,156", "2010-12-31": "$9,253", "2010-09-30": "$9,513", "2010-06-30": "$9,668", "2010-03-31": "$10,420", "2009-12-31": "$10,583", "2009-09-30": "$10,461", "2009-06-30": "$8,864", "2009-03-31": "$8,842", "2008-12-31": "$9,005", "2008-09-30": "$9,536", "2008-06-30": "$9,331", "2008-03-31": "$9,375", "2007-12-31": "$10,093", "2007-09-30": "$10,528", "2007-06-30": "$11,242", "2007-03-31": "$11,471", "2006-12-31": "$12,041", "2006-09-30": "$12,407", "2006-06-30": "$12,968", "2006-03-31": "$13,165", "2005-12-31": "$13,456", "2005-09-30": "$13,231", "2005-06-30": "$13,322", "2005-03-31": "$13,375"}}, "total-liabilities": {"American Airlines Group Annual Total Liabilities (Millions of US $)": {"2019": "$60,113", "2018": "$60,749", "2017": "$53,565", "2016": "$47,489", "2015": "$42,780", "2014": "$41,204", "2013": "$45,009", "2012": "$31,497", "2011": "$30,959", "2010": "$29,033", "2009": "$28,927", "2008": "$28,110", "2007": "$25,914", "2006": "$29,751", "2005": "$30,925"}, "American Airlines Group Quarterly Total Liabilities (Millions of US $)": {"2020-09-30": "$68,301", "2020-06-30": "$67,713", "2020-03-31": "$61,216", "2019-12-31": "$60,113", "2019-09-30": "$61,015", "2019-06-30": "$61,989", "2019-03-31": "$61,423", "2018-12-31": "$60,749", "2018-09-30": "$53,203", "2018-06-30": "$53,491", "2018-03-31": "$54,298", "2017-12-31": "$53,565", "2017-09-30": "$48,453", "2017-06-30": "$49,621", "2017-03-31": "$49,170", "2016-12-31": "$47,489", "2016-09-30": "$46,717", "2016-06-30": "$46,739", "2016-03-31": "$45,199", "2015-12-31": "$42,780", "2015-09-30": "$44,953", "2015-06-30": "$44,232", "2015-03-31": "$43,990", "2014-12-31": "$41,204", "2014-09-30": "$39,202", "2014-06-30": "$40,725", "2014-03-31": "$42,642", "2013-12-31": "$45,009", "2013-09-30": "$34,702", "2013-06-30": "$34,432", "2013-03-31": "$32,228", "2012-12-31": "$31,497", "2012-09-30": "$31,302", "2012-06-30": "$33,694", "2012-03-31": "$33,197", "2011-12-31": "$30,959", "2011-09-30": "$29,552", "2011-06-30": "$30,296", "2011-03-31": "$31,062", "2010-12-31": "$29,033", "2010-09-30": "$29,000", "2010-06-30": "$29,815", "2010-03-31": "$29,417", "2009-12-31": "$28,927", "2009-09-30": "$28,613", "2009-06-30": "$27,138", "2009-03-31": "$27,627", "2008-12-31": "$28,110", "2008-09-30": "$26,016", "2008-06-30": "$27,265", "2008-03-31": "$26,277", "2007-12-31": "$25,914", "2007-09-30": "$28,771", "2007-06-30": "$29,800", "2007-03-31": "$29,658", "2006-12-31": "$29,751", "2006-09-30": "$30,642", "2006-06-30": "$31,260", "2006-03-31": "$31,190", "2005-12-31": "$30,925", "2005-09-30": "$30,165", "2005-06-30": "$30,109", "2005-03-31": "$29,864"}}, "total-share-holder-equity": {"American Airlines Group Annual Share Holder Equity (Millions of US $)": {"2019": "$-118", "2018": "$-169", "2017": "$-780", "2016": "$3,785", "2015": "$5,635", "2014": "$2,021", "2013": "$-2,731", "2012": "$-7,987", "2011": "$-7,111", "2010": "$-3,945", "2009": "$-3,489", "2008": "$-2,935", "2007": "$2,657", "2006": "$-606", "2005": "$-1,430"}, "American Airlines Group Quarterly Share Holder Equity (Millions of US $)": {"2020-09-30": "$-5,528", "2020-06-30": "$-3,169", "2020-03-31": "$-2,636", "2019-12-31": "$-118", "2019-09-30": "$160", "2019-06-30": "$-22", "2019-03-31": "$-636", "2018-12-31": "$-169", "2018-09-30": "$-568", "2018-06-30": "$-869", "2018-03-31": "$-1,018", "2017-12-31": "$-780", "2017-09-30": "$3,948", "2017-06-30": "$3,715", "2017-03-31": "$3,457", "2016-12-31": "$3,785", "2016-09-30": "$4,391", "2016-06-30": "$4,312", "2016-03-31": "$4,710", "2015-12-31": "$5,635", "2015-09-30": "$3,762", "2015-06-30": "$3,636", "2015-03-31": "$2,764", "2014-12-31": "$2,021", "2014-09-30": "$4,971", "2014-06-30": "$4,086", "2014-03-31": "$1,095", "2013-12-31": "$-2,731", "2013-09-30": "$-7,922", "2013-06-30": "$-8,216", "2013-03-31": "$-8,376", "2012-12-31": "$-7,987", "2012-09-30": "$-7,375", "2012-06-30": "$-8,968", "2012-03-31": "$-8,686", "2011-12-31": "$-7,111", "2011-09-30": "$-4,833", "2011-06-30": "$-4,509", "2011-03-31": "$-3,949", "2010-12-31": "$-3,945", "2010-09-30": "$-3,643", "2010-06-30": "$-3,930", "2010-03-31": "$-3,892", "2009-12-31": "$-3,489", "2009-09-30": "$-2,859", "2009-06-30": "$-3,000", "2009-03-31": "$-3,109", "2008-12-31": "$-2,935", "2008-09-30": "$934", "2008-06-30": "$1,660", "2008-03-31": "$2,489", "2007-12-31": "$2,657", "2007-09-30": "$828", "2007-06-30": "$610", "2007-03-31": "$226", "2006-12-31": "$-606", "2006-09-30": "$-514", "2006-06-30": "$-508", "2006-03-31": "$-1,272", "2005-12-31": "$-1,430", "2005-09-30": "$-729", "2005-06-30": "$-615", "2005-03-31": "$-697"}}, "profit-margins": {"current": "-51.25%"}, "gross margin": {"2020-12-31": "-32.05%", "2020-09-30": "-4.70%", "2020-06-30": "12.22%", "2020-03-31": "23.76%", "2019-12-31": "27.03%", "2019-09-30": "26.88%", "2019-06-30": "26.46%", "2019-03-31": "26.44%", "2018-12-31": "26.69%", "2018-09-30": "27.23%", "2018-06-30": "28.60%", "2018-03-31": "29.98%", "2017-12-31": "30.58%", "2017-09-30": "30.67%", "2017-06-30": "31.42%", "2017-03-31": "31.67%", "2016-12-31": "33.01%", "2016-09-30": "34.41%", "2016-06-30": "35.18%", "2016-03-31": "35.30%", "2015-12-31": "35.10%", "2015-09-30": "33.90%", "2015-06-30": "31.74%", "2015-03-31": "30.35%", "2014-12-31": "28.15%", "2014-09-30": "27.43%", "2014-06-30": "27.14%", "2014-03-31": "25.92%", "2013-12-31": "25.94%", "2013-09-30": "26.71%", "2013-06-30": "24.27%", "2013-03-31": "22.33%", "2012-12-31": "20.56%", "2012-09-30": "20.19%", "2012-06-30": "19.48%", "2012-03-31": "18.31%", "2011-12-31": "18.24%", "2011-09-30": "15.98%", "2011-06-30": "17.33%", "2011-03-31": "18.54%", "2010-12-31": "18.63%", "2010-09-30": "17.64%", "2010-06-30": "16.09%", "2010-03-31": "14.98%", "2009-12-31": "15.46%", "2009-09-30": "15.76%", "2009-06-30": "15.16%", "2009-03-31": "15.14%", "2008-12-31": "14.96%", "2008-09-30": "15.38%", "2008-06-30": "17.51%", "2008-03-31": "19.91%", "2007-12-31": "21.83%", "2007-09-30": "22.83%", "2007-06-30": "22.57%", "2007-03-31": "22.50%", "2006-12-31": "21.73%", "2006-09-30": "20.10%", "2006-06-30": "19.59%", "2006-03-31": "18.80%", "2005-12-31": "18.75%"}, "operating margin": {"2020-12-31": "-60.11%", "2020-09-30": "-29.15%", "2020-06-30": "-10.49%", "2020-03-31": "0.32%", "2019-12-31": "6.70%", "2019-09-30": "6.40%", "2019-06-30": "6.18%", "2019-03-31": "5.89%", "2018-12-31": "5.96%", "2018-09-30": "6.16%", "2018-06-30": "7.55%", "2018-03-31": "9.00%", "2017-12-31": "9.93%", "2017-09-30": "9.90%", "2017-06-30": "10.41%", "2017-03-31": "11.01%", "2016-12-31": "12.61%", "2016-09-30": "13.95%", "2016-06-30": "15.33%", "2016-03-31": "15.57%", "2015-12-31": "15.14%", "2015-09-30": "14.44%", "2015-06-30": "12.53%", "2015-03-31": "11.15%", "2014-12-31": "9.96%", "2014-09-30": "8.79%", "2014-06-30": "8.29%", "2014-03-31": "6.72%", "2013-12-31": "5.23%", "2013-09-30": "5.25%", "2013-06-30": "2.72%", "2013-03-31": "1.24%", "2012-12-31": "0.60%", "2012-09-30": "-2.66%", "2012-06-30": "-2.72%", "2012-03-31": "-3.65%", "2011-12-31": "-4.32%", "2011-09-30": "-0.86%", "2011-06-30": "0.43%", "2011-03-31": "1.65%", "2010-12-31": "1.39%", "2010-09-30": "-0.69%", "2010-06-30": "-3.28%", "2010-03-31": "-5.50%", "2009-12-31": "-5.04%", "2009-09-30": "-3.99%", "2009-06-30": "-3.85%", "2009-03-31": "-8.28%", "2008-12-31": "-7.95%", "2008-09-30": "-7.35%", "2008-06-30": "-5.22%", "2008-03-31": "2.28%", "2007-12-31": "4.21%", "2007-09-30": "5.38%", "2007-06-30": "5.25%", "2007-03-31": "5.27%", "2006-12-31": "4.70%", "2006-09-30": "2.22%", "2006-06-30": "1.14%", "2006-03-31": "0.01%", "2005-12-31": "-0.43%"}, "ebitda margin": {"2020-09-30": "-29.15%", "2020-06-30": "-10.49%", "2020-03-31": "0.32%", "2019-12-31": "6.70%", "2019-09-30": "6.40%", "2019-06-30": "6.18%", "2019-03-31": "5.89%", "2018-12-31": "5.96%", "2018-09-30": "6.16%", "2018-06-30": "7.55%", "2018-03-31": "9.00%", "2017-12-31": "9.93%", "2017-09-30": "9.90%", "2017-06-30": "10.41%", "2017-03-31": "11.01%", "2016-12-31": "12.61%", "2016-09-30": "13.95%", "2016-06-30": "15.33%", "2016-03-31": "15.57%", "2015-12-31": "15.14%", "2015-09-30": "14.44%", "2015-06-30": "12.53%", "2015-03-31": "11.15%", "2014-12-31": "9.96%", "2014-09-30": "8.79%", "2014-06-30": "8.29%", "2014-03-31": "6.72%", "2013-12-31": "5.23%", "2013-09-30": "5.25%", "2013-06-30": "2.72%", "2013-03-31": "1.24%", "2012-12-31": "0.60%", "2012-09-30": "-2.66%", "2012-06-30": "-2.72%", "2012-03-31": "-3.65%", "2011-12-31": "-4.32%", "2011-09-30": "-0.86%", "2011-06-30": "0.43%", "2011-03-31": "1.65%", "2010-12-31": "1.39%", "2010-09-30": "-0.69%", "2010-06-30": "-3.28%", "2010-03-31": "-5.50%", "2009-12-31": "-5.04%", "2009-09-30": "-3.99%", "2009-06-30": "-3.85%", "2009-03-31": "-8.28%", "2008-12-31": "-7.95%", "2008-09-30": "-7.35%", "2008-06-30": "-5.22%", "2008-03-31": "2.28%", "2007-12-31": "4.21%", "2007-09-30": "5.38%", "2007-06-30": "5.25%", "2007-03-31": "5.27%", "2006-12-31": "4.70%", "2006-09-30": "2.22%", "2006-06-30": "1.14%", "2006-03-31": "0.01%", "2005-12-31": "-0.43%"}, "pre tax profit margin": {"2020-12-31": "-66.06%", "2020-09-30": "-32.78%", "2020-06-30": "-13.25%", "2020-03-31": "-2.01%", "2019-12-31": "4.93%", "2019-09-30": "4.58%", "2019-06-30": "4.48%", "2019-03-31": "4.23%", "2018-12-31": "4.23%", "2018-09-30": "4.29%", "2018-06-30": "5.65%", "2018-03-31": "7.17%", "2017-12-31": "7.97%", "2017-09-30": "8.00%", "2017-06-30": "8.37%", "2017-03-31": "8.81%", "2016-12-31": "10.34%", "2016-09-30": "10.10%", "2016-06-30": "11.37%", "2016-03-31": "11.80%", "2015-12-31": "11.26%", "2015-09-30": "11.89%", "2015-06-30": "9.96%", "2015-03-31": "8.62%", "2014-12-31": "7.53%", "2014-09-30": "0.80%", "2014-06-30": "-0.96%", "2014-03-31": "-4.32%", "2013-12-31": "-8.15%", "2013-09-30": "-0.63%", "2013-06-30": "-2.76%", "2013-03-31": "-4.61%", "2012-12-31": "-9.84%", "2012-09-30": "-13.00%", "2012-06-30": "-12.72%", "2012-03-31": "-13.08%", "2011-12-31": "-8.25%", "2011-09-30": "-4.31%", "2011-06-30": "-3.09%", "2011-03-31": "-1.93%", "2010-12-31": "-2.28%", "2010-09-30": "-4.49%", "2010-06-30": "-7.18%", "2010-03-31": "-9.34%", "2009-12-31": "-8.80%", "2009-09-30": "-7.39%", "2009-06-30": "-5.00%", "2009-03-31": "-9.39%", "2008-12-31": "-8.91%", "2008-09-30": "-7.87%", "2008-06-30": "-7.42%", "2008-03-31": "0.15%", "2007-12-31": "1.99%", "2007-09-30": "2.60%", "2007-06-30": "1.91%", "2007-03-31": "1.78%", "2006-12-31": "1.02%", "2006-09-30": "-1.73%", "2006-06-30": "-2.52%", "2006-03-31": "-3.69%", "2005-12-31": "-4.14%"}, "net profit margin": {"2020-12-31": "-51.25%", "2020-09-30": "-25.56%", "2020-06-30": "-10.40%", "2020-03-31": "-1.69%", "2019-12-31": "3.68%", "2019-09-30": "3.52%", "2019-06-30": "3.43%", "2019-03-31": "3.22%", "2018-12-31": "3.17%", "2018-09-30": "1.14%", "2018-06-30": "1.82%", "2018-03-31": "2.55%", "2017-12-31": "3.01%", "2017-09-30": "4.94%", "2017-06-30": "5.17%", "2017-03-31": "5.49%", "2016-12-31": "6.44%", "2016-09-30": "14.16%", "2016-06-30": "16.50%", "2016-03-31": "18.17%", "2015-12-31": "18.57%", "2015-09-30": "11.86%", "2015-06-30": "9.95%", "2015-03-31": "7.85%", "2014-12-31": "6.76%", "2014-09-30": "0.71%", "2014-06-30": "-1.04%", "2014-03-31": "-3.31%", "2013-12-31": "-6.86%", "2013-09-30": "1.70%", "2013-06-30": "-0.39%", "2013-03-31": "-2.24%", "2012-12-31": "-7.55%", "2012-09-30": "-13.00%", "2012-06-30": "-12.72%", "2012-03-31": "-13.08%", "2011-12-31": "-8.25%", "2011-09-30": "-4.16%", "2011-06-30": "-2.93%", "2011-03-31": "-1.78%", "2010-12-31": "-2.12%", "2010-09-30": "-3.31%", "2010-06-30": "-5.82%", "2010-03-31": "-7.93%", "2009-12-31": "-7.37%", "2009-09-30": "-7.24%", "2009-06-30": "-5.00%", "2009-03-31": "-9.39%", "2008-12-31": "-8.91%", "2008-09-30": "-7.87%", "2008-06-30": "-7.42%", "2008-03-31": "0.15%", "2007-12-31": "1.99%", "2007-09-30": "2.60%", "2007-06-30": "1.91%", "2007-03-31": "1.78%", "2006-12-31": "1.02%", "2006-09-30": "-1.73%", "2006-06-30": "-2.52%", "2006-03-31": "-3.69%", "2005-12-31": "-4.14%"}, "pe ratio": {"current": "0.00", "2021-02-05": "0.00", "2020-12-31": "0.00", "2020-09-30": "0.00", "2020-06-30": "0.00", "2020-03-31": "0.00", "2019-12-31": "7.50", "2019-09-30": "7.55", "2019-06-30": "9.69", "2019-03-31": "10.24", "2018-12-31": "10.40", "2018-09-30": "14.04", "2018-06-30": "10.83", "2018-03-31": "13.22", "2017-12-31": "12.97", "2017-09-30": "11.75", "2017-06-30": "12.06", "2017-03-31": "9.99", "2016-12-31": "9.44", "2016-09-30": "3.79", "2016-06-30": "2.62", "2016-03-31": "3.53", "2015-12-31": "3.58", "2015-09-30": "5.27", "2015-06-30": "6.54", "2015-03-31": "10.96", "2014-12-31": "12.96", "2014-09-30": "0.00", "2014-06-30": "0.00", "2014-03-31": "0.00", "2013-12-31": "0.00", "2013-09-30": "0.00", "2013-06-30": "0.00", "2013-03-31": "0.00", "2012-12-31": "0.00", "2012-09-30": "0.00", "2012-06-30": "0.00", "2012-03-31": "0.00", "2011-12-31": "0.00", "2011-09-30": "0.00", "2011-06-30": "0.00", "2011-03-31": "0.00", "2010-12-31": "0.00", "2010-09-30": "0.00", "2010-06-30": "0.00", "2010-03-31": "0.00", "2009-12-31": "0.00", "2009-09-30": "0.00", "2009-06-30": "0.00", "2009-03-31": "0.00", "2008-12-31": "0.00", "2008-09-30": "0.00", "2008-06-30": "0.00", "2008-03-31": "0.00", "2007-12-31": "0.00", "2007-09-30": "0.00", "2007-06-30": "0.00", "2007-03-31": "0.00", "2006-12-31": "0.00"}, "price sales": {"2021-02-05": "0.46", "2020-12-31": "0.43", "2020-09-30": "0.22", "2020-06-30": "0.17", "2020-03-31": "0.12", "2019-12-31": "0.28", "2019-09-30": "0.27", "2019-06-30": "0.33", "2019-03-31": "0.32", "2018-12-31": "0.33", "2018-09-30": "0.43", "2018-06-30": "0.41", "2018-03-31": "0.57", "2017-12-31": "0.59", "2017-09-30": "0.56", "2017-06-30": "0.61", "2017-03-31": "0.54", "2016-12-31": "0.63", "2016-09-30": "0.52", "2016-06-30": "0.43", "2016-03-31": "0.65", "2015-12-31": "0.69", "2015-09-30": "0.63", "2015-06-30": "0.65", "2015-03-31": "0.86", "2014-12-31": "0.88", "2014-09-30": "0.48", "2014-06-30": "0.51", "2014-03-31": "0.40", "2013-12-31": "0.25", "2013-09-30": "0.19", "2013-06-30": "0.17", "2013-03-31": "0.18", "2012-12-31": "0.16", "2012-09-30": "0.09", "2012-06-30": "0.12", "2012-03-31": "0.07", "2011-12-31": "0.05", "2011-09-30": "0.07", "2011-06-30": "0.13", "2011-03-31": "0.13", "2010-12-31": "0.15", "2010-09-30": "0.14", "2010-06-30": "0.12", "2010-03-31": "0.10", "2009-12-31": "0.07", "2009-09-30": "0.06", "2009-06-30": "0.03", "2009-03-31": "0.03", "2008-12-31": "0.08", "2008-09-30": "0.06", "2008-06-30": "0.03", "2008-03-31": "0.10", "2007-12-31": "0.18", "2007-09-30": "0.32", "2007-06-30": "0.34", "2007-03-31": "0.50", "2006-12-31": "0.53"}, "price book": {"current": "0.00", "2021-02-05": "0.00", "2020-09-30": "-1.13", "2020-06-30": "-2.10", "2020-03-31": "-1.96", "2019-12-31": "-103.70", "2019-09-30": "73.34", "2019-06-30": "-653.40", "2019-03-31": "-21.89", "2018-12-31": "-86.14", "2018-09-30": "-32.89", "2018-06-30": "-19.69", "2018-03-31": "-23.30", "2017-12-31": "-30.92", "2017-09-30": "5.62", "2017-06-30": "6.41", "2017-03-31": "5.87", "2016-12-31": "6.05", "2016-09-30": "4.17", "2016-06-30": "3.39", "2016-03-31": "4.89", "2015-12-31": "4.49", "2015-09-30": "6.30", "2015-06-30": "7.09", "2015-03-31": "12.58", "2014-12-31": "17.53", "2014-09-30": "4.84", "2014-06-30": "7.14", "2014-03-31": "20.48", "2013-12-31": "-4.59", "2013-09-30": "-0.76", "2013-06-30": "-0.63", "2013-03-31": "-0.64", "2012-12-31": "-0.19", "2012-09-30": "-0.45", "2012-06-30": "-0.47", "2012-03-31": "-0.28", "2011-12-31": "-0.23", "2011-09-30": "-0.36", "2011-06-30": "-0.62", "2011-03-31": "-0.69", "2010-12-31": "-0.80", "2010-09-30": "-0.80", "2010-06-30": "-0.69", "2010-03-31": "-0.59", "2009-12-31": "-0.43", "2009-09-30": "-0.52", "2009-06-30": "-0.21", "2009-03-31": "-0.22", "2008-12-31": "-0.69", "2008-09-30": "1.70", "2008-06-30": "0.36", "2008-03-31": "0.84", "2007-12-31": "1.30", "2007-09-30": "7.44", "2007-06-30": "11.59", "2007-03-31": "45.63", "2006-12-31": "-18.61", "2006-09-30": "-17.43", "2006-06-30": "-19.98", "2006-03-31": "-5.61"}, "price fcf": {"2021-02-05": "", "2020-09-30": "$-11.48", "2020-06-30": "$-6.12", "2020-03-31": "$-3.97", "2019-12-31": "$-0.90", "2019-09-30": "$-1.97", "2019-06-30": "$-3.09", "2019-03-31": "$-1.64", "2018-12-31": "$-0.22", "2018-09-30": "$-1.45", "2018-06-30": "$-1.39", "2018-03-31": "$-1.23", "2017-12-31": "$-2.30", "2017-09-30": "$-0.36", "2017-06-30": "$0.61", "2017-03-31": "$1.02", "2016-12-31": "$1.65", "2016-09-30": "$1.29", "2016-06-30": "$0.94", "2016-03-31": "$0.42", "2015-12-31": "$0.19", "2015-09-30": "$1.42", "2015-06-30": "$-0.51", "2015-03-31": "$-1.76", "2014-12-31": "$-2.99", "2014-09-30": "$-8.89", "2014-06-30": "$-8.61", "2014-03-31": "$-7.32", "2013-12-31": "$-8.25", "2013-09-30": "$-5.01", "2013-06-30": "$-4.73", "2013-03-31": "$-5.07", "2012-12-31": "$-1.92", "2012-09-30": "$-2.89", "2012-06-30": "$-3.52", "2012-03-31": "$-5.49", "2011-12-31": "$-6.97", "2011-09-30": "$-4.03", "2011-06-30": "$-3.80", "2011-03-31": "$-1.54", "2010-12-31": "$-2.15", "2010-09-30": "$-1.97", "2010-06-30": "$-1.65", "2010-03-31": "$-2.38", "2009-12-31": "$-1.75", "2009-09-30": "$-4.88", "2009-06-30": "$-8.44", "2009-03-31": "$-6.80", "2008-12-31": "$-6.91", "2008-09-30": "$-2.04", "2008-06-30": "$3.49", "2008-03-31": "$3.91", "2007-12-31": "$5.43", "2007-09-30": "$4.51", "2007-06-30": "$4.95", "2007-03-31": "$4.27", "2006-12-31": "$5.52"}, "net worth": {"value": "$10.4B"}, "current ratio": {"2020-12-31": "0.67", "2020-09-30": "0.74", "2020-06-30": "0.77", "2020-03-31": "0.37", "2019-12-31": "0.45", "2019-09-30": "0.49", "2019-06-30": "0.49", "2019-03-31": "0.44", "2018-12-31": "0.48", "2018-09-30": "0.58", "2018-06-30": "0.55", "2018-03-31": "0.57", "2017-12-31": "0.60", "2017-09-30": "0.65", "2017-06-30": "0.68", "2017-03-31": "0.70", "2016-12-31": "0.74", "2016-09-30": "0.76", "2016-06-30": "0.75", "2016-03-31": "0.71", "2015-12-31": "0.73", "2015-09-30": "0.97", "2015-06-30": "0.94", "2015-03-31": "0.99", "2014-12-31": "0.88", "2014-09-30": "0.97", "2014-06-30": "0.99", "2014-03-31": "1.01", "2013-12-31": "1.04", "2013-09-30": "1.01", "2013-06-30": "0.90", "2013-03-31": "0.75", "2012-12-31": "0.79", "2012-09-30": "0.76", "2012-06-30": "0.79", "2012-03-31": "0.82", "2011-12-31": "0.78", "2011-09-30": "0.77", "2011-06-30": "0.82", "2011-03-31": "0.90", "2010-12-31": "0.78", "2010-09-30": "0.77", "2010-06-30": "0.79", "2010-03-31": "0.83", "2009-12-31": "0.86", "2009-09-30": "0.82", "2009-06-30": "0.62", "2009-03-31": "0.60", "2008-12-31": "0.63", "2008-09-30": "0.79", "2008-06-30": "0.85", "2008-03-31": "0.79", "2007-12-31": "0.85", "2007-09-30": "0.87", "2007-06-30": "0.91", "2007-03-31": "0.87", "2006-12-31": "0.81", "2006-09-30": "0.86", "2006-06-30": "0.85", "2006-03-31": "0.78", "2005-12-31": "0.75", "2005-09-30": "0.76", "2005-06-30": "0.72", "2005-03-31": "0.70"}, "quick ratio": {"2020-12-31": "0.57", "2020-09-30": "0.65", "2020-06-30": "0.67", "2020-03-31": "0.28", "2019-12-31": "0.35", "2019-09-30": "0.40", "2019-06-30": "0.41", "2019-03-31": "0.35", "2018-12-31": "0.39", "2018-09-30": "0.49", "2018-06-30": "0.46", "2018-03-31": "0.48", "2017-12-31": "0.51", "2017-09-30": "0.57", "2017-06-30": "0.61", "2017-03-31": "0.62", "2016-12-31": "0.67", "2016-09-30": "0.69", "2016-06-30": "0.68", "2016-03-31": "0.65", "2015-12-31": "0.67", "2015-09-30": "0.90", "2015-06-30": "0.87", "2015-03-31": "0.92", "2014-12-31": "0.80", "2014-09-30": "0.88", "2014-06-30": "0.92", "2014-03-31": "0.94", "2013-12-31": "0.96", "2013-09-30": "0.95", "2013-06-30": "0.85", "2013-03-31": "0.69", "2012-12-31": "0.72", "2012-09-30": "0.70", "2012-06-30": "0.73", "2012-03-31": "0.75", "2011-12-31": "0.71", "2011-09-30": "0.70", "2011-06-30": "0.75", "2011-03-31": "0.84", "2010-12-31": "0.71", "2010-09-30": "0.70", "2010-06-30": "0.72", "2010-03-31": "0.76", "2009-12-31": "0.79", "2009-09-30": "0.75", "2009-06-30": "0.56", "2009-03-31": "0.55", "2008-12-31": "0.58", "2008-09-30": "0.72", "2008-06-30": "0.79", "2008-03-31": "0.72", "2007-12-31": "0.78", "2007-09-30": "0.81", "2007-06-30": "0.86", "2007-03-31": "0.82", "2006-12-31": "0.75", "2006-09-30": "0.80", "2006-06-30": "0.79", "2006-03-31": "0.72", "2005-12-31": "0.68", "2005-09-30": "0.69", "2005-06-30": "0.66", "2005-03-31": "0.64"}, "debt equity ratio": {"current": "0.00", "2020-12-31": "-10.03", "2020-09-30": "-12.36", "2020-06-30": "-21.37", "2020-03-31": "-23.22", "2019-12-31": "-509.43", "2019-09-30": "381.34", "2019-06-30": "-2817.68", "2019-03-31": "-96.58", "2018-12-31": "-359.46", "2018-09-30": "-93.67", "2018-06-30": "-61.56", "2018-03-31": "-53.34", "2017-12-31": "-68.67", "2017-09-30": "12.27", "2017-06-30": "13.36", "2017-03-31": "14.22", "2016-12-31": "12.55", "2016-09-30": "10.64", "2016-06-30": "10.84", "2016-03-31": "9.60", "2015-12-31": "7.59", "2015-09-30": "11.95", "2015-06-30": "12.17", "2015-03-31": "15.92", "2014-12-31": "20.39", "2014-09-30": "7.89", "2014-06-30": "9.97", "2014-03-31": "38.94", "2013-12-31": "-16.48", "2013-09-30": "-4.38", "2013-06-30": "-4.19", "2013-03-31": "-3.85", "2012-12-31": "-3.94", "2012-09-30": "-4.24", "2012-06-30": "-3.76", "2012-03-31": "-3.82", "2011-12-31": "-4.35", "2011-09-30": "-6.12", "2011-06-30": "-6.72", "2011-03-31": "-7.87", "2010-12-31": "-7.36", "2010-09-30": "-7.96", "2010-06-30": "-7.59", "2010-03-31": "-7.56", "2009-12-31": "-8.29", "2009-09-30": "-10.01", "2009-06-30": "-9.05", "2009-03-31": "-8.89", "2008-12-31": "-9.58", "2008-09-30": "27.85", "2008-06-30": "16.43", "2008-03-31": "10.56", "2007-12-31": "9.75", "2007-09-30": "34.75", "2007-06-30": "48.85", "2007-03-31": "131.23", "2006-12-31": "-49.09", "2006-09-30": "-59.62", "2006-06-30": "-61.54", "2006-03-31": "-24.52", "2005-12-31": "-21.63", "2005-09-30": "-41.38", "2005-06-30": "-48.96", "2005-03-31": "-42.85"}, "return on equity": {"2020-12-31": "195.27%", "2020-09-30": "219.82%", "2020-06-30": "240.78%", "2020-03-31": "113.15%", "2019-12-31": "-1094.81%", "2019-09-30": "-957.72%", "2019-06-30": "-442.72%", "2019-03-31": "-256.56%", "2018-12-31": "-215.24%", "2018-09-30": "-62.32%", "2018-06-30": "247.62%", "2018-03-31": "75.09%", "2017-12-31": "49.59%", "2017-09-30": "55.34%", "2017-06-30": "55.72%", "2017-03-31": "55.79%", "2016-12-31": "60.10%", "2016-09-30": "119.03%", "2016-06-30": "143.85%", "2016-03-31": "166.33%", "2015-12-31": "192.69%", "2015-09-30": "161.70%", "2015-06-30": "124.67%", "2015-03-31": "96.34%", "2014-12-31": "94.70%", "2014-09-30": "15.31%", "2014-06-30": "26.97%", "2014-03-31": "22.80%", "2013-12-31": "26.93%", "2013-09-30": "-5.30%", "2013-06-30": "1.20%", "2013-03-31": "6.81%", "2012-12-31": "22.73%", "2012-09-30": "40.25%", "2012-06-30": "42.68%", "2012-03-31": "50.96%", "2011-12-31": "38.80%", "2011-09-30": "22.79%", "2011-06-30": "16.88%", "2011-03-31": "10.40%", "2010-12-31": "12.23%", "2010-09-30": "19.18%", "2010-06-30": "34.41%", "2010-03-31": "48.28%", "2009-12-31": "47.14%", "2009-09-30": "49.43%", "2009-06-30": "53.32%", "2009-03-31": "249.51%", "2008-12-31": "-394.41%", "2008-09-30": "-97.57%", "2008-06-30": "-91.38%", "2008-03-31": "2.07%", "2007-12-31": "42.21%", "2007-09-30": "223.06%", "2007-06-30": "-605.63%", "2007-03-31": "-115.26%", "2006-12-31": "-31.86%", "2006-09-30": "41.46%", "2006-06-30": "56.26%", "2006-03-31": "77.81%", "2005-12-31": "98.76%"}, "return on assets": {"2020-12-31": "-14.34%", "2020-09-30": "-10.24%", "2020-06-30": "-5.68%", "2020-03-31": "-1.22%", "2019-12-31": "2.76%", "2019-09-30": "2.61%", "2019-06-30": "2.62%", "2019-03-31": "2.54%", "2018-12-31": "2.58%", "2018-09-30": "0.95%", "2018-06-30": "1.50%", "2018-03-31": "2.08%", "2017-12-31": "2.43%", "2017-09-30": "3.93%", "2017-06-30": "4.10%", "2017-03-31": "4.32%", "2016-12-31": "5.08%", "2016-09-30": "11.31%", "2016-06-30": "13.38%", "2016-03-31": "15.14%", "2015-12-31": "15.87%", "2015-09-30": "10.56%", "2015-06-30": "9.17%", "2015-03-31": "7.45%", "2014-12-31": "6.55%", "2014-09-30": "0.65%", "2014-06-30": "-0.94%", "2014-03-31": "-2.91%", "2013-12-31": "-6.16%", "2013-09-30": "1.72%", "2013-06-30": "-0.39%", "2013-03-31": "-2.32%", "2012-12-31": "-7.76%", "2012-09-30": "-13.33%", "2012-06-30": "-12.92%", "2012-03-31": "-12.96%", "2011-12-31": "-7.80%", "2011-09-30": "-3.82%", "2011-06-30": "-2.62%", "2011-03-31": "-1.55%", "2010-12-31": "-1.85%", "2010-09-30": "-2.81%", "2010-06-30": "-4.75%", "2010-03-31": "-6.34%", "2009-12-31": "-5.88%", "2009-09-30": "-5.91%", "2009-06-30": "-4.29%", "2009-03-31": "-8.15%", "2008-12-31": "-7.71%", "2008-09-30": "-6.67%", "2008-06-30": "-6.02%", "2008-03-31": "0.12%", "2007-12-31": "1.54%", "2007-09-30": "1.98%", "2007-06-30": "1.44%", "2007-03-31": "1.35%", "2006-12-31": "0.77%", "2006-09-30": "-1.28%", "2006-06-30": "-1.85%", "2006-03-31": "-2.66%", "2005-12-31": "-2.92%"}, "return on investments": {"2020-12-31": "-45.34%", "2020-09-30": "-31.78%", "2020-06-30": "-15.98%", "2020-03-31": "0.67%", "2019-12-31": "14.44%", "2019-09-30": "13.75%", "2019-06-30": "13.18%", "2019-03-31": "12.59%", "2018-12-31": "12.55%", "2018-09-30": "12.76%", "2018-06-30": "14.67%", "2018-03-31": "16.37%", "2017-12-31": "16.85%", "2017-09-30": "15.76%", "2017-06-30": "16.46%", "2017-03-31": "17.17%", "2016-12-31": "19.94%", "2016-09-30": "22.52%", "2016-06-30": "25.67%", "2016-03-31": "27.73%", "2015-12-31": "28.28%", "2015-09-30": "29.30%", "2015-06-30": "26.33%", "2015-03-31": "24.16%", "2014-12-31": "22.87%", "2014-09-30": "20.35%", "2014-06-30": "23.78%", "2014-03-31": "27.09%", "2013-12-31": "44.09%", "2013-09-30": "-662.34%", "2013-06-30": "-91.19%", "2013-03-31": "-22.97%", "2012-12-31": "-10.20%", "2012-09-30": "49.57%", "2012-06-30": "-307.06%", "2012-03-31": "-41.23%", "2011-12-31": "-24.88%", "2011-09-30": "-3.63%", "2011-06-30": "1.74%", "2011-03-31": "6.47%", "2010-12-31": "5.26%", "2010-09-30": "-2.38%", "2010-06-30": "-10.18%", "2010-03-31": "-16.36%", "2009-12-31": "-15.27%", "2009-09-30": "-12.82%", "2009-06-30": "-11.83%", "2009-03-31": "-22.80%", "2008-12-31": "-19.18%", "2008-09-30": "-15.30%", "2008-06-30": "-10.45%", "2008-03-31": "4.43%", "2007-12-31": "8.10%", "2007-09-30": "10.52%", "2007-06-30": "10.10%", "2007-03-31": "10.05%", "2006-12-31": "8.89%", "2006-09-30": "4.10%", "2006-06-30": "2.05%", "2006-03-31": "0.02%", "2005-12-31": "-0.71%"}, "return on tangible equity": {"2020-09-30": "69.83%", "2020-06-30": "45.62%", "2020-03-31": "10.83%", "2019-12-31": "-26.57%", "2019-09-30": "-25.07%", "2019-06-30": "-23.52%", "2019-03-31": "-21.18%", "2018-12-31": "-20.45%", "2018-09-30": "-7.12%", "2018-06-30": "-13.30%", "2018-03-31": "-22.78%", "2017-12-31": "-34.41%", "2017-09-30": "-80.03%", "2017-06-30": "-86.93%", "2017-03-31": "-96.38%", "2016-12-31": "-129.57%", "2016-09-30": "-365.50%", "2016-06-30": "-383.78%", "2016-03-31": "-386.23%", "2015-12-31": "-316.03%", "2015-09-30": "-148.83%", "2015-06-30": "-138.33%", "2015-03-31": "-114.24%", "2014-12-31": "-86.16%", "2014-09-30": "-6.24%", "2014-06-30": "5.78%", "2014-03-31": "12.55%", "2013-12-31": "20.26%", "2013-09-30": "-4.80%", "2013-06-30": "1.08%", "2013-03-31": "6.16%", "2012-12-31": "20.54%", "2012-09-30": "36.26%", "2012-06-30": "38.08%", "2012-03-31": "44.56%", "2011-12-31": "32.91%", "2011-09-30": "18.77%", "2011-06-30": "13.68%", "2011-03-31": "8.35%", "2010-12-31": "9.78%", "2010-09-30": "15.20%", "2010-06-30": "26.79%", "2010-03-31": "36.74%", "2009-12-31": "35.09%", "2009-09-30": "36.09%", "2009-06-30": "34.50%", "2009-03-31": "108.96%", "2008-12-31": "360.82%", "2008-09-30": "-236.22%", "2008-06-30": "-229.17%", "2008-03-31": "6.99%", "2007-12-31": "-556.10%", "2007-09-30": "-65.52%", "2007-06-30": "-34.71%", "2007-03-31": "-26.56%", "2006-12-31": "-12.14%", "2006-09-30": "18.25%", "2006-06-30": "25.46%", "2006-03-31": "35.61%", "2005-12-31": "41.34%"}, "dividend yield history": {"last payout": "$0.00", "last yield": "0.00%"}}