{"ticker": "AXP", "price": {"title": "American Express Historical Annual Stock Price Data", "value": 126.28, "historical": {"2021": {"Average Stock Price": "121.6438", "Year Open": "118.0400", "Year High": "128.9400", "Year Low": "114.0900", "Year Close": "126.2800", "Annual % Change": "4.44%"}, "2020": {"Average Stock Price": "104.3415", "Year Open": "125.8500", "Year High": "136.9300", "Year Low": "68.9600", "Year Close": "120.9100", "Annual % Change": "-2.88%"}, "2019": {"Average Stock Price": "116.2979", "Year Open": "95.6800", "Year High": "128.5700", "Year Low": "93.4300", "Year Close": "124.4900", "Annual % Change": "30.60%"}, "2018": {"Average Stock Price": "100.9624", "Year Open": "98.9400", "Year High": "112.8900", "Year Low": "88.3400", "Year Close": "95.3200", "Annual % Change": "-4.02%"}, "2017": {"Average Stock Price": "84.6475", "Year Open": "75.3500", "Year High": "99.7000", "Year Low": "75.3200", "Year Close": "99.3100", "Annual % Change": "34.06%"}, "2016": {"Average Stock Price": "63.7933", "Year Open": "67.5900", "Year High": "75.3200", "Year Low": "51.1100", "Year Close": "74.0800", "Annual % Change": "6.51%"}, "2015": {"Average Stock Price": "77.9639", "Year Open": "93.0200", "Year High": "93.0200", "Year Low": "67.8700", "Year Close": "69.5500", "Annual % Change": "-25.25%"}, "2014": {"Average Stock Price": "89.7907", "Year Open": "89.4500", "Year High": "95.8400", "Year Low": "80.2400", "Year Close": "93.0400", "Annual % Change": "2.55%"}, "2013": {"Average Stock Price": "72.8613", "Year Open": "58.7500", "Year High": "90.7300", "Year Low": "58.7500", "Year Close": "90.7300", "Annual % Change": "57.85%"}, "2012": {"Average Stock Price": "56.0116", "Year Open": "48.3900", "Year High": "61.0500", "Year Low": "48.2400", "Year Close": "57.4800", "Annual % Change": "21.86%"}, "2011": {"Average Stock Price": "47.4753", "Year Open": "43.4000", "Year High": "53.5900", "Year Low": "42.3600", "Year Close": "47.1700", "Annual % Change": "9.90%"}, "2010": {"Average Stock Price": "41.6619", "Year Open": "40.9200", "Year High": "48.0500", "Year Low": "36.7900", "Year Close": "42.9200", "Annual % Change": "5.92%"}, "2009": {"Average Stock Price": "26.9657", "Year Open": "19.3300", "Year High": "41.8300", "Year Low": "10.2600", "Year Close": "40.5200", "Annual % Change": "118.44%"}, "2008": {"Average Stock Price": "37.9375", "Year Open": "51.0400", "Year High": "51.3300", "Year Low": "17.2300", "Year Close": "18.5500", "Annual % Change": "-64.34%"}, "2007": {"Average Stock Price": "59.2375", "Year Open": "60.3600", "Year High": "65.5500", "Year Low": "50.8400", "Year Close": "52.0200", "Annual % Change": "-14.26%"}, "2006": {"Average Stock Price": "54.4125", "Year Open": "52.5800", "Year High": "61.9000", "Year Low": "50.6200", "Year Close": "60.6700", "Annual % Change": "17.90%"}, "2005": {"Average Stock Price": "53.1773", "Year Open": "55.9100", "Year High": "59.4600", "Year Low": "47.1500", "Year Close": "51.4600", "Annual % Change": "-8.71%"}, "2004": {"Average Stock Price": "51.6529", "Year Open": "47.7500", "Year High": "56.9200", "Year Low": "47.7000", "Year Close": "56.3700", "Annual % Change": "16.88%"}, "2003": {"Average Stock Price": "41.5587", "Year Open": "36.6700", "Year High": "49.0100", "Year Low": "31.4900", "Year Close": "48.2300", "Annual % Change": "36.44%"}, "2002": {"Average Stock Price": "36.8456", "Year Open": "35.8800", "Year High": "44.8700", "Year Low": "26.6000", "Year Close": "35.3500", "Annual % Change": "-0.95%"}, "2001": {"Average Stock Price": "38.6407", "Year Open": "52.0000", "Year High": "55.9400", "Year Low": "25.6100", "Year Close": "35.6900", "Annual % Change": "-35.04%"}, "2000": {"Average Stock Price": "53.5189", "Year Open": "52.4167", "Year High": "63.0000", "Year Low": "40.9333", "Year Close": "54.9400", "Annual % Change": "-0.89%"}, "1999": {"Average Stock Price": "43.6965", "Year Open": "33.8333", "Year High": "55.9333", "Year Low": "31.9800", "Year Close": "55.4333", "Annual % Change": "62.24%"}, "1998": {"Average Stock Price": "31.9245", "Year Open": "29.5633", "Year High": "39.3000", "Year Low": "23.1667", "Year Close": "34.1667", "Annual % Change": "14.85%"}, "1997": {"Average Stock Price": "24.5010", "Year Open": "18.2100", "Year High": "29.8533", "Year Low": "18.1667", "Year Close": "29.7500", "Annual % Change": "57.96%"}, "1996": {"Average Stock Price": "15.5113", "Year Open": "13.8333", "Year High": "19.8767", "Year Low": "12.9167", "Year Close": "18.8333", "Annual % Change": "36.54%"}, "1995": {"Average Stock Price": "12.4563", "Year Open": "9.7100", "Year High": "14.9167", "Year Low": "9.7100", "Year Close": "13.7933", "Annual % Change": "40.27%"}, "1994": {"Average Stock Price": "9.7614", "Year Open": "9.8767", "Year High": "10.9167", "Year Low": "8.5000", "Year Close": "9.8333", "Annual % Change": "-4.47%"}, "1993": {"Average Stock Price": "9.9998", "Year Open": "8.3333", "Year High": "12.1667", "Year Low": "7.4600", "Year Close": "10.2933", "Annual % Change": "24.12%"}, "1992": {"Average Stock Price": "7.4664", "Year Open": "6.9167", "Year High": "8.3767", "Year Low": "6.6667", "Year Close": "8.2933", "Annual % Change": "21.37%"}, "1991": {"Average Stock Price": "7.8634", "Year Open": "6.7500", "Year High": "10.0000", "Year Low": "6.0433", "Year Close": "6.8333", "Annual % Change": "-0.63%"}, "1990": {"Average Stock Price": "8.7774", "Year Open": "11.6267", "Year High": "11.7500", "Year Low": "5.8333", "Year Close": "6.8767", "Annual % Change": "-40.85%"}, "1989": {"Average Stock Price": "11.2270", "Year Open": "8.8733", "Year High": "13.0833", "Year Low": "8.8733", "Year Close": "11.6267", "Annual % Change": "31.03%"}, "1988": {"Average Stock Price": "8.8779", "Year Open": "8.0000", "Year High": "10.0000", "Year Low": "7.6233", "Year Close": "8.8733", "Annual % Change": "16.40%"}, "1987": {"Average Stock Price": "10.9710", "Year Open": "9.6467", "Year High": "13.4167", "Year Low": "7.0833", "Year Close": "7.6233", "Annual % Change": "-19.23%"}, "1986": {"Average Stock Price": "10.0460", "Year Open": "8.8133", "Year High": "11.6667", "Year Low": "8.4800", "Year Close": "9.4383", "Annual % Change": "6.85%"}, "1985": {"Average Stock Price": "7.3656", "Year Open": "6.1667", "Year High": "9.0417", "Year Low": "6.0217", "Year Close": "8.8333", "Annual % Change": "40.84%"}, "1984": {"Average Stock Price": "5.2681", "Year Open": "5.1867", "Year High": "6.3967", "Year Low": "4.2500", "Year Close": "6.2717", "Annual % Change": "15.32%"}, "1983": {"Average Stock Price": "6.5527", "Year Open": "5.1151", "Year High": "8.2222", "Year Low": "4.7500", "Year Close": "5.4383", "Annual % Change": "1.57%"}, "1982": {"Average Stock Price": "4.0510", "Year Open": "3.6776", "Year High": "5.8126", "Year Low": "2.9692", "Year Close": "5.3543", "Annual % Change": "45.59%"}, "1981": {"Average Stock Price": "3.7352", "Year Open": "3.3334", "Year High": "4.5001", "Year Low": "3.2401", "Year Close": "3.6776", "Annual % Change": "9.64%"}, "1980": {"Average Stock Price": "2.8016", "Year Open": "2.4892", "Year High": "3.3543", "Year Low": "2.1251", "Year Close": "3.3543", "Annual % Change": "34.75%"}, "1979": {"Average Stock Price": "2.6562", "Year Open": "2.3651", "Year High": "3.0526", "Year Low": "2.3226", "Year Close": "2.4892", "Annual % Change": "2.54%"}, "1978": {"Average Stock Price": "2.8844", "Year Open": "2.8959", "Year High": "3.3851", "Year Low": "2.3751", "Year Close": "2.4276", "Annual % Change": "-18.79%"}, "1977": {"Average Stock Price": "3.1704", "Year Open": "3.3443", "Year High": "3.4584", "Year Low": "2.9167", "Year Close": "2.9892", "Annual % Change": "-11.43%"}, "1976": {"Average Stock Price": "3.1585", "Year Open": "3.0526", "Year High": "3.5309", "Year Low": "2.5834", "Year Close": "3.3751", "Annual % Change": "10.20%"}, "1975": {"Average Stock Price": "2.9896", "Year Open": "2.2084", "Year High": "3.7401", "Year Low": "2.1251", "Year Close": "3.0626", "Annual % Change": "41.35%"}, "1974": {"Average Stock Price": "2.7667", "Year Open": "3.4476", "Year High": "4.0209", "Year Low": "1.4692", "Year Close": "2.1667", "Annual % Change": "-42.07%"}, "1973": {"Average Stock Price": "4.7668", "Year Open": "5.4485", "Year High": "5.8018", "Year Low": "3.4684", "Year Close": "3.7401", "Annual % Change": "-30.69%"}}}, "market cap": {"value": "$101.68B"}, "income statement": {"Revenue": {"2020-12-31": "38185.00000", "2019-12-31": "47020.00000", "2018-12-31": "43281.00000", "2017-12-31": "38990.00000", "2016-12-31": "37143.00000", "2015-12-31": "34441.00000", "2014-12-31": "35895.00000", "2013-12-31": "34828.00000", "2012-12-31": "33781.00000", "2011-12-31": "32282.00000", "2010-12-31": "30005.00000", "2009-12-31": "26543.00000", "2008-12-31": "31920.00000", "2007-12-31": "31540.00000", "2006-12-31": "27692.00000", "2005-12-31": "24404.00000"}, "Cost Of Goods Sold": {"2020-12-31": "2098.00000", "2019-12-31": "3464.00000", "2018-12-31": "2943.00000", "2017-12-31": "2112.00000", "2016-12-31": "1705.00000", "2015-12-31": "1623.00000", "2014-12-31": "1707.00000", "2013-12-31": "1958.00000", "2012-12-31": "2226.00000", "2011-12-31": "2320.00000", "2010-12-31": "2423.00000", "2009-12-31": "2207.00000", "2008-12-31": "3555.00000", "2007-12-31": "3981.00000", "2006-12-31": "2866.00000", "2005-12-31": "1979.00000"}, "Gross Profit": {"2020-12-31": "36087.00000", "2019-12-31": "43556.00000", "2018-12-31": "40338.00000", "2017-12-31": "36878.00000", "2016-12-31": "35438.00000", "2015-12-31": "32818.00000", "2014-12-31": "34188.00000", "2013-12-31": "32870.00000", "2012-12-31": "31555.00000", "2011-12-31": "29962.00000", "2010-12-31": "27582.00000", "2009-12-31": "24336.00000", "2008-12-31": "28365.00000", "2007-12-31": "27559.00000", "2006-12-31": "24826.00000", "2005-12-31": "22425.00000"}, "Research And Development Expenses": {"2020-12-31": "", "2019-12-31": "", "2018-12-31": "", "2017-12-31": "", "2016-12-31": "", "2015-12-31": "", "2014-12-31": "", "2013-12-31": "", "2012-12-31": "", "2011-12-31": "", "2010-12-31": "", "2009-12-31": "", "2008-12-31": "", "2007-12-31": "", "2006-12-31": "", "2005-12-31": ""}, "SG&A Expenses": {"2020-12-31": "31791.00000", "2019-12-31": "35127.00000", "2018-12-31": "32216.00000", "2017-12-31": "29453.00000", "2016-12-31": "27396.00000", "2015-12-31": "24880.00000", "2014-12-31": "25197.00000", "2013-12-31": "24982.00000", "2012-12-31": "25104.00000", "2011-12-31": "23006.00000", "2010-12-31": "21618.00000", "2009-12-31": "21495.00000", "2008-12-31": "24784.00000", "2007-12-31": "21865.00000", "2006-12-31": "19674.00000", "2005-12-31": "18372.00000"}, "Other Operating Income Or Expenses": {"2020-12-31": "", "2019-12-31": "", "2018-12-31": "", "2017-12-31": "", "2016-12-31": "", "2015-12-31": "", "2014-12-31": "", "2013-12-31": "", "2012-12-31": "", "2011-12-31": "", "2010-12-31": "", "2009-12-31": "", "2008-12-31": "", "2007-12-31": "", "2006-12-31": "", "2005-12-31": ""}, "Operating Expenses": {"2020-12-31": "33889.00000", "2019-12-31": "38591.00000", "2018-12-31": "35159.00000", "2017-12-31": "31565.00000", "2016-12-31": "29101.00000", "2015-12-31": "26503.00000", "2014-12-31": "26904.00000", "2013-12-31": "26940.00000", "2012-12-31": "27330.00000", "2011-12-31": "25326.00000", "2010-12-31": "24041.00000", "2009-12-31": "23702.00000", "2008-12-31": "28339.00000", "2007-12-31": "25846.00000", "2006-12-31": "22540.00000", "2005-12-31": "20351.00000"}, "Operating Income": {"2020-12-31": "4296.00000", "2019-12-31": "8429.00000", "2018-12-31": "8122.00000", "2017-12-31": "7425.00000", "2016-12-31": "8042.00000", "2015-12-31": "7938.00000", "2014-12-31": "8991.00000", "2013-12-31": "7888.00000", "2012-12-31": "6451.00000", "2011-12-31": "6956.00000", "2010-12-31": "5964.00000", "2009-12-31": "2841.00000", "2008-12-31": "3581.00000", "2007-12-31": "5694.00000", "2006-12-31": "5152.00000", "2005-12-31": "4053.00000"}, "Total Non-Operating Income/Expense": {"2020-12-31": "", "2019-12-31": "", "2018-12-31": "", "2017-12-31": "", "2016-12-31": "", "2015-12-31": "", "2014-12-31": "", "2013-12-31": "", "2012-12-31": "", "2011-12-31": "", "2010-12-31": "", "2009-12-31": "", "2008-12-31": "", "2007-12-31": "", "2006-12-31": "", "2005-12-31": ""}, "Pre-Tax Income": {"2020-12-31": "4296.00000", "2019-12-31": "8429.00000", "2018-12-31": "8122.00000", "2017-12-31": "7425.00000", "2016-12-31": "8042.00000", "2015-12-31": "7938.00000", "2014-12-31": "8991.00000", "2013-12-31": "7888.00000", "2012-12-31": "6451.00000", "2011-12-31": "6956.00000", "2010-12-31": "5964.00000", "2009-12-31": "2841.00000", "2008-12-31": "3581.00000", "2007-12-31": "5694.00000", "2006-12-31": "5152.00000", "2005-12-31": "4053.00000"}, "Income Taxes": {"2020-12-31": "1161.00000", "2019-12-31": "1670.00000", "2018-12-31": "1201.00000", "2017-12-31": "4677.00000", "2016-12-31": "2667.00000", "2015-12-31": "2775.00000", "2014-12-31": "3106.00000", "2013-12-31": "2529.00000", "2012-12-31": "1969.00000", "2011-12-31": "2057.00000", "2010-12-31": "1907.00000", "2009-12-31": "704.00000", "2008-12-31": "710.00000", "2007-12-31": "1568.00000", "2006-12-31": "1527.00000", "2005-12-31": "991.00000"}, "Income After Taxes": {"2020-12-31": "3135.00000", "2019-12-31": "6759.00000", "2018-12-31": "6921.00000", "2017-12-31": "2748.00000", "2016-12-31": "5375.00000", "2015-12-31": "5163.00000", "2014-12-31": "5885.00000", "2013-12-31": "5359.00000", "2012-12-31": "4482.00000", "2011-12-31": "4899.00000", "2010-12-31": "4057.00000", "2009-12-31": "2137.00000", "2008-12-31": "2871.00000", "2007-12-31": "4126.00000", "2006-12-31": "3625.00000", "2005-12-31": "3062.00000"}, "Other Income": {"2020-12-31": "", "2019-12-31": "", "2018-12-31": "", "2017-12-31": "", "2016-12-31": "", "2015-12-31": "", "2014-12-31": "", "2013-12-31": "", "2012-12-31": "", "2011-12-31": "", "2010-12-31": "", "2009-12-31": "", "2008-12-31": "", "2007-12-31": "", "2006-12-31": "", "2005-12-31": ""}, "Income From Continuous Operations": {"2020-12-31": "3135.00000", "2019-12-31": "6759.00000", "2018-12-31": "6921.00000", "2017-12-31": "2748.00000", "2016-12-31": "5375.00000", "2015-12-31": "5163.00000", "2014-12-31": "5885.00000", "2013-12-31": "5359.00000", "2012-12-31": "4482.00000", "2011-12-31": "4899.00000", "2010-12-31": "4057.00000", "2009-12-31": "2137.00000", "2008-12-31": "2871.00000", "2007-12-31": "4126.00000", "2006-12-31": "3625.00000", "2005-12-31": "3062.00000"}, "Income From Discontinued Operations": {"2020-12-31": "", "2019-12-31": "", "2018-12-31": "", "2017-12-31": "", "2016-12-31": "", "2015-12-31": "", "2014-12-31": "", "2013-12-31": "", "2012-12-31": "", "2011-12-31": "36.00000", "2010-12-31": "", "2009-12-31": "-7.00000", "2008-12-31": "-172.00000", "2007-12-31": "-114.00000", "2006-12-31": "82.00000", "2005-12-31": "672.00000"}, "Net Income": {"2020-12-31": "3036.00000", "2019-12-31": "6631.00000", "2018-12-31": "6787.00000", "2017-12-31": "2646.00000", "2016-12-31": "5252.00000", "2015-12-31": "5063.00000", "2014-12-31": "5839.00000", "2013-12-31": "5312.00000", "2012-12-31": "4433.00000", "2011-12-31": "4877.00000", "2010-12-31": "4006.00000", "2009-12-31": "2130.00000", "2008-12-31": "2684.00000", "2007-12-31": "3986.00000", "2006-12-31": "3707.00000", "2005-12-31": "3734.00000"}, "EBITDA": {"2020-12-31": "", "2019-12-31": "", "2018-12-31": "", "2017-12-31": "", "2016-12-31": "", "2015-12-31": "", "2014-12-31": "", "2013-12-31": "", "2012-12-31": "", "2011-12-31": "", "2010-12-31": "", "2009-12-31": "", "2008-12-31": "", "2007-12-31": "", "2006-12-31": "", "2005-12-31": ""}, "EBIT": {"2020-12-31": "", "2019-12-31": "", "2018-12-31": "", "2017-12-31": "", "2016-12-31": "", "2015-12-31": "", "2014-12-31": "", "2013-12-31": "", "2012-12-31": "", "2011-12-31": "", "2010-12-31": "", "2009-12-31": "", "2008-12-31": "", "2007-12-31": "", "2006-12-31": "", "2005-12-31": ""}, "Basic Shares Outstanding": {"2020-12-31": "805.00000", "2019-12-31": "828.00000", "2018-12-31": "856.00000", "2017-12-31": "883.00000", "2016-12-31": "933.00000", "2015-12-31": "999.00000", "2014-12-31": "1045.00000", "2013-12-31": "1082.00000", "2012-12-31": "1135.00000", "2011-12-31": "1178.00000", "2010-12-31": "1188.00000", "2009-12-31": "1168.00000", "2008-12-31": "1154.00000", "2007-12-31": "1173.00000", "2006-12-31": "1212.00000", "2005-12-31": "1233.00000"}, "Shares Outstanding": {"2020-12-31": "806.00000", "2019-12-31": "830.00000", "2018-12-31": "859.00000", "2017-12-31": "886.00000", "2016-12-31": "935.00000", "2015-12-31": "1003.00000", "2014-12-31": "1051.00000", "2013-12-31": "1089.00000", "2012-12-31": "1141.00000", "2011-12-31": "1184.00000", "2010-12-31": "1195.00000", "2009-12-31": "1171.00000", "2008-12-31": "1156.00000", "2007-12-31": "1193.00000", "2006-12-31": "1238.00000", "2005-12-31": "1258.00000"}, "Basic EPS": {"2020-12-31": "3.77000", "2019-12-31": "8.00000", "2018-12-31": "7.93000", "2017-12-31": "3.00000", "2016-12-31": "5.63000", "2015-12-31": "5.07000", "2014-12-31": "5.58000", "2013-12-31": "4.91000", "2012-12-31": "3.91000", "2011-12-31": "4.14000", "2010-12-31": "3.37000", "2009-12-31": "1.54000", "2008-12-31": "2.33000", "2007-12-31": "3.40000", "2006-12-31": "3.06000", "2005-12-31": "3.03000"}, "EPS - Earnings Per Share": {"2020-12-31": "3.77000", "2019-12-31": "7.99000", "2018-12-31": "7.91000", "2017-12-31": "2.99000", "2016-12-31": "5.61000", "2015-12-31": "5.05000", "2014-12-31": "5.56000", "2013-12-31": "4.88000", "2012-12-31": "3.89000", "2011-12-31": "4.12000", "2010-12-31": "3.35000", "2009-12-31": "1.54000", "2008-12-31": "2.32000", "2007-12-31": "3.34000", "2006-12-31": "2.99000", "2005-12-31": "2.97000"}}, "income statement, quarterly": {"Revenue": {"2020-12-31": "9741.00000", "2020-09-30": "9201.00000", "2020-06-30": "8217.00000", "2020-03-31": "11026.00000", "2019-12-31": "12166.00000", "2019-09-30": "11866.00000", "2019-06-30": "11729.00000", "2019-03-31": "11259.00000", "2018-12-31": "11308.00000", "2018-09-30": "10921.00000", "2018-06-30": "10713.00000", "2018-03-31": "10339.00000", "2017-12-31": "10287.00000", "2017-09-30": "9858.00000", "2017-06-30": "9693.00000", "2017-03-31": "9152.00000", "2016-12-31": "11755.00000", "2016-09-30": "8204.00000", "2016-06-30": "8671.00000", "2016-03-31": "8513.00000", "2015-12-31": "8791.00000", "2015-09-30": "8592.00000", "2015-06-30": "8698.00000", "2015-03-31": "8360.00000", "2014-12-31": "9486.00000", "2014-09-30": "8723.00000", "2014-06-30": "9074.00000", "2014-03-31": "8612.00000", "2013-12-31": "8906.00000", "2013-09-30": "8785.00000", "2013-06-30": "8737.00000", "2013-03-31": "8400.00000", "2012-12-31": "8685.00000", "2012-09-30": "8420.00000", "2012-06-30": "8515.00000", "2012-03-31": "8161.00000", "2011-12-31": "8317.00000", "2011-09-30": "8146.00000", "2011-06-30": "8195.00000", "2011-03-31": "7624.00000", "2010-12-31": "7849.00000", "2010-09-30": "7583.00000", "2010-06-30": "7415.00000", "2010-03-31": "7158.00000", "2009-12-31": "6864.00000", "2009-09-30": "6559.00000", "2009-06-30": "6639.00000", "2009-03-31": "6481.00000", "2008-12-31": "7303.00000", "2008-09-30": "8048.00000", "2008-06-30": "8358.00000", "2008-03-31": "8211.00000", "2007-12-31": "8372.00000", "2007-09-30": "7964.00000", "2007-06-30": "7877.00000", "2007-03-31": "7327.00000", "2006-12-31": "6695.00000", "2006-09-30": "6992.00000", "2006-06-30": "7285.00000", "2006-03-31": "6720.00000", "2005-12-31": "6716.00000", "2005-09-30": "6028.00000", "2005-06-30": "6020.00000", "2005-03-31": "5640.00000"}, "Cost Of Goods Sold": {"2020-12-31": "390.00000", "2020-09-30": "450.00000", "2020-06-30": "542.00000", "2020-03-31": "716.00000", "2019-12-31": "801.00000", "2019-09-30": "877.00000", "2019-06-30": "891.00000", "2019-03-31": "895.00000", "2018-12-31": "834.00000", "2018-09-30": "777.00000", "2018-06-30": "711.00000", "2018-03-31": "621.00000", "2017-12-31": "580.00000", "2017-09-30": "568.00000", "2017-06-30": "521.00000", "2017-03-31": "443.00000", "2016-12-31": "414.00000", "2016-09-30": "430.00000", "2016-06-30": "436.00000", "2016-03-31": "425.00000", "2015-12-31": "400.00000", "2015-09-30": "399.00000", "2015-06-30": "414.00000", "2015-03-31": "410.00000", "2014-12-31": "405.00000", "2014-09-30": "420.00000", "2014-06-30": "443.00000", "2014-03-31": "439.00000", "2013-12-31": "463.00000", "2013-09-30": "484.00000", "2013-06-30": "492.00000", "2013-03-31": "519.00000", "2012-12-31": "544.00000", "2012-09-30": "558.00000", "2012-06-30": "550.00000", "2012-03-31": "574.00000", "2011-12-31": "575.00000", "2011-09-30": "575.00000", "2011-06-30": "577.00000", "2011-03-31": "593.00000", "2010-12-31": "605.00000", "2010-09-30": "610.00000", "2010-06-30": "610.00000", "2010-03-31": "598.00000", "2009-12-31": "562.00000", "2009-09-30": "543.00000", "2009-06-30": "547.00000", "2009-03-31": "555.00000", "2008-12-31": "797.00000", "2008-09-30": "884.00000", "2008-06-30": "903.00000", "2008-03-31": "971.00000", "2007-12-31": "1191.00000", "2007-09-30": "1008.00000", "2007-06-30": "939.00000", "2007-03-31": "843.00000", "2006-12-31": "729.00000", "2006-09-30": "727.00000", "2006-06-30": "743.00000", "2006-03-31": "667.00000", "2005-12-31": "1308.00000", "2005-09-30": "238.00000", "2005-06-30": "232.00000", "2005-03-31": "201.00000"}, "Gross Profit": {"2020-12-31": "9351.00000", "2020-09-30": "8751.00000", "2020-06-30": "7675.00000", "2020-03-31": "10310.00000", "2019-12-31": "11365.00000", "2019-09-30": "10989.00000", "2019-06-30": "10838.00000", "2019-03-31": "10364.00000", "2018-12-31": "10474.00000", "2018-09-30": "10144.00000", "2018-06-30": "10002.00000", "2018-03-31": "9718.00000", "2017-12-31": "9707.00000", "2017-09-30": "9290.00000", "2017-06-30": "9172.00000", "2017-03-31": "8709.00000", "2016-12-31": "11341.00000", "2016-09-30": "7774.00000", "2016-06-30": "8235.00000", "2016-03-31": "8088.00000", "2015-12-31": "8391.00000", "2015-09-30": "8193.00000", "2015-06-30": "8284.00000", "2015-03-31": "7950.00000", "2014-12-31": "9081.00000", "2014-09-30": "8303.00000", "2014-06-30": "8631.00000", "2014-03-31": "8173.00000", "2013-12-31": "8443.00000", "2013-09-30": "8301.00000", "2013-06-30": "8245.00000", "2013-03-31": "7881.00000", "2012-12-31": "8141.00000", "2012-09-30": "7862.00000", "2012-06-30": "7965.00000", "2012-03-31": "7587.00000", "2011-12-31": "7742.00000", "2011-09-30": "7571.00000", "2011-06-30": "7618.00000", "2011-03-31": "7031.00000", "2010-12-31": "7244.00000", "2010-09-30": "6973.00000", "2010-06-30": "6805.00000", "2010-03-31": "6560.00000", "2009-12-31": "6302.00000", "2009-09-30": "6016.00000", "2009-06-30": "6092.00000", "2009-03-31": "5926.00000", "2008-12-31": "6506.00000", "2008-09-30": "7164.00000", "2008-06-30": "7455.00000", "2008-03-31": "7240.00000", "2007-12-31": "7181.00000", "2007-09-30": "6956.00000", "2007-06-30": "6938.00000", "2007-03-31": "6484.00000", "2006-12-31": "5966.00000", "2006-09-30": "6265.00000", "2006-06-30": "6542.00000", "2006-03-31": "6053.00000", "2005-12-31": "5408.00000", "2005-09-30": "5790.00000", "2005-06-30": "5788.00000", "2005-03-31": "5439.00000"}, "Research And Development Expenses": {"2020-12-31": "", "2020-09-30": "", "2020-06-30": "", "2020-03-31": "", "2019-12-31": "", "2019-09-30": "", "2019-06-30": "", "2019-03-31": "", "2018-12-31": "", "2018-09-30": "", "2018-06-30": "", "2018-03-31": "", "2017-12-31": "", "2017-09-30": "", "2017-06-30": "", "2017-03-31": "", "2016-12-31": "", "2016-09-30": "", "2016-06-30": "", "2016-03-31": "", "2015-12-31": "", "2015-09-30": "", "2015-06-30": "", "2015-03-31": "", "2014-12-31": "", "2014-09-30": "", "2014-06-30": "", "2014-03-31": "", "2013-12-31": "", "2013-09-30": "", "2013-06-30": "", "2013-03-31": "", "2012-12-31": "", "2012-09-30": "", "2012-06-30": "", "2012-03-31": "", "2011-12-31": "", "2011-09-30": "", "2011-06-30": "", "2011-03-31": "", "2010-12-31": "", "2010-09-30": "", "2010-06-30": "", "2010-03-31": "", "2009-12-31": "", "2009-09-30": "", "2009-06-30": "", "2009-03-31": "", "2008-12-31": "", "2008-09-30": "", "2008-06-30": "", "2008-03-31": "", "2007-12-31": "", "2007-09-30": "", "2007-06-30": "", "2007-03-31": "", "2006-12-31": "", "2006-09-30": "", "2006-06-30": "", "2006-03-31": "", "2005-12-31": "", "2005-09-30": "", "2005-06-30": "", "2005-03-31": ""}, "SG&A Expenses": {"2020-12-31": "7493.00000", "2020-09-30": "7387.00000", "2020-06-30": "7053.00000", "2020-03-31": "9858.00000", "2019-12-31": "9379.00000", "2019-09-30": "8723.00000", "2019-06-30": "8619.00000", "2019-03-31": "8406.00000", "2018-12-31": "8643.00000", "2018-09-30": "8026.00000", "2018-06-30": "7911.00000", "2018-03-31": "7636.00000", "2017-12-31": "7909.00000", "2017-09-30": "7459.00000", "2017-06-30": "7215.00000", "2017-03-31": "6870.00000", "2016-12-31": "10234.00000", "2016-09-30": "6039.00000", "2016-06-30": "5219.00000", "2016-03-31": "5904.00000", "2015-12-31": "6937.00000", "2015-09-30": "6255.00000", "2015-06-30": "6054.00000", "2015-03-31": "5634.00000", "2014-12-31": "6856.00000", "2014-09-30": "6057.00000", "2014-06-30": "6319.00000", "2014-03-31": "5965.00000", "2013-12-31": "6463.00000", "2013-09-30": "6297.00000", "2013-06-30": "6250.00000", "2013-03-31": "5972.00000", "2012-12-31": "8549.00000", "2012-09-30": "5992.00000", "2012-06-30": "6086.00000", "2012-03-31": "5814.00000", "2011-12-31": "7212.00000", "2011-09-30": "5860.00000", "2011-06-30": "5853.00000", "2011-03-31": "5299.00000", "2010-12-31": "5767.00000", "2010-09-30": "5333.00000", "2010-06-30": "5210.00000", "2010-03-31": "5308.00000", "2009-12-31": "5341.00000", "2009-09-30": "5098.00000", "2009-06-30": "5674.00000", "2009-03-31": "5382.00000", "2008-12-31": "6238.00000", "2008-09-30": "6086.00000", "2008-06-30": "6681.00000", "2008-03-31": "5779.00000", "2007-12-31": "7066.00000", "2007-09-30": "5451.00000", "2007-06-30": "5529.00000", "2007-03-31": "4873.00000", "2006-12-31": "5949.00000", "2006-09-30": "4954.00000", "2006-06-30": "5100.00000", "2006-03-31": "4728.00000", "2005-12-31": "4644.00000", "2005-09-30": "4710.00000", "2005-06-30": "4667.00000", "2005-03-31": "4351.00000"}, "Other Operating Income Or Expenses": {"2020-12-31": "", "2020-09-30": "", "2020-06-30": "", "2020-03-31": "", "2019-12-31": "", "2019-09-30": "", "2019-06-30": "", "2019-03-31": "", "2018-12-31": "", "2018-09-30": "", "2018-06-30": "", "2018-03-31": "", "2017-12-31": "", "2017-09-30": "", "2017-06-30": "", "2017-03-31": "", "2016-12-31": "", "2016-09-30": "", "2016-06-30": "", "2016-03-31": "", "2015-12-31": "", "2015-09-30": "", "2015-06-30": "", "2015-03-31": "", "2014-12-31": "", "2014-09-30": "", "2014-06-30": "", "2014-03-31": "", "2013-12-31": "", "2013-09-30": "", "2013-06-30": "", "2013-03-31": "", "2012-12-31": "", "2012-09-30": "", "2012-06-30": "", "2012-03-31": "", "2011-12-31": "", "2011-09-30": "", "2011-06-30": "", "2011-03-31": "", "2010-12-31": "", "2010-09-30": "", "2010-06-30": "", "2010-03-31": "", "2009-12-31": "", "2009-09-30": "", "2009-06-30": "", "2009-03-31": "", "2008-12-31": "", "2008-09-30": "", "2008-06-30": "", "2008-03-31": "", "2007-12-31": "", "2007-09-30": "", "2007-06-30": "", "2007-03-31": "", "2006-12-31": "", "2006-09-30": "", "2006-06-30": "", "2006-03-31": "", "2005-12-31": "", "2005-09-30": "", "2005-06-30": "", "2005-03-31": ""}, "Operating Expenses": {"2020-12-31": "7883.00000", "2020-09-30": "7837.00000", "2020-06-30": "7595.00000", "2020-03-31": "10574.00000", "2019-12-31": "10180.00000", "2019-09-30": "9600.00000", "2019-06-30": "9510.00000", "2019-03-31": "9301.00000", "2018-12-31": "9477.00000", "2018-09-30": "8803.00000", "2018-06-30": "8622.00000", "2018-03-31": "8257.00000", "2017-12-31": "8489.00000", "2017-09-30": "8027.00000", "2017-06-30": "7736.00000", "2017-03-31": "7313.00000", "2016-12-31": "10648.00000", "2016-09-30": "6469.00000", "2016-06-30": "5655.00000", "2016-03-31": "6329.00000", "2015-12-31": "7337.00000", "2015-09-30": "6654.00000", "2015-06-30": "6468.00000", "2015-03-31": "6044.00000", "2014-12-31": "7261.00000", "2014-09-30": "6477.00000", "2014-06-30": "6762.00000", "2014-03-31": "6404.00000", "2013-12-31": "6926.00000", "2013-09-30": "6781.00000", "2013-06-30": "6742.00000", "2013-03-31": "6491.00000", "2012-12-31": "9093.00000", "2012-09-30": "6550.00000", "2012-06-30": "6636.00000", "2012-03-31": "6388.00000", "2011-12-31": "7787.00000", "2011-09-30": "6435.00000", "2011-06-30": "6430.00000", "2011-03-31": "5892.00000", "2010-12-31": "6372.00000", "2010-09-30": "5943.00000", "2010-06-30": "5820.00000", "2010-03-31": "5906.00000", "2009-12-31": "5903.00000", "2009-09-30": "5641.00000", "2009-06-30": "6221.00000", "2009-03-31": "5937.00000", "2008-12-31": "7035.00000", "2008-09-30": "6970.00000", "2008-06-30": "7584.00000", "2008-03-31": "6750.00000", "2007-12-31": "8257.00000", "2007-09-30": "6459.00000", "2007-06-30": "6468.00000", "2007-03-31": "5716.00000", "2006-12-31": "6678.00000", "2006-09-30": "5681.00000", "2006-06-30": "5843.00000", "2006-03-31": "5395.00000", "2005-12-31": "5952.00000", "2005-09-30": "4948.00000", "2005-06-30": "4899.00000", "2005-03-31": "4552.00000"}, "Operating Income": {"2020-12-31": "1858.00000", "2020-09-30": "1364.00000", "2020-06-30": "622.00000", "2020-03-31": "452.00000", "2019-12-31": "1986.00000", "2019-09-30": "2266.00000", "2019-06-30": "2219.00000", "2019-03-31": "1958.00000", "2018-12-31": "1831.00000", "2018-09-30": "2118.00000", "2018-06-30": "2091.00000", "2018-03-31": "2082.00000", "2017-12-31": "1798.00000", "2017-09-30": "1831.00000", "2017-06-30": "1957.00000", "2017-03-31": "1839.00000", "2016-12-31": "1107.00000", "2016-09-30": "1735.00000", "2016-06-30": "3016.00000", "2016-03-31": "2184.00000", "2015-12-31": "1454.00000", "2015-09-30": "1938.00000", "2015-06-30": "2230.00000", "2015-03-31": "2316.00000", "2014-12-31": "2225.00000", "2014-09-30": "2246.00000", "2014-06-30": "2312.00000", "2014-03-31": "2208.00000", "2013-12-31": "1980.00000", "2013-09-30": "2004.00000", "2013-06-30": "1995.00000", "2013-03-31": "1909.00000", "2012-12-31": "-408.00000", "2012-09-30": "1870.00000", "2012-06-30": "1879.00000", "2012-03-31": "1773.00000", "2011-12-31": "530.00000", "2011-09-30": "1711.00000", "2011-06-30": "1765.00000", "2011-03-31": "1732.00000", "2010-12-31": "1477.00000", "2010-09-30": "1640.00000", "2010-06-30": "1595.00000", "2010-03-31": "1252.00000", "2009-12-31": "961.00000", "2009-09-30": "918.00000", "2009-06-30": "418.00000", "2009-03-31": "544.00000", "2008-12-31": "268.00000", "2008-09-30": "1078.00000", "2008-06-30": "774.00000", "2008-03-31": "1461.00000", "2007-12-31": "115.00000", "2007-09-30": "1505.00000", "2007-06-30": "1409.00000", "2007-03-31": "1611.00000", "2006-12-31": "17.00000", "2006-09-30": "1311.00000", "2006-06-30": "1442.00000", "2006-03-31": "1325.00000", "2005-12-31": "764.00000", "2005-09-30": "1080.00000", "2005-06-30": "1121.00000", "2005-03-31": "1088.00000"}, "Total Non-Operating Income/Expense": {"2020-12-31": "", "2020-09-30": "", "2020-06-30": "", "2020-03-31": "", "2019-12-31": "", "2019-09-30": "", "2019-06-30": "", "2019-03-31": "", "2018-12-31": "", "2018-09-30": "", "2018-06-30": "", "2018-03-31": "", "2017-12-31": "", "2017-09-30": "", "2017-06-30": "", "2017-03-31": "", "2016-12-31": "", "2016-09-30": "", "2016-06-30": "", "2016-03-31": "", "2015-12-31": "", "2015-09-30": "", "2015-06-30": "", "2015-03-31": "", "2014-12-31": "", "2014-09-30": "", "2014-06-30": "", "2014-03-31": "", "2013-12-31": "", "2013-09-30": "", "2013-06-30": "", "2013-03-31": "", "2012-12-31": "", "2012-09-30": "", "2012-06-30": "", "2012-03-31": "", "2011-12-31": "", "2011-09-30": "", "2011-06-30": "", "2011-03-31": "", "2010-12-31": "", "2010-09-30": "", "2010-06-30": "", "2010-03-31": "", "2009-12-31": "", "2009-09-30": "", "2009-06-30": "", "2009-03-31": "", "2008-12-31": "", "2008-09-30": "", "2008-06-30": "", "2008-03-31": "", "2007-12-31": "", "2007-09-30": "", "2007-06-30": "", "2007-03-31": "", "2006-12-31": "", "2006-09-30": "", "2006-06-30": "", "2006-03-31": "", "2005-12-31": "", "2005-09-30": "", "2005-06-30": "", "2005-03-31": ""}, "Pre-Tax Income": {"2020-12-31": "1858.00000", "2020-09-30": "1364.00000", "2020-06-30": "622.00000", "2020-03-31": "452.00000", "2019-12-31": "1986.00000", "2019-09-30": "2266.00000", "2019-06-30": "2219.00000", "2019-03-31": "1958.00000", "2018-12-31": "1831.00000", "2018-09-30": "2118.00000", "2018-06-30": "2091.00000", "2018-03-31": "2082.00000", "2017-12-31": "1798.00000", "2017-09-30": "1831.00000", "2017-06-30": "1957.00000", "2017-03-31": "1839.00000", "2016-12-31": "1107.00000", "2016-09-30": "1735.00000", "2016-06-30": "3016.00000", "2016-03-31": "2184.00000", "2015-12-31": "1454.00000", "2015-09-30": "1938.00000", "2015-06-30": "2230.00000", "2015-03-31": "2316.00000", "2014-12-31": "2225.00000", "2014-09-30": "2246.00000", "2014-06-30": "2312.00000", "2014-03-31": "2208.00000", "2013-12-31": "1980.00000", "2013-09-30": "2004.00000", "2013-06-30": "1995.00000", "2013-03-31": "1909.00000", "2012-12-31": "929.00000", "2012-09-30": "1870.00000", "2012-06-30": "1879.00000", "2012-03-31": "1773.00000", "2011-12-31": "1748.00000", "2011-09-30": "1711.00000", "2011-06-30": "1765.00000", "2011-03-31": "1732.00000", "2010-12-31": "1477.00000", "2010-09-30": "1640.00000", "2010-06-30": "1595.00000", "2010-03-31": "1252.00000", "2009-12-31": "961.00000", "2009-09-30": "918.00000", "2009-06-30": "418.00000", "2009-03-31": "544.00000", "2008-12-31": "268.00000", "2008-09-30": "1078.00000", "2008-06-30": "774.00000", "2008-03-31": "1461.00000", "2007-12-31": "1169.00000", "2007-09-30": "1505.00000", "2007-06-30": "1409.00000", "2007-03-31": "1611.00000", "2006-12-31": "1074.00000", "2006-09-30": "1311.00000", "2006-06-30": "1442.00000", "2006-03-31": "1325.00000", "2005-12-31": "764.00000", "2005-09-30": "1080.00000", "2005-06-30": "1121.00000", "2005-03-31": "1088.00000"}, "Income Taxes": {"2020-12-31": "420.00000", "2020-09-30": "291.00000", "2020-06-30": "365.00000", "2020-03-31": "85.00000", "2019-12-31": "293.00000", "2019-09-30": "511.00000", "2019-06-30": "458.00000", "2019-03-31": "408.00000", "2018-12-31": "-179.00000", "2018-09-30": "464.00000", "2018-06-30": "468.00000", "2018-03-31": "448.00000", "2017-12-31": "3004.00000", "2017-09-30": "472.00000", "2017-06-30": "613.00000", "2017-03-31": "588.00000", "2016-12-31": "315.00000", "2016-09-30": "593.00000", "2016-06-30": "1001.00000", "2016-03-31": "758.00000", "2015-12-31": "555.00000", "2015-09-30": "672.00000", "2015-06-30": "757.00000", "2015-03-31": "791.00000", "2014-12-31": "778.00000", "2014-09-30": "769.00000", "2014-06-30": "783.00000", "2014-03-31": "776.00000", "2013-12-31": "672.00000", "2013-09-30": "638.00000", "2013-06-30": "590.00000", "2013-03-31": "629.00000", "2012-12-31": "292.00000", "2012-09-30": "620.00000", "2012-06-30": "540.00000", "2012-03-31": "517.00000", "2011-12-31": "556.00000", "2011-09-30": "476.00000", "2011-06-30": "470.00000", "2011-03-31": "555.00000", "2010-12-31": "415.00000", "2010-09-30": "547.00000", "2010-06-30": "578.00000", "2010-03-31": "367.00000", "2009-12-31": "251.00000", "2009-09-30": "276.00000", "2009-06-30": "76.00000", "2009-03-31": "101.00000", "2008-12-31": "-38.00000", "2008-09-30": "217.00000", "2008-06-30": "114.00000", "2008-03-31": "417.00000", "2007-12-31": "300.00000", "2007-09-30": "383.00000", "2007-06-30": "369.00000", "2007-03-31": "516.00000", "2006-12-31": "231.00000", "2006-09-30": "377.00000", "2006-06-30": "470.00000", "2006-03-31": "449.00000", "2005-12-31": "172.00000", "2005-09-30": "215.00000", "2005-06-30": "261.00000", "2005-03-31": "343.00000"}, "Income After Taxes": {"2020-12-31": "1438.00000", "2020-09-30": "1073.00000", "2020-06-30": "257.00000", "2020-03-31": "367.00000", "2019-12-31": "1693.00000", "2019-09-30": "1755.00000", "2019-06-30": "1761.00000", "2019-03-31": "1550.00000", "2018-12-31": "2010.00000", "2018-09-30": "1654.00000", "2018-06-30": "1623.00000", "2018-03-31": "1634.00000", "2017-12-31": "-1206.00000", "2017-09-30": "1359.00000", "2017-06-30": "1344.00000", "2017-03-31": "1251.00000", "2016-12-31": "792.00000", "2016-09-30": "1142.00000", "2016-06-30": "2015.00000", "2016-03-31": "1426.00000", "2015-12-31": "899.00000", "2015-09-30": "1266.00000", "2015-06-30": "1473.00000", "2015-03-31": "1525.00000", "2014-12-31": "1447.00000", "2014-09-30": "1477.00000", "2014-06-30": "1529.00000", "2014-03-31": "1432.00000", "2013-12-31": "1308.00000", "2013-09-30": "1366.00000", "2013-06-30": "1405.00000", "2013-03-31": "1280.00000", "2012-12-31": "637.00000", "2012-09-30": "1250.00000", "2012-06-30": "1339.00000", "2012-03-31": "1256.00000", "2011-12-31": "1192.00000", "2011-09-30": "1235.00000", "2011-06-30": "1295.00000", "2011-03-31": "1177.00000", "2010-12-31": "1062.00000", "2010-09-30": "1093.00000", "2010-06-30": "1017.00000", "2010-03-31": "885.00000", "2009-12-31": "710.00000", "2009-09-30": "642.00000", "2009-06-30": "342.00000", "2009-03-31": "443.00000", "2008-12-31": "306.00000", "2008-09-30": "861.00000", "2008-06-30": "660.00000", "2008-03-31": "1044.00000", "2007-12-31": "869.00000", "2007-09-30": "1122.00000", "2007-06-30": "1040.00000", "2007-03-31": "1095.00000", "2006-12-31": "843.00000", "2006-09-30": "934.00000", "2006-06-30": "972.00000", "2006-03-31": "876.00000", "2005-12-31": "592.00000", "2005-09-30": "865.00000", "2005-06-30": "860.00000", "2005-03-31": "745.00000"}, "Other Income": {"2020-12-31": "", "2020-09-30": "", "2020-06-30": "", "2020-03-31": "", "2019-12-31": "", "2019-09-30": "", "2019-06-30": "", "2019-03-31": "", "2018-12-31": "", "2018-09-30": "", "2018-06-30": "", "2018-03-31": "", "2017-12-31": "", "2017-09-30": "", "2017-06-30": "", "2017-03-31": "", "2016-12-31": "", "2016-09-30": "", "2016-06-30": "", "2016-03-31": "", "2015-12-31": "", "2015-09-30": "", "2015-06-30": "", "2015-03-31": "", "2014-12-31": "", "2014-09-30": "", "2014-06-30": "", "2014-03-31": "", "2013-12-31": "", "2013-09-30": "", "2013-06-30": "", "2013-03-31": "", "2012-12-31": "", "2012-09-30": "", "2012-06-30": "", "2012-03-31": "", "2011-12-31": "", "2011-09-30": "", "2011-06-30": "", "2011-03-31": "", "2010-12-31": "", "2010-09-30": "", "2010-06-30": "", "2010-03-31": "", "2009-12-31": "", "2009-09-30": "", "2009-06-30": "", "2009-03-31": "", "2008-12-31": "", "2008-09-30": "", "2008-06-30": "", "2008-03-31": "", "2007-12-31": "", "2007-09-30": "", "2007-06-30": "", "2007-03-31": "", "2006-12-31": "", "2006-09-30": "", "2006-06-30": "", "2006-03-31": "", "2005-12-31": "", "2005-09-30": "", "2005-06-30": "", "2005-03-31": ""}, "Income From Continuous Operations": {"2020-12-31": "1438.00000", "2020-09-30": "1073.00000", "2020-06-30": "257.00000", "2020-03-31": "367.00000", "2019-12-31": "1693.00000", "2019-09-30": "1755.00000", "2019-06-30": "1761.00000", "2019-03-31": "1550.00000", "2018-12-31": "2010.00000", "2018-09-30": "1654.00000", "2018-06-30": "1623.00000", "2018-03-31": "1634.00000", "2017-12-31": "-1206.00000", "2017-09-30": "1359.00000", "2017-06-30": "1344.00000", "2017-03-31": "1251.00000", "2016-12-31": "792.00000", "2016-09-30": "1142.00000", "2016-06-30": "2015.00000", "2016-03-31": "1426.00000", "2015-12-31": "899.00000", "2015-09-30": "1266.00000", "2015-06-30": "1473.00000", "2015-03-31": "1525.00000", "2014-12-31": "1447.00000", "2014-09-30": "1477.00000", "2014-06-30": "1529.00000", "2014-03-31": "1432.00000", "2013-12-31": "1308.00000", "2013-09-30": "1366.00000", "2013-06-30": "1405.00000", "2013-03-31": "1280.00000", "2012-12-31": "637.00000", "2012-09-30": "1250.00000", "2012-06-30": "1339.00000", "2012-03-31": "1256.00000", "2011-12-31": "1192.00000", "2011-09-30": "1235.00000", "2011-06-30": "1295.00000", "2011-03-31": "1177.00000", "2010-12-31": "1062.00000", "2010-09-30": "1093.00000", "2010-06-30": "1017.00000", "2010-03-31": "885.00000", "2009-12-31": "710.00000", "2009-09-30": "642.00000", "2009-06-30": "342.00000", "2009-03-31": "443.00000", "2008-12-31": "306.00000", "2008-09-30": "861.00000", "2008-06-30": "660.00000", "2008-03-31": "1044.00000", "2007-12-31": "869.00000", "2007-09-30": "1122.00000", "2007-06-30": "1040.00000", "2007-03-31": "1095.00000", "2006-12-31": "843.00000", "2006-09-30": "934.00000", "2006-06-30": "972.00000", "2006-03-31": "876.00000", "2005-12-31": "592.00000", "2005-09-30": "865.00000", "2005-06-30": "860.00000", "2005-03-31": "745.00000"}, "Income From Discontinued Operations": {"2020-12-31": "", "2020-09-30": "", "2020-06-30": "", "2020-03-31": "", "2019-12-31": "", "2019-09-30": "", "2019-06-30": "", "2019-03-31": "", "2018-12-31": "", "2018-09-30": "", "2018-06-30": "", "2018-03-31": "", "2017-12-31": "", "2017-09-30": "", "2017-06-30": "", "2017-03-31": "", "2016-12-31": "", "2016-09-30": "", "2016-06-30": "", "2016-03-31": "", "2015-12-31": "", "2015-09-30": "", "2015-06-30": "", "2015-03-31": "", "2014-12-31": "", "2014-09-30": "", "2014-06-30": "", "2014-03-31": "", "2013-12-31": "", "2013-09-30": "", "2013-06-30": "", "2013-03-31": "", "2012-12-31": "", "2012-09-30": "", "2012-06-30": "", "2012-03-31": "", "2011-12-31": "", "2011-09-30": "", "2011-06-30": "36.00000", "2011-03-31": "", "2010-12-31": "", "2010-09-30": "", "2010-06-30": "", "2010-03-31": "", "2009-12-31": "6.00000", "2009-09-30": "-2.00000", "2009-06-30": "-5.00000", "2009-03-31": "-6.00000", "2008-12-31": "-66.00000", "2008-09-30": "-46.00000", "2008-06-30": "-7.00000", "2008-03-31": "-53.00000", "2007-12-31": "-38.00000", "2007-09-30": "-55.00000", "2007-06-30": "17.00000", "2007-03-31": "-38.00000", "2006-12-31": "79.00000", "2006-09-30": "33.00000", "2006-06-30": "-27.00000", "2006-03-31": "-3.00000", "2005-12-31": "153.00000", "2005-09-30": "165.00000", "2005-06-30": "153.00000", "2005-03-31": "201.00000"}, "Net Income": {"2020-12-31": "1415.00000", "2020-09-30": "1050.00000", "2020-06-30": "238.00000", "2020-03-31": "333.00000", "2019-12-31": "1661.00000", "2019-09-30": "1723.00000", "2019-06-30": "1729.00000", "2019-03-31": "1518.00000", "2018-12-31": "1975.00000", "2018-09-30": "1621.00000", "2018-06-30": "1591.00000", "2018-03-31": "1600.00000", "2017-12-31": "-1215.00000", "2017-09-30": "1327.00000", "2017-06-30": "1314.00000", "2017-03-31": "1220.00000", "2016-12-31": "767.00000", "2016-09-30": "1112.00000", "2016-06-30": "1979.00000", "2016-03-31": "1394.00000", "2015-12-31": "873.00000", "2015-09-30": "1234.00000", "2015-06-30": "1442.00000", "2015-03-31": "1514.00000", "2014-12-31": "1424.00000", "2014-09-30": "1466.00000", "2014-06-30": "1517.00000", "2014-03-31": "1432.00000", "2013-12-31": "1297.00000", "2013-09-30": "1354.00000", "2013-06-30": "1392.00000", "2013-03-31": "1269.00000", "2012-12-31": "616.00000", "2012-09-30": "1250.00000", "2012-06-30": "1325.00000", "2012-03-31": "1242.00000", "2011-12-31": "1149.00000", "2011-09-30": "1220.00000", "2011-06-30": "1331.00000", "2011-03-31": "1177.00000", "2010-12-31": "1024.00000", "2010-09-30": "1080.00000", "2010-06-30": "1017.00000", "2010-03-31": "885.00000", "2009-12-31": "1027.00000", "2009-09-30": "640.00000", "2009-06-30": "102.00000", "2009-03-31": "361.00000", "2008-12-31": "234.00000", "2008-09-30": "815.00000", "2008-06-30": "650.00000", "2008-03-31": "985.00000", "2007-12-31": "805.00000", "2007-09-30": "1067.00000", "2007-06-30": "1057.00000", "2007-03-31": "1057.00000", "2006-12-31": "922.00000", "2006-09-30": "967.00000", "2006-06-30": "945.00000", "2006-03-31": "873.00000", "2005-12-31": "745.00000", "2005-09-30": "1030.00000", "2005-06-30": "1013.00000", "2005-03-31": "946.00000"}, "EBITDA": {"2020-12-31": "", "2020-09-30": "", "2020-06-30": "", "2020-03-31": "", "2019-12-31": "", "2019-09-30": "", "2019-06-30": "", "2019-03-31": "", "2018-12-31": "", "2018-09-30": "", "2018-06-30": "", "2018-03-31": "", "2017-12-31": "", "2017-09-30": "", "2017-06-30": "", "2017-03-31": "", "2016-12-31": "", "2016-09-30": "", "2016-06-30": "", "2016-03-31": "", "2015-12-31": "", "2015-09-30": "", "2015-06-30": "", "2015-03-31": "", "2014-12-31": "", "2014-09-30": "", "2014-06-30": "", "2014-03-31": "", "2013-12-31": "", "2013-09-30": "", "2013-06-30": "", "2013-03-31": "", "2012-12-31": "", "2012-09-30": "", "2012-06-30": "", "2012-03-31": "", "2011-12-31": "", "2011-09-30": "", "2011-06-30": "", "2011-03-31": "", "2010-12-31": "", "2010-09-30": "", "2010-06-30": "", "2010-03-31": "", "2009-12-31": "", "2009-09-30": "", "2009-06-30": "", "2009-03-31": "", "2008-12-31": "", "2008-09-30": "", "2008-06-30": "", "2008-03-31": "", "2007-12-31": "", "2007-09-30": "", "2007-06-30": "", "2007-03-31": "", "2006-12-31": "", "2006-09-30": "", "2006-06-30": "", "2006-03-31": "", "2005-12-31": "", "2005-09-30": "", "2005-06-30": "", "2005-03-31": ""}, "EBIT": {"2020-12-31": "", "2020-09-30": "", "2020-06-30": "", "2020-03-31": "", "2019-12-31": "", "2019-09-30": "", "2019-06-30": "", "2019-03-31": "", "2018-12-31": "", "2018-09-30": "", "2018-06-30": "", "2018-03-31": "", "2017-12-31": "", "2017-09-30": "", "2017-06-30": "", "2017-03-31": "", "2016-12-31": "", "2016-09-30": "", "2016-06-30": "", "2016-03-31": "", "2015-12-31": "", "2015-09-30": "", "2015-06-30": "", "2015-03-31": "", "2014-12-31": "", "2014-09-30": "", "2014-06-30": "", "2014-03-31": "", "2013-12-31": "", "2013-09-30": "", "2013-06-30": "", "2013-03-31": "", "2012-12-31": "", "2012-09-30": "", "2012-06-30": "", "2012-03-31": "", "2011-12-31": "", "2011-09-30": "", "2011-06-30": "", "2011-03-31": "", "2010-12-31": "", "2010-09-30": "", "2010-06-30": "", "2010-03-31": "", "2009-12-31": "", "2009-09-30": "", "2009-06-30": "", "2009-03-31": "", "2008-12-31": "", "2008-09-30": "", "2008-06-30": "", "2008-03-31": "", "2007-12-31": "", "2007-09-30": "", "2007-06-30": "", "2007-03-31": "", "2006-12-31": "", "2006-09-30": "", "2006-06-30": "", "2006-03-31": "", "2005-12-31": "", "2005-09-30": "", "2005-06-30": "", "2005-03-31": ""}, "Basic Shares Outstanding": {"2020-12-31": "805.00000", "2020-09-30": "804.00000", "2020-06-30": "804.00000", "2020-03-31": "807.00000", "2019-12-31": "828.00000", "2019-09-30": "825.00000", "2019-06-30": "834.00000", "2019-03-31": "841.00000", "2018-12-31": "856.00000", "2018-09-30": "858.00000", "2018-06-30": "860.00000", "2018-03-31": "859.00000", "2017-12-31": "883.00000", "2017-09-30": "878.00000", "2017-06-30": "890.00000", "2017-03-31": "899.00000", "2016-12-31": "933.00000", "2016-09-30": "920.00000", "2016-06-30": "938.00000", "2016-03-31": "961.00000", "2015-12-31": "999.00000", "2015-09-30": "994.00000", "2015-06-30": "1009.00000", "2015-03-31": "1019.00000", "2014-12-31": "1045.00000", "2014-09-30": "1041.00000", "2014-06-30": "1052.00000", "2014-03-31": "1060.00000", "2013-12-31": "1082.00000", "2013-09-30": "1074.00000", "2013-06-30": "1090.00000", "2013-03-31": "1099.00000", "2012-12-31": "1135.00000", "2012-09-30": "1126.00000", "2012-06-30": "1145.00000", "2012-03-31": "1160.00000", "2011-12-31": "1178.00000", "2011-09-30": "1175.00000", "2011-06-30": "1190.00000", "2011-03-31": "1192.00000", "2010-12-31": "1188.00000", "2010-09-30": "1193.00000", "2010-06-30": "1190.00000", "2010-03-31": "1185.00000", "2009-12-31": "1168.00000", "2009-09-30": "1178.00000", "2009-06-30": "1162.00000", "2009-03-31": "1156.00000", "2008-12-31": "1154.00000", "2008-09-30": "1154.00000", "2008-06-30": "1154.00000", "2008-03-31": "1153.00000", "2007-12-31": "1173.00000", "2007-09-30": "1170.00000", "2007-06-30": "1179.00000", "2007-03-31": "1187.00000", "2006-12-31": "1212.00000", "2006-09-30": "1202.00000", "2006-06-30": "1217.00000", "2006-03-31": "1232.00000", "2005-12-31": "1233.00000", "2005-09-30": "1229.00000", "2005-06-30": "1231.00000", "2005-03-31": "1239.00000"}, "Shares Outstanding": {"2020-12-31": "806.00000", "2020-09-30": "805.00000", "2020-06-30": "805.00000", "2020-03-31": "808.00000", "2019-12-31": "830.00000", "2019-09-30": "827.00000", "2019-06-30": "836.00000", "2019-03-31": "843.00000", "2018-12-31": "859.00000", "2018-09-30": "860.00000", "2018-06-30": "862.00000", "2018-03-31": "861.00000", "2017-12-31": "886.00000", "2017-09-30": "881.00000", "2017-06-30": "893.00000", "2017-03-31": "903.00000", "2016-12-31": "935.00000", "2016-09-30": "923.00000", "2016-06-30": "941.00000", "2016-03-31": "963.00000", "2015-12-31": "1003.00000", "2015-09-30": "997.00000", "2015-06-30": "1013.00000", "2015-03-31": "1023.00000", "2014-12-31": "1051.00000", "2014-09-30": "1047.00000", "2014-06-30": "1058.00000", "2014-03-31": "1067.00000", "2013-12-31": "1089.00000", "2013-09-30": "1081.00000", "2013-06-30": "1097.00000", "2013-03-31": "1106.00000", "2012-12-31": "1141.00000", "2012-09-30": "1132.00000", "2012-06-30": "1152.00000", "2012-03-31": "1166.00000", "2011-12-31": "1184.00000", "2011-09-30": "1181.00000", "2011-06-30": "1197.00000", "2011-03-31": "1198.00000", "2010-12-31": "1195.00000", "2010-09-30": "1199.00000", "2010-06-30": "1197.00000", "2010-03-31": "1191.00000", "2009-12-31": "1171.00000", "2009-09-30": "1181.00000", "2009-06-30": "1165.00000", "2009-03-31": "1156.00000", "2008-12-31": "1156.00000", "2008-09-30": "1158.00000", "2008-06-30": "1163.00000", "2008-03-31": "1163.00000", "2007-12-31": "1193.00000", "2007-09-30": "1192.00000", "2007-06-30": "1203.00000", "2007-03-31": "1210.00000", "2006-12-31": "1238.00000", "2006-09-30": "1227.00000", "2006-06-30": "1242.00000", "2006-03-31": "1258.00000", "2005-12-31": "1258.00000", "2005-09-30": "1254.00000", "2005-06-30": "1254.00000", "2005-03-31": "1264.00000"}, "Basic EPS": {"2020-12-31": "1.76000", "2020-09-30": "1.31000", "2020-06-30": "0.29000", "2020-03-31": "0.41000", "2019-12-31": "2.03000", "2019-09-30": "2.09000", "2019-06-30": "2.07000", "2019-03-31": "1.81000", "2018-12-31": "2.33000", "2018-09-30": "1.89000", "2018-06-30": "1.85000", "2018-03-31": "1.86000", "2017-12-31": "-1.35000", "2017-09-30": "1.51000", "2017-06-30": "1.48000", "2017-03-31": "1.36000", "2016-12-31": "0.86000", "2016-09-30": "1.21000", "2016-06-30": "2.11000", "2016-03-31": "1.45000", "2015-12-31": "0.91000", "2015-09-30": "1.24000", "2015-06-30": "1.43000", "2015-03-31": "1.49000", "2014-12-31": "1.39000", "2014-09-30": "1.41000", "2014-06-30": "1.44000", "2014-03-31": "1.34000", "2013-12-31": "1.22000", "2013-09-30": "1.26000", "2013-06-30": "1.28000", "2013-03-31": "1.15000", "2012-12-31": "0.58000", "2012-09-30": "1.10000", "2012-06-30": "1.16000", "2012-03-31": "1.07000", "2011-12-31": "1.01000", "2011-09-30": "1.04000", "2011-06-30": "1.11000", "2011-03-31": "0.98000", "2010-12-31": "0.88000", "2010-09-30": "0.91000", "2010-06-30": "0.84000", "2010-03-31": "0.74000", "2009-12-31": "0.60000", "2009-09-30": "0.54000", "2009-06-30": "0.09000", "2009-03-31": "0.31000", "2008-12-31": "0.22000", "2008-09-30": "0.70000", "2008-06-30": "0.56000", "2008-03-31": "0.85000", "2007-12-31": "0.70000", "2007-09-30": "0.91000", "2007-06-30": "0.90000", "2007-03-31": "0.89000", "2006-12-31": "0.77000", "2006-09-30": "0.80000", "2006-06-30": "0.78000", "2006-03-31": "0.71000", "2005-12-31": "0.61000", "2005-09-30": "0.84000", "2005-06-30": "0.82000", "2005-03-31": "0.76000"}, "EPS - Earnings Per Share": {"2020-12-31": "1.76000", "2020-09-30": "1.30000", "2020-06-30": "0.29000", "2020-03-31": "0.41000", "2019-12-31": "2.04000", "2019-09-30": "2.08000", "2019-06-30": "2.07000", "2019-03-31": "1.80000", "2018-12-31": "2.33000", "2018-09-30": "1.88000", "2018-06-30": "1.84000", "2018-03-31": "1.86000", "2017-12-31": "-1.34000", "2017-09-30": "1.51000", "2017-06-30": "1.47000", "2017-03-31": "1.35000", "2016-12-31": "0.86000", "2016-09-30": "1.20000", "2016-06-30": "2.10000", "2016-03-31": "1.45000", "2015-12-31": "0.91000", "2015-09-30": "1.24000", "2015-06-30": "1.42000", "2015-03-31": "1.48000", "2014-12-31": "1.40000", "2014-09-30": "1.40000", "2014-06-30": "1.43000", "2014-03-31": "1.33000", "2013-12-31": "1.21000", "2013-09-30": "1.25000", "2013-06-30": "1.27000", "2013-03-31": "1.15000", "2012-12-31": "0.58000", "2012-09-30": "1.09000", "2012-06-30": "1.15000", "2012-03-31": "1.07000", "2011-12-31": "1.02000", "2011-09-30": "1.03000", "2011-06-30": "1.10000", "2011-03-31": "0.97000", "2010-12-31": "0.88000", "2010-09-30": "0.90000", "2010-06-30": "0.84000", "2010-03-31": "0.73000", "2009-12-31": "0.61000", "2009-09-30": "0.53000", "2009-06-30": "0.09000", "2009-03-31": "0.31000", "2008-12-31": "0.21000", "2008-09-30": "0.70000", "2008-06-30": "0.56000", "2008-03-31": "0.85000", "2007-12-31": "0.69000", "2007-09-30": "0.90000", "2007-06-30": "0.88000", "2007-03-31": "0.87000", "2006-12-31": "0.75000", "2006-09-30": "0.79000", "2006-06-30": "0.76000", "2006-03-31": "0.69000", "2005-12-31": "0.59000", "2005-09-30": "0.82000", "2005-06-30": "0.81000", "2005-03-31": "0.75000"}}, "balance sheet": {"Cash On Hand": {"2020-12-31": "33000.00000", "2019-12-31": "23932.00000", "2018-12-31": "27445.00000", "2017-12-31": "32927.00000", "2016-12-31": "25208.00000", "2015-12-31": "22762.00000", "2014-12-31": "22288.00000", "2013-12-31": "19486.00000", "2012-12-31": "22250.00000", "2011-12-31": "24893.00000", "2010-12-31": "16356.00000", "2009-12-31": "16599.00000", "2008-12-31": "20547.00000", "2007-12-31": "8878.00000", "2006-12-31": "5306.00000", "2005-12-31": "7126.00000"}, "Receivables": {"2020-12-31": "", "2019-12-31": "", "2018-12-31": "", "2017-12-31": "", "2016-12-31": "", "2015-12-31": "", "2014-12-31": "", "2013-12-31": "", "2012-12-31": "", "2011-12-31": "", "2010-12-31": "", "2009-12-31": "", "2008-12-31": "", "2007-12-31": "", "2006-12-31": "", "2005-12-31": ""}, "Inventory": {"2020-12-31": "", "2019-12-31": "", "2018-12-31": "", "2017-12-31": "", "2016-12-31": "", "2015-12-31": "", "2014-12-31": "", "2013-12-31": "", "2012-12-31": "", "2011-12-31": "", "2010-12-31": "", "2009-12-31": "", "2008-12-31": "", "2007-12-31": "", "2006-12-31": "", "2005-12-31": ""}, "Pre-Paid Expenses": {"2020-12-31": "", "2019-12-31": "", "2018-12-31": "", "2017-12-31": "", "2016-12-31": "", "2015-12-31": "", "2014-12-31": "", "2013-12-31": "", "2012-12-31": "", "2011-12-31": "", "2010-12-31": "", "2009-12-31": "", "2008-12-31": "", "2007-12-31": "", "2006-12-31": "", "2005-12-31": ""}, "Other Current Assets": {"2020-12-31": "", "2019-12-31": "", "2018-12-31": "", "2017-12-31": "", "2016-12-31": "", "2015-12-31": "", "2014-12-31": "", "2013-12-31": "", "2012-12-31": "", "2011-12-31": "", "2010-12-31": "", "2009-12-31": "", "2008-12-31": "", "2007-12-31": "", "2006-12-31": "", "2005-12-31": ""}, "Total Current Assets": {"2020-12-31": "144000.00000", "2019-12-31": "170350.00000", "2018-12-31": "166161.00000", "2017-12-31": "163962.00000", "2016-12-31": "140742.00000", "2015-12-31": "143248.00000", "2014-12-31": "139392.00000", "2013-12-31": "133256.00000", "2012-12-31": "132473.00000", "2011-12-31": "130168.00000", "2010-12-31": "114406.00000", "2009-12-31": "84813.00000", "2008-12-31": "97777.00000", "2007-12-31": "104211.00000", "2006-12-31": "87087.00000", "2005-12-31": "83424.00000"}, "Property, Plant, And Equipment": {"2020-12-31": "", "2019-12-31": "4834.00000", "2018-12-31": "4416.00000", "2017-12-31": "4329.00000", "2016-12-31": "4433.00000", "2015-12-31": "4108.00000", "2014-12-31": "3938.00000", "2013-12-31": "3875.00000", "2012-12-31": "3635.00000", "2011-12-31": "3367.00000", "2010-12-31": "2905.00000", "2009-12-31": "2782.00000", "2008-12-31": "2948.00000", "2007-12-31": "2692.00000", "2006-12-31": "2350.00000", "2005-12-31": "2230.00000"}, "Long-Term Investments": {"2020-12-31": "22000.00000", "2019-12-31": "8406.00000", "2018-12-31": "4647.00000", "2017-12-31": "3159.00000", "2016-12-31": "3157.00000", "2015-12-31": "3759.00000", "2014-12-31": "4431.00000", "2013-12-31": "5016.00000", "2012-12-31": "5614.00000", "2011-12-31": "7147.00000", "2010-12-31": "14010.00000", "2009-12-31": "24337.00000", "2008-12-31": "12526.00000", "2007-12-31": "13214.00000", "2006-12-31": "17954.00000", "2005-12-31": "21334.00000"}, "Goodwill And Intangible Assets": {"2020-12-31": "", "2019-12-31": "", "2018-12-31": "", "2017-12-31": "", "2016-12-31": "", "2015-12-31": "", "2014-12-31": "", "2013-12-31": "", "2012-12-31": "", "2011-12-31": "", "2010-12-31": "", "2009-12-31": "", "2008-12-31": "", "2007-12-31": "", "2006-12-31": "", "2005-12-31": ""}, "Other Long-Term Assets": {"2020-12-31": "25000.00000", "2019-12-31": "14731.00000", "2018-12-31": "13378.00000", "2017-12-31": "9746.00000", "2016-12-31": "10561.00000", "2015-12-31": "10069.00000", "2014-12-31": "11342.00000", "2013-12-31": "11228.00000", "2012-12-31": "11418.00000", "2011-12-31": "12655.00000", "2010-12-31": "15368.00000", "2009-12-31": "13213.00000", "2008-12-31": "12823.00000", "2007-12-31": "29626.00000", "2006-12-31": "20938.00000", "2005-12-31": "6972.00000"}, "Total Long-Term Assets": {"2020-12-31": "47000.00000", "2019-12-31": "27971.00000", "2018-12-31": "22441.00000", "2017-12-31": "17234.00000", "2016-12-31": "18151.00000", "2015-12-31": "17936.00000", "2014-12-31": "19711.00000", "2013-12-31": "20119.00000", "2012-12-31": "20667.00000", "2011-12-31": "23169.00000", "2010-12-31": "32283.00000", "2009-12-31": "40332.00000", "2008-12-31": "28297.00000", "2007-12-31": "45532.00000", "2006-12-31": "41242.00000", "2005-12-31": "30536.00000"}, "Total Assets": {"2020-12-31": "191000.00000", "2019-12-31": "198321.00000", "2018-12-31": "188602.00000", "2017-12-31": "181196.00000", "2016-12-31": "158893.00000", "2015-12-31": "161184.00000", "2014-12-31": "159103.00000", "2013-12-31": "153375.00000", "2012-12-31": "153140.00000", "2011-12-31": "153337.00000", "2010-12-31": "146689.00000", "2009-12-31": "125145.00000", "2008-12-31": "126074.00000", "2007-12-31": "149743.00000", "2006-12-31": "128329.00000", "2005-12-31": "113960.00000"}, "Total Current Liabilities": {"2020-12-31": "89000.00000", "2019-12-31": "92467.00000", "2018-12-31": "85315.00000", "2017-12-31": "84942.00000", "2016-12-31": "72625.00000", "2015-12-31": "74878.00000", "2014-12-31": "62624.00000", "2013-12-31": "61639.00000", "2012-12-31": "57724.00000", "2011-12-31": "57816.00000", "2010-12-31": "48450.00000", "2009-12-31": "43671.00000", "2008-12-31": "39340.00000", "2007-12-31": "48095.00000", "2006-12-31": "43137.00000", "2005-12-31": "54890.00000"}, "Long Term Debt": {"2020-12-31": "43000.00000", "2019-12-31": "57835.00000", "2018-12-31": "58423.00000", "2017-12-31": "55804.00000", "2016-12-31": "46990.00000", "2015-12-31": "48061.00000", "2014-12-31": "57955.00000", "2013-12-31": "55330.00000", "2012-12-31": "58973.00000", "2011-12-31": "59570.00000", "2010-12-31": "66416.00000", "2009-12-31": "52338.00000", "2008-12-31": "60041.00000", "2007-12-31": "55285.00000", "2006-12-31": "42747.00000", "2005-12-31": "30781.00000"}, "Other Non-Current Liabilities": {"2020-12-31": "36000.00000", "2019-12-31": "24948.00000", "2018-12-31": "22574.00000", "2017-12-31": "22189.00000", "2016-12-31": "18777.00000", "2015-12-31": "17572.00000", "2014-12-31": "17851.00000", "2013-12-31": "16910.00000", "2012-12-31": "17557.00000", "2011-12-31": "17157.00000", "2010-12-31": "15593.00000", "2009-12-31": "14730.00000", "2008-12-31": "14592.00000", "2007-12-31": "13807.00000", "2006-12-31": "17989.00000", "2005-12-31": "17740.00000"}, "Total Long Term Liabilities": {"2020-12-31": "79000.00000", "2019-12-31": "82783.00000", "2018-12-31": "80997.00000", "2017-12-31": "77993.00000", "2016-12-31": "65767.00000", "2015-12-31": "65633.00000", "2014-12-31": "75806.00000", "2013-12-31": "72240.00000", "2012-12-31": "76530.00000", "2011-12-31": "76727.00000", "2010-12-31": "82009.00000", "2009-12-31": "67068.00000", "2008-12-31": "74893.00000", "2007-12-31": "90619.00000", "2006-12-31": "74681.00000", "2005-12-31": "48521.00000"}, "Total Liabilities": {"2020-12-31": "168000.00000", "2019-12-31": "175250.00000", "2018-12-31": "166312.00000", "2017-12-31": "162935.00000", "2016-12-31": "138392.00000", "2015-12-31": "140511.00000", "2014-12-31": "138430.00000", "2013-12-31": "133879.00000", "2012-12-31": "134254.00000", "2011-12-31": "134543.00000", "2010-12-31": "130459.00000", "2009-12-31": "110739.00000", "2008-12-31": "114233.00000", "2007-12-31": "138714.00000", "2006-12-31": "117818.00000", "2005-12-31": "103411.00000"}, "Common Stock Net": {"2020-12-31": "", "2019-12-31": "163.00000", "2018-12-31": "170.00000", "2017-12-31": "172.00000", "2016-12-31": "181.00000", "2015-12-31": "194.00000", "2014-12-31": "205.00000", "2013-12-31": "213.00000", "2012-12-31": "221.00000", "2011-12-31": "232.00000", "2010-12-31": "238.00000", "2009-12-31": "237.00000", "2008-12-31": "232.00000", "2007-12-31": "232.00000", "2006-12-31": "240.00000", "2005-12-31": "248.00000"}, "Retained Earnings (Accumulated Deficit)": {"2020-12-31": "", "2019-12-31": "13871.00000", "2018-12-31": "12499.00000", "2017-12-31": "8307.00000", "2016-12-31": "10371.00000", "2015-12-31": "9665.00000", "2014-12-31": "9513.00000", "2013-12-31": "8507.00000", "2012-12-31": "7525.00000", "2011-12-31": "7221.00000", "2010-12-31": "4972.00000", "2009-12-31": "3737.00000", "2008-12-31": "2719.00000", "2007-12-31": "1075.00000", "2006-12-31": "1153.00000", "2005-12-31": "1788.00000"}, "Comprehensive Income": {"2020-12-31": "", "2019-12-31": "-2737.00000", "2018-12-31": "-2597.00000", "2017-12-31": "-2428.00000", "2016-12-31": "-2784.00000", "2015-12-31": "-2534.00000", "2014-12-31": "-1919.00000", "2013-12-31": "-1426.00000", "2012-12-31": "-927.00000", "2011-12-31": "-876.00000", "2010-12-31": "-917.00000", "2009-12-31": "-712.00000", "2008-12-31": "-1606.00000", "2007-12-31": "-442.00000", "2006-12-31": "-520.00000", "2005-12-31": "-139.00000"}, "Other Share Holders Equity": {"2020-12-31": "", "2019-12-31": "", "2018-12-31": "", "2017-12-31": "", "2016-12-31": "", "2015-12-31": "", "2014-12-31": "", "2013-12-31": "", "2012-12-31": "", "2011-12-31": "", "2010-12-31": "", "2009-12-31": "", "2008-12-31": "", "2007-12-31": "", "2006-12-31": "", "2005-12-31": ""}, "Share Holder Equity": {"2020-12-31": "23000.00000", "2019-12-31": "23071.00000", "2018-12-31": "22290.00000", "2017-12-31": "18261.00000", "2016-12-31": "20501.00000", "2015-12-31": "20673.00000", "2014-12-31": "20673.00000", "2013-12-31": "19496.00000", "2012-12-31": "18886.00000", "2011-12-31": "18794.00000", "2010-12-31": "16230.00000", "2009-12-31": "14406.00000", "2008-12-31": "11841.00000", "2007-12-31": "11029.00000", "2006-12-31": "10511.00000", "2005-12-31": "10549.00000"}, "Total Liabilities And Share Holders Equity": {"2020-12-31": "191000.00000", "2019-12-31": "198321.00000", "2018-12-31": "188602.00000", "2017-12-31": "181196.00000", "2016-12-31": "158893.00000", "2015-12-31": "161184.00000", "2014-12-31": "159103.00000", "2013-12-31": "153375.00000", "2012-12-31": "153140.00000", "2011-12-31": "153337.00000", "2010-12-31": "146689.00000", "2009-12-31": "125145.00000", "2008-12-31": "126074.00000", "2007-12-31": "149743.00000", "2006-12-31": "128329.00000", "2005-12-31": "113960.00000"}}, "balance sheet, quarterly": {"Cash On Hand": {"2020-12-31": "33000.00000", "2020-09-30": "33030.00000", "2020-06-30": "41497.00000", "2020-03-31": "36095.00000", "2019-12-31": "23932.00000", "2019-09-30": "24266.00000", "2019-06-30": "26869.00000", "2019-03-31": "33177.00000", "2018-12-31": "27445.00000", "2018-09-30": "30231.00000", "2018-06-30": "29743.00000", "2018-03-31": "31092.00000", "2017-12-31": "32927.00000", "2017-09-30": "26168.00000", "2017-06-30": "30442.00000", "2017-03-31": "29366.00000", "2016-12-31": "25208.00000", "2016-09-30": "26520.00000", "2016-06-30": "33767.00000", "2016-03-31": "25045.00000", "2015-12-31": "22762.00000", "2015-09-30": "19938.00000", "2015-06-30": "21071.00000", "2015-03-31": "23572.00000", "2014-12-31": "22288.00000", "2014-09-30": "21264.00000", "2014-06-30": "18430.00000", "2014-03-31": "20740.00000", "2013-12-31": "19486.00000", "2013-09-30": "22286.00000", "2013-06-30": "23129.00000", "2013-03-31": "27964.00000", "2012-12-31": "22250.00000", "2012-09-30": "25143.00000", "2012-06-30": "22072.00000", "2012-03-31": "27082.00000", "2011-12-31": "24893.00000", "2011-09-30": "24945.00000", "2011-06-30": "23082.00000", "2011-03-31": "22027.00000", "2010-12-31": "16356.00000", "2010-09-30": "21341.00000", "2010-06-30": "20687.00000", "2010-03-31": "21098.00000", "2009-12-31": "16599.00000", "2009-09-30": "18648.00000", "2009-06-30": "15615.00000", "2009-03-31": "20797.00000", "2008-12-31": "20547.00000", "2008-09-30": "15556.00000", "2008-06-30": "20091.00000", "2008-03-31": "19489.00000", "2007-12-31": "8878.00000", "2007-09-30": "8410.00000", "2007-06-30": "7371.00000", "2007-03-31": "7979.00000", "2006-12-31": "5306.00000", "2006-09-30": "7978.00000", "2006-06-30": "6798.00000", "2006-03-31": "5393.00000", "2005-12-31": "7126.00000", "2005-09-30": "7623.00000", "2005-06-30": "9280.00000", "2005-03-31": "9279.00000"}, "Receivables": {"2020-12-31": "", "2020-09-30": "", "2020-06-30": "", "2020-03-31": "", "2019-12-31": "", "2019-09-30": "", "2019-06-30": "", "2019-03-31": "", "2018-12-31": "", "2018-09-30": "", "2018-06-30": "", "2018-03-31": "", "2017-12-31": "", "2017-09-30": "", "2017-06-30": "", "2017-03-31": "", "2016-12-31": "", "2016-09-30": "", "2016-06-30": "", "2016-03-31": "", "2015-12-31": "", "2015-09-30": "", "2015-06-30": "", "2015-03-31": "", "2014-12-31": "", "2014-09-30": "", "2014-06-30": "", "2014-03-31": "", "2013-12-31": "", "2013-09-30": "", "2013-06-30": "", "2013-03-31": "", "2012-12-31": "", "2012-09-30": "", "2012-06-30": "", "2012-03-31": "", "2011-12-31": "", "2011-09-30": "", "2011-06-30": "", "2011-03-31": "", "2010-12-31": "", "2010-09-30": "", "2010-06-30": "", "2010-03-31": "", "2009-12-31": "", "2009-09-30": "", "2009-06-30": "", "2009-03-31": "", "2008-12-31": "", "2008-09-30": "", "2008-06-30": "", "2008-03-31": "", "2007-12-31": "", "2007-09-30": "", "2007-06-30": "", "2007-03-31": "", "2006-12-31": "", "2006-09-30": "", "2006-06-30": "", "2006-03-31": "", "2005-12-31": "", "2005-09-30": "", "2005-06-30": "", "2005-03-31": ""}, "Inventory": {"2020-12-31": "", "2020-09-30": "", "2020-06-30": "", "2020-03-31": "", "2019-12-31": "", "2019-09-30": "", "2019-06-30": "", "2019-03-31": "", "2018-12-31": "", "2018-09-30": "", "2018-06-30": "", "2018-03-31": "", "2017-12-31": "", "2017-09-30": "", "2017-06-30": "", "2017-03-31": "", "2016-12-31": "", "2016-09-30": "", "2016-06-30": "", "2016-03-31": "", "2015-12-31": "", "2015-09-30": "", "2015-06-30": "", "2015-03-31": "", "2014-12-31": "", "2014-09-30": "", "2014-06-30": "", "2014-03-31": "", "2013-12-31": "", "2013-09-30": "", "2013-06-30": "", "2013-03-31": "", "2012-12-31": "", "2012-09-30": "", "2012-06-30": "", "2012-03-31": "", "2011-12-31": "", "2011-09-30": "", "2011-06-30": "", "2011-03-31": "", "2010-12-31": "", "2010-09-30": "", "2010-06-30": "", "2010-03-31": "", "2009-12-31": "", "2009-09-30": "", "2009-06-30": "", "2009-03-31": "", "2008-12-31": "", "2008-09-30": "", "2008-06-30": "", "2008-03-31": "", "2007-12-31": "", "2007-09-30": "", "2007-06-30": "", "2007-03-31": "", "2006-12-31": "", "2006-09-30": "", "2006-06-30": "", "2006-03-31": "", "2005-12-31": "", "2005-09-30": "", "2005-06-30": "", "2005-03-31": ""}, "Pre-Paid Expenses": {"2020-12-31": "", "2020-09-30": "", "2020-06-30": "", "2020-03-31": "", "2019-12-31": "", "2019-09-30": "", "2019-06-30": "", "2019-03-31": "", "2018-12-31": "", "2018-09-30": "", "2018-06-30": "", "2018-03-31": "", "2017-12-31": "", "2017-09-30": "", "2017-06-30": "", "2017-03-31": "", "2016-12-31": "", "2016-09-30": "", "2016-06-30": "", "2016-03-31": "", "2015-12-31": "", "2015-09-30": "", "2015-06-30": "", "2015-03-31": "", "2014-12-31": "", "2014-09-30": "", "2014-06-30": "", "2014-03-31": "", "2013-12-31": "", "2013-09-30": "", "2013-06-30": "", "2013-03-31": "", "2012-12-31": "", "2012-09-30": "", "2012-06-30": "", "2012-03-31": "", "2011-12-31": "", "2011-09-30": "", "2011-06-30": "", "2011-03-31": "", "2010-12-31": "", "2010-09-30": "", "2010-06-30": "", "2010-03-31": "", "2009-12-31": "", "2009-09-30": "", "2009-06-30": "", "2009-03-31": "", "2008-12-31": "", "2008-09-30": "", "2008-06-30": "", "2008-03-31": "", "2007-12-31": "", "2007-09-30": "", "2007-06-30": "", "2007-03-31": "", "2006-12-31": "", "2006-09-30": "", "2006-06-30": "", "2006-03-31": "", "2005-12-31": "", "2005-09-30": "", "2005-06-30": "", "2005-03-31": ""}, "Other Current Assets": {"2020-12-31": "", "2020-09-30": "", "2020-06-30": "", "2020-03-31": "", "2019-12-31": "", "2019-09-30": "", "2019-06-30": "", "2019-03-31": "", "2018-12-31": "", "2018-09-30": "", "2018-06-30": "", "2018-03-31": "", "2017-12-31": "", "2017-09-30": "", "2017-06-30": "", "2017-03-31": "", "2016-12-31": "", "2016-09-30": "", "2016-06-30": "", "2016-03-31": "", "2015-12-31": "", "2015-09-30": "", "2015-06-30": "", "2015-03-31": "", "2014-12-31": "", "2014-09-30": "", "2014-06-30": "", "2014-03-31": "", "2013-12-31": "", "2013-09-30": "", "2013-06-30": "", "2013-03-31": "", "2012-12-31": "", "2012-09-30": "", "2012-06-30": "", "2012-03-31": "", "2011-12-31": "", "2011-09-30": "", "2011-06-30": "", "2011-03-31": "", "2010-12-31": "", "2010-09-30": "", "2010-06-30": "", "2010-03-31": "", "2009-12-31": "", "2009-09-30": "", "2009-06-30": "", "2009-03-31": "", "2008-12-31": "", "2008-09-30": "", "2008-06-30": "", "2008-03-31": "", "2007-12-31": "", "2007-09-30": "", "2007-06-30": "", "2007-03-31": "", "2006-12-31": "", "2006-09-30": "", "2006-06-30": "", "2006-03-31": "", "2005-12-31": "", "2005-09-30": "", "2005-06-30": "", "2005-03-31": ""}, "Total Current Assets": {"2020-12-31": "144000.00000", "2020-09-30": "140481.00000", "2020-06-30": "147091.00000", "2020-03-31": "157782.00000", "2019-12-31": "170350.00000", "2019-09-30": "168885.00000", "2019-06-30": "173255.00000", "2019-03-31": "175371.00000", "2018-12-31": "166161.00000", "2018-09-30": "167460.00000", "2018-06-30": "164095.00000", "2018-03-31": "161868.00000", "2017-12-31": "163962.00000", "2017-09-30": "148515.00000", "2017-06-30": "148710.00000", "2017-03-31": "143287.00000", "2016-12-31": "140742.00000", "2016-09-30": "134512.00000", "2016-06-30": "141192.00000", "2016-03-31": "140974.00000", "2015-12-31": "143248.00000", "2015-09-30": "135130.00000", "2015-06-30": "137170.00000", "2015-03-31": "135856.00000", "2014-12-31": "139392.00000", "2014-09-30": "134346.00000", "2014-06-30": "132947.00000", "2014-03-31": "131590.00000", "2013-12-31": "133256.00000", "2013-09-30": "130998.00000", "2013-06-30": "132308.00000", "2013-03-31": "135528.00000", "2012-12-31": "132473.00000", "2012-09-30": "131116.00000", "2012-06-30": "125901.00000", "2012-03-31": "129874.00000", "2011-12-31": "130168.00000", "2011-09-30": "124260.00000", "2011-06-30": "123031.00000", "2011-03-31": "118045.00000", "2010-12-31": "114406.00000", "2010-09-30": "112655.00000", "2010-06-30": "110548.00000", "2010-03-31": "109743.00000", "2009-12-31": "84813.00000", "2009-09-30": "82070.00000", "2009-06-30": "80043.00000", "2009-03-31": "87455.00000", "2008-12-31": "97777.00000", "2008-09-30": "100334.00000", "2008-06-30": "110586.00000", "2008-03-31": "109030.00000", "2007-12-31": "104211.00000", "2007-09-30": "98545.00000", "2007-06-30": "102319.00000", "2007-03-31": "94719.00000", "2006-12-31": "87087.00000", "2006-09-30": "90342.00000", "2006-06-30": "86609.00000", "2006-03-31": "79913.00000", "2005-12-31": "83424.00000", "2005-09-30": "78183.00000", "2005-06-30": "81117.00000", "2005-03-31": "77271.00000"}, "Property, Plant, And Equipment": {"2020-12-31": "", "2020-09-30": "4835.00000", "2020-06-30": "4829.00000", "2020-03-31": "4798.00000", "2019-12-31": "4834.00000", "2019-09-30": "4715.00000", "2019-06-30": "4658.00000", "2019-03-31": "4479.00000", "2018-12-31": "4416.00000", "2018-09-30": "4295.00000", "2018-06-30": "4251.00000", "2018-03-31": "4271.00000", "2017-12-31": "4329.00000", "2017-09-30": "4367.00000", "2017-06-30": "4445.00000", "2017-03-31": "4433.00000", "2016-12-31": "4433.00000", "2016-09-30": "4301.00000", "2016-06-30": "4210.00000", "2016-03-31": "4137.00000", "2015-12-31": "4108.00000", "2015-09-30": "4032.00000", "2015-06-30": "4016.00000", "2015-03-31": "3940.00000", "2014-12-31": "3938.00000", "2014-09-30": "3921.00000", "2014-06-30": "3870.00000", "2014-03-31": "3893.00000", "2013-12-31": "3875.00000", "2013-09-30": "3746.00000", "2013-06-30": "3716.00000", "2013-03-31": "3713.00000", "2012-12-31": "3635.00000", "2012-09-30": "3553.00000", "2012-06-30": "3442.00000", "2012-03-31": "3451.00000", "2011-12-31": "3367.00000", "2011-09-30": "3187.00000", "2011-06-30": "3062.00000", "2011-03-31": "2987.00000", "2010-12-31": "2905.00000", "2010-09-30": "2799.00000", "2010-06-30": "2714.00000", "2010-03-31": "2731.00000", "2009-12-31": "2782.00000", "2009-09-30": "2759.00000", "2009-06-30": "2763.00000", "2009-03-31": "2854.00000", "2008-12-31": "2948.00000", "2008-09-30": "2839.00000", "2008-06-30": "2791.00000", "2008-03-31": "2740.00000", "2007-12-31": "2692.00000", "2007-09-30": "2589.00000", "2007-06-30": "2575.00000", "2007-03-31": "2502.00000", "2006-12-31": "2350.00000", "2006-09-30": "2261.00000", "2006-06-30": "2215.00000", "2006-03-31": "2220.00000", "2005-12-31": "2230.00000", "2005-09-30": "2217.00000", "2005-06-30": "2965.00000", "2005-03-31": "2989.00000"}, "Long-Term Investments": {"2020-12-31": "22000.00000", "2020-09-30": "22443.00000", "2020-06-30": "19942.00000", "2020-03-31": "5032.00000", "2019-12-31": "8406.00000", "2019-09-30": "8445.00000", "2019-06-30": "8542.00000", "2019-03-31": "6457.00000", "2018-12-31": "4647.00000", "2018-09-30": "6071.00000", "2018-06-30": "4753.00000", "2018-03-31": "3388.00000", "2017-12-31": "3159.00000", "2017-09-30": "3250.00000", "2017-06-30": "3360.00000", "2017-03-31": "3561.00000", "2016-12-31": "3157.00000", "2016-09-30": "3728.00000", "2016-06-30": "3892.00000", "2016-03-31": "3839.00000", "2015-12-31": "3759.00000", "2015-09-30": "3947.00000", "2015-06-30": "4584.00000", "2015-03-31": "4417.00000", "2014-12-31": "4431.00000", "2014-09-30": "4750.00000", "2014-06-30": "4855.00000", "2014-03-31": "4761.00000", "2013-12-31": "5016.00000", "2013-09-30": "5137.00000", "2013-06-30": "5262.00000", "2013-03-31": "5793.00000", "2012-12-31": "5614.00000", "2012-09-30": "6060.00000", "2012-06-30": "6326.00000", "2012-03-31": "6679.00000", "2011-12-31": "7147.00000", "2011-09-30": "9269.00000", "2011-06-30": "9429.00000", "2011-03-31": "10502.00000", "2010-12-31": "14010.00000", "2010-09-30": "17170.00000", "2010-06-30": "17328.00000", "2010-03-31": "18341.00000", "2009-12-31": "24337.00000", "2009-09-30": "23798.00000", "2009-06-30": "22319.00000", "2009-03-31": "18204.00000", "2008-12-31": "12526.00000", "2008-09-30": "13277.00000", "2008-06-30": "14680.00000", "2008-03-31": "14148.00000", "2007-12-31": "13214.00000", "2007-09-30": "16485.00000", "2007-06-30": "21417.00000", "2007-03-31": "21638.00000", "2006-12-31": "17954.00000", "2006-09-30": "21575.00000", "2006-06-30": "21509.00000", "2006-03-31": "21267.00000", "2005-12-31": "21334.00000", "2005-09-30": "21590.00000", "2005-06-30": "61411.00000", "2005-03-31": "59867.00000"}, "Goodwill And Intangible Assets": {"2020-12-31": "", "2020-09-30": "", "2020-06-30": "", "2020-03-31": "", "2019-12-31": "", "2019-09-30": "", "2019-06-30": "", "2019-03-31": "", "2018-12-31": "", "2018-09-30": "", "2018-06-30": "", "2018-03-31": "", "2017-12-31": "", "2017-09-30": "", "2017-06-30": "", "2017-03-31": "", "2016-12-31": "", "2016-09-30": "", "2016-06-30": "", "2016-03-31": "", "2015-12-31": "", "2015-09-30": "", "2015-06-30": "", "2015-03-31": "", "2014-12-31": "", "2014-09-30": "", "2014-06-30": "", "2014-03-31": "", "2013-12-31": "", "2013-09-30": "", "2013-06-30": "", "2013-03-31": "", "2012-12-31": "", "2012-09-30": "", "2012-06-30": "", "2012-03-31": "", "2011-12-31": "", "2011-09-30": "", "2011-06-30": "", "2011-03-31": "", "2010-12-31": "", "2010-09-30": "", "2010-06-30": "", "2010-03-31": "", "2009-12-31": "", "2009-09-30": "", "2009-06-30": "", "2009-03-31": "", "2008-12-31": "", "2008-09-30": "", "2008-06-30": "", "2008-03-31": "", "2007-12-31": "", "2007-09-30": "", "2007-06-30": "", "2007-03-31": "", "2006-12-31": "", "2006-09-30": "", "2006-06-30": "", "2006-03-31": "", "2005-12-31": "", "2005-09-30": "", "2005-06-30": "", "2005-03-31": ""}, "Other Long-Term Assets": {"2020-12-31": "25000.00000", "2020-09-30": "19500.00000", "2020-06-30": "16746.00000", "2020-03-31": "18448.00000", "2019-12-31": "14731.00000", "2019-09-30": "12139.00000", "2019-06-30": "11148.00000", "2019-03-31": "10886.00000", "2018-12-31": "13378.00000", "2018-09-30": "11266.00000", "2018-06-30": "11762.00000", "2018-03-31": "10429.00000", "2017-12-31": "9746.00000", "2017-09-30": "12445.00000", "2017-06-30": "10482.00000", "2017-03-31": "10104.00000", "2016-12-31": "10561.00000", "2016-09-30": "10836.00000", "2016-06-30": "10348.00000", "2016-03-31": "9866.00000", "2015-12-31": "10069.00000", "2015-09-30": "11107.00000", "2015-06-30": "11382.00000", "2015-03-31": "10471.00000", "2014-12-31": "11342.00000", "2014-09-30": "10845.00000", "2014-06-30": "10712.00000", "2014-03-31": "11253.00000", "2013-12-31": "11228.00000", "2013-09-30": "10222.00000", "2013-06-30": "10647.00000", "2013-03-31": "11821.00000", "2012-12-31": "11418.00000", "2012-09-30": "12144.00000", "2012-06-30": "12459.00000", "2012-03-31": "11780.00000", "2011-12-31": "12655.00000", "2011-09-30": "11977.00000", "2011-06-30": "12274.00000", "2011-03-31": "12445.00000", "2010-12-31": "15368.00000", "2010-09-30": "13432.00000", "2010-06-30": "13173.00000", "2010-03-31": "12499.00000", "2009-12-31": "13213.00000", "2009-09-30": "11818.00000", "2009-06-30": "11910.00000", "2009-03-31": "12670.00000", "2008-12-31": "12823.00000", "2008-09-30": "10768.00000", "2008-06-30": "9273.00000", "2008-03-31": "9370.00000", "2007-12-31": "29626.00000", "2007-09-30": "23308.00000", "2007-06-30": "8061.00000", "2007-03-31": "7502.00000", "2006-12-31": "20938.00000", "2006-09-30": "6753.00000", "2006-06-30": "6948.00000", "2006-03-31": "6665.00000", "2005-12-31": "6972.00000", "2005-09-30": "6834.00000", "2005-06-30": "50246.00000", "2005-03-31": "49445.00000"}, "Total Long-Term Assets": {"2020-12-31": "47000.00000", "2020-09-30": "46778.00000", "2020-06-30": "41517.00000", "2020-03-31": "28278.00000", "2019-12-31": "27971.00000", "2019-09-30": "25299.00000", "2019-06-30": "24348.00000", "2019-03-31": "21822.00000", "2018-12-31": "22441.00000", "2018-09-30": "21632.00000", "2018-06-30": "20766.00000", "2018-03-31": "18088.00000", "2017-12-31": "17234.00000", "2017-09-30": "20062.00000", "2017-06-30": "18287.00000", "2017-03-31": "18098.00000", "2016-12-31": "18151.00000", "2016-09-30": "18865.00000", "2016-06-30": "18450.00000", "2016-03-31": "17842.00000", "2015-12-31": "17936.00000", "2015-09-30": "19086.00000", "2015-06-30": "19982.00000", "2015-03-31": "18828.00000", "2014-12-31": "19711.00000", "2014-09-30": "19516.00000", "2014-06-30": "19437.00000", "2014-03-31": "19907.00000", "2013-12-31": "20119.00000", "2013-09-30": "19105.00000", "2013-06-30": "19625.00000", "2013-03-31": "21327.00000", "2012-12-31": "20667.00000", "2012-09-30": "21757.00000", "2012-06-30": "22227.00000", "2012-03-31": "21910.00000", "2011-12-31": "23169.00000", "2011-09-30": "24433.00000", "2011-06-30": "24765.00000", "2011-03-31": "25934.00000", "2010-12-31": "32283.00000", "2010-09-30": "33401.00000", "2010-06-30": "33215.00000", "2010-03-31": "33571.00000", "2009-12-31": "40332.00000", "2009-09-30": "38375.00000", "2009-06-30": "36992.00000", "2009-03-31": "33728.00000", "2008-12-31": "28297.00000", "2008-09-30": "26884.00000", "2008-06-30": "26744.00000", "2008-03-31": "26258.00000", "2007-12-31": "45532.00000", "2007-09-30": "42382.00000", "2007-06-30": "32053.00000", "2007-03-31": "31642.00000", "2006-12-31": "41242.00000", "2006-09-30": "30589.00000", "2006-06-30": "30672.00000", "2006-03-31": "30152.00000", "2005-12-31": "30536.00000", "2005-09-30": "30641.00000", "2005-06-30": "114622.00000", "2005-03-31": "112301.00000"}, "Total Assets": {"2020-12-31": "191000.00000", "2020-09-30": "187259.00000", "2020-06-30": "188608.00000", "2020-03-31": "186060.00000", "2019-12-31": "198321.00000", "2019-09-30": "194184.00000", "2019-06-30": "197603.00000", "2019-03-31": "197193.00000", "2018-12-31": "188602.00000", "2018-09-30": "189092.00000", "2018-06-30": "184861.00000", "2018-03-31": "179956.00000", "2017-12-31": "181196.00000", "2017-09-30": "168577.00000", "2017-06-30": "166997.00000", "2017-03-31": "161385.00000", "2016-12-31": "158893.00000", "2016-09-30": "153377.00000", "2016-06-30": "159642.00000", "2016-03-31": "158816.00000", "2015-12-31": "161184.00000", "2015-09-30": "154216.00000", "2015-06-30": "157152.00000", "2015-03-31": "154684.00000", "2014-12-31": "159103.00000", "2014-09-30": "153862.00000", "2014-06-30": "152384.00000", "2014-03-31": "151497.00000", "2013-12-31": "153375.00000", "2013-09-30": "150103.00000", "2013-06-30": "151933.00000", "2013-03-31": "156855.00000", "2012-12-31": "153140.00000", "2012-09-30": "152873.00000", "2012-06-30": "148128.00000", "2012-03-31": "151784.00000", "2011-12-31": "153337.00000", "2011-09-30": "148693.00000", "2011-06-30": "147796.00000", "2011-03-31": "143979.00000", "2010-12-31": "146689.00000", "2010-09-30": "146056.00000", "2010-06-30": "143763.00000", "2010-03-31": "143314.00000", "2009-12-31": "125145.00000", "2009-09-30": "120445.00000", "2009-06-30": "117035.00000", "2009-03-31": "121183.00000", "2008-12-31": "126074.00000", "2008-09-30": "127218.00000", "2008-06-30": "137330.00000", "2008-03-31": "135288.00000", "2007-12-31": "149743.00000", "2007-09-30": "140927.00000", "2007-06-30": "134372.00000", "2007-03-31": "126361.00000", "2006-12-31": "128329.00000", "2006-09-30": "120931.00000", "2006-06-30": "117281.00000", "2006-03-31": "110065.00000", "2005-12-31": "113960.00000", "2005-09-30": "108824.00000", "2005-06-30": "195739.00000", "2005-03-31": "189572.00000"}, "Total Current Liabilities": {"2020-12-31": "89000.00000", "2020-09-30": "95409.00000", "2020-06-30": "94103.00000", "2020-03-31": "89436.00000", "2019-12-31": "92467.00000", "2019-09-30": "90846.00000", "2019-06-30": "93949.00000", "2019-03-31": "93270.00000", "2018-12-31": "85315.00000", "2018-09-30": "89268.00000", "2018-06-30": "85385.00000", "2018-03-31": "84990.00000", "2017-12-31": "84942.00000", "2017-09-30": "78248.00000", "2017-06-30": "75761.00000", "2017-03-31": "71796.00000", "2016-12-31": "72625.00000", "2016-09-30": "70389.00000", "2016-06-30": "71279.00000", "2016-03-31": "73398.00000", "2015-12-31": "74878.00000", "2015-09-30": "66845.00000", "2015-06-30": "65933.00000", "2015-03-31": "61296.00000", "2014-12-31": "62624.00000", "2014-09-30": "61134.00000", "2014-06-30": "60935.00000", "2014-03-31": "61179.00000", "2013-12-31": "61639.00000", "2013-09-30": "61183.00000", "2013-06-30": "61914.00000", "2013-03-31": "63122.00000", "2012-12-31": "57724.00000", "2012-09-30": "58769.00000", "2012-06-30": "55789.00000", "2012-03-31": "58082.00000", "2011-12-31": "57816.00000", "2011-09-30": "52431.00000", "2011-06-30": "52157.00000", "2011-03-31": "50523.00000", "2010-12-31": "48450.00000", "2010-09-30": "46204.00000", "2010-06-30": "45875.00000", "2010-03-31": "44775.00000", "2009-12-31": "43671.00000", "2009-09-30": "40591.00000", "2009-06-30": "36580.00000", "2009-03-31": "34955.00000", "2008-12-31": "39340.00000", "2008-09-30": "41908.00000", "2008-06-30": "48985.00000", "2008-03-31": "48914.00000", "2007-12-31": "48095.00000", "2007-09-30": "41766.00000", "2007-06-30": "55214.00000", "2007-03-31": "53542.00000", "2006-12-31": "43137.00000", "2006-09-30": "53035.00000", "2006-06-30": "53079.00000", "2006-03-31": "50756.00000", "2005-12-31": "54890.00000", "2005-09-30": "52502.00000", "2005-06-30": "54402.00000", "2005-03-31": "49583.00000"}, "Long Term Debt": {"2020-12-31": "43000.00000", "2020-09-30": "44777.00000", "2020-06-30": "48797.00000", "2020-03-31": "52588.00000", "2019-12-31": "57835.00000", "2019-09-30": "58474.00000", "2019-06-30": "57736.00000", "2019-03-31": "58418.00000", "2018-12-31": "58423.00000", "2018-09-30": "55300.00000", "2018-06-30": "55883.00000", "2018-03-31": "52461.00000", "2017-12-31": "55804.00000", "2017-09-30": "48762.00000", "2017-06-30": "51945.00000", "2017-03-31": "51647.00000", "2016-12-31": "46990.00000", "2016-09-30": "44894.00000", "2016-06-30": "50649.00000", "2016-03-31": "47311.00000", "2015-12-31": "48061.00000", "2015-09-30": "48653.00000", "2015-06-30": "52740.00000", "2015-03-31": "54712.00000", "2014-12-31": "57955.00000", "2014-09-30": "55712.00000", "2014-06-30": "54836.00000", "2014-03-31": "54095.00000", "2013-12-31": "55330.00000", "2013-09-30": "52529.00000", "2013-06-30": "52675.00000", "2013-03-31": "56366.00000", "2012-12-31": "58973.00000", "2012-09-30": "56271.00000", "2012-06-30": "55953.00000", "2012-03-31": "56844.00000", "2011-12-31": "59570.00000", "2011-09-30": "61767.00000", "2011-06-30": "61395.00000", "2011-03-31": "60730.00000", "2010-12-31": "66416.00000", "2010-09-30": "68828.00000", "2010-06-30": "69345.00000", "2010-03-31": "72293.00000", "2009-12-31": "52338.00000", "2009-09-30": "52850.00000", "2009-06-30": "53516.00000", "2009-03-31": "57620.00000", "2008-12-31": "60041.00000", "2008-09-30": "57797.00000", "2008-06-30": "57035.00000", "2008-03-31": "55534.00000", "2007-12-31": "55285.00000", "2007-09-30": "54060.00000", "2007-06-30": "49873.00000", "2007-03-31": "43729.00000", "2006-12-31": "42747.00000", "2006-09-30": "39407.00000", "2006-06-30": "36173.00000", "2006-03-31": "30932.00000", "2005-12-31": "30781.00000", "2005-09-30": "29110.00000", "2005-06-30": "29901.00000", "2005-03-31": "31240.00000"}, "Other Non-Current Liabilities": {"2020-12-31": "36000.00000", "2020-09-30": "25204.00000", "2020-06-30": "24646.00000", "2020-03-31": "23030.00000", "2019-12-31": "24948.00000", "2019-09-30": "21839.00000", "2019-06-30": "22826.00000", "2019-03-31": "23287.00000", "2018-12-31": "22574.00000", "2018-09-30": "23064.00000", "2018-06-30": "22701.00000", "2018-03-31": "22892.00000", "2017-12-31": "22189.00000", "2017-09-30": "20482.00000", "2017-06-30": "18116.00000", "2017-03-31": "17007.00000", "2016-12-31": "18777.00000", "2016-09-30": "17077.00000", "2016-06-30": "17002.00000", "2016-03-31": "17380.00000", "2015-12-31": "17572.00000", "2015-09-30": "17383.00000", "2015-06-30": "16594.00000", "2015-03-31": "16846.00000", "2014-12-31": "17851.00000", "2014-09-30": "16800.00000", "2014-06-30": "16400.00000", "2014-03-31": "16246.00000", "2013-12-31": "16910.00000", "2013-09-30": "17175.00000", "2013-06-30": "18310.00000", "2013-03-31": "18077.00000", "2012-12-31": "17557.00000", "2012-09-30": "18355.00000", "2012-06-30": "17119.00000", "2012-03-31": "16951.00000", "2011-12-31": "17157.00000", "2011-09-30": "16395.00000", "2011-06-30": "16039.00000", "2011-03-31": "15244.00000", "2010-12-31": "15593.00000", "2010-09-30": "15104.00000", "2010-06-30": "14030.00000", "2010-03-31": "12821.00000", "2009-12-31": "14730.00000", "2009-09-30": "13061.00000", "2009-06-30": "13519.00000", "2009-03-31": "12809.00000", "2008-12-31": "14592.00000", "2008-09-30": "14374.00000", "2008-06-30": "19041.00000", "2008-03-31": "19329.00000", "2007-12-31": "13807.00000", "2007-09-30": "18100.00000", "2007-06-30": "18650.00000", "2007-03-31": "18595.00000", "2006-12-31": "17989.00000", "2006-09-30": "17733.00000", "2006-06-30": "17554.00000", "2006-03-31": "17772.00000", "2005-12-31": "17740.00000", "2005-09-30": "17310.00000", "2005-06-30": "94272.00000", "2005-03-31": "92616.00000"}, "Total Long Term Liabilities": {"2020-12-31": "79000.00000", "2020-09-30": "69981.00000", "2020-06-30": "73443.00000", "2020-03-31": "75618.00000", "2019-12-31": "82783.00000", "2019-09-30": "80313.00000", "2019-06-30": "80562.00000", "2019-03-31": "81705.00000", "2018-12-31": "80997.00000", "2018-09-30": "78364.00000", "2018-06-30": "78584.00000", "2018-03-31": "75353.00000", "2017-12-31": "77993.00000", "2017-09-30": "69244.00000", "2017-06-30": "70061.00000", "2017-03-31": "68654.00000", "2016-12-31": "65767.00000", "2016-09-30": "61971.00000", "2016-06-30": "67651.00000", "2016-03-31": "64691.00000", "2015-12-31": "65633.00000", "2015-09-30": "66036.00000", "2015-06-30": "69334.00000", "2015-03-31": "71558.00000", "2014-12-31": "75806.00000", "2014-09-30": "72512.00000", "2014-06-30": "71236.00000", "2014-03-31": "70341.00000", "2013-12-31": "72240.00000", "2013-09-30": "69704.00000", "2013-06-30": "70985.00000", "2013-03-31": "74443.00000", "2012-12-31": "76530.00000", "2012-09-30": "74626.00000", "2012-06-30": "73072.00000", "2012-03-31": "73795.00000", "2011-12-31": "76727.00000", "2011-09-30": "78162.00000", "2011-06-30": "77434.00000", "2011-03-31": "75974.00000", "2010-12-31": "82009.00000", "2010-09-30": "83932.00000", "2010-06-30": "83375.00000", "2010-03-31": "85114.00000", "2009-12-31": "67068.00000", "2009-09-30": "65911.00000", "2009-06-30": "67035.00000", "2009-03-31": "70448.00000", "2008-12-31": "74893.00000", "2008-09-30": "72791.00000", "2008-06-30": "76076.00000", "2008-03-31": "74863.00000", "2007-12-31": "90619.00000", "2007-09-30": "88263.00000", "2007-06-30": "68523.00000", "2007-03-31": "62324.00000", "2006-12-31": "74681.00000", "2006-09-30": "57140.00000", "2006-06-30": "53727.00000", "2006-03-31": "48704.00000", "2005-12-31": "48521.00000", "2005-09-30": "46420.00000", "2005-06-30": "124173.00000", "2005-03-31": "123856.00000"}, "Total Liabilities": {"2020-12-31": "168000.00000", "2020-09-30": "165390.00000", "2020-06-30": "167546.00000", "2020-03-31": "165054.00000", "2019-12-31": "175250.00000", "2019-09-30": "171159.00000", "2019-06-30": "174511.00000", "2019-03-31": "174975.00000", "2018-12-31": "166312.00000", "2018-09-30": "167632.00000", "2018-06-30": "163969.00000", "2018-03-31": "160343.00000", "2017-12-31": "162935.00000", "2017-09-30": "147492.00000", "2017-06-30": "145822.00000", "2017-03-31": "140450.00000", "2016-12-31": "138392.00000", "2016-09-30": "132360.00000", "2016-06-30": "138930.00000", "2016-03-31": "138089.00000", "2015-12-31": "140511.00000", "2015-09-30": "132881.00000", "2015-06-30": "135267.00000", "2015-03-31": "132854.00000", "2014-12-31": "138430.00000", "2014-09-30": "133646.00000", "2014-06-30": "132171.00000", "2014-03-31": "131520.00000", "2013-12-31": "133879.00000", "2013-09-30": "130887.00000", "2013-06-30": "132899.00000", "2013-03-31": "137565.00000", "2012-12-31": "134254.00000", "2012-09-30": "133395.00000", "2012-06-30": "128861.00000", "2012-03-31": "131877.00000", "2011-12-31": "134543.00000", "2011-09-30": "130593.00000", "2011-06-30": "129591.00000", "2011-03-31": "126497.00000", "2010-12-31": "130459.00000", "2010-09-30": "130136.00000", "2010-06-30": "129250.00000", "2010-03-31": "129889.00000", "2009-12-31": "110739.00000", "2009-09-30": "106502.00000", "2009-06-30": "103615.00000", "2009-03-31": "105403.00000", "2008-12-31": "114233.00000", "2008-09-30": "114699.00000", "2008-06-30": "125061.00000", "2008-03-31": "123777.00000", "2007-12-31": "138714.00000", "2007-09-30": "130029.00000", "2007-06-30": "123737.00000", "2007-03-31": "115866.00000", "2006-12-31": "117818.00000", "2006-09-30": "110175.00000", "2006-06-30": "106806.00000", "2006-03-31": "99460.00000", "2005-12-31": "103411.00000", "2005-09-30": "98922.00000", "2005-06-30": "178575.00000", "2005-03-31": "173439.00000"}, "Common Stock Net": {"2020-12-31": "", "2020-09-30": "161.00000", "2020-06-30": "161.00000", "2020-03-31": "161.00000", "2019-12-31": "163.00000", "2019-09-30": "165.00000", "2019-06-30": "167.00000", "2019-03-31": "168.00000", "2018-12-31": "170.00000", "2018-09-30": "171.00000", "2018-06-30": "173.00000", "2018-03-31": "172.00000", "2017-12-31": "172.00000", "2017-09-30": "175.00000", "2017-06-30": "177.00000", "2017-03-31": "179.00000", "2016-12-31": "181.00000", "2016-09-30": "184.00000", "2016-06-30": "185.00000", "2016-03-31": "191.00000", "2015-12-31": "194.00000", "2015-09-30": "197.00000", "2015-06-30": "201.00000", "2015-03-31": "204.00000", "2014-12-31": "205.00000", "2014-09-30": "207.00000", "2014-06-30": "210.00000", "2014-03-31": "212.00000", "2013-12-31": "213.00000", "2013-09-30": "215.00000", "2013-06-30": "217.00000", "2013-03-31": "220.00000", "2012-12-31": "221.00000", "2012-09-30": "224.00000", "2012-06-30": "228.00000", "2012-03-31": "233.00000", "2011-12-31": "232.00000", "2011-09-30": "233.00000", "2011-06-30": "238.00000", "2011-03-31": "240.00000", "2010-12-31": "238.00000", "2010-09-30": "240.00000", "2010-06-30": "239.00000", "2010-03-31": "238.00000", "2009-12-31": "237.00000", "2009-09-30": "237.00000", "2009-06-30": "239.00000", "2009-03-31": "235.00000", "2008-12-31": "232.00000", "2008-09-30": "232.00000", "2008-06-30": "232.00000", "2008-03-31": "232.00000", "2007-12-31": "232.00000", "2007-09-30": "234.00000", "2007-06-30": "236.00000", "2007-03-31": "238.00000", "2006-12-31": "240.00000", "2006-09-30": "241.00000", "2006-06-30": "243.00000", "2006-03-31": "247.00000", "2005-12-31": "248.00000", "2005-09-30": "248.00000", "2005-06-30": "248.00000", "2005-03-31": "249.00000"}, "Retained Earnings (Accumulated Deficit)": {"2020-12-31": "", "2020-09-30": "12762.00000", "2020-06-30": "12052.00000", "2020-03-31": "12161.00000", "2019-12-31": "13871.00000", "2019-09-30": "13652.00000", "2019-06-30": "13551.00000", "2019-03-31": "12686.00000", "2018-12-31": "12499.00000", "2018-09-30": "11521.00000", "2018-06-30": "10896.00000", "2018-03-31": "9597.00000", "2017-12-31": "8307.00000", "2017-09-30": "10908.00000", "2017-06-30": "10970.00000", "2017-03-31": "10633.00000", "2016-12-31": "10371.00000", "2016-09-30": "10661.00000", "2016-06-30": "10280.00000", "2016-03-31": "9949.00000", "2015-12-31": "9665.00000", "2015-09-30": "10025.00000", "2015-06-30": "10199.00000", "2015-03-31": "10107.00000", "2014-12-31": "9513.00000", "2014-09-30": "9335.00000", "2014-06-30": "9127.00000", "2014-03-31": "8822.00000", "2013-12-31": "8507.00000", "2013-09-30": "8147.00000", "2013-06-30": "7883.00000", "2013-03-31": "7830.00000", "2012-12-31": "7525.00000", "2012-09-30": "7923.00000", "2012-06-30": "7717.00000", "2012-03-31": "8015.00000", "2011-12-31": "7221.00000", "2011-09-30": "6520.00000", "2011-06-30": "6437.00000", "2011-03-31": "5902.00000", "2010-12-31": "4972.00000", "2010-09-30": "4582.00000", "2010-06-30": "3724.00000", "2010-03-31": "2925.00000", "2009-12-31": "3737.00000", "2009-09-30": "3247.00000", "2009-06-30": "2931.00000", "2009-03-31": "3044.00000", "2008-12-31": "2719.00000", "2008-09-30": "2694.00000", "2008-06-30": "2094.00000", "2008-03-31": "1654.00000", "2007-12-31": "1075.00000", "2007-09-30": "1126.00000", "2007-06-30": "1024.00000", "2007-03-31": "959.00000", "2006-12-31": "1153.00000", "2006-09-30": "1408.00000", "2006-06-30": "1349.00000", "2006-03-31": "1629.00000", "2005-12-31": "1788.00000", "2005-09-30": "1353.00000", "2005-06-30": "8697.00000", "2005-03-31": "8325.00000"}, "Comprehensive Income": {"2020-12-31": "", "2020-09-30": "-2872.00000", "2020-06-30": "-2911.00000", "2020-03-31": "-2996.00000", "2019-12-31": "-2737.00000", "2019-09-30": "-2661.00000", "2019-06-30": "-2606.00000", "2019-03-31": "-2599.00000", "2018-12-31": "-2597.00000", "2018-09-30": "-2504.00000", "2018-06-30": "-2483.00000", "2018-03-31": "-2381.00000", "2017-12-31": "-2428.00000", "2017-09-30": "-2316.00000", "2017-06-30": "-2428.00000", "2017-03-31": "-2470.00000", "2016-12-31": "-2784.00000", "2016-09-30": "-2618.00000", "2016-06-30": "-2621.00000", "2016-03-31": "-2502.00000", "2015-12-31": "-2534.00000", "2015-09-30": "-2374.00000", "2015-06-30": "-2154.00000", "2015-03-31": "-2151.00000", "2014-12-31": "-1919.00000", "2014-09-30": "-1542.00000", "2014-06-30": "-1371.00000", "2014-03-31": "-1394.00000", "2013-12-31": "-1426.00000", "2013-09-30": "-1339.00000", "2013-06-30": "-1308.00000", "2013-03-31": "-980.00000", "2012-12-31": "-927.00000", "2012-09-30": "-835.00000", "2012-06-30": "-951.00000", "2012-03-31": "-777.00000", "2011-12-31": "-876.00000", "2011-09-30": "-803.00000", "2011-06-30": "-751.00000", "2011-03-31": "-849.00000", "2010-12-31": "-917.00000", "2010-09-30": "-617.00000", "2010-06-30": "-1036.00000", "2010-03-31": "-1040.00000", "2009-12-31": "-712.00000", "2009-09-30": "-556.00000", "2009-06-30": "-905.00000", "2009-03-31": "-1253.00000", "2008-12-31": "-1606.00000", "2008-09-30": "-866.00000", "2008-06-30": "-451.00000", "2008-03-31": "-661.00000", "2007-12-31": "-442.00000", "2007-09-30": "-561.00000", "2007-06-30": "-623.00000", "2007-03-31": "-500.00000", "2006-12-31": "-520.00000", "2006-09-30": "-33.00000", "2006-06-30": "-98.00000", "2006-03-31": "-170.00000", "2005-12-31": "-139.00000", "2005-09-30": "-81.00000", "2005-06-30": "304.00000", "2005-03-31": "-115.00000"}, "Other Share Holders Equity": {"2020-12-31": "", "2020-09-30": "", "2020-06-30": "", "2020-03-31": "", "2019-12-31": "", "2019-09-30": "", "2019-06-30": "", "2019-03-31": "", "2018-12-31": "", "2018-09-30": "", "2018-06-30": "", "2018-03-31": "", "2017-12-31": "", "2017-09-30": "", "2017-06-30": "", "2017-03-31": "", "2016-12-31": "", "2016-09-30": "", "2016-06-30": "", "2016-03-31": "", "2015-12-31": "", "2015-09-30": "", "2015-06-30": "", "2015-03-31": "", "2014-12-31": "", "2014-09-30": "", "2014-06-30": "", "2014-03-31": "", "2013-12-31": "", "2013-09-30": "", "2013-06-30": "", "2013-03-31": "", "2012-12-31": "", "2012-09-30": "", "2012-06-30": "", "2012-03-31": "", "2011-12-31": "", "2011-09-30": "", "2011-06-30": "", "2011-03-31": "", "2010-12-31": "", "2010-09-30": "", "2010-06-30": "", "2010-03-31": "", "2009-12-31": "", "2009-09-30": "", "2009-06-30": "", "2009-03-31": "", "2008-12-31": "", "2008-09-30": "", "2008-06-30": "", "2008-03-31": "", "2007-12-31": "", "2007-09-30": "", "2007-06-30": "", "2007-03-31": "", "2006-12-31": "", "2006-09-30": "", "2006-06-30": "", "2006-03-31": "", "2005-12-31": "", "2005-09-30": "", "2005-06-30": "", "2005-03-31": ""}, "Share Holder Equity": {"2020-12-31": "23000.00000", "2020-09-30": "21869.00000", "2020-06-30": "21062.00000", "2020-03-31": "21006.00000", "2019-12-31": "23071.00000", "2019-09-30": "23025.00000", "2019-06-30": "23092.00000", "2019-03-31": "22218.00000", "2018-12-31": "22290.00000", "2018-09-30": "21460.00000", "2018-06-30": "20892.00000", "2018-03-31": "19613.00000", "2017-12-31": "18261.00000", "2017-09-30": "21085.00000", "2017-06-30": "21175.00000", "2017-03-31": "20935.00000", "2016-12-31": "20501.00000", "2016-09-30": "21017.00000", "2016-06-30": "20712.00000", "2016-03-31": "20727.00000", "2015-12-31": "20673.00000", "2015-09-30": "21335.00000", "2015-06-30": "21885.00000", "2015-03-31": "21830.00000", "2014-12-31": "20673.00000", "2014-09-30": "20216.00000", "2014-06-30": "20213.00000", "2014-03-31": "19977.00000", "2013-12-31": "19496.00000", "2013-09-30": "19216.00000", "2013-06-30": "19034.00000", "2013-03-31": "19290.00000", "2012-12-31": "18886.00000", "2012-09-30": "19478.00000", "2012-06-30": "19267.00000", "2012-03-31": "19907.00000", "2011-12-31": "18794.00000", "2011-09-30": "18100.00000", "2011-06-30": "18205.00000", "2011-03-31": "17482.00000", "2010-12-31": "16230.00000", "2010-09-30": "15920.00000", "2010-06-30": "14513.00000", "2010-03-31": "13425.00000", "2009-12-31": "14406.00000", "2009-09-30": "13943.00000", "2009-06-30": "13420.00000", "2009-03-31": "15780.00000", "2008-12-31": "11841.00000", "2008-09-30": "12519.00000", "2008-06-30": "12269.00000", "2008-03-31": "11511.00000", "2007-12-31": "11029.00000", "2007-09-30": "10898.00000", "2007-06-30": "10635.00000", "2007-03-31": "10495.00000", "2006-12-31": "10511.00000", "2006-09-30": "10756.00000", "2006-06-30": "10475.00000", "2006-03-31": "10605.00000", "2005-12-31": "10549.00000", "2005-09-30": "9902.00000", "2005-06-30": "17164.00000", "2005-03-31": "16133.00000"}, "Total Liabilities And Share Holders Equity": {"2020-12-31": "191000.00000", "2020-09-30": "187259.00000", "2020-06-30": "188608.00000", "2020-03-31": "186060.00000", "2019-12-31": "198321.00000", "2019-09-30": "194184.00000", "2019-06-30": "197603.00000", "2019-03-31": "197193.00000", "2018-12-31": "188602.00000", "2018-09-30": "189092.00000", "2018-06-30": "184861.00000", "2018-03-31": "179956.00000", "2017-12-31": "181196.00000", "2017-09-30": "168577.00000", "2017-06-30": "166997.00000", "2017-03-31": "161385.00000", "2016-12-31": "158893.00000", "2016-09-30": "153377.00000", "2016-06-30": "159642.00000", "2016-03-31": "158816.00000", "2015-12-31": "161184.00000", "2015-09-30": "154216.00000", "2015-06-30": "157152.00000", "2015-03-31": "154684.00000", "2014-12-31": "159103.00000", "2014-09-30": "153862.00000", "2014-06-30": "152384.00000", "2014-03-31": "151497.00000", "2013-12-31": "153375.00000", "2013-09-30": "150103.00000", "2013-06-30": "151933.00000", "2013-03-31": "156855.00000", "2012-12-31": "153140.00000", "2012-09-30": "152873.00000", "2012-06-30": "148128.00000", "2012-03-31": "151784.00000", "2011-12-31": "153337.00000", "2011-09-30": "148693.00000", "2011-06-30": "147796.00000", "2011-03-31": "143979.00000", "2010-12-31": "146689.00000", "2010-09-30": "146056.00000", "2010-06-30": "143763.00000", "2010-03-31": "143314.00000", "2009-12-31": "125145.00000", "2009-09-30": "120445.00000", "2009-06-30": "117035.00000", "2009-03-31": "121183.00000", "2008-12-31": "126074.00000", "2008-09-30": "127218.00000", "2008-06-30": "137330.00000", "2008-03-31": "135288.00000", "2007-12-31": "149743.00000", "2007-09-30": "140927.00000", "2007-06-30": "134372.00000", "2007-03-31": "126361.00000", "2006-12-31": "128329.00000", "2006-09-30": "120931.00000", "2006-06-30": "117281.00000", "2006-03-31": "110065.00000", "2005-12-31": "113960.00000", "2005-09-30": "108824.00000", "2005-06-30": "195739.00000", "2005-03-31": "189572.00000"}}, "cash flow statement": {"Net Income/Loss": {"2020-12-31": "0.00000", "2019-12-31": "6759.00000", "2018-12-31": "6921.00000", "2017-12-31": "2748.00000", "2016-12-31": "5375.00000", "2015-12-31": "5163.00000", "2014-12-31": "5885.00000", "2013-12-31": "5359.00000", "2012-12-31": "4482.00000", "2011-12-31": "4935.00000", "2010-12-31": "4057.00000", "2009-12-31": "2130.00000", "2008-12-31": "2699.00000", "2007-12-31": "4012.00000", "2006-12-31": "3707.00000", "2005-12-31": "3734.00000"}, "Total Depreciation And Amortization - Cash Flow": {"2020-12-31": "", "2019-12-31": "1188.00000", "2018-12-31": "1293.00000", "2017-12-31": "1321.00000", "2016-12-31": "1095.00000", "2015-12-31": "1043.00000", "2014-12-31": "1012.00000", "2013-12-31": "1020.00000", "2012-12-31": "991.00000", "2011-12-31": "918.00000", "2010-12-31": "917.00000", "2009-12-31": "1070.00000", "2008-12-31": "712.00000", "2007-12-31": "648.00000", "2006-12-31": "608.00000", "2005-12-31": "602.00000"}, "Other Non-Cash Items": {"2020-12-31": "", "2019-12-31": "4282.00000", "2018-12-31": "4090.00000", "2017-12-31": "3824.00000", "2016-12-31": "1215.00000", "2015-12-31": "2729.00000", "2014-12-31": "1393.00000", "2013-12-31": "2177.00000", "2012-12-31": "2505.00000", "2011-12-31": "2195.00000", "2010-12-31": "3629.00000", "2009-12-31": "3888.00000", "2008-12-31": "6797.00000", "2007-12-31": "3513.00000", "2006-12-31": "2928.00000", "2005-12-31": "2674.00000"}, "Total Non-Cash Items": {"2020-12-31": "", "2019-12-31": "5470.00000", "2018-12-31": "5383.00000", "2017-12-31": "5145.00000", "2016-12-31": "2310.00000", "2015-12-31": "3772.00000", "2014-12-31": "2405.00000", "2013-12-31": "3197.00000", "2012-12-31": "3496.00000", "2011-12-31": "3113.00000", "2010-12-31": "4546.00000", "2009-12-31": "4958.00000", "2008-12-31": "7509.00000", "2007-12-31": "4161.00000", "2006-12-31": "3536.00000", "2005-12-31": "3276.00000"}, "Change In Accounts Receivable": {"2020-12-31": "", "2019-12-31": "", "2018-12-31": "", "2017-12-31": "", "2016-12-31": "-332.00000", "2015-12-31": "-714.00000", "2014-12-31": "-56.00000", "2013-12-31": "-73.00000", "2012-12-31": "153.00000", "2011-12-31": "663.00000", "2010-12-31": "-498.00000", "2009-12-31": "-730.00000", "2008-12-31": "101.00000", "2007-12-31": "-927.00000", "2006-12-31": "-295.00000", "2005-12-31": "-623.00000"}, "Change In Inventories": {"2020-12-31": "", "2019-12-31": "", "2018-12-31": "", "2017-12-31": "", "2016-12-31": "", "2015-12-31": "", "2014-12-31": "", "2013-12-31": "", "2012-12-31": "", "2011-12-31": "", "2010-12-31": "", "2009-12-31": "", "2008-12-31": "", "2007-12-31": "", "2006-12-31": "", "2005-12-31": ""}, "Change In Accounts Payable": {"2020-12-31": "", "2019-12-31": "1771.00000", "2018-12-31": "-4365.00000", "2017-12-31": "5249.00000", "2016-12-31": "1180.00000", "2015-12-31": "794.00000", "2014-12-31": "2594.00000", "2013-12-31": "88.00000", "2012-12-31": "-358.00000", "2011-12-31": "2186.00000", "2010-12-31": "1531.00000", "2009-12-31": "-98.00000", "2008-12-31": "490.00000", "2007-12-31": "1013.00000", "2006-12-31": "2608.00000", "2005-12-31": "1243.00000"}, "Change In Assets/Liabilities": {"2020-12-31": "", "2019-12-31": "-368.00000", "2018-12-31": "991.00000", "2017-12-31": "398.00000", "2016-12-31": "-242.00000", "2015-12-31": "1691.00000", "2014-12-31": "162.00000", "2013-12-31": "-24.00000", "2012-12-31": "-691.00000", "2011-12-31": "-1129.00000", "2010-12-31": "-907.00000", "2009-12-31": "77.00000", "2008-12-31": "-3026.00000", "2007-12-31": "-248.00000", "2006-12-31": "-444.00000", "2005-12-31": "415.00000"}, "Total Change In Assets/Liabilities": {"2020-12-31": "", "2019-12-31": "1403.00000", "2018-12-31": "-3374.00000", "2017-12-31": "5647.00000", "2016-12-31": "606.00000", "2015-12-31": "1771.00000", "2014-12-31": "2700.00000", "2013-12-31": "-9.00000", "2012-12-31": "-896.00000", "2011-12-31": "1720.00000", "2010-12-31": "126.00000", "2009-12-31": "-751.00000", "2008-12-31": "-2435.00000", "2007-12-31": "-162.00000", "2006-12-31": "1869.00000", "2005-12-31": "1035.00000"}, "Cash Flow From Operating Activities": {"2020-12-31": "", "2019-12-31": "13632.00000", "2018-12-31": "8930.00000", "2017-12-31": "13540.00000", "2016-12-31": "8291.00000", "2015-12-31": "10706.00000", "2014-12-31": "10990.00000", "2013-12-31": "8547.00000", "2012-12-31": "7082.00000", "2011-12-31": "9768.00000", "2010-12-31": "8729.00000", "2009-12-31": "6337.00000", "2008-12-31": "7773.00000", "2007-12-31": "8011.00000", "2006-12-31": "9112.00000", "2005-12-31": "8045.00000"}, "Net Change In Property, Plant, And Equipment": {"2020-12-31": "", "2019-12-31": "-1645.00000", "2018-12-31": "-1310.00000", "2017-12-31": "-1062.00000", "2016-12-31": "-1375.00000", "2015-12-31": "-1341.00000", "2014-12-31": "-1195.00000", "2013-12-31": "-1006.00000", "2012-12-31": "-1053.00000", "2011-12-31": "-1189.00000", "2010-12-31": "-878.00000", "2009-12-31": "-722.00000", "2008-12-31": "-950.00000", "2007-12-31": "-883.00000", "2006-12-31": "-754.00000", "2005-12-31": "-360.00000"}, "Net Change In Intangible Assets": {"2020-12-31": "", "2019-12-31": "", "2018-12-31": "", "2017-12-31": "", "2016-12-31": "", "2015-12-31": "", "2014-12-31": "", "2013-12-31": "", "2012-12-31": "", "2011-12-31": "", "2010-12-31": "", "2009-12-31": "", "2008-12-31": "", "2007-12-31": "", "2006-12-31": "", "2005-12-31": ""}, "Net Acquisitions/Divestitures": {"2020-12-31": "", "2019-12-31": "-352.00000", "2018-12-31": "-520.00000", "2017-12-31": "-211.00000", "2016-12-31": "-487.00000", "2015-12-31": "-155.00000", "2014-12-31": "-229.00000", "2013-12-31": "-195.00000", "2012-12-31": "-466.00000", "2011-12-31": "-610.00000", "2010-12-31": "-400.00000", "2009-12-31": "", "2008-12-31": "-4589.00000", "2007-12-31": "-124.00000", "2006-12-31": "779.00000", "2005-12-31": "-136.00000"}, "Net Change In Short-term Investments": {"2020-12-31": "", "2019-12-31": "", "2018-12-31": "", "2017-12-31": "", "2016-12-31": "", "2015-12-31": "", "2014-12-31": "", "2013-12-31": "", "2012-12-31": "", "2011-12-31": "", "2010-12-31": "", "2009-12-31": "", "2008-12-31": "", "2007-12-31": "", "2006-12-31": "", "2005-12-31": ""}, "Net Change In Long-Term Investments": {"2020-12-31": "", "2019-12-31": "-3815.00000", "2018-12-31": "-1931.00000", "2017-12-31": "-116.00000", "2016-12-31": "365.00000", "2015-12-31": "390.00000", "2014-12-31": "1462.00000", "2013-12-31": "161.00000", "2012-12-31": "1614.00000", "2011-12-31": "6092.00000", "2010-12-31": "6458.00000", "2009-12-31": "-10445.00000", "2008-12-31": "-447.00000", "2007-12-31": "-404.00000", "2006-12-31": "-11459.00000", "2005-12-31": "-484.00000"}, "Net Change In Investments - Total": {"2020-12-31": "", "2019-12-31": "-3815.00000", "2018-12-31": "-1931.00000", "2017-12-31": "-116.00000", "2016-12-31": "365.00000", "2015-12-31": "390.00000", "2014-12-31": "1462.00000", "2013-12-31": "161.00000", "2012-12-31": "1614.00000", "2011-12-31": "6092.00000", "2010-12-31": "6458.00000", "2009-12-31": "-10445.00000", "2008-12-31": "-447.00000", "2007-12-31": "-404.00000", "2006-12-31": "-11459.00000", "2005-12-31": "-484.00000"}, "Investing Activities - Other": {"2020-12-31": "", "2019-12-31": "-10895.00000", "2018-12-31": "-15854.00000", "2017-12-31": "-16853.00000", "2016-12-31": "3220.00000", "2015-12-31": "-7087.00000", "2014-12-31": "-8005.00000", "2013-12-31": "-6229.00000", "2012-12-31": "-6640.00000", "2011-12-31": "-4784.00000", "2010-12-31": "-6409.00000", "2009-12-31": "4415.00000", "2008-12-31": "13547.00000", "2007-12-31": "-15210.00000", "2006-12-31": "-3878.00000", "2005-12-31": "-16279.00000"}, "Cash Flow From Investing Activities": {"2020-12-31": "", "2019-12-31": "-16707.00000", "2018-12-31": "-19615.00000", "2017-12-31": "-18242.00000", "2016-12-31": "1723.00000", "2015-12-31": "-8193.00000", "2014-12-31": "-7967.00000", "2013-12-31": "-7269.00000", "2012-12-31": "-6545.00000", "2011-12-31": "-491.00000", "2010-12-31": "-1229.00000", "2009-12-31": "-6752.00000", "2008-12-31": "7561.00000", "2007-12-31": "-16621.00000", "2006-12-31": "-15312.00000", "2005-12-31": "-17259.00000"}, "Net Long-Term Debt": {"2020-12-31": "", "2019-12-31": "-1144.00000", "2018-12-31": "2629.00000", "2017-12-31": "8682.00000", "2016-12-31": "-1024.00000", "2015-12-31": "-9323.00000", "2014-12-31": "3252.00000", "2013-12-31": "-2768.00000", "2012-12-31": "-142.00000", "2011-12-31": "-7047.00000", "2010-12-31": "-11752.00000", "2009-12-31": "-8500.00000", "2008-12-31": "5426.00000", "2007-12-31": "11619.00000", "2006-12-31": "11544.00000", "2005-12-31": "-37.00000"}, "Net Current Debt": {"2020-12-31": "", "2019-12-31": "3316.00000", "2018-12-31": "-148.00000", "2017-12-31": "-2300.00000", "2016-12-31": "888.00000", "2015-12-31": "1395.00000", "2014-12-31": "-1374.00000", "2013-12-31": "1843.00000", "2012-12-31": "-1015.00000", "2011-12-31": "705.00000", "2010-12-31": "1262.00000", "2009-12-31": "-6574.00000", "2008-12-31": "-8693.00000", "2007-12-31": "2682.00000", "2006-12-31": "", "2005-12-31": "-339.00000"}, "Debt Issuance/Retirement Net - Total": {"2020-12-31": "", "2019-12-31": "2172.00000", "2018-12-31": "2481.00000", "2017-12-31": "6382.00000", "2016-12-31": "-136.00000", "2015-12-31": "-7928.00000", "2014-12-31": "1878.00000", "2013-12-31": "-925.00000", "2012-12-31": "-1157.00000", "2011-12-31": "-6342.00000", "2010-12-31": "-10490.00000", "2009-12-31": "-15074.00000", "2008-12-31": "-3267.00000", "2007-12-31": "14301.00000", "2006-12-31": "11544.00000", "2005-12-31": "-376.00000"}, "Net Common Equity Issued/Repurchased": {"2020-12-31": "", "2019-12-31": "-4599.00000", "2018-12-31": "-1598.00000", "2017-12-31": "-4271.00000", "2016-12-31": "-4321.00000", "2015-12-31": "-4382.00000", "2014-12-31": "-4027.00000", "2013-12-31": "-3222.00000", "2012-12-31": "-3509.00000", "2011-12-31": "-1706.00000", "2010-12-31": "73.00000", "2009-12-31": "274.00000", "2008-12-31": "-42.00000", "2007-12-31": "-2720.00000", "2006-12-31": "-2890.00000", "2005-12-31": "-724.00000"}, "Net Total Equity Issued/Repurchased": {"2020-12-31": "", "2019-12-31": "-4599.00000", "2018-12-31": "-1598.00000", "2017-12-31": "-4271.00000", "2016-12-31": "-4321.00000", "2015-12-31": "-3541.00000", "2014-12-31": "-3285.00000", "2013-12-31": "-3222.00000", "2012-12-31": "-3509.00000", "2011-12-31": "-1706.00000", "2010-12-31": "73.00000", "2009-12-31": "274.00000", "2008-12-31": "-42.00000", "2007-12-31": "-2720.00000", "2006-12-31": "-2890.00000", "2005-12-31": "-724.00000"}, "Total Common And Preferred Stock Dividends Paid": {"2020-12-31": "", "2019-12-31": "-1422.00000", "2018-12-31": "-1324.00000", "2017-12-31": "-1251.00000", "2016-12-31": "-1207.00000", "2015-12-31": "-1172.00000", "2014-12-31": "-1041.00000", "2013-12-31": "-939.00000", "2012-12-31": "-902.00000", "2011-12-31": "-861.00000", "2010-12-31": "-867.00000", "2009-12-31": "-924.00000", "2008-12-31": "-836.00000", "2007-12-31": "-712.00000", "2006-12-31": "-661.00000", "2005-12-31": "-597.00000"}, "Financial Activities - Other": {"2020-12-31": "", "2019-12-31": "3330.00000", "2018-12-31": "5542.00000", "2017-12-31": "11385.00000", "2016-12-31": "-1935.00000", "2015-12-31": "10878.00000", "2014-12-31": "2459.00000", "2013-12-31": "1195.00000", "2012-12-31": "2300.00000", "2011-12-31": "8232.00000", "2010-12-31": "3406.00000", "2009-12-31": "11077.00000", "2008-12-31": "-6295.00000", "2007-12-31": "4597.00000", "2006-12-31": "-1415.00000", "2005-12-31": "8140.00000"}, "Cash Flow From Financial Activities": {"2020-12-31": "", "2019-12-31": "-519.00000", "2018-12-31": "5101.00000", "2017-12-31": "12245.00000", "2016-12-31": "-7599.00000", "2015-12-31": "-1763.00000", "2014-12-31": "11.00000", "2013-12-31": "-3891.00000", "2012-12-31": "-3268.00000", "2011-12-31": "-677.00000", "2010-12-31": "-7878.00000", "2009-12-31": "-4647.00000", "2008-12-31": "-10440.00000", "2007-12-31": "15466.00000", "2006-12-31": "6578.00000", "2005-12-31": "6443.00000"}, "Net Cash Flow": {"2020-12-31": "", "2019-12-31": "-3362.00000", "2018-12-31": "-5455.00000", "2017-12-31": "7769.00000", "2016-12-31": "2255.00000", "2015-12-31": "474.00000", "2014-12-31": "2802.00000", "2013-12-31": "-2764.00000", "2012-12-31": "-2643.00000", "2011-12-31": "8537.00000", "2010-12-31": "-243.00000", "2009-12-31": "-5055.00000", "2008-12-31": "4914.00000", "2007-12-31": "7022.00000", "2006-12-31": "642.00000", "2005-12-31": "-2781.00000"}, "Stock-Based Compensation": {"2020-12-31": "", "2019-12-31": "283.00000", "2018-12-31": "283.00000", "2017-12-31": "282.00000", "2016-12-31": "254.00000", "2015-12-31": "234.00000", "2014-12-31": "290.00000", "2013-12-31": "350.00000", "2012-12-31": "297.00000", "2011-12-31": "301.00000", "2010-12-31": "287.00000", "2009-12-31": "230.00000", "2008-12-31": "256.00000", "2007-12-31": "276.00000", "2006-12-31": "275.00000", "2005-12-31": "256.00000"}, "Common Stock Dividends Paid": {"2020-12-31": "", "2019-12-31": "-1422.00000", "2018-12-31": "-1324.00000", "2017-12-31": "-1251.00000", "2016-12-31": "-1207.00000", "2015-12-31": "-1172.00000", "2014-12-31": "-1041.00000", "2013-12-31": "-939.00000", "2012-12-31": "-902.00000", "2011-12-31": "-861.00000", "2010-12-31": "-867.00000", "2009-12-31": "-924.00000", "2008-12-31": "-836.00000", "2007-12-31": "-712.00000", "2006-12-31": "-661.00000", "2005-12-31": "-597.00000"}}, "cash flow statement, quarterly": {"Net Income/Loss": {"2020-12-31": -1697, "2020-09-30": 1073, "2020-06-30": 257, "2020-03-31": "367.00000", "2019-12-31": 1693, "2019-09-30": 1755, "2019-06-30": 1761, "2019-03-31": "1550.00000", "2018-12-31": 2010, "2018-09-30": 1654, "2018-06-30": 1623, "2018-03-31": "1634.00000", "2017-12-31": -1206, "2017-09-30": 1359, "2017-06-30": 1344, "2017-03-31": "1251.00000", "2016-12-31": 792, "2016-09-30": 1142, "2016-06-30": 2015, "2016-03-31": "1426.00000", "2015-12-31": 899, "2015-09-30": 1266, "2015-06-30": 1473, "2015-03-31": "1525.00000", "2014-12-31": 1447, "2014-09-30": 1477, "2014-06-30": 1529, "2014-03-31": "1432.00000", "2013-12-31": 1308, "2013-09-30": 1366, "2013-06-30": 1405, "2013-03-31": "1280.00000", "2012-12-31": 637, "2012-09-30": 1250, "2012-06-30": 1339, "2012-03-31": "1256.00000", "2011-12-31": 1192, "2011-09-30": 1235, "2011-06-30": 1331, "2011-03-31": "1177.00000", "2010-12-31": 1062, "2010-09-30": 1093, "2010-06-30": 1017, "2010-03-31": "885.00000", "2009-12-31": 716, "2009-09-30": 640, "2009-06-30": 337, "2009-03-31": "437.00000", "2008-12-31": 240, "2008-09-30": 815, "2008-06-30": 653, "2008-03-31": "991.00000", "2007-12-31": 831, "2007-09-30": 1067, "2007-06-30": 1057, "2007-03-31": "1057.00000", "2006-12-31": 922, "2006-09-30": 967, "2006-06-30": 945, "2006-03-31": "873.00000", "2005-12-31": 745, "2005-09-30": 1030, "2005-06-30": 1013, "2005-03-31": "946.00000"}, "Total Depreciation And Amortization - Cash Flow": {"2020-12-31": -1115, "2020-09-30": 404, "2020-06-30": 374, "2020-03-31": "337.00000", "2019-12-31": 305, "2019-09-30": 300, "2019-06-30": 286, "2019-03-31": "297.00000", "2018-12-31": 286, "2018-09-30": 322, "2018-06-30": 337, "2018-03-31": "348.00000", "2017-12-31": 368, "2017-09-30": 338, "2017-06-30": 319, "2017-03-31": "296.00000", "2016-12-31": 285, "2016-09-30": 274, "2016-06-30": 275, "2016-03-31": "261.00000", "2015-12-31": 263, "2015-09-30": 266, "2015-06-30": 263, "2015-03-31": "251.00000", "2014-12-31": 248, "2014-09-30": 249, "2014-06-30": 266, "2014-03-31": "249.00000", "2013-12-31": 257, "2013-09-30": 266, "2013-06-30": 252, "2013-03-31": "245.00000", "2012-12-31": 240, "2012-09-30": 244, "2012-06-30": 253, "2012-03-31": "254.00000", "2011-12-31": 185, "2011-09-30": 228, "2011-06-30": 278, "2011-03-31": "227.00000", "2010-12-31": 228, "2010-09-30": 248, "2010-06-30": 220, "2010-03-31": "221.00000", "2009-12-31": 293, "2009-09-30": 209, "2009-06-30": 376, "2009-03-31": "192.00000", "2008-12-31": 174, "2008-09-30": 179, "2008-06-30": 186, "2008-03-31": "173.00000", "2007-12-31": 166, "2007-09-30": 161, "2007-06-30": 165, "2007-03-31": "156.00000", "2006-12-31": 152, "2006-09-30": 136, "2006-06-30": 159, "2006-03-31": "161.00000", "2005-12-31": 159, "2005-09-30": 142, "2005-06-30": 100, "2005-03-31": "201.00000"}, "Other Non-Cash Items": {"2020-12-31": -5095, "2020-09-30": 475, "2020-06-30": 1623, "2020-03-31": "2997.00000", "2019-12-31": 897, "2019-09-30": 1074, "2019-06-30": 1280, "2019-03-31": "1031.00000", "2018-12-31": 1809, "2018-09-30": 712, "2018-06-30": 964, "2018-03-31": "605.00000", "2017-12-31": 1733, "2017-09-30": 768, "2017-06-30": 643, "2017-03-31": "680.00000", "2016-12-31": 700, "2016-09-30": 337, "2016-06-30": -544, "2016-03-31": "722.00000", "2015-12-31": 978, "2015-09-30": 578, "2015-06-30": 463, "2015-03-31": "710.00000", "2014-12-31": 218, "2014-09-30": 434, "2014-06-30": 124, "2014-03-31": "617.00000", "2013-12-31": 660, "2013-09-30": 431, "2013-06-30": 491, "2013-03-31": "595.00000", "2012-12-31": 842, "2012-09-30": 407, "2012-06-30": 704, "2012-03-31": "552.00000", "2011-12-31": 256, "2011-09-30": 985, "2011-06-30": 910, "2011-03-31": "44.00000", "2010-12-31": 741, "2010-09-30": 463, "2010-06-30": 1269, "2010-03-31": "1156.00000", "2009-12-31": 814, "2009-09-30": 1107, "2009-06-30": 479, "2009-03-31": "1488.00000", "2008-12-31": 2137, "2008-09-30": 1887, "2008-06-30": 1545, "2008-03-31": "1228.00000", "2007-12-31": 1237, "2007-09-30": 459, "2007-06-30": 1108, "2007-03-31": "709.00000", "2006-12-31": 771, "2006-09-30": 407, "2006-06-30": 739, "2006-03-31": "1011.00000", "2005-12-31": 871, "2005-09-30": -373, "2005-06-30": 1263, "2005-03-31": "913.00000"}, "Total Non-Cash Items": {"2020-12-31": -6210, "2020-09-30": 879, "2020-06-30": 1997, "2020-03-31": "3334.00000", "2019-12-31": 1202, "2019-09-30": 1374, "2019-06-30": 1566, "2019-03-31": "1328.00000", "2018-12-31": 2095, "2018-09-30": 1034, "2018-06-30": 1301, "2018-03-31": "953.00000", "2017-12-31": 2101, "2017-09-30": 1106, "2017-06-30": 962, "2017-03-31": "976.00000", "2016-12-31": 985, "2016-09-30": 611, "2016-06-30": -269, "2016-03-31": "983.00000", "2015-12-31": 1241, "2015-09-30": 844, "2015-06-30": 726, "2015-03-31": "961.00000", "2014-12-31": 466, "2014-09-30": 683, "2014-06-30": 390, "2014-03-31": "866.00000", "2013-12-31": 917, "2013-09-30": 697, "2013-06-30": 743, "2013-03-31": "840.00000", "2012-12-31": 1082, "2012-09-30": 651, "2012-06-30": 957, "2012-03-31": "806.00000", "2011-12-31": 441, "2011-09-30": 1213, "2011-06-30": 1188, "2011-03-31": "271.00000", "2010-12-31": 969, "2010-09-30": 711, "2010-06-30": 1489, "2010-03-31": "1377.00000", "2009-12-31": 1107, "2009-09-30": 1316, "2009-06-30": 855, "2009-03-31": "1680.00000", "2008-12-31": 2311, "2008-09-30": 2066, "2008-06-30": 1731, "2008-03-31": "1401.00000", "2007-12-31": 1403, "2007-09-30": 620, "2007-06-30": 1273, "2007-03-31": "865.00000", "2006-12-31": 923, "2006-09-30": 543, "2006-06-30": 898, "2006-03-31": "1172.00000", "2005-12-31": 1030, "2005-09-30": -231, "2005-06-30": 1363, "2005-03-31": "1114.00000"}, "Change In Accounts Receivable": {"2020-12-31": 0, "2020-09-30": 0, "2020-06-30": 0, "2020-03-31": "", "2019-12-31": 0, "2019-09-30": 0, "2019-06-30": 0, "2019-03-31": "", "2018-12-31": 88, "2018-09-30": 76, "2018-06-30": -286, "2018-03-31": "122.00000", "2017-12-31": -1026, "2017-09-30": 208, "2017-06-30": 32, "2017-03-31": "786.00000", "2016-12-31": -817, "2016-09-30": 192, "2016-06-30": -134, "2016-03-31": "427.00000", "2015-12-31": -511, "2015-09-30": 68, "2015-06-30": -446, "2015-03-31": "175.00000", "2014-12-31": -331, "2014-09-30": 976, "2014-06-30": -998, "2014-03-31": "297.00000", "2013-12-31": -35, "2013-09-30": -228, "2013-06-30": -296, "2013-03-31": "486.00000", "2012-12-31": -170, "2012-09-30": -539, "2012-06-30": 55, "2012-03-31": "807.00000", "2011-12-31": 617, "2011-09-30": 132, "2011-06-30": -115, "2011-03-31": "29.00000", "2010-12-31": -266, "2010-09-30": -434, "2010-06-30": -76, "2010-03-31": "278.00000", "2009-12-31": -1758, "2009-09-30": 606, "2009-06-30": -1044, "2009-03-31": "1466.00000", "2008-12-31": -197, "2008-09-30": -283, "2008-06-30": -282, "2008-03-31": "863.00000", "2007-12-31": -1230, "2007-09-30": 109, "2007-06-30": -261, "2007-03-31": "455.00000", "2006-12-31": -119, "2006-09-30": -153, "2006-06-30": -172, "2006-03-31": "149.00000", "2005-12-31": -707, "2005-09-30": 122, "2005-06-30": -197, "2005-03-31": "159.00000"}, "Change In Inventories": {"2020-12-31": 0, "2020-09-30": 0, "2020-06-30": 0, "2020-03-31": "", "2019-12-31": 0, "2019-09-30": 0, "2019-06-30": 0, "2019-03-31": "", "2018-12-31": 0, "2018-09-30": 0, "2018-06-30": 0, "2018-03-31": "", "2017-12-31": 0, "2017-09-30": 0, "2017-06-30": 0, "2017-03-31": "", "2016-12-31": 0, "2016-09-30": 0, "2016-06-30": 0, "2016-03-31": "", "2015-12-31": 0, "2015-09-30": 0, "2015-06-30": 0, "2015-03-31": "", "2014-12-31": 0, "2014-09-30": 0, "2014-06-30": 0, "2014-03-31": "", "2013-12-31": 0, "2013-09-30": 0, "2013-06-30": 0, "2013-03-31": "", "2012-12-31": 0, "2012-09-30": 0, "2012-06-30": 0, "2012-03-31": "", "2011-12-31": 0, "2011-09-30": 0, "2011-06-30": 0, "2011-03-31": "", "2010-12-31": 0, "2010-09-30": 0, "2010-06-30": 0, "2010-03-31": "", "2009-12-31": 0, "2009-09-30": 0, "2009-06-30": 0, "2009-03-31": "", "2008-12-31": 0, "2008-09-30": 0, "2008-06-30": 0, "2008-03-31": "", "2007-12-31": 0, "2007-09-30": 0, "2007-06-30": 0, "2007-03-31": "", "2006-12-31": 0, "2006-09-30": 0, "2006-06-30": 0, "2006-03-31": "", "2005-12-31": 0, "2005-09-30": 0, "2005-06-30": 0, "2005-03-31": ""}, "Change In Accounts Payable": {"2020-12-31": 4384, "2020-09-30": 868, "2020-06-30": 977, "2020-03-31": "-6229.00000", "2019-12-31": 626, "2019-09-30": -4599, "2019-06-30": -282, "2019-03-31": "6026.00000", "2018-12-31": -6498, "2018-09-30": 2315, "2018-06-30": 249, "2018-03-31": "-431.00000", "2017-12-31": 4063, "2017-09-30": 2095, "2017-06-30": 1163, "2017-03-31": "-2072.00000", "2016-12-31": 2143, "2016-09-30": -266, "2016-06-30": -401, "2016-03-31": "-296.00000", "2015-12-31": 847, "2015-09-30": 1328, "2015-06-30": -151, "2015-03-31": "-1230.00000", "2014-12-31": 801, "2014-09-30": 651, "2014-06-30": 535, "2014-03-31": "607.00000", "2013-12-31": -893, "2013-09-30": -4266, "2013-06-30": 301, "2013-03-31": "4946.00000", "2012-12-31": -3953, "2012-09-30": 2367, "2012-06-30": 726, "2012-03-31": "502.00000", "2011-12-31": 1454, "2011-09-30": -381, "2011-06-30": 1484, "2011-03-31": "-371.00000", "2010-12-31": -312, "2010-09-30": 1924, "2010-06-30": -283, "2010-03-31": "202.00000", "2009-12-31": 889, "2009-09-30": 364, "2009-06-30": 953, "2009-03-31": "-2304.00000", "2008-12-31": -1163, "2008-09-30": -1017, "2008-06-30": 1149, "2008-03-31": "1521.00000", "2007-12-31": -1401, "2007-09-30": 1692, "2007-06-30": 343, "2007-03-31": "379.00000", "2006-12-31": 726, "2006-09-30": 912, "2006-06-30": 580, "2006-03-31": "390.00000", "2005-12-31": 30, "2005-09-30": 193, "2005-06-30": 1215, "2005-03-31": "-195.00000"}, "Change In Assets/Liabilities": {"2020-12-31": 1432, "2020-09-30": -640, "2020-06-30": -1101, "2020-03-31": "309.00000", "2019-12-31": -325, "2019-09-30": 429, "2019-06-30": -115, "2019-03-31": "-357.00000", "2018-12-31": 1053, "2018-09-30": 7, "2018-06-30": 146, "2018-03-31": "-215.00000", "2017-12-31": 1027, "2017-09-30": -471, "2017-06-30": -377, "2017-03-31": "219.00000", "2016-12-31": 237, "2016-09-30": 72, "2016-06-30": -540, "2016-03-31": "-11.00000", "2015-12-31": 406, "2015-09-30": 83, "2015-06-30": 507, "2015-03-31": "695.00000", "2014-12-31": 21, "2014-09-30": -86, "2014-06-30": 144, "2014-03-31": "83.00000", "2013-12-31": -953, "2013-09-30": 405, "2013-06-30": 529, "2013-03-31": "-5.00000", "2012-12-31": -1128, "2012-09-30": 143, "2012-06-30": 233, "2012-03-31": "61.00000", "2011-12-31": -310, "2011-09-30": 199, "2011-06-30": -449, "2011-03-31": "-569.00000", "2010-12-31": 49, "2010-09-30": -517, "2010-06-30": 41, "2010-03-31": "-480.00000", "2009-12-31": 471, "2009-09-30": -615, "2009-06-30": 506, "2009-03-31": "-285.00000", "2008-12-31": -2161, "2008-09-30": -805, "2008-06-30": 181, "2008-03-31": "-241.00000", "2007-12-31": 446, "2007-09-30": -827, "2007-06-30": 542, "2007-03-31": "-409.00000", "2006-12-31": -89, "2006-09-30": 23, "2006-06-30": 201, "2006-03-31": "-579.00000", "2005-12-31": -652, "2005-09-30": 800, "2005-06-30": 449, "2005-03-31": "-182.00000"}, "Total Change In Assets/Liabilities": {"2020-12-31": 5816, "2020-09-30": 228, "2020-06-30": -124, "2020-03-31": "-5920.00000", "2019-12-31": 301, "2019-09-30": -4170, "2019-06-30": -397, "2019-03-31": "5669.00000", "2018-12-31": -5357, "2018-09-30": 2398, "2018-06-30": 109, "2018-03-31": "-524.00000", "2017-12-31": 4064, "2017-09-30": 1832, "2017-06-30": 818, "2017-03-31": "-1067.00000", "2016-12-31": 1563, "2016-09-30": -2, "2016-06-30": -1075, "2016-03-31": "120.00000", "2015-12-31": 742, "2015-09-30": 1479, "2015-06-30": -90, "2015-03-31": "-360.00000", "2014-12-31": 491, "2014-09-30": 1541, "2014-06-30": -319, "2014-03-31": "987.00000", "2013-12-31": -1881, "2013-09-30": -4089, "2013-06-30": 534, "2013-03-31": "5427.00000", "2012-12-31": -5251, "2012-09-30": 1971, "2012-06-30": 1014, "2012-03-31": "1370.00000", "2011-12-31": 1761, "2011-09-30": -50, "2011-06-30": 920, "2011-03-31": "-911.00000", "2010-12-31": -529, "2010-09-30": 973, "2010-06-30": -318, "2010-03-31": "", "2009-12-31": -398, "2009-09-30": 355, "2009-06-30": 415, "2009-03-31": "-1123.00000", "2008-12-31": -3521, "2008-09-30": -2105, "2008-06-30": 1048, "2008-03-31": "2143.00000", "2007-12-31": -2185, "2007-09-30": 974, "2007-06-30": 624, "2007-03-31": "425.00000", "2006-12-31": 518, "2006-09-30": 782, "2006-06-30": 609, "2006-03-31": "-40.00000", "2005-12-31": -1329, "2005-09-30": 1115, "2005-06-30": 1467, "2005-03-31": "-218.00000"}, "Cash Flow From Operating Activities": {"2020-12-31": -2091, "2020-09-30": 2180, "2020-06-30": 2130, "2020-03-31": "-2219.00000", "2019-12-31": 3196, "2019-09-30": -1041, "2019-06-30": 2930, "2019-03-31": "8547.00000", "2018-12-31": -1252, "2018-09-30": 5086, "2018-06-30": 3033, "2018-03-31": "2063.00000", "2017-12-31": 4959, "2017-09-30": 4297, "2017-06-30": 3124, "2017-03-31": "1160.00000", "2016-12-31": 3340, "2016-09-30": 1751, "2016-06-30": 671, "2016-03-31": "2529.00000", "2015-12-31": 2882, "2015-09-30": 3589, "2015-06-30": 2109, "2015-03-31": "2126.00000", "2014-12-31": 2404, "2014-09-30": 3701, "2014-06-30": 1600, "2014-03-31": "3285.00000", "2013-12-31": 344, "2013-09-30": -2026, "2013-06-30": 2682, "2013-03-31": "7547.00000", "2012-12-31": -3532, "2012-09-30": 3872, "2012-06-30": 3310, "2012-03-31": "3432.00000", "2011-12-31": 3394, "2011-09-30": 2398, "2011-06-30": 3439, "2011-03-31": "537.00000", "2010-12-31": 1502, "2010-09-30": 2777, "2010-06-30": 2188, "2010-03-31": "2262.00000", "2009-12-31": 1425, "2009-09-30": 2311, "2009-06-30": 1607, "2009-03-31": "994.00000", "2008-12-31": -970, "2008-09-30": 776, "2008-06-30": 3432, "2008-03-31": "4535.00000", "2007-12-31": 49, "2007-09-30": 2661, "2007-06-30": 2954, "2007-03-31": "2347.00000", "2006-12-31": 2363, "2006-09-30": 2292, "2006-06-30": 2452, "2006-03-31": "2005.00000", "2005-12-31": 446, "2005-09-30": 1914, "2005-06-30": 3843, "2005-03-31": "1842.00000"}, "Net Change In Property, Plant, And Equipment": {"2020-12-31": 1042, "2020-09-30": -353, "2020-06-30": -354, "2020-03-31": "-335.00000", "2019-12-31": -431, "2019-09-30": -374, "2019-06-30": -492, "2019-03-31": "-348.00000", "2018-12-31": -439, "2018-09-30": -335, "2018-06-30": -299, "2018-03-31": "-237.00000", "2017-12-31": -250, "2017-09-30": -274, "2017-06-30": -261, "2017-03-31": "-277.00000", "2016-12-31": -400, "2016-09-30": -326, "2016-06-30": -347, "2016-03-31": "-302.00000", "2015-12-31": -462, "2015-09-30": -342, "2015-06-30": -281, "2015-03-31": "-256.00000", "2014-12-31": -341, "2014-09-30": -308, "2014-06-30": -320, "2014-03-31": "-226.00000", "2013-12-31": -371, "2013-09-30": -160, "2013-06-30": -271, "2013-03-31": "-204.00000", "2012-12-31": -288, "2012-09-30": -269, "2012-06-30": -230, "2012-03-31": "-266.00000", "2011-12-31": -304, "2011-09-30": -327, "2011-06-30": -303, "2011-03-31": "-255.00000", "2010-12-31": -292, "2010-09-30": -264, "2010-06-30": -175, "2010-03-31": "-147.00000", "2009-12-31": -270, "2009-09-30": -154, "2009-06-30": -219, "2009-03-31": "-79.00000", "2008-12-31": -332, "2008-09-30": -235, "2008-06-30": -192, "2008-03-31": "-191.00000", "2007-12-31": -245, "2007-09-30": -336, "2007-06-30": -98, "2007-03-31": "-204.00000", "2006-12-31": -309, "2006-09-30": -181, "2006-06-30": -141, "2006-03-31": "-123.00000", "2005-12-31": -161, "2005-09-30": -69, "2005-06-30": -134, "2005-03-31": "4.00000"}, "Net Change In Intangible Assets": {"2020-12-31": 0, "2020-09-30": 0, "2020-06-30": 0, "2020-03-31": "", "2019-12-31": 0, "2019-09-30": 0, "2019-06-30": 0, "2019-03-31": "", "2018-12-31": 0, "2018-09-30": 0, "2018-06-30": 0, "2018-03-31": "", "2017-12-31": 0, "2017-09-30": 0, "2017-06-30": 0, "2017-03-31": "", "2016-12-31": 0, "2016-09-30": 0, "2016-06-30": 0, "2016-03-31": "", "2015-12-31": 0, "2015-09-30": 0, "2015-06-30": 0, "2015-03-31": "", "2014-12-31": 0, "2014-09-30": 0, "2014-06-30": 0, "2014-03-31": "", "2013-12-31": 0, "2013-09-30": 0, "2013-06-30": 0, "2013-03-31": "", "2012-12-31": 0, "2012-09-30": 0, "2012-06-30": 0, "2012-03-31": "", "2011-12-31": 0, "2011-09-30": 0, "2011-06-30": 0, "2011-03-31": "", "2010-12-31": 0, "2010-09-30": 0, "2010-06-30": 0, "2010-03-31": "", "2009-12-31": 0, "2009-09-30": 0, "2009-06-30": 0, "2009-03-31": "", "2008-12-31": 0, "2008-09-30": 0, "2008-06-30": 0, "2008-03-31": "", "2007-12-31": 0, "2007-09-30": 0, "2007-06-30": 0, "2007-03-31": "", "2006-12-31": 0, "2006-09-30": 0, "2006-06-30": 0, "2006-03-31": "", "2005-12-31": 0, "2005-09-30": 0, "2005-06-30": 0, "2005-03-31": ""}, "Net Acquisitions/Divestitures": {"2020-12-31": 0, "2020-09-30": 0, "2020-06-30": 0, "2020-03-31": "", "2019-12-31": -82, "2019-09-30": -179, "2019-06-30": -71, "2019-03-31": "-20.00000", "2018-12-31": -8, "2018-09-30": -31, "2018-06-30": -6, "2018-03-31": "-475.00000", "2017-12-31": -1, "2017-09-30": -36, "2017-06-30": -146, "2017-03-31": "-28.00000", "2016-12-31": -296, "2016-09-30": -29, "2016-06-30": -7, "2016-03-31": "-155.00000", "2015-12-31": -33, "2015-09-30": -48, "2015-06-30": -15, "2015-03-31": "-59.00000", "2014-12-31": -99, "2014-09-30": -21, "2014-06-30": -103, "2014-03-31": "-6.00000", "2013-12-31": -25, "2013-09-30": 21, "2013-06-30": -180, "2013-03-31": "-11.00000", "2012-12-31": -10, "2012-09-30": 1, "2012-06-30": -455, "2012-03-31": "-2.00000", "2011-12-31": 0, "2011-09-30": -28, "2011-06-30": -5, "2011-03-31": "-577.00000", "2010-12-31": -146, "2010-09-30": 0, "2010-06-30": 0, "2010-03-31": "-254.00000", "2009-12-31": 0, "2009-09-30": 0, "2009-06-30": 0, "2009-03-31": "", "2008-12-31": 28, "2008-09-30": -253, "2008-06-30": -22, "2008-03-31": "-4342.00000", "2007-12-31": 0, "2007-09-30": -134, "2007-06-30": 7, "2007-03-31": "3.00000", "2006-12-31": 443, "2006-09-30": -120, "2006-06-30": 274, "2006-03-31": "182.00000", "2005-12-31": -326, "2005-09-30": 230, "2005-06-30": -26, "2005-03-31": "-14.00000"}, "Net Change In Short-term Investments": {"2020-12-31": 0, "2020-09-30": 0, "2020-06-30": 0, "2020-03-31": "", "2019-12-31": 0, "2019-09-30": 0, "2019-06-30": 0, "2019-03-31": "", "2018-12-31": 0, "2018-09-30": 0, "2018-06-30": 0, "2018-03-31": "", "2017-12-31": 0, "2017-09-30": 0, "2017-06-30": 0, "2017-03-31": "", "2016-12-31": 0, "2016-09-30": 0, "2016-06-30": 0, "2016-03-31": "", "2015-12-31": 0, "2015-09-30": 0, "2015-06-30": 0, "2015-03-31": "", "2014-12-31": 0, "2014-09-30": 0, "2014-06-30": 0, "2014-03-31": "", "2013-12-31": 0, "2013-09-30": 0, "2013-06-30": 0, "2013-03-31": "", "2012-12-31": 0, "2012-09-30": 0, "2012-06-30": 0, "2012-03-31": "", "2011-12-31": 0, "2011-09-30": 0, "2011-06-30": 0, "2011-03-31": "", "2010-12-31": 0, "2010-09-30": 0, "2010-06-30": 0, "2010-03-31": "", "2009-12-31": 0, "2009-09-30": 0, "2009-06-30": 0, "2009-03-31": "", "2008-12-31": 0, "2008-09-30": 0, "2008-06-30": 0, "2008-03-31": "", "2007-12-31": 0, "2007-09-30": 0, "2007-06-30": 0, "2007-03-31": "", "2006-12-31": 0, "2006-09-30": 0, "2006-06-30": 0, "2006-03-31": "", "2005-12-31": 0, "2005-09-30": 0, "2005-06-30": 0, "2005-03-31": ""}, "Net Change In Long-Term Investments": {"2020-12-31": 14038, "2020-09-30": -2515, "2020-06-30": -14902, "2020-03-31": "3379.00000", "2019-12-31": 30, "2019-09-30": 39, "2019-06-30": -2051, "2019-03-31": "-1833.00000", "2018-12-31": 12728, "2018-09-30": -12833, "2018-06-30": -1497, "2018-03-31": "-329.00000", "2017-12-31": 24, "2017-09-30": 125, "2017-06-30": 1029, "2017-03-31": "-1294.00000", "2016-12-31": 460, "2016-09-30": 84, "2016-06-30": -105, "2016-03-31": "-74.00000", "2015-12-31": 121, "2015-09-30": 490, "2015-06-30": -213, "2015-03-31": "-8.00000", "2014-12-31": 1199, "2014-09-30": 101, "2014-06-30": -165, "2014-03-31": "327.00000", "2013-12-31": 3, "2013-09-30": 32, "2013-06-30": 331, "2013-03-31": "-205.00000", "2012-12-31": 413, "2012-09-30": 319, "2012-06-30": 314, "2012-03-31": "568.00000", "2011-12-31": 1338, "2011-09-30": 14, "2011-06-30": 1219, "2011-03-31": "3521.00000", "2010-12-31": 2755, "2010-09-30": 336, "2010-06-30": 1023, "2010-03-31": "2344.00000", "2009-12-31": -3340, "2009-09-30": -1348, "2009-06-30": -9102, "2009-03-31": "3345.00000", "2008-12-31": -4786, "2008-09-30": 4925, "2008-06-30": -419, "2008-03-31": "-167.00000", "2007-12-31": -1751, "2007-09-30": 1593, "2007-06-30": -169, "2007-03-31": "-77.00000", "2006-12-31": -11678, "2006-09-30": 311, "2006-06-30": -369, "2006-03-31": "277.00000", "2005-12-31": 594, "2005-09-30": 1560, "2005-06-30": -2151, "2005-03-31": "-487.00000"}, "Net Change In Investments - Total": {"2020-12-31": 14038, "2020-09-30": -2515, "2020-06-30": -14902, "2020-03-31": "3379.00000", "2019-12-31": 30, "2019-09-30": 39, "2019-06-30": -2051, "2019-03-31": "-1833.00000", "2018-12-31": 12728, "2018-09-30": -12833, "2018-06-30": -1497, "2018-03-31": "-329.00000", "2017-12-31": 24, "2017-09-30": 125, "2017-06-30": 1029, "2017-03-31": "-1294.00000", "2016-12-31": 460, "2016-09-30": 84, "2016-06-30": -105, "2016-03-31": "-74.00000", "2015-12-31": 121, "2015-09-30": 490, "2015-06-30": -213, "2015-03-31": "-8.00000", "2014-12-31": 1199, "2014-09-30": 101, "2014-06-30": -165, "2014-03-31": "327.00000", "2013-12-31": 3, "2013-09-30": 32, "2013-06-30": 331, "2013-03-31": "-205.00000", "2012-12-31": 413, "2012-09-30": 319, "2012-06-30": 314, "2012-03-31": "568.00000", "2011-12-31": 1338, "2011-09-30": 14, "2011-06-30": 1219, "2011-03-31": "3521.00000", "2010-12-31": 2755, "2010-09-30": 336, "2010-06-30": 1023, "2010-03-31": "2344.00000", "2009-12-31": -3340, "2009-09-30": -1348, "2009-06-30": -9102, "2009-03-31": "3345.00000", "2008-12-31": -4786, "2008-09-30": 4925, "2008-06-30": -419, "2008-03-31": "-167.00000", "2007-12-31": -1751, "2007-09-30": 1593, "2007-06-30": -169, "2007-03-31": "-77.00000", "2006-12-31": -11678, "2006-09-30": 311, "2006-06-30": -369, "2006-03-31": "277.00000", "2005-12-31": 594, "2005-09-30": 1560, "2005-06-30": -2151, "2005-03-31": "-487.00000"}, "Investing Activities - Other": {"2020-12-31": -32269, "2020-09-30": -2089, "2020-06-30": 15475, "2020-03-31": "18883.00000", "2019-12-31": -4972, "2019-09-30": -239, "2019-06-30": -5176, "2019-03-31": "-508.00000", "2018-12-31": -17725, "2018-09-30": 7409, "2018-06-30": -5886, "2018-03-31": "348.00000", "2017-12-31": -9318, "2017-09-30": -4366, "2017-06-30": -5479, "2017-03-31": "2310.00000", "2016-12-31": -8171, "2016-09-30": -1737, "2016-06-30": 8957, "2016-03-31": "4171.00000", "2015-12-31": -5112, "2015-09-30": 123, "2015-06-30": -5242, "2015-03-31": "3144.00000", "2014-12-31": -5746, "2014-09-30": -1176, "2014-06-30": -2545, "2014-03-31": "1462.00000", "2013-12-31": -5409, "2013-09-30": 570, "2013-06-30": -1842, "2013-03-31": "452.00000", "2012-12-31": -3674, "2012-09-30": -1266, "2012-06-30": -3348, "2012-03-31": "1648.00000", "2011-12-31": -6471, "2011-09-30": -220, "2011-06-30": -4067, "2011-03-31": "5974.00000", "2010-12-31": -8844, "2010-09-30": -259, "2010-06-30": -3043, "2010-03-31": "5737.00000", "2009-12-31": -2858, "2009-09-30": 408, "2009-06-30": 8333, "2009-03-31": "-1468.00000", "2008-12-31": 10263, "2008-09-30": -1019, "2008-06-30": -2331, "2008-03-31": "6634.00000", "2007-12-31": -3647, "2007-09-30": -2962, "2007-06-30": -9241, "2007-03-31": "640.00000", "2006-12-31": 4386, "2006-09-30": -2954, "2006-06-30": -6306, "2006-03-31": "996.00000", "2005-12-31": -6464, "2005-09-30": -7731, "2005-06-30": -3396, "2005-03-31": "1312.00000"}, "Cash Flow From Investing Activities": {"2020-12-31": -17189, "2020-09-30": -4957, "2020-06-30": 219, "2020-03-31": "21927.00000", "2019-12-31": -5455, "2019-09-30": -753, "2019-06-30": -7790, "2019-03-31": "-2709.00000", "2018-12-31": -5444, "2018-09-30": -5790, "2018-06-30": -7688, "2018-03-31": "-693.00000", "2017-12-31": -9545, "2017-09-30": -4551, "2017-06-30": -4857, "2017-03-31": "711.00000", "2016-12-31": -8407, "2016-09-30": -2008, "2016-06-30": 8498, "2016-03-31": "3640.00000", "2015-12-31": -5486, "2015-09-30": 223, "2015-06-30": -5751, "2015-03-31": "2821.00000", "2014-12-31": -4987, "2014-09-30": -1404, "2014-06-30": -3133, "2014-03-31": "1557.00000", "2013-12-31": -5802, "2013-09-30": 463, "2013-06-30": -1962, "2013-03-31": "32.00000", "2012-12-31": -3559, "2012-09-30": -1215, "2012-06-30": -3719, "2012-03-31": "1948.00000", "2011-12-31": -5437, "2011-09-30": -561, "2011-06-30": -3156, "2011-03-31": "8663.00000", "2010-12-31": -6527, "2010-09-30": -187, "2010-06-30": -2195, "2010-03-31": "7680.00000", "2009-12-31": -6468, "2009-09-30": -1094, "2009-06-30": -988, "2009-03-31": "1798.00000", "2008-12-31": 5173, "2008-09-30": 3418, "2008-06-30": -2964, "2008-03-31": "1934.00000", "2007-12-31": -5643, "2007-09-30": -1839, "2007-06-30": -9501, "2007-03-31": "362.00000", "2006-12-31": -7158, "2006-09-30": -2944, "2006-06-30": -6542, "2006-03-31": "1332.00000", "2005-12-31": -6357, "2005-09-30": -6010, "2005-06-30": -5707, "2005-03-31": "815.00000"}, "Net Long-Term Debt": {"2020-12-31": 13699, "2020-09-30": -4000, "2020-06-30": -3850, "2020-03-31": "-5849.00000", "2019-12-31": -575, "2019-09-30": 630, "2019-06-30": -1011, "2019-03-31": "-188.00000", "2018-12-31": 2856, "2018-09-30": -546, "2018-06-30": 3538, "2018-03-31": "-3219.00000", "2017-12-31": 7156, "2017-09-30": -3249, "2017-06-30": 156, "2017-03-31": "4619.00000", "2016-12-31": 2399, "2016-09-30": -5643, "2016-06-30": 3221, "2016-03-31": "-1001.00000", "2015-12-31": -388, "2015-09-30": -3982, "2015-06-30": -1853, "2015-03-31": "-3100.00000", "2014-12-31": 2582, "2014-09-30": 1376, "2014-06-30": 554, "2014-03-31": "-1260.00000", "2013-12-31": 2837, "2013-09-30": -287, "2013-06-30": -2915, "2013-03-31": "-2403.00000", "2012-12-31": 3444, "2012-09-30": -77, "2012-06-30": -617, "2012-03-31": "-2892.00000", "2011-12-31": -2245, "2011-09-30": 467, "2011-06-30": 462, "2011-03-31": "-5731.00000", "2010-12-31": -2361, "2010-09-30": -1326, "2010-06-30": -3055, "2010-03-31": "-5010.00000", "2009-12-31": -561, "2009-09-30": -1237, "2009-06-30": -4431, "2009-03-31": "-2271.00000", "2008-12-31": 2442, "2008-09-30": 1337, "2008-06-30": 1695, "2008-03-31": "-48.00000", "2007-12-31": 3001, "2007-09-30": 3905, "2007-06-30": 5375, "2007-03-31": "-662.00000", "2006-12-31": 882, "2006-09-30": 4104, "2006-06-30": 4268, "2006-03-31": "2290.00000", "2005-12-31": 2885, "2005-09-30": 36, "2005-06-30": -1575, "2005-03-31": "-1383.00000"}, "Net Current Debt": {"2020-12-31": 4737, "2020-09-30": 122, "2020-06-30": -1979, "2020-03-31": "-2880.00000", "2019-12-31": 3601, "2019-09-30": 37, "2019-06-30": 777, "2019-03-31": "-1099.00000", "2018-12-31": 821, "2018-09-30": 338, "2018-06-30": 182, "2018-03-31": "-1489.00000", "2017-12-31": 932, "2017-09-30": -1108, "2017-06-30": -183, "2017-03-31": "-1941.00000", "2016-12-31": 2928, "2016-09-30": 480, "2016-06-30": -303, "2016-03-31": "-2217.00000", "2015-12-31": 1668, "2015-09-30": -1306, "2015-06-30": 2095, "2015-03-31": "-1062.00000", "2014-12-31": 221, "2014-09-30": 59, "2014-06-30": 591, "2014-03-31": "-2245.00000", "2013-12-31": 1792, "2013-09-30": 270, "2013-06-30": -385, "2013-03-31": "166.00000", "2012-12-31": -669, "2012-09-30": 402, "2012-06-30": -208, "2012-03-31": "-540.00000", "2011-12-31": -33, "2011-09-30": 121, "2011-06-30": 525, "2011-03-31": "92.00000", "2010-12-31": 1536, "2010-09-30": -572, "2010-06-30": 677, "2010-03-31": "-379.00000", "2009-12-31": 150, "2009-09-30": -5, "2009-06-30": -678, "2009-03-31": "-6041.00000", "2008-12-31": -5119, "2008-09-30": -3151, "2008-06-30": -1573, "2008-03-31": "1150.00000", "2007-12-31": 444, "2007-09-30": -568, "2007-06-30": 1366, "2007-03-31": "1440.00000", "2006-12-31": 2067, "2006-09-30": -725, "2006-06-30": 909, "2006-03-31": "-2251.00000", "2005-12-31": -756, "2005-09-30": 1267, "2005-06-30": 372, "2005-03-31": "-1222.00000"}, "Debt Issuance/Retirement Net - Total": {"2020-12-31": 18436, "2020-09-30": -3878, "2020-06-30": -5829, "2020-03-31": "-8729.00000", "2019-12-31": 3026, "2019-09-30": 667, "2019-06-30": -234, "2019-03-31": "-1287.00000", "2018-12-31": 3677, "2018-09-30": -208, "2018-06-30": 3720, "2018-03-31": "-4708.00000", "2017-12-31": 8088, "2017-09-30": -4357, "2017-06-30": -27, "2017-03-31": "2678.00000", "2016-12-31": 5327, "2016-09-30": -5163, "2016-06-30": 2918, "2016-03-31": "-3218.00000", "2015-12-31": 1280, "2015-09-30": -5288, "2015-06-30": 242, "2015-03-31": "-4162.00000", "2014-12-31": 2803, "2014-09-30": 1435, "2014-06-30": 1145, "2014-03-31": "-3505.00000", "2013-12-31": 4629, "2013-09-30": -17, "2013-06-30": -3300, "2013-03-31": "-2237.00000", "2012-12-31": 2775, "2012-09-30": 325, "2012-06-30": -825, "2012-03-31": "-3432.00000", "2011-12-31": -2278, "2011-09-30": 588, "2011-06-30": 987, "2011-03-31": "-5639.00000", "2010-12-31": -825, "2010-09-30": -1898, "2010-06-30": -2378, "2010-03-31": "-5389.00000", "2009-12-31": -411, "2009-09-30": -1242, "2009-06-30": -5109, "2009-03-31": "-8312.00000", "2008-12-31": -2677, "2008-09-30": -1814, "2008-06-30": 122, "2008-03-31": "1102.00000", "2007-12-31": 3445, "2007-09-30": 3337, "2007-06-30": 6741, "2007-03-31": "778.00000", "2006-12-31": 2949, "2006-09-30": 3379, "2006-06-30": 5177, "2006-03-31": "39.00000", "2005-12-31": 2129, "2005-09-30": 1303, "2005-06-30": -1203, "2005-03-31": "-2605.00000"}, "Net Common Equity Issued/Repurchased": {"2020-12-31": -34, "2020-09-30": 1026, "2020-06-30": 15, "2020-03-31": "-1007.00000", "2019-12-31": -4676, "2019-09-30": 2023, "2019-06-30": -613, "2019-03-31": "-1333.00000", "2018-12-31": -749, "2018-09-30": -760, "2018-06-30": 34, "2018-03-31": "-123.00000", "2017-12-31": -1266, "2017-09-30": -1282, "2017-06-30": -828, "2017-03-31": "-895.00000", "2016-12-31": -857, "2016-09-30": -625, "2016-06-30": -1662, "2016-03-31": "-1177.00000", "2015-12-31": -1221, "2015-09-30": -1333, "2015-06-30": -1091, "2015-03-31": "-737.00000", "2014-12-31": -1073, "2014-09-30": -1056, "2014-06-30": -1170, "2014-03-31": "-728.00000", "2013-12-31": -574, "2013-09-30": -1007, "2013-06-30": -1129, "2013-03-31": "-512.00000", "2012-12-31": -949, "2012-09-30": -980, "2012-06-30": -1640, "2012-03-31": "60.00000", "2011-12-31": -263, "2011-09-30": -1123, "2011-06-30": -549, "2011-03-31": "229.00000", "2010-12-31": -302, "2010-09-30": 80, "2010-06-30": 174, "2010-03-31": "121.00000", "2009-12-31": 83, "2009-09-30": 3049, "2009-06-30": -2858, "2009-03-31": "", "2008-12-31": -3, "2008-09-30": 20, "2008-06-30": 68, "2008-03-31": "-127.00000", "2007-12-31": -655, "2007-09-30": -735, "2007-06-30": -643, "2007-03-31": "-687.00000", "2006-12-31": -657, "2006-09-30": -604, "2006-06-30": -1005, "2006-03-31": "-624.00000", "2005-12-31": 63, "2005-09-30": -57, "2005-06-30": -352, "2005-03-31": "-378.00000"}, "Net Total Equity Issued/Repurchased": {"2020-12-31": 992, "2020-09-30": 0, "2020-06-30": 15, "2020-03-31": "-1007.00000", "2019-12-31": -1213, "2019-09-30": -1440, "2019-06-30": -613, "2019-03-31": "-1333.00000", "2018-12-31": -749, "2018-09-30": -760, "2018-06-30": 34, "2018-03-31": "-123.00000", "2017-12-31": -1266, "2017-09-30": -1282, "2017-06-30": -828, "2017-03-31": "-895.00000", "2016-12-31": -857, "2016-09-30": -625, "2016-06-30": -1662, "2016-03-31": "-1177.00000", "2015-12-31": -1221, "2015-09-30": -1333, "2015-06-30": -1091, "2015-03-31": "104.00000", "2014-12-31": -331, "2014-09-30": -1056, "2014-06-30": -1170, "2014-03-31": "-728.00000", "2013-12-31": -574, "2013-09-30": -1007, "2013-06-30": -1129, "2013-03-31": "-512.00000", "2012-12-31": -949, "2012-09-30": -980, "2012-06-30": -1640, "2012-03-31": "60.00000", "2011-12-31": -263, "2011-09-30": -1123, "2011-06-30": -549, "2011-03-31": "229.00000", "2010-12-31": -302, "2010-09-30": 80, "2010-06-30": 174, "2010-03-31": "121.00000", "2009-12-31": 83, "2009-09-30": -340, "2009-06-30": -2858, "2009-03-31": "3389.00000", "2008-12-31": -3, "2008-09-30": 20, "2008-06-30": 68, "2008-03-31": "-127.00000", "2007-12-31": -655, "2007-09-30": -735, "2007-06-30": -643, "2007-03-31": "-687.00000", "2006-12-31": -657, "2006-09-30": -604, "2006-06-30": -1005, "2006-03-31": "-624.00000", "2005-12-31": 63, "2005-09-30": -57, "2005-06-30": -352, "2005-03-31": "-378.00000"}, "Total Common And Preferred Stock Dividends Paid": {"2020-12-31": 1112, "2020-09-30": -363, "2020-06-30": -366, "2020-03-31": "-383.00000", "2019-12-31": -374, "2019-09-30": -346, "2019-06-30": -347, "2019-03-31": "-355.00000", "2018-12-31": -354, "2018-09-30": -325, "2018-06-30": -321, "2018-03-31": "-324.00000", "2017-12-31": -326, "2017-09-30": -305, "2017-06-30": -307, "2017-03-31": "-313.00000", "2016-12-31": -315, "2016-09-30": -291, "2016-06-30": -299, "2016-03-31": "-302.00000", "2015-12-31": -304, "2015-09-30": -335, "2015-06-30": -265, "2015-03-31": "-268.00000", "2014-12-31": -271, "2014-09-30": -281, "2014-06-30": -243, "2014-03-31": "-246.00000", "2013-12-31": -246, "2013-09-30": -250, "2013-06-30": -221, "2013-03-31": "-222.00000", "2012-12-31": -227, "2012-09-30": -229, "2012-06-30": -235, "2012-03-31": "-211.00000", "2011-12-31": -215, "2011-09-30": -213, "2011-06-30": -216, "2011-03-31": "-217.00000", "2010-12-31": -217, "2010-09-30": -217, "2010-06-30": -217, "2010-03-31": "-216.00000", "2009-12-31": -215, "2009-09-30": -215, "2009-06-30": -268, "2009-03-31": "-226.00000", "2008-12-31": -209, "2008-09-30": -209, "2008-06-30": -208, "2008-03-31": "-210.00000", "2007-12-31": -176, "2007-09-30": -177, "2007-06-30": -179, "2007-03-31": "-180.00000", "2006-12-31": -181, "2006-09-30": -181, "2006-06-30": -150, "2006-03-31": "-149.00000", "2005-12-31": -148, "2005-09-30": -150, "2005-06-30": -149, "2005-03-31": "-150.00000"}, "Financial Activities - Other": {"2020-12-31": -12158, "2020-09-30": 639, "2020-06-30": 6818, "2020-03-31": "4701.00000", "2019-12-31": -16, "2019-09-30": 721, "2019-06-30": -267, "2019-03-31": "2892.00000", "2018-12-31": 666, "2018-09-30": 1919, "2018-06-30": 751, "2018-03-31": "2206.00000", "2017-12-31": 3166, "2017-09-30": 3553, "2017-06-30": 3931, "2017-03-31": "735.00000", "2016-12-31": -436, "2016-09-30": -905, "2016-06-30": -1367, "2016-03-31": "773.00000", "2015-12-31": 5707, "2015-09-30": 2154, "2015-06-30": 2233, "2015-03-31": "784.00000", "2014-12-31": 1542, "2014-09-30": 546, "2014-06-30": -547, "2014-03-31": "918.00000", "2013-12-31": -1108, "2013-09-30": 1956, "2013-06-30": -794, "2013-03-31": "1141.00000", "2012-12-31": 2616, "2012-09-30": 1187, "2012-06-30": -1770, "2012-03-31": "267.00000", "2011-12-31": 4777, "2011-09-30": 910, "2011-06-30": 534, "2011-03-31": "2011.00000", "2010-12-31": 1351, "2010-09-30": -13, "2010-06-30": 245, "2010-03-31": "1823.00000", "2009-12-31": 2492, "2009-09-30": 3838, "2009-06-30": 2103, "2009-03-31": "2644.00000", "2008-12-31": 3014, "2008-09-30": -6415, "2008-06-30": 200, "2008-03-31": "-3094.00000", "2007-12-31": 6536, "2007-09-30": 478, "2007-06-30": 121, "2007-03-31": "-2538.00000", "2006-12-31": 2141, "2006-09-30": -612, "2006-06-30": 1486, "2006-03-31": "-4430.00000", "2005-12-31": 3326, "2005-09-30": 1363, "2005-06-30": 3600, "2005-03-31": "-149.00000"}, "Cash Flow From Financial Activities": {"2020-12-31": 8382, "2020-09-30": -3602, "2020-06-30": 638, "2020-03-31": "-5418.00000", "2019-12-31": 1423, "2019-09-30": -398, "2019-06-30": -1461, "2019-03-31": "-83.00000", "2018-12-31": 3240, "2018-09-30": 626, "2018-06-30": 4184, "2018-03-31": "-2949.00000", "2017-12-31": 9662, "2017-09-30": -2391, "2017-06-30": 2769, "2017-03-31": "2205.00000", "2016-12-31": 3719, "2016-09-30": -6984, "2016-06-30": -410, "2016-03-31": "-3924.00000", "2015-12-31": 5462, "2015-09-30": -4802, "2015-06-30": 1119, "2015-03-31": "-3542.00000", "2014-12-31": 3743, "2014-09-30": 644, "2014-06-30": -815, "2014-03-31": "-3561.00000", "2013-12-31": 2701, "2013-09-30": 682, "2013-06-30": -5444, "2013-03-31": "-1830.00000", "2012-12-31": 4215, "2012-09-30": 303, "2012-06-30": -4470, "2012-03-31": "-3316.00000", "2011-12-31": 2021, "2011-09-30": 162, "2011-06-30": 756, "2011-03-31": "-3616.00000", "2010-12-31": 7, "2010-09-30": -2048, "2010-06-30": -2176, "2010-03-31": "-3661.00000", "2009-12-31": 1949, "2009-09-30": 2041, "2009-06-30": -6132, "2009-03-31": "-2505.00000", "2008-12-31": 125, "2008-09-30": -8418, "2008-06-30": 182, "2008-03-31": "-2329.00000", "2007-12-31": 9150, "2007-09-30": 2903, "2007-06-30": 6040, "2007-03-31": "-2627.00000", "2006-12-31": 4252, "2006-09-30": 1982, "2006-06-30": 5508, "2006-03-31": "-5164.00000", "2005-12-31": 5370, "2005-09-30": 2459, "2005-06-30": 1896, "2005-03-31": "-3282.00000"}, "Net Cash Flow": {"2020-12-31": -11181, "2020-09-30": -6476, "2020-06-30": 3495, "2020-03-31": "14162.00000", "2019-12-31": -908, "2019-09-30": -1978, "2019-06-30": -6299, "2019-03-31": "5823.00000", "2018-12-31": -3454, "2018-09-30": 0, "2018-06-30": -244, "2018-03-31": "-1757.00000", "2017-12-31": 5008, "2017-09-30": -2507, "2017-06-30": 1085, "2017-03-31": "4183.00000", "2016-12-31": -1503, "2016-09-30": -7247, "2016-06-30": 8722, "2016-03-31": "2283.00000", "2015-12-31": 2824, "2015-09-30": -1133, "2015-06-30": -2501, "2015-03-31": "1284.00000", "2014-12-31": 1024, "2014-09-30": 2834, "2014-06-30": -2310, "2014-03-31": "1254.00000", "2013-12-31": -2800, "2013-09-30": -843, "2013-06-30": -4835, "2013-03-31": "5714.00000", "2012-12-31": -2893, "2012-09-30": 3071, "2012-06-30": -5010, "2012-03-31": "2189.00000", "2011-12-31": -52, "2011-09-30": 1863, "2011-06-30": 1055, "2011-03-31": "5671.00000", "2010-12-31": -4985, "2010-09-30": 654, "2010-06-30": -2221, "2010-03-31": "6309.00000", "2009-12-31": -3091, "2009-09-30": 3242, "2009-06-30": -5466, "2009-03-31": "260.00000", "2008-12-31": 4284, "2008-09-30": -4193, "2008-06-30": 639, "2008-03-31": "4184.00000", "2007-12-31": 3644, "2007-09-30": 3779, "2007-06-30": -499, "2007-03-31": "98.00000", "2006-12-31": -388, "2006-09-30": 1358, "2006-06-30": 1405, "2006-03-31": "-1733.00000", "2005-12-31": -497, "2005-09-30": -1657, "2005-06-30": 1, "2005-03-31": "-628.00000"}, "Stock-Based Compensation": {"2020-12-31": -175, "2020-09-30": 66, "2020-06-30": 66, "2020-03-31": "43.00000", "2019-12-31": 66, "2019-09-30": 61, "2019-06-30": 71, "2019-03-31": "85.00000", "2018-12-31": 53, "2018-09-30": 76, "2018-06-30": 70, "2018-03-31": "84.00000", "2017-12-31": 70, "2017-09-30": 60, "2017-06-30": 63, "2017-03-31": "89.00000", "2016-12-31": 64, "2016-09-30": 57, "2016-06-30": 63, "2016-03-31": "70.00000", "2015-12-31": 34, "2015-09-30": 60, "2015-06-30": 69, "2015-03-31": "71.00000", "2014-12-31": 80, "2014-09-30": 46, "2014-06-30": 76, "2014-03-31": "88.00000", "2013-12-31": 75, "2013-09-30": 78, "2013-06-30": 101, "2013-03-31": "96.00000", "2012-12-31": 65, "2012-09-30": 68, "2012-06-30": 72, "2012-03-31": "92.00000", "2011-12-31": 74, "2011-09-30": 71, "2011-06-30": 80, "2011-03-31": "76.00000", "2010-12-31": 102, "2010-09-30": 54, "2010-06-30": 67, "2010-03-31": "64.00000", "2009-12-31": 72, "2009-09-30": 37, "2009-06-30": 68, "2009-03-31": "53.00000", "2008-12-31": 79, "2008-09-30": 49, "2008-06-30": 62, "2008-03-31": "66.00000", "2007-12-31": 62, "2007-09-30": 82, "2007-06-30": 78, "2007-03-31": "54.00000", "2006-12-31": 71, "2006-09-30": 55, "2006-06-30": 69, "2006-03-31": "80.00000", "2005-12-31": 64, "2005-09-30": 61, "2005-06-30": 54, "2005-03-31": "77.00000"}, "Common Stock Dividends Paid": {"2020-12-31": 1112, "2020-09-30": -363, "2020-06-30": -366, "2020-03-31": "-383.00000", "2019-12-31": -374, "2019-09-30": -346, "2019-06-30": -347, "2019-03-31": "-355.00000", "2018-12-31": -354, "2018-09-30": -325, "2018-06-30": -321, "2018-03-31": "-324.00000", "2017-12-31": -326, "2017-09-30": -305, "2017-06-30": -307, "2017-03-31": "-313.00000", "2016-12-31": -315, "2016-09-30": -291, "2016-06-30": -299, "2016-03-31": "-302.00000", "2015-12-31": -304, "2015-09-30": -335, "2015-06-30": -265, "2015-03-31": "-268.00000", "2014-12-31": -271, "2014-09-30": -281, "2014-06-30": -243, "2014-03-31": "-246.00000", "2013-12-31": -246, "2013-09-30": -250, "2013-06-30": -221, "2013-03-31": "-222.00000", "2012-12-31": -227, "2012-09-30": -229, "2012-06-30": -235, "2012-03-31": "-211.00000", "2011-12-31": -215, "2011-09-30": -213, "2011-06-30": -216, "2011-03-31": "-217.00000", "2010-12-31": -217, "2010-09-30": -217, "2010-06-30": -217, "2010-03-31": "-216.00000", "2009-12-31": -215, "2009-09-30": -215, "2009-06-30": -268, "2009-03-31": "-226.00000", "2008-12-31": -209, "2008-09-30": -209, "2008-06-30": -208, "2008-03-31": "-210.00000", "2007-12-31": -176, "2007-09-30": -177, "2007-06-30": -179, "2007-03-31": "-180.00000", "2006-12-31": -181, "2006-09-30": -181, "2006-06-30": -150, "2006-03-31": "-149.00000", "2005-12-31": -148, "2005-09-30": -150, "2005-06-30": -149, "2005-03-31": "-150.00000"}}, "financial ratios": {"Current Ratio": {"2019-12-31": "", "2018-12-31": "", "2017-12-31": "", "2016-12-31": "", "2015-12-31": "", "2014-12-31": "", "2013-12-31": "", "2012-12-31": "", "2011-12-31": "", "2010-12-31": "", "2009-12-31": "", "2008-12-31": "", "2007-12-31": "", "2006-12-31": "", "2005-12-31": ""}, "Long-term Debt / Capital": {"2019-12-31": "0.71480", "2018-12-31": "0.72380", "2017-12-31": "0.75340", "2016-12-31": "0.69620", "2015-12-31": "0.69920", "2014-12-31": "0.73710", "2013-12-31": "0.73940", "2012-12-31": "0.75740", "2011-12-31": "0.76020", "2010-12-31": "0.80360", "2009-12-31": "0.78420", "2008-12-31": "0.83530", "2007-12-31": "0.83370", "2006-12-31": "0.80260", "2005-12-31": "0.74480"}, "Debt/Equity Ratio": {"2019-12-31": "2.78610", "2018-12-31": "2.76010", "2017-12-31": "3.37530", "2016-12-31": "2.70150", "2015-12-31": "2.71470", "2014-12-31": "3.14940", "2013-12-31": "3.31300", "2012-12-31": "3.54170", "2011-12-31": "3.67300", "2010-12-31": "4.64870", "2009-12-31": "4.21050", "2008-12-31": "6.37340", "2007-12-31": "7.27560", "2006-12-31": "6.20280", "2005-12-31": "5.08000"}, "Gross Margin": {"2019-12-31": "", "2018-12-31": "", "2017-12-31": "", "2016-12-31": "", "2015-12-31": "", "2014-12-31": "", "2013-12-31": "", "2012-12-31": "", "2011-12-31": "", "2010-12-31": "", "2009-12-31": "", "2008-12-31": "", "2007-12-31": "", "2006-12-31": "", "2005-12-31": ""}, "Operating Margin": {"2019-12-31": "", "2018-12-31": "", "2017-12-31": "", "2016-12-31": "", "2015-12-31": "", "2014-12-31": "", "2013-12-31": "", "2012-12-31": "", "2011-12-31": "", "2010-12-31": "", "2009-12-31": "", "2008-12-31": "", "2007-12-31": "", "2006-12-31": "", "2005-12-31": ""}, "EBIT Margin": {"2019-12-31": "", "2018-12-31": "", "2017-12-31": "", "2016-12-31": "", "2015-12-31": "", "2014-12-31": "", "2013-12-31": "", "2012-12-31": "", "2011-12-31": "", "2010-12-31": "", "2009-12-31": "", "2008-12-31": "", "2007-12-31": "", "2006-12-31": "", "2005-12-31": ""}, "EBITDA Margin": {"2019-12-31": "", "2018-12-31": "", "2017-12-31": "", "2016-12-31": "", "2015-12-31": "", "2014-12-31": "", "2013-12-31": "", "2012-12-31": "", "2011-12-31": "", "2010-12-31": "", "2009-12-31": "", "2008-12-31": "", "2007-12-31": "", "2006-12-31": "", "2005-12-31": ""}, "Pre-Tax Profit Margin": {"2019-12-31": "21.08150", "2018-12-31": "21.95970", "2017-12-31": "21.76270", "2016-12-31": "24.06990", "2015-12-31": "25.74770", "2014-12-31": "27.97100", "2013-12-31": "25.41400", "2012-12-31": "21.61650", "2011-12-31": "24.11090", "2010-12-31": "23.50350", "2009-12-31": "14.93460", "2008-12-31": "15.86830", "2007-12-31": "24.27520", "2006-12-31": "23.24910", "2005-12-31": "20.60810"}, "Net Profit Margin": {"2019-12-31": "16.58460", "2018-12-31": "18.35020", "2017-12-31": "7.75540", "2016-12-31": "15.71940", "2015-12-31": "16.42230", "2014-12-31": "18.16510", "2013-12-31": "17.11450", "2012-12-31": "14.85440", "2011-12-31": "16.90470", "2010-12-31": "15.78720", "2009-12-31": "11.19700", "2008-12-31": "11.89350", "2007-12-31": "16.99350", "2006-12-31": "16.72830", "2005-12-31": "18.98610"}, "Asset Turnover": {"2019-12-31": "0.20160", "2018-12-31": "0.19610", "2017-12-31": "0.18830", "2016-12-31": "0.21030", "2015-12-31": "0.19130", "2014-12-31": "0.20200", "2013-12-31": "0.20240", "2012-12-31": "0.19490", "2011-12-31": "0.18810", "2010-12-31": "0.17300", "2009-12-31": "0.15200", "2008-12-31": "0.17900", "2007-12-31": "0.15660", "2006-12-31": "0.17270", "2005-12-31": "0.17260"}, "Inventory Turnover Ratio": {"2019-12-31": "", "2018-12-31": "", "2017-12-31": "", "2016-12-31": "", "2015-12-31": "", "2014-12-31": "", "2013-12-31": "", "2012-12-31": "", "2011-12-31": "", "2010-12-31": "", "2009-12-31": "", "2008-12-31": "", "2007-12-31": "", "2006-12-31": "", "2005-12-31": ""}, "Receiveable Turnover": {"2019-12-31": "", "2018-12-31": "", "2017-12-31": "", "2016-12-31": "", "2015-12-31": "", "2014-12-31": "", "2013-12-31": "", "2012-12-31": "", "2011-12-31": "", "2010-12-31": "", "2009-12-31": "", "2008-12-31": "", "2007-12-31": "", "2006-12-31": "", "2005-12-31": ""}, "Days Sales In Receivables": {"2019-12-31": "", "2018-12-31": "", "2017-12-31": "", "2016-12-31": "", "2015-12-31": "", "2014-12-31": "", "2013-12-31": "", "2012-12-31": "", "2011-12-31": "", "2010-12-31": "", "2009-12-31": "", "2008-12-31": "", "2007-12-31": "", "2006-12-31": "", "2005-12-31": ""}, "ROE - Return On Equity": {"2019-12-31": "29.29650", "2018-12-31": "31.04980", "2017-12-31": "15.04850", "2016-12-31": "26.21820", "2015-12-31": "24.97460", "2014-12-31": "28.46710", "2013-12-31": "27.48770", "2012-12-31": "23.73190", "2011-12-31": "26.06680", "2010-12-31": "24.99690", "2009-12-31": "14.83410", "2008-12-31": "24.24630", "2007-12-31": "37.41050", "2006-12-31": "34.48770", "2005-12-31": "29.02650"}, "Return On Tangible Equity": {"2019-12-31": "29.29650", "2018-12-31": "31.04980", "2017-12-31": "15.04850", "2016-12-31": "26.21820", "2015-12-31": "24.97460", "2014-12-31": "28.46710", "2013-12-31": "27.48770", "2012-12-31": "23.73190", "2011-12-31": "26.06680", "2010-12-31": "24.99690", "2009-12-31": "14.83410", "2008-12-31": "24.24630", "2007-12-31": "37.41050", "2006-12-31": "34.48770", "2005-12-31": "29.02650"}, "ROA - Return On Assets": {"2019-12-31": "3.40810", "2018-12-31": "3.66960", "2017-12-31": "1.51660", "2016-12-31": "3.38280", "2015-12-31": "3.20320", "2014-12-31": "3.69890", "2013-12-31": "3.49410", "2012-12-31": "2.92670", "2011-12-31": "3.19490", "2010-12-31": "2.76570", "2009-12-31": "1.70760", "2008-12-31": "2.27720", "2007-12-31": "2.75540", "2006-12-31": "2.82480", "2005-12-31": "2.68690"}, "ROI - Return On Investment": {"2019-12-31": "8.35410", "2018-12-31": "8.57480", "2017-12-31": "3.71030", "2016-12-31": "7.96400", "2015-12-31": "7.51160", "2014-12-31": "7.48460", "2013-12-31": "7.16190", "2012-12-31": "5.75660", "2011-12-31": "6.25160", "2010-12-31": "4.90890", "2009-12-31": "3.20180", "2008-12-31": "3.99400", "2007-12-31": "6.22190", "2006-12-31": "6.80650", "2005-12-31": "7.40870"}, "Book Value Per Share": {"2019-12-31": "28.48270", "2018-12-31": "26.31640", "2017-12-31": "21.25840", "2016-12-31": "22.67810", "2015-12-31": "21.33440", "2014-12-31": "20.20820", "2013-12-31": "18.32330", "2012-12-31": "17.09140", "2011-12-31": "16.14610", "2010-12-31": "13.55890", "2009-12-31": "12.08560", "2008-12-31": "10.20780", "2007-12-31": "9.52420", "2006-12-31": "8.76650", "2005-12-31": "8.50040"}, "Operating Cash Flow Per Share": {"2019-12-31": 6.0283, "2018-12-31": -4.8864, "2017-12-31": 6.4148, "2016-12-31": -1.8066, "2015-12-31": 0.2173, "2014-12-31": 2.6082, "2013-12-31": 1.6417, "2012-12-31": -2.0432, "2011-12-31": 0.9454, "2010-12-31": 1.893, "2009-12-31": -1.3124, "2008-12-31": 0.009, "2007-12-31": -0.6453, "2006-12-31": 0.9652, "2005-12-31": 6.3951}, "Free Cash Flow Per Share": {"2019-12-31": 5.5714, "2018-12-31": -5.2127, "2017-12-31": 6.6867, "2016-12-31": -1.9402, "2015-12-31": 0.0173, "2014-12-31": 2.395, "2013-12-31": 1.6407, "2012-12-31": -1.9618, "2011-12-31": 0.6759, "2010-12-31": 1.7749, "2009-12-31": -1.1072, "2008-12-31": -0.0727, "2007-12-31": -0.7763, "2006-12-31": 0.6423, "2005-12-31": 6.1089}}, "financial ratios, quarterly": {"Current Ratio": {"2020-09-30": "", "2020-06-30": "", "2020-03-31": "", "2019-12-31": "", "2019-09-30": "", "2019-06-30": "", "2019-03-31": "", "2018-12-31": "", "2018-09-30": "", "2018-06-30": "", "2018-03-31": "", "2017-12-31": "", "2017-09-30": "", "2017-06-30": "", "2017-03-31": "", "2016-12-31": "", "2016-09-30": "", "2016-06-30": "", "2016-03-31": "", "2015-12-31": "", "2015-09-30": "", "2015-06-30": "", "2015-03-31": "", "2014-12-31": "", "2014-09-30": "", "2014-06-30": "", "2014-03-31": "", "2013-12-31": "", "2013-09-30": "", "2013-06-30": "", "2013-03-31": "", "2012-12-31": "", "2012-09-30": "", "2012-06-30": "", "2012-03-31": "", "2011-12-31": "", "2011-09-30": "", "2011-06-30": "", "2011-03-31": "", "2010-12-31": "", "2010-09-30": "", "2010-06-30": "", "2010-03-31": "", "2009-12-31": "", "2009-09-30": "", "2009-06-30": "", "2009-03-31": "", "2008-12-31": "", "2008-09-30": "", "2008-06-30": "", "2008-03-31": "", "2007-12-31": "", "2007-09-30": "", "2007-06-30": "", "2007-03-31": "", "2006-12-31": "", "2006-09-30": "", "2006-06-30": "", "2006-03-31": "", "2005-12-31": "", "2005-09-30": "", "2005-06-30": "", "2005-03-31": ""}, "Long-term Debt / Capital": {"2020-09-30": "0.67190", "2020-06-30": "0.69850", "2020-03-31": "0.71460", "2019-12-31": "0.71480", "2019-09-30": "0.71750", "2019-06-30": "0.71430", "2019-03-31": "0.72450", "2018-12-31": "0.72380", "2018-09-30": "0.72040", "2018-06-30": "0.72790", "2018-03-31": "0.72790", "2017-12-31": "0.75340", "2017-09-30": "0.69810", "2017-06-30": "0.71040", "2017-03-31": "0.71160", "2016-12-31": "0.69620", "2016-09-30": "0.68110", "2016-06-30": "0.70980", "2016-03-31": "0.69540", "2015-12-31": "0.69920", "2015-09-30": "0.69520", "2015-06-30": "0.70670", "2015-03-31": "0.71480", "2014-12-31": "0.73710", "2014-09-30": "0.73370", "2014-06-30": "0.73070", "2014-03-31": "0.73030", "2013-12-31": "0.73940", "2013-09-30": "0.73220", "2013-06-30": "0.73460", "2013-03-31": "0.74500", "2012-12-31": "0.75740", "2012-09-30": "0.74290", "2012-06-30": "0.74390", "2012-03-31": "0.74060", "2011-12-31": "0.76020", "2011-09-30": "0.77340", "2011-06-30": "0.77130", "2011-03-31": "0.77650", "2010-12-31": "0.80360", "2010-09-30": "0.81210", "2010-06-30": "0.82690", "2010-03-31": "0.84340", "2009-12-31": "0.78420", "2009-09-30": "0.79130", "2009-06-30": "0.79950", "2009-03-31": "0.78500", "2008-12-31": "0.83530", "2008-09-30": "0.82200", "2008-06-30": "0.82300", "2008-03-31": "0.82830", "2007-12-31": "0.83370", "2007-09-30": "0.83220", "2007-06-30": "0.82420", "2007-03-31": "0.80650", "2006-12-31": "0.80260", "2006-09-30": "0.78560", "2006-06-30": "0.77540", "2006-03-31": "0.74470", "2005-12-31": "0.74480", "2005-09-30": "0.74620", "2005-06-30": "0.63530", "2005-03-31": "0.65940"}, "Debt/Equity Ratio": {"2020-09-30": "2.12600", "2020-06-30": "2.39120", "2020-03-31": "2.67000", "2019-12-31": "2.78610", "2019-09-30": "2.74290", "2019-06-30": "2.70990", "2019-03-31": "2.82060", "2018-12-31": "2.76010", "2018-09-30": "2.78010", "2018-06-30": "2.87560", "2018-03-31": "2.89340", "2017-12-31": "3.37530", "2017-09-30": "2.53640", "2017-06-30": "2.73310", "2017-03-31": "2.76820", "2016-12-31": "2.70150", "2016-09-30": "2.39860", "2016-06-30": "2.69380", "2016-03-31": "2.55310", "2015-12-31": "2.71470", "2015-09-30": "2.57120", "2015-06-30": "2.76220", "2015-03-31": "2.76850", "2014-12-31": "3.14940", "2014-09-30": "3.09820", "2014-06-30": "3.06680", "2014-03-31": "3.04140", "2013-12-31": "3.31300", "2013-09-30": "3.11530", "2013-06-30": "3.13970", "2013-03-31": "3.31560", "2012-12-31": "3.54170", "2012-09-30": "3.32440", "2012-06-30": "3.32240", "2012-03-31": "3.28180", "2011-12-31": "3.67300", "2011-09-30": "3.89340", "2011-06-30": "3.86320", "2011-03-31": "3.96860", "2010-12-31": "4.64870", "2010-09-30": "4.78370", "2010-06-30": "5.33070", "2010-03-31": "5.94060", "2009-12-31": "4.21050", "2009-09-30": "4.36050", "2009-06-30": "4.59630", "2009-03-31": "4.20810", "2008-12-31": "6.37340", "2008-09-30": "6.24650", "2008-06-30": "6.64020", "2008-03-31": "7.06990", "2007-12-31": "7.27560", "2007-09-30": "7.01800", "2007-06-30": "6.84670", "2007-03-31": "6.24710", "2006-12-31": "6.20280", "2006-09-30": "5.72480", "2006-06-30": "5.57470", "2006-03-31": "4.98780", "2005-12-31": "5.08000", "2005-09-30": "5.16510", "2005-06-30": "2.95310", "2005-03-31": "3.20260"}, "Gross Margin": {"2020-09-30": "", "2020-06-30": "", "2020-03-31": "", "2019-12-31": "", "2019-09-30": "", "2019-06-30": "", "2019-03-31": "", "2018-12-31": "", "2018-09-30": "", "2018-06-30": "", "2018-03-31": "", "2017-12-31": "", "2017-09-30": "", "2017-06-30": "", "2017-03-31": "", "2016-12-31": "", "2016-09-30": "", "2016-06-30": "", "2016-03-31": "", "2015-12-31": "", "2015-09-30": "", "2015-06-30": "", "2015-03-31": "", "2014-12-31": "", "2014-09-30": "", "2014-06-30": "", "2014-03-31": "", "2013-12-31": "", "2013-09-30": "", "2013-06-30": "", "2013-03-31": "", "2012-12-31": "", "2012-09-30": "", "2012-06-30": "", "2012-03-31": "", "2011-12-31": "", "2011-09-30": "", "2011-06-30": "", "2011-03-31": "", "2010-12-31": "", "2010-09-30": "", "2010-06-30": "", "2010-03-31": "", "2009-12-31": "", "2009-09-30": "", "2009-06-30": "", "2009-03-31": "", "2008-12-31": "", "2008-09-30": "", "2008-06-30": "", "2008-03-31": "", "2007-12-31": "", "2007-09-30": "", "2007-06-30": "", "2007-03-31": "", "2006-12-31": "", "2006-09-30": "", "2006-06-30": "", "2006-03-31": "", "2005-12-31": "", "2005-09-30": "", "2005-06-30": "", "2005-03-31": ""}, "Operating Margin": {"2020-09-30": "", "2020-06-30": "", "2020-03-31": "", "2019-12-31": "", "2019-09-30": "", "2019-06-30": "", "2019-03-31": "", "2018-12-31": "", "2018-09-30": "", "2018-06-30": "", "2018-03-31": "", "2017-12-31": "", "2017-09-30": "", "2017-06-30": "", "2017-03-31": "", "2016-12-31": "", "2016-09-30": "", "2016-06-30": "", "2016-03-31": "", "2015-12-31": "", "2015-09-30": "", "2015-06-30": "", "2015-03-31": "", "2014-12-31": "", "2014-09-30": "", "2014-06-30": "", "2014-03-31": "", "2013-12-31": "", "2013-09-30": "", "2013-06-30": "", "2013-03-31": "", "2012-12-31": "", "2012-09-30": "", "2012-06-30": "", "2012-03-31": "", "2011-12-31": "", "2011-09-30": "", "2011-06-30": "", "2011-03-31": "", "2010-12-31": "", "2010-09-30": "", "2010-06-30": "", "2010-03-31": "", "2009-12-31": "", "2009-09-30": "", "2009-06-30": "", "2009-03-31": "", "2008-12-31": "", "2008-09-30": "", "2008-06-30": "", "2008-03-31": "", "2007-12-31": "", "2007-09-30": "", "2007-06-30": "", "2007-03-31": "", "2006-12-31": "", "2006-09-30": "", "2006-06-30": "", "2006-03-31": "", "2005-12-31": "", "2005-09-30": "", "2005-06-30": "", "2005-03-31": ""}, "EBIT Margin": {"2020-09-30": "", "2020-06-30": "", "2020-03-31": "", "2019-12-31": "", "2019-09-30": "", "2019-06-30": "", "2019-03-31": "", "2018-12-31": "", "2018-09-30": "", "2018-06-30": "", "2018-03-31": "", "2017-12-31": "", "2017-09-30": "", "2017-06-30": "", "2017-03-31": "", "2016-12-31": "", "2016-09-30": "", "2016-06-30": "", "2016-03-31": "", "2015-12-31": "", "2015-09-30": "", "2015-06-30": "", "2015-03-31": "", "2014-12-31": "", "2014-09-30": "", "2014-06-30": "", "2014-03-31": "", "2013-12-31": "", "2013-09-30": "", "2013-06-30": "", "2013-03-31": "", "2012-12-31": "", "2012-09-30": "", "2012-06-30": "", "2012-03-31": "", "2011-12-31": "", "2011-09-30": "", "2011-06-30": "", "2011-03-31": "", "2010-12-31": "", "2010-09-30": "", "2010-06-30": "", "2010-03-31": "", "2009-12-31": "", "2009-09-30": "", "2009-06-30": "", "2009-03-31": "", "2008-12-31": "", "2008-09-30": "", "2008-06-30": "", "2008-03-31": "", "2007-12-31": "", "2007-09-30": "", "2007-06-30": "", "2007-03-31": "", "2006-12-31": "", "2006-09-30": "", "2006-06-30": "", "2006-03-31": "", "2005-12-31": "", "2005-09-30": "", "2005-06-30": "", "2005-03-31": ""}, "EBITDA Margin": {"2020-09-30": "", "2020-06-30": "", "2020-03-31": "", "2019-12-31": "", "2019-09-30": "", "2019-06-30": "", "2019-03-31": "", "2018-12-31": "", "2018-09-30": "", "2018-06-30": "", "2018-03-31": "", "2017-12-31": "", "2017-09-30": "", "2017-06-30": "", "2017-03-31": "", "2016-12-31": "", "2016-09-30": "", "2016-06-30": "", "2016-03-31": "", "2015-12-31": "", "2015-09-30": "", "2015-06-30": "", "2015-03-31": "", "2014-12-31": "", "2014-09-30": "", "2014-06-30": "", "2014-03-31": "", "2013-12-31": "", "2013-09-30": "", "2013-06-30": "", "2013-03-31": "", "2012-12-31": "", "2012-09-30": "", "2012-06-30": "", "2012-03-31": "", "2011-12-31": "", "2011-09-30": "", "2011-06-30": "", "2011-03-31": "", "2010-12-31": "", "2010-09-30": "", "2010-06-30": "", "2010-03-31": "", "2009-12-31": "", "2009-09-30": "", "2009-06-30": "", "2009-03-31": "", "2008-12-31": "", "2008-09-30": "", "2008-06-30": "", "2008-03-31": "", "2007-12-31": "", "2007-09-30": "", "2007-06-30": "", "2007-03-31": "", "2006-12-31": "", "2006-09-30": "", "2006-06-30": "", "2006-03-31": "", "2005-12-31": "", "2005-09-30": "", "2005-06-30": "", "2005-03-31": ""}, "Pre-Tax Profit Margin": {"2020-09-30": "16.86870", "2020-06-30": "10.16340", "2020-03-31": "5.87850", "2019-12-31": "19.20510", "2019-09-30": "22.41350", "2019-06-30": "22.24120", "2019-03-31": "20.49190", "2018-12-31": "19.23320", "2018-09-30": "22.70830", "2018-06-30": "22.73820", "2018-03-31": "23.28080", "2017-12-31": "20.26370", "2017-09-30": "21.49060", "2017-06-30": "22.78500", "2017-03-31": "22.60320", "2016-12-31": "10.33130", "2016-09-30": "23.86520", "2016-06-30": "38.80600", "2016-03-31": "28.53410", "2015-12-31": "18.59570", "2015-09-30": "25.28710", "2015-06-30": "28.52760", "2015-03-31": "30.75700", "2014-12-31": "26.17960", "2014-09-30": "28.73960", "2014-06-30": "28.39600", "2014-03-31": "28.72010", "2013-12-31": "24.86190", "2013-09-30": "25.42500", "2013-06-30": "25.81860", "2013-03-31": "25.57270", "2012-12-31": "11.93930", "2012-09-30": "25.32850", "2012-06-30": "25.04000", "2012-03-31": "24.71080", "2011-12-31": "23.83750", "2011-09-30": "23.36790", "2011-06-30": "24.30800", "2011-03-31": "24.97840", "2010-12-31": "21.08490", "2010-09-30": "24.84850", "2010-06-30": "25.92230", "2010-03-31": "22.28950", "2009-12-31": "17.30290", "2009-09-30": "18.97480", "2009-06-30": "9.27240", "2009-03-31": "13.19430", "2008-12-31": "5.25280", "2008-09-30": "18.57020", "2008-06-30": "13.74530", "2008-03-31": "24.23290", "2007-12-31": "20.08940", "2007-09-30": "24.87190", "2007-06-30": "23.63700", "2007-03-31": "28.64000", "2006-12-31": "19.58070", "2006-09-30": "23.93210", "2006-06-30": "24.81070", "2006-03-31": "24.60540", "2005-12-31": "16.57270", "2005-09-30": "21.38190", "2005-06-30": "21.74170", "2005-03-31": "22.43300"}, "Net Profit Margin": {"2020-09-30": "12.98540", "2020-06-30": "3.88890", "2020-03-31": "4.33090", "2019-12-31": "16.06230", "2019-09-30": "17.04250", "2019-06-30": "17.32990", "2019-03-31": "15.88700", "2018-12-31": "20.74580", "2018-09-30": "17.37970", "2018-06-30": "17.30100", "2018-03-31": "17.89110", "2017-12-31": "-13.69320", "2017-09-30": "15.57510", "2017-06-30": "15.29860", "2017-03-31": "14.99510", "2016-12-31": "7.15820", "2016-09-30": "15.29570", "2016-06-30": "25.46320", "2016-03-31": "18.21270", "2015-12-31": "11.16510", "2015-09-30": "16.10130", "2015-06-30": "18.44700", "2015-03-31": "20.10620", "2014-12-31": "16.75490", "2014-09-30": "18.75880", "2014-06-30": "18.63180", "2014-03-31": "18.62640", "2013-12-31": "16.28580", "2013-09-30": "17.17840", "2013-06-30": "18.01480", "2013-03-31": "16.99930", "2012-12-31": "7.91670", "2012-09-30": "16.93080", "2012-06-30": "17.65730", "2012-03-31": "17.31010", "2011-12-31": "15.66890", "2011-09-30": "16.66210", "2011-06-30": "18.33080", "2011-03-31": "16.97430", "2010-12-31": "14.61810", "2010-09-30": "16.36360", "2010-06-30": "16.52850", "2010-03-31": "15.75570", "2009-12-31": "18.49120", "2009-09-30": "13.22860", "2009-06-30": "2.26260", "2009-03-31": "8.75580", "2008-12-31": "4.58640", "2008-09-30": "14.03960", "2008-06-30": "11.54320", "2008-03-31": "16.33770", "2007-12-31": "13.83400", "2007-09-30": "17.63350", "2007-06-30": "17.73190", "2007-03-31": "18.79110", "2006-12-31": "16.80950", "2006-09-30": "17.65240", "2006-06-30": "16.25950", "2006-03-31": "16.21170", "2005-12-31": "16.16050", "2005-09-30": "20.39200", "2005-06-30": "19.64700", "2005-03-31": "19.50520"}, "Asset Turnover": {"2020-09-30": "0.04320", "2020-06-30": "0.03240", "2020-03-31": "0.04130", "2019-12-31": "0.05210", "2019-09-30": "0.05210", "2019-06-30": "0.05050", "2019-03-31": "0.04850", "2018-12-31": "0.05050", "2018-09-30": "0.04930", "2018-06-30": "0.04970", "2018-03-31": "0.04970", "2017-12-31": "0.04900", "2017-09-30": "0.05050", "2017-06-30": "0.05140", "2017-03-31": "0.05040", "2016-12-31": "0.06740", "2016-09-30": "0.04740", "2016-06-30": "0.04870", "2016-03-31": "0.04820", "2015-12-31": "0.04850", "2015-09-30": "0.04970", "2015-06-30": "0.04970", "2015-03-31": "0.04870", "2014-12-31": "0.05340", "2014-09-30": "0.05080", "2014-06-30": "0.05340", "2014-03-31": "0.05070", "2013-12-31": "0.05190", "2013-09-30": "0.05250", "2013-06-30": "0.05090", "2013-03-31": "0.04760", "2012-12-31": "0.05080", "2012-09-30": "0.04830", "2012-06-30": "0.05070", "2012-03-31": "0.04730", "2011-12-31": "0.04780", "2011-09-30": "0.04920", "2011-06-30": "0.04910", "2011-03-31": "0.04820", "2010-12-31": "0.04780", "2010-09-30": "0.04520", "2010-06-30": "0.04280", "2010-03-31": "0.03920", "2009-12-31": "0.04440", "2009-09-30": "0.04020", "2009-06-30": "0.03850", "2009-03-31": "0.03400", "2008-12-31": "0.04050", "2008-09-30": "0.04560", "2008-06-30": "0.04100", "2008-03-31": "0.04460", "2007-12-31": "0.03890", "2007-09-30": "0.04290", "2007-06-30": "0.04440", "2007-03-31": "0.04450", "2006-12-31": "0.04270", "2006-09-30": "0.04530", "2006-06-30": "0.04960", "2006-03-31": "0.04890", "2005-12-31": "0.04050", "2005-09-30": "0.04640", "2005-06-30": "0.02630", "2005-03-31": "0.02560"}, "Inventory Turnover Ratio": {"2020-09-30": "", "2020-06-30": "", "2020-03-31": "", "2019-12-31": "", "2019-09-30": "", "2019-06-30": "", "2019-03-31": "", "2018-12-31": "", "2018-09-30": "", "2018-06-30": "", "2018-03-31": "", "2017-12-31": "", "2017-09-30": "", "2017-06-30": "", "2017-03-31": "", "2016-12-31": "", "2016-09-30": "", "2016-06-30": "", "2016-03-31": "", "2015-12-31": "", "2015-09-30": "", "2015-06-30": "", "2015-03-31": "", "2014-12-31": "", "2014-09-30": "", "2014-06-30": "", "2014-03-31": "", "2013-12-31": "", "2013-09-30": "", "2013-06-30": "", "2013-03-31": "", "2012-12-31": "", "2012-09-30": "", "2012-06-30": "", "2012-03-31": "", "2011-12-31": "", "2011-09-30": "", "2011-06-30": "", "2011-03-31": "", "2010-12-31": "", "2010-09-30": "", "2010-06-30": "", "2010-03-31": "", "2009-12-31": "", "2009-09-30": "", "2009-06-30": "", "2009-03-31": "", "2008-12-31": "", "2008-09-30": "", "2008-06-30": "", "2008-03-31": "", "2007-12-31": "", "2007-09-30": "", "2007-06-30": "", "2007-03-31": "", "2006-12-31": "", "2006-09-30": "", "2006-06-30": "", "2006-03-31": "", "2005-12-31": "", "2005-09-30": "", "2005-06-30": "", "2005-03-31": ""}, "Receiveable Turnover": {"2020-09-30": "", "2020-06-30": "", "2020-03-31": "", "2019-12-31": "", "2019-09-30": "", "2019-06-30": "", "2019-03-31": "", "2018-12-31": "", "2018-09-30": "", "2018-06-30": "", "2018-03-31": "", "2017-12-31": "", "2017-09-30": "", "2017-06-30": "", "2017-03-31": "", "2016-12-31": "", "2016-09-30": "", "2016-06-30": "", "2016-03-31": "", "2015-12-31": "", "2015-09-30": "", "2015-06-30": "", "2015-03-31": "", "2014-12-31": "", "2014-09-30": "", "2014-06-30": "", "2014-03-31": "", "2013-12-31": "", "2013-09-30": "", "2013-06-30": "", "2013-03-31": "", "2012-12-31": "", "2012-09-30": "", "2012-06-30": "", "2012-03-31": "", "2011-12-31": "", "2011-09-30": "", "2011-06-30": "", "2011-03-31": "", "2010-12-31": "", "2010-09-30": "", "2010-06-30": "", "2010-03-31": "", "2009-12-31": "", "2009-09-30": "", "2009-06-30": "", "2009-03-31": "", "2008-12-31": "", "2008-09-30": "", "2008-06-30": "", "2008-03-31": "", "2007-12-31": "", "2007-09-30": "", "2007-06-30": "", "2007-03-31": "", "2006-12-31": "", "2006-09-30": "", "2006-06-30": "", "2006-03-31": "", "2005-12-31": "", "2005-09-30": "", "2005-06-30": "", "2005-03-31": ""}, "Days Sales In Receivables": {"2020-09-30": "", "2020-06-30": "", "2020-03-31": "", "2019-12-31": "", "2019-09-30": "", "2019-06-30": "", "2019-03-31": "", "2018-12-31": "", "2018-09-30": "", "2018-06-30": "", "2018-03-31": "", "2017-12-31": "", "2017-09-30": "", "2017-06-30": "", "2017-03-31": "", "2016-12-31": "", "2016-09-30": "", "2016-06-30": "", "2016-03-31": "", "2015-12-31": "", "2015-09-30": "", "2015-06-30": "", "2015-03-31": "", "2014-12-31": "", "2014-09-30": "", "2014-06-30": "", "2014-03-31": "", "2013-12-31": "", "2013-09-30": "", "2013-06-30": "", "2013-03-31": "", "2012-12-31": "", "2012-09-30": "", "2012-06-30": "", "2012-03-31": "", "2011-12-31": "", "2011-09-30": "", "2011-06-30": "", "2011-03-31": "", "2010-12-31": "", "2010-09-30": "", "2010-06-30": "", "2010-03-31": "", "2009-12-31": "", "2009-09-30": "", "2009-06-30": "", "2009-03-31": "", "2008-12-31": "", "2008-09-30": "", "2008-06-30": "", "2008-03-31": "", "2007-12-31": "", "2007-09-30": "", "2007-06-30": "", "2007-03-31": "", "2006-12-31": "", "2006-09-30": "", "2006-06-30": "", "2006-03-31": "", "2005-12-31": "", "2005-09-30": "", "2005-06-30": "", "2005-03-31": ""}, "ROE - Return On Equity": {"2020-09-30": "4.90650", "2020-06-30": "1.22020", "2020-03-31": "1.74710", "2019-12-31": "7.33820", "2019-09-30": "7.62210", "2019-06-30": "7.62600", "2019-03-31": "6.97630", "2018-12-31": "9.01750", "2018-09-30": "7.70740", "2018-06-30": "7.76850", "2018-03-31": "8.33120", "2017-12-31": "-6.60420", "2017-09-30": "6.44530", "2017-06-30": "6.34710", "2017-03-31": "5.97560", "2016-12-31": "3.86320", "2016-09-30": "5.43370", "2016-06-30": "9.72870", "2016-03-31": "6.87990", "2015-12-31": "4.34870", "2015-09-30": "5.93390", "2015-06-30": "6.73060", "2015-03-31": "6.98580", "2014-12-31": "6.99950", "2014-09-30": "7.30610", "2014-06-30": "7.56440", "2014-03-31": "7.16820", "2013-12-31": "6.70910", "2013-09-30": "7.10870", "2013-06-30": "7.38150", "2013-03-31": "6.63560", "2012-12-31": "3.37290", "2012-09-30": "6.41750", "2012-06-30": "6.94970", "2012-03-31": "6.30930", "2011-12-31": "6.34250", "2011-09-30": "6.82320", "2011-06-30": "7.11340", "2011-03-31": "6.73260", "2010-12-31": "6.54340", "2010-09-30": "6.86560", "2010-06-30": "7.00750", "2010-03-31": "6.59220", "2009-12-31": "4.92850", "2009-09-30": "4.60450", "2009-06-30": "2.54840", "2009-03-31": "3.51250", "2008-12-31": "2.58420", "2008-09-30": "6.87750", "2008-06-30": "5.37940", "2008-03-31": "9.06960", "2007-12-31": "7.87920", "2007-09-30": "10.29550", "2007-06-30": "9.77900", "2007-03-31": "10.43350", "2006-12-31": "8.02020", "2006-09-30": "8.68350", "2006-06-30": "9.27920", "2006-03-31": "8.26030", "2005-12-31": "5.61190", "2005-09-30": "8.73560", "2005-06-30": "5.01050", "2005-03-31": "4.61790"}, "Return On Tangible Equity": {"2020-09-30": "4.90650", "2020-06-30": "1.22020", "2020-03-31": "1.74710", "2019-12-31": "7.33820", "2019-09-30": "7.62210", "2019-06-30": "7.62600", "2019-03-31": "6.97630", "2018-12-31": "9.01750", "2018-09-30": "7.70740", "2018-06-30": "7.76850", "2018-03-31": "8.33120", "2017-12-31": "-6.60420", "2017-09-30": "6.44530", "2017-06-30": "6.34710", "2017-03-31": "5.97560", "2016-12-31": "3.86320", "2016-09-30": "5.43370", "2016-06-30": "9.72870", "2016-03-31": "6.87990", "2015-12-31": "4.34870", "2015-09-30": "5.93390", "2015-06-30": "6.73060", "2015-03-31": "6.98580", "2014-12-31": "6.99950", "2014-09-30": "7.30610", "2014-06-30": "7.56440", "2014-03-31": "7.16820", "2013-12-31": "6.70910", "2013-09-30": "7.10870", "2013-06-30": "7.38150", "2013-03-31": "6.63560", "2012-12-31": "3.37290", "2012-09-30": "6.41750", "2012-06-30": "6.94970", "2012-03-31": "6.30930", "2011-12-31": "6.34250", "2011-09-30": "6.82320", "2011-06-30": "7.11340", "2011-03-31": "6.73260", "2010-12-31": "6.54340", "2010-09-30": "6.86560", "2010-06-30": "7.00750", "2010-03-31": "6.59220", "2009-12-31": "4.92850", "2009-09-30": "4.60450", "2009-06-30": "2.54840", "2009-03-31": "2.80740", "2008-12-31": "2.58420", "2008-09-30": "6.87750", "2008-06-30": "5.37940", "2008-03-31": "9.06960", "2007-12-31": "7.87920", "2007-09-30": "10.29550", "2007-06-30": "9.77900", "2007-03-31": "10.43350", "2006-12-31": "8.02020", "2006-09-30": "8.68350", "2006-06-30": "9.27920", "2006-03-31": "8.26030", "2005-12-31": "5.61190", "2005-09-30": "8.73560", "2005-06-30": "5.01050", "2005-03-31": "4.61790"}, "ROA - Return On Assets": {"2020-09-30": "0.57300", "2020-06-30": "0.13630", "2020-03-31": "0.19720", "2019-12-31": "0.85370", "2019-09-30": "0.90380", "2019-06-30": "0.89120", "2019-03-31": "0.78600", "2018-12-31": "1.06570", "2018-09-30": "0.87470", "2018-06-30": "0.87800", "2018-03-31": "0.90800", "2017-12-31": "-0.66560", "2017-09-30": "0.80620", "2017-06-30": "0.80480", "2017-03-31": "0.77520", "2016-12-31": "0.49840", "2016-09-30": "0.74460", "2016-06-30": "1.26220", "2016-03-31": "0.89790", "2015-12-31": "0.55770", "2015-09-30": "0.82090", "2015-06-30": "0.93730", "2015-03-31": "0.98590", "2014-12-31": "0.90950", "2014-09-30": "0.96000", "2014-06-30": "1.00340", "2014-03-31": "0.94520", "2013-12-31": "0.85280", "2013-09-30": "0.91000", "2013-06-30": "0.92470", "2013-03-31": "0.81600", "2012-12-31": "0.41600", "2012-09-30": "0.81770", "2012-06-30": "0.90390", "2012-03-31": "0.82750", "2011-12-31": "0.77740", "2011-09-30": "0.83060", "2011-06-30": "0.87620", "2011-03-31": "0.81750", "2010-12-31": "0.72400", "2010-09-30": "0.74830", "2010-06-30": "0.70740", "2010-03-31": "0.61750", "2009-12-31": "0.56730", "2009-09-30": "0.53300", "2009-06-30": "0.29220", "2009-03-31": "0.36560", "2008-12-31": "0.24270", "2008-09-30": "0.67680", "2008-06-30": "0.48060", "2008-03-31": "0.77170", "2007-12-31": "0.58030", "2007-09-30": "0.79620", "2007-06-30": "0.77400", "2007-03-31": "0.86660", "2006-12-31": "0.65690", "2006-09-30": "0.77230", "2006-06-30": "0.82880", "2006-03-31": "0.79590", "2005-12-31": "0.51950", "2005-09-30": "0.79490", "2005-06-30": "0.43940", "2005-03-31": "0.39300"}, "ROI - Return On Investment": {"2020-09-30": "1.61000", "2020-06-30": "0.36790", "2020-03-31": "0.49870", "2019-12-31": "2.09260", "2019-09-30": "2.15340", "2019-06-30": "2.17870", "2019-03-31": "1.92220", "2018-12-31": "2.49030", "2018-09-30": "2.15480", "2018-06-30": "2.11400", "2018-03-31": "2.26710", "2017-12-31": "-1.62830", "2017-09-30": "1.94570", "2017-06-30": "1.83810", "2017-03-31": "1.72360", "2016-12-31": "1.17350", "2016-09-30": "1.73260", "2016-06-30": "2.82370", "2016-03-31": "2.09590", "2015-12-31": "1.30790", "2015-09-30": "1.80890", "2015-06-30": "1.97390", "2015-03-31": "1.99240", "2014-12-31": "1.84030", "2014-09-30": "1.94530", "2014-06-30": "2.03730", "2014-03-31": "1.93330", "2013-12-31": "1.74810", "2013-09-30": "1.90400", "2013-06-30": "1.95930", "2013-03-31": "1.69190", "2012-12-31": "0.81810", "2012-09-30": "1.65020", "2012-06-30": "1.78010", "2012-03-31": "1.63650", "2011-12-31": "1.52110", "2011-09-30": "1.54630", "2011-06-30": "1.62690", "2011-03-31": "1.50490", "2010-12-31": "1.28500", "2010-09-30": "1.28970", "2010-06-30": "1.21280", "2010-03-31": "1.03250", "2009-12-31": "1.06380", "2009-09-30": "0.96120", "2009-06-30": "0.51090", "2009-03-31": "0.60350", "2008-12-31": "0.42570", "2008-09-30": "1.22450", "2008-06-30": "0.95230", "2008-03-31": "1.55720", "2007-12-31": "1.31040", "2007-09-30": "1.72730", "2007-06-30": "1.71880", "2007-03-31": "2.01940", "2006-12-31": "1.58290", "2006-09-30": "1.86190", "2006-06-30": "2.08370", "2006-03-31": "2.10900", "2005-12-31": "1.43240", "2005-09-30": "2.21730", "2005-06-30": "1.82730", "2005-03-31": "1.57260"}, "Book Value Per Share": {"2020-09-30": "27.16650", "2020-06-30": "26.16400", "2020-03-31": "26.09440", "2019-12-31": "28.48270", "2019-09-30": "28.04510", "2019-06-30": "27.75480", "2019-03-31": "26.54480", "2018-12-31": "26.31640", "2018-09-30": "25.12880", "2018-06-30": "24.26480", "2018-03-31": "22.80580", "2017-12-31": "21.25840", "2017-09-30": "24.20780", "2017-06-30": "23.92660", "2017-03-31": "23.39110", "2016-12-31": "22.67810", "2016-09-30": "22.91930", "2016-06-30": "22.39140", "2016-03-31": "21.79500", "2015-12-31": "21.33440", "2015-09-30": "21.65990", "2015-06-30": "21.84130", "2015-03-31": "21.48620", "2014-12-31": "20.20820", "2014-09-30": "19.53240", "2014-06-30": "19.32410", "2014-03-31": "18.86400", "2013-12-31": "18.32330", "2013-09-30": "17.94210", "2013-06-30": "17.55900", "2013-03-31": "17.56830", "2012-12-31": "17.09140", "2012-09-30": "17.36010", "2012-06-30": "16.91570", "2012-03-31": "17.07290", "2011-12-31": "16.14610", "2011-09-30": "15.48330", "2011-06-30": "15.25990", "2011-03-31": "14.54410", "2010-12-31": "13.55890", "2010-09-30": "13.22260", "2010-06-30": "12.07400", "2010-03-31": "11.21550", "2009-12-31": "12.08560", "2009-09-30": "11.72670", "2009-06-30": "11.28680", "2009-03-31": "13.51030", "2008-12-31": "10.20780", "2008-09-30": "10.79220", "2008-06-30": "10.58590", "2008-03-31": "9.94040", "2007-12-31": "9.52420", "2007-09-30": "9.32250", "2007-06-30": "8.99750", "2007-03-31": "8.83420", "2006-12-31": "8.76650", "2006-09-30": "8.93360", "2006-06-30": "8.61430", "2006-03-31": "8.60100", "2005-12-31": "8.50040", "2005-09-30": "7.99190", "2005-06-30": "13.84190", "2005-03-31": "12.95820"}, "Operating Cash Flow Per Share": {"2020-09-30": 2.7081, "2020-06-30": 2.6357, "2020-03-31": "-2.74630", "2019-12-31": 3.805, "2019-09-30": -1.1094, "2019-06-30": 3.5897, "2019-03-31": "10.13880", "2018-12-31": -1.4437, "2018-09-30": 5.9277, "2018-06-30": 3.5157, "2018-03-31": "2.39610", "2017-12-31": 5.5421, "2017-09-30": 4.9428, "2017-06-30": 3.5127, "2017-03-31": "1.28460", "2016-12-31": 3.5034, "2016-09-30": 1.9634, "2016-06-30": 0.7744, "2016-03-31": "2.62620", "2015-12-31": 2.8265, "2015-09-30": 3.6668, "2015-06-30": 2.1025, "2015-03-31": "2.07820", "2014-12-31": 2.2561, "2014-09-30": 3.5834, "2014-06-30": 1.5385, "2014-03-31": "3.07870", "2013-12-31": 0.2602, "2013-09-30": -1.7362, "2013-06-30": 2.5008, "2013-03-31": "6.82370", "2012-12-31": -3.1695, "2012-09-30": 3.5239, "2012-06-30": 2.909, "2012-03-31": "2.94340", "2011-12-31": 2.8529, "2011-09-30": 2.0755, "2011-06-30": 2.8734, "2011-03-31": "0.44820", "2010-12-31": 1.2771, "2010-09-30": 2.3099, "2010-06-30": 1.8184, "2010-03-31": "1.89920", "2009-12-31": 1.2524, "2009-09-30": 1.9266, "2009-06-30": 1.3727, "2009-03-31": "0.85990", "2008-12-31": -0.8261, "2008-09-30": 0.6997, "2008-06-30": 2.951, "2008-03-31": "3.89940", "2007-12-31": 0.0355, "2007-09-30": 2.273, "2007-06-30": 2.4668, "2007-03-31": "1.93970", "2006-12-31": 1.8599, "2006-09-30": 1.9118, "2006-06-30": 1.9948, "2006-03-31": "1.59380", "2005-12-31": 0.3353, "2005-09-30": 1.5263, "2005-06-30": 3.0762, "2005-03-31": "1.45730"}, "Free Cash Flow Per Share": {"2020-09-30": 2.2696, "2020-06-30": 2.1944, "2020-03-31": "-3.16090", "2019-12-31": 3.291, "2019-09-30": -1.5725, "2019-06-30": 2.9977, "2019-03-31": "9.72600", "2018-12-31": -1.9559, "2018-09-30": 5.5367, "2018-06-30": 3.1692, "2018-03-31": "2.12080", "2017-12-31": 5.2651, "2017-09-30": 4.6236, "2017-06-30": 3.2169, "2017-03-31": "0.97790", "2016-12-31": 3.0891, "2016-09-30": 1.5968, "2016-06-30": 0.3983, "2016-03-31": "2.31260", "2015-12-31": 2.3711, "2015-09-30": 3.3154, "2015-06-30": 1.8225, "2015-03-31": "1.82800", "2014-12-31": 1.9348, "2014-09-30": 3.2838, "2014-06-30": 1.2342, "2014-03-31": "2.86690", "2013-12-31": -0.0762, "2013-09-30": -1.8906, "2013-06-30": 2.2523, "2013-03-31": "6.63920", "2012-12-31": -3.4165, "2012-09-30": 3.2786, "2012-06-30": 2.7066, "2012-03-31": "2.71530", "2011-12-31": 2.598, "2011-09-30": 1.7923, "2011-06-30": 2.6201, "2011-03-31": "0.23540", "2010-12-31": 1.0311, "2010-09-30": 2.0902, "2010-06-30": 1.6728, "2010-03-31": "1.77580", "2009-12-31": 1.0185, "2009-09-30": 1.7997, "2009-06-30": 1.1853, "2009-03-31": "0.79150", "2008-12-31": -1.1142, "2008-09-30": 0.4953, "2008-06-30": 2.7859, "2008-03-31": "3.73520", "2007-12-31": -0.1694, "2007-09-30": 1.9889, "2007-06-30": 2.3843, "2007-03-31": "1.77110", "2006-12-31": 1.6135, "2006-09-30": 1.7617, "2006-06-30": 1.88, "2006-03-31": "1.49600", "2005-12-31": 0.2078, "2005-09-30": 1.4713, "2005-06-30": 2.9694, "2005-03-31": "1.46040"}}, "revenue": {"American Express Annual Revenue (Millions of US $)": {"2020": "$38,185", "2019": "$47,020", "2018": "$43,281", "2017": "$38,990", "2016": "$37,143", "2015": "$34,441", "2014": "$35,895", "2013": "$34,828", "2012": "$33,781", "2011": "$32,282", "2010": "$30,005", "2009": "$26,543", "2008": "$31,920", "2007": "$31,540", "2006": "$27,692", "2005": "$24,404"}, "American Express Quarterly Revenue (Millions of US $)": {"2020-12-31": "$9,741", "2020-09-30": "$9,201", "2020-06-30": "$8,217", "2020-03-31": "$11,026", "2019-12-31": "$12,166", "2019-09-30": "$11,866", "2019-06-30": "$11,729", "2019-03-31": "$11,259", "2018-12-31": "$11,308", "2018-09-30": "$10,921", "2018-06-30": "$10,713", "2018-03-31": "$10,339", "2017-12-31": "$10,287", "2017-09-30": "$9,858", "2017-06-30": "$9,693", "2017-03-31": "$9,152", "2016-12-31": "$11,755", "2016-09-30": "$8,204", "2016-06-30": "$8,671", "2016-03-31": "$8,513", "2015-12-31": "$8,791", "2015-09-30": "$8,592", "2015-06-30": "$8,698", "2015-03-31": "$8,360", "2014-12-31": "$9,486", "2014-09-30": "$8,723", "2014-06-30": "$9,074", "2014-03-31": "$8,612", "2013-12-31": "$8,906", "2013-09-30": "$8,785", "2013-06-30": "$8,737", "2013-03-31": "$8,400", "2012-12-31": "$8,685", "2012-09-30": "$8,420", "2012-06-30": "$8,515", "2012-03-31": "$8,161", "2011-12-31": "$8,317", "2011-09-30": "$8,146", "2011-06-30": "$8,195", "2011-03-31": "$7,624", "2010-12-31": "$7,849", "2010-09-30": "$7,583", "2010-06-30": "$7,415", "2010-03-31": "$7,158", "2009-12-31": "$6,864", "2009-09-30": "$6,559", "2009-06-30": "$6,639", "2009-03-31": "$6,481", "2008-12-31": "$7,303", "2008-09-30": "$8,048", "2008-06-30": "$8,358", "2008-03-31": "$8,211", "2007-12-31": "$8,372", "2007-09-30": "$7,964", "2007-06-30": "$7,877", "2007-03-31": "$7,327", "2006-12-31": "$6,695", "2006-09-30": "$6,992", "2006-06-30": "$7,285", "2006-03-31": "$6,720", "2005-12-31": "$6,716", "2005-09-30": "$6,028", "2005-06-30": "$6,020", "2005-03-31": "$5,640"}}, "gross-profit": {"American Express Annual Gross Profit (Millions of US $)": {"2020": "$36,087", "2019": "$43,556", "2018": "$40,338", "2017": "$36,878", "2016": "$35,438", "2015": "$32,818", "2014": "$34,188", "2013": "$32,870", "2012": "$31,555", "2011": "$29,962", "2010": "$27,582", "2009": "$24,336", "2008": "$28,365", "2007": "$27,559", "2006": "$24,826", "2005": "$22,425"}, "American Express Quarterly Gross Profit (Millions of US $)": {"2020-12-31": "$9,351", "2020-09-30": "$8,751", "2020-06-30": "$7,675", "2020-03-31": "$10,310", "2019-12-31": "$11,365", "2019-09-30": "$10,989", "2019-06-30": "$10,838", "2019-03-31": "$10,364", "2018-12-31": "$10,474", "2018-09-30": "$10,144", "2018-06-30": "$10,002", "2018-03-31": "$9,718", "2017-12-31": "$9,707", "2017-09-30": "$9,290", "2017-06-30": "$9,172", "2017-03-31": "$8,709", "2016-12-31": "$11,341", "2016-09-30": "$7,774", "2016-06-30": "$8,235", "2016-03-31": "$8,088", "2015-12-31": "$8,391", "2015-09-30": "$8,193", "2015-06-30": "$8,284", "2015-03-31": "$7,950", "2014-12-31": "$9,081", "2014-09-30": "$8,303", "2014-06-30": "$8,631", "2014-03-31": "$8,173", "2013-12-31": "$8,443", "2013-09-30": "$8,301", "2013-06-30": "$8,245", "2013-03-31": "$7,881", "2012-12-31": "$8,141", "2012-09-30": "$7,862", "2012-06-30": "$7,965", "2012-03-31": "$7,587", "2011-12-31": "$7,742", "2011-09-30": "$7,571", "2011-06-30": "$7,618", "2011-03-31": "$7,031", "2010-12-31": "$7,244", "2010-09-30": "$6,973", "2010-06-30": "$6,805", "2010-03-31": "$6,560", "2009-12-31": "$6,302", "2009-09-30": "$6,016", "2009-06-30": "$6,092", "2009-03-31": "$5,926", "2008-12-31": "$6,506", "2008-09-30": "$7,164", "2008-06-30": "$7,455", "2008-03-31": "$7,240", "2007-12-31": "$7,181", "2007-09-30": "$6,956", "2007-06-30": "$6,938", "2007-03-31": "$6,484", "2006-12-31": "$5,966", "2006-09-30": "$6,265", "2006-06-30": "$6,542", "2006-03-31": "$6,053", "2005-12-31": "$5,408", "2005-09-30": "$5,790", "2005-06-30": "$5,788", "2005-03-31": "$5,439"}}, "operating-income": {"American Express Annual Operating Income (Millions of US $)": {"2020": "$4,296", "2019": "$8,429", "2018": "$8,122", "2017": "$7,425", "2016": "$8,042", "2015": "$7,938", "2014": "$8,991", "2013": "$7,888", "2012": "$6,451", "2011": "$6,956", "2010": "$5,964", "2009": "$2,841", "2008": "$3,581", "2007": "$5,694", "2006": "$5,152", "2005": "$4,053"}, "American Express Quarterly Operating Income (Millions of US $)": {"2020-12-31": "$1,858", "2020-09-30": "$1,364", "2020-06-30": "$622", "2020-03-31": "$452", "2019-12-31": "$1,986", "2019-09-30": "$2,266", "2019-06-30": "$2,219", "2019-03-31": "$1,958", "2018-12-31": "$1,831", "2018-09-30": "$2,118", "2018-06-30": "$2,091", "2018-03-31": "$2,082", "2017-12-31": "$1,798", "2017-09-30": "$1,831", "2017-06-30": "$1,957", "2017-03-31": "$1,839", "2016-12-31": "$1,107", "2016-09-30": "$1,735", "2016-06-30": "$3,016", "2016-03-31": "$2,184", "2015-12-31": "$1,454", "2015-09-30": "$1,938", "2015-06-30": "$2,230", "2015-03-31": "$2,316", "2014-12-31": "$2,225", "2014-09-30": "$2,246", "2014-06-30": "$2,312", "2014-03-31": "$2,208", "2013-12-31": "$1,980", "2013-09-30": "$2,004", "2013-06-30": "$1,995", "2013-03-31": "$1,909", "2012-12-31": "$-408", "2012-09-30": "$1,870", "2012-06-30": "$1,879", "2012-03-31": "$1,773", "2011-12-31": "$530", "2011-09-30": "$1,711", "2011-06-30": "$1,765", "2011-03-31": "$1,732", "2010-12-31": "$1,477", "2010-09-30": "$1,640", "2010-06-30": "$1,595", "2010-03-31": "$1,252", "2009-12-31": "$961", "2009-09-30": "$918", "2009-06-30": "$418", "2009-03-31": "$544", "2008-12-31": "$268", "2008-09-30": "$1,078", "2008-06-30": "$774", "2008-03-31": "$1,461", "2007-12-31": "$115", "2007-09-30": "$1,505", "2007-06-30": "$1,409", "2007-03-31": "$1,611", "2006-12-31": "$17", "2006-09-30": "$1,311", "2006-06-30": "$1,442", "2006-03-31": "$1,325", "2005-12-31": "$764", "2005-09-30": "$1,080", "2005-06-30": "$1,121", "2005-03-31": "$1,088"}}, "ebitda": {"American Express Annual EBITDA (Millions of US $)": {"2019": "$", "2018": "$", "2017": "$", "2016": "$", "2015": "$", "2014": "$", "2013": "$", "2012": "$", "2011": "$", "2010": "$", "2009": "$", "2008": "$", "2007": "$", "2006": "$", "2005": "$"}, "American Express Quarterly EBITDA (Millions of US $)": {"2020-09-30": "", "2020-06-30": "", "2020-03-31": "", "2019-12-31": "", "2019-09-30": "", "2019-06-30": "", "2019-03-31": "", "2018-12-31": "", "2018-09-30": "", "2018-06-30": "", "2018-03-31": "", "2017-12-31": "", "2017-09-30": "", "2017-06-30": "", "2017-03-31": "", "2016-12-31": "", "2016-09-30": "", "2016-06-30": "", "2016-03-31": "", "2015-12-31": "", "2015-09-30": "", "2015-06-30": "", "2015-03-31": "", "2014-12-31": "", "2014-09-30": "", "2014-06-30": "", "2014-03-31": "", "2013-12-31": "", "2013-09-30": "", "2013-06-30": "", "2013-03-31": "", "2012-12-31": "", "2012-09-30": "", "2012-06-30": "", "2012-03-31": "", "2011-12-31": "", "2011-09-30": "", "2011-06-30": "", "2011-03-31": "", "2010-12-31": "", "2010-09-30": "", "2010-06-30": "", "2010-03-31": "", "2009-12-31": "", "2009-09-30": "", "2009-06-30": "", "2009-03-31": "", "2008-12-31": "", "2008-09-30": "", "2008-06-30": "", "2008-03-31": "", "2007-12-31": "", "2007-09-30": "", "2007-06-30": "", "2007-03-31": "", "2006-12-31": "", "2006-09-30": "", "2006-06-30": "", "2006-03-31": "", "2005-12-31": "", "2005-09-30": "", "2005-06-30": "", "2005-03-31": ""}}, "net-income": {"American Express Annual Net Income (Millions of US $)": {"2020": "$3,036", "2019": "$6,631", "2018": "$6,787", "2017": "$2,646", "2016": "$5,252", "2015": "$5,063", "2014": "$5,839", "2013": "$5,312", "2012": "$4,433", "2011": "$4,877", "2010": "$4,006", "2009": "$2,130", "2008": "$2,684", "2007": "$3,986", "2006": "$3,707", "2005": "$3,734"}, "American Express Quarterly Net Income (Millions of US $)": {"2020-12-31": "$1,415", "2020-09-30": "$1,050", "2020-06-30": "$238", "2020-03-31": "$333", "2019-12-31": "$1,661", "2019-09-30": "$1,723", "2019-06-30": "$1,729", "2019-03-31": "$1,518", "2018-12-31": "$1,975", "2018-09-30": "$1,621", "2018-06-30": "$1,591", "2018-03-31": "$1,600", "2017-12-31": "$-1,215", "2017-09-30": "$1,327", "2017-06-30": "$1,314", "2017-03-31": "$1,220", "2016-12-31": "$767", "2016-09-30": "$1,112", "2016-06-30": "$1,979", "2016-03-31": "$1,394", "2015-12-31": "$873", "2015-09-30": "$1,234", "2015-06-30": "$1,442", "2015-03-31": "$1,514", "2014-12-31": "$1,424", "2014-09-30": "$1,466", "2014-06-30": "$1,517", "2014-03-31": "$1,432", "2013-12-31": "$1,297", "2013-09-30": "$1,354", "2013-06-30": "$1,392", "2013-03-31": "$1,269", "2012-12-31": "$616", "2012-09-30": "$1,250", "2012-06-30": "$1,325", "2012-03-31": "$1,242", "2011-12-31": "$1,149", "2011-09-30": "$1,220", "2011-06-30": "$1,331", "2011-03-31": "$1,177", "2010-12-31": "$1,024", "2010-09-30": "$1,080", "2010-06-30": "$1,017", "2010-03-31": "$885", "2009-12-31": "$1,027", "2009-09-30": "$640", "2009-06-30": "$102", "2009-03-31": "$361", "2008-12-31": "$234", "2008-09-30": "$815", "2008-06-30": "$650", "2008-03-31": "$985", "2007-12-31": "$805", "2007-09-30": "$1,067", "2007-06-30": "$1,057", "2007-03-31": "$1,057", "2006-12-31": "$922", "2006-09-30": "$967", "2006-06-30": "$945", "2006-03-31": "$873", "2005-12-31": "$745", "2005-09-30": "$1,030", "2005-06-30": "$1,013", "2005-03-31": "$946"}}, "eps-earnings-per-share-diluted": {"American Express Annual EPS": {"2020": "$3.77", "2019": "$7.99", "2018": "$7.91", "2017": "$2.99", "2016": "$5.61", "2015": "$5.05", "2014": "$5.56", "2013": "$4.88", "2012": "$3.89", "2011": "$4.12", "2010": "$3.35", "2009": "$1.54", "2008": "$2.32", "2007": "$3.34", "2006": "$2.99", "2005": "$2.97"}, "American Express Quarterly EPS": {"2020-12-31": "$1.76", "2020-09-30": "$1.30", "2020-06-30": "$0.29", "2020-03-31": "$0.41", "2019-12-31": "$2.04", "2019-09-30": "$2.08", "2019-06-30": "$2.07", "2019-03-31": "$1.80", "2018-12-31": "$2.33", "2018-09-30": "$1.88", "2018-06-30": "$1.84", "2018-03-31": "$1.86", "2017-12-31": "$-1.34", "2017-09-30": "$1.51", "2017-06-30": "$1.47", "2017-03-31": "$1.35", "2016-12-31": "$0.86", "2016-09-30": "$1.20", "2016-06-30": "$2.10", "2016-03-31": "$1.45", "2015-12-31": "$0.91", "2015-09-30": "$1.24", "2015-06-30": "$1.42", "2015-03-31": "$1.48", "2014-12-31": "$1.40", "2014-09-30": "$1.40", "2014-06-30": "$1.43", "2014-03-31": "$1.33", "2013-12-31": "$1.21", "2013-09-30": "$1.25", "2013-06-30": "$1.27", "2013-03-31": "$1.15", "2012-12-31": "$0.58", "2012-09-30": "$1.09", "2012-06-30": "$1.15", "2012-03-31": "$1.07", "2011-12-31": "$1.02", "2011-09-30": "$1.03", "2011-06-30": "$1.10", "2011-03-31": "$0.97", "2010-12-31": "$0.88", "2010-09-30": "$0.90", "2010-06-30": "$0.84", "2010-03-31": "$0.73", "2009-12-31": "$0.61", "2009-09-30": "$0.53", "2009-06-30": "$0.09", "2009-03-31": "$0.31", "2008-12-31": "$0.21", "2008-09-30": "$0.70", "2008-06-30": "$0.56", "2008-03-31": "$0.85", "2007-12-31": "$0.69", "2007-09-30": "$0.90", "2007-06-30": "$0.88", "2007-03-31": "$0.87", "2006-12-31": "$0.75", "2006-09-30": "$0.79", "2006-06-30": "$0.76", "2006-03-31": "$0.69", "2005-12-31": "$0.59", "2005-09-30": "$0.82", "2005-06-30": "$0.81", "2005-03-31": "$0.75"}}, "shares-outstanding": {"American Express Annual Shares Outstanding (Millions of Shares)": {"2020": "806", "2019": "830", "2018": "859", "2017": "886", "2016": "935", "2015": "1,003", "2014": "1,051", "2013": "1,089", "2012": "1,141", "2011": "1,184", "2010": "1,195", "2009": "1,171", "2008": "1,156", "2007": "1,193", "2006": "1,238", "2005": "1,258"}, "American Express Quarterly Shares Outstanding (Millions of Shares)": {"2020-12-31": "806", "2020-09-30": "805", "2020-06-30": "805", "2020-03-31": "808", "2019-12-31": "830", "2019-09-30": "827", "2019-06-30": "836", "2019-03-31": "843", "2018-12-31": "859", "2018-09-30": "860", "2018-06-30": "862", "2018-03-31": "861", "2017-12-31": "886", "2017-09-30": "881", "2017-06-30": "893", "2017-03-31": "903", "2016-12-31": "935", "2016-09-30": "923", "2016-06-30": "941", "2016-03-31": "963", "2015-12-31": "1,003", "2015-09-30": "997", "2015-06-30": "1,013", "2015-03-31": "1,023", "2014-12-31": "1,051", "2014-09-30": "1,047", "2014-06-30": "1,058", "2014-03-31": "1,067", "2013-12-31": "1,089", "2013-09-30": "1,081", "2013-06-30": "1,097", "2013-03-31": "1,106", "2012-12-31": "1,141", "2012-09-30": "1,132", "2012-06-30": "1,152", "2012-03-31": "1,166", "2011-12-31": "1,184", "2011-09-30": "1,181", "2011-06-30": "1,197", "2011-03-31": "1,198", "2010-12-31": "1,195", "2010-09-30": "1,199", "2010-06-30": "1,197", "2010-03-31": "1,191", "2009-12-31": "1,171", "2009-09-30": "1,181", "2009-06-30": "1,165", "2009-03-31": "1,156", "2008-12-31": "1,156", "2008-09-30": "1,158", "2008-06-30": "1,163", "2008-03-31": "1,163", "2007-12-31": "1,193", "2007-09-30": "1,192", "2007-06-30": "1,203", "2007-03-31": "1,210", "2006-12-31": "1,238", "2006-09-30": "1,227", "2006-06-30": "1,242", "2006-03-31": "1,258", "2005-12-31": "1,258", "2005-09-30": "1,254", "2005-06-30": "1,254", "2005-03-31": "1,264"}}, "total-assets": {"American Express Annual Total Assets (Millions of US $)": {"2019": "$198,321", "2018": "$188,602", "2017": "$181,196", "2016": "$158,893", "2015": "$161,184", "2014": "$159,103", "2013": "$153,375", "2012": "$153,140", "2011": "$153,337", "2010": "$146,689", "2009": "$125,145", "2008": "$126,074", "2007": "$149,743", "2006": "$128,329", "2005": "$113,960"}, "American Express Quarterly Total Assets (Millions of US $)": {"2020-09-30": "$187,259", "2020-06-30": "$188,608", "2020-03-31": "$186,060", "2019-12-31": "$198,321", "2019-09-30": "$194,184", "2019-06-30": "$197,603", "2019-03-31": "$197,193", "2018-12-31": "$188,602", "2018-09-30": "$189,092", "2018-06-30": "$184,861", "2018-03-31": "$179,956", "2017-12-31": "$181,196", "2017-09-30": "$168,577", "2017-06-30": "$166,997", "2017-03-31": "$161,385", "2016-12-31": "$158,893", "2016-09-30": "$153,377", "2016-06-30": "$159,642", "2016-03-31": "$158,816", "2015-12-31": "$161,184", "2015-09-30": "$154,216", "2015-06-30": "$157,152", "2015-03-31": "$154,684", "2014-12-31": "$159,103", "2014-09-30": "$153,862", "2014-06-30": "$152,384", "2014-03-31": "$151,497", "2013-12-31": "$153,375", "2013-09-30": "$150,103", "2013-06-30": "$151,933", "2013-03-31": "$156,855", "2012-12-31": "$153,140", "2012-09-30": "$152,873", "2012-06-30": "$148,128", "2012-03-31": "$151,784", "2011-12-31": "$153,337", "2011-09-30": "$148,693", "2011-06-30": "$147,796", "2011-03-31": "$143,979", "2010-12-31": "$146,689", "2010-09-30": "$146,056", "2010-06-30": "$143,763", "2010-03-31": "$143,314", "2009-12-31": "$125,145", "2009-09-30": "$120,445", "2009-06-30": "$117,035", "2009-03-31": "$121,183", "2008-12-31": "$126,074", "2008-09-30": "$127,218", "2008-06-30": "$137,330", "2008-03-31": "$135,288", "2007-12-31": "$149,743", "2007-09-30": "$140,927", "2007-06-30": "$134,372", "2007-03-31": "$126,361", "2006-12-31": "$128,329", "2006-09-30": "$120,931", "2006-06-30": "$117,281", "2006-03-31": "$110,065", "2005-12-31": "$113,960", "2005-09-30": "$108,824", "2005-06-30": "$195,739", "2005-03-31": "$189,572"}}, "cash-on-hand": {"American Express Annual Cash on Hand (Millions of US $)": {"2019": "$23,932", "2018": "$27,445", "2017": "$32,927", "2016": "$25,208", "2015": "$22,762", "2014": "$22,288", "2013": "$19,486", "2012": "$22,250", "2011": "$24,893", "2010": "$16,356", "2009": "$16,599", "2008": "$20,547", "2007": "$8,878", "2006": "$5,306", "2005": "$7,126"}, "American Express Quarterly Cash on Hand (Millions of US $)": {"2020-09-30": "$33,030", "2020-06-30": "$41,497", "2020-03-31": "$36,095", "2019-12-31": "$23,932", "2019-09-30": "$24,266", "2019-06-30": "$26,869", "2019-03-31": "$33,177", "2018-12-31": "$27,445", "2018-09-30": "$30,231", "2018-06-30": "$29,743", "2018-03-31": "$31,092", "2017-12-31": "$32,927", "2017-09-30": "$26,168", "2017-06-30": "$30,442", "2017-03-31": "$29,366", "2016-12-31": "$25,208", "2016-09-30": "$26,520", "2016-06-30": "$33,767", "2016-03-31": "$25,045", "2015-12-31": "$22,762", "2015-09-30": "$19,938", "2015-06-30": "$21,071", "2015-03-31": "$23,572", "2014-12-31": "$22,288", "2014-09-30": "$21,264", "2014-06-30": "$18,430", "2014-03-31": "$20,740", "2013-12-31": "$19,486", "2013-09-30": "$22,286", "2013-06-30": "$23,129", "2013-03-31": "$27,964", "2012-12-31": "$22,250", "2012-09-30": "$25,143", "2012-06-30": "$22,072", "2012-03-31": "$27,082", "2011-12-31": "$24,893", "2011-09-30": "$24,945", "2011-06-30": "$23,082", "2011-03-31": "$22,027", "2010-12-31": "$16,356", "2010-09-30": "$21,341", "2010-06-30": "$20,687", "2010-03-31": "$21,098", "2009-12-31": "$16,599", "2009-09-30": "$18,648", "2009-06-30": "$15,615", "2009-03-31": "$20,797", "2008-12-31": "$20,547", "2008-09-30": "$15,556", "2008-06-30": "$20,091", "2008-03-31": "$19,489", "2007-12-31": "$8,878", "2007-09-30": "$8,410", "2007-06-30": "$7,371", "2007-03-31": "$7,979", "2006-12-31": "$5,306", "2006-09-30": "$7,978", "2006-06-30": "$6,798", "2006-03-31": "$5,393", "2005-12-31": "$7,126", "2005-09-30": "$7,623", "2005-06-30": "$9,280", "2005-03-31": "$9,279"}}, "long-term-debt": {"American Express Annual Long Term Debt (Millions of US $)": {"2019": "$57,835", "2018": "$58,423", "2017": "$55,804", "2016": "$46,990", "2015": "$48,061", "2014": "$57,955", "2013": "$55,330", "2012": "$58,973", "2011": "$59,570", "2010": "$66,416", "2009": "$52,338", "2008": "$60,041", "2007": "$55,285", "2006": "$42,747", "2005": "$30,781"}, "American Express Quarterly Long Term Debt (Millions of US $)": {"2020-09-30": "$44,777", "2020-06-30": "$48,797", "2020-03-31": "$52,588", "2019-12-31": "$57,835", "2019-09-30": "$58,474", "2019-06-30": "$57,736", "2019-03-31": "$58,418", "2018-12-31": "$58,423", "2018-09-30": "$55,300", "2018-06-30": "$55,883", "2018-03-31": "$52,461", "2017-12-31": "$55,804", "2017-09-30": "$48,762", "2017-06-30": "$51,945", "2017-03-31": "$51,647", "2016-12-31": "$46,990", "2016-09-30": "$44,894", "2016-06-30": "$50,649", "2016-03-31": "$47,311", "2015-12-31": "$48,061", "2015-09-30": "$48,653", "2015-06-30": "$52,740", "2015-03-31": "$54,712", "2014-12-31": "$57,955", "2014-09-30": "$55,712", "2014-06-30": "$54,836", "2014-03-31": "$54,095", "2013-12-31": "$55,330", "2013-09-30": "$52,529", "2013-06-30": "$52,675", "2013-03-31": "$56,366", "2012-12-31": "$58,973", "2012-09-30": "$56,271", "2012-06-30": "$55,953", "2012-03-31": "$56,844", "2011-12-31": "$59,570", "2011-09-30": "$61,767", "2011-06-30": "$61,395", "2011-03-31": "$60,730", "2010-12-31": "$66,416", "2010-09-30": "$68,828", "2010-06-30": "$69,345", "2010-03-31": "$72,293", "2009-12-31": "$52,338", "2009-09-30": "$52,850", "2009-06-30": "$53,516", "2009-03-31": "$57,620", "2008-12-31": "$60,041", "2008-09-30": "$57,797", "2008-06-30": "$57,035", "2008-03-31": "$55,534", "2007-12-31": "$55,285", "2007-09-30": "$54,060", "2007-06-30": "$49,873", "2007-03-31": "$43,729", "2006-12-31": "$42,747", "2006-09-30": "$39,407", "2006-06-30": "$36,173", "2006-03-31": "$30,932", "2005-12-31": "$30,781", "2005-09-30": "$29,110", "2005-06-30": "$29,901", "2005-03-31": "$31,240"}}, "total-liabilities": {"American Express Annual Total Liabilities (Millions of US $)": {"2019": "$175,250", "2018": "$166,312", "2017": "$162,935", "2016": "$138,392", "2015": "$140,511", "2014": "$138,430", "2013": "$133,879", "2012": "$134,254", "2011": "$134,543", "2010": "$130,459", "2009": "$110,739", "2008": "$114,233", "2007": "$138,714", "2006": "$117,818", "2005": "$103,411"}, "American Express Quarterly Total Liabilities (Millions of US $)": {"2020-09-30": "$165,390", "2020-06-30": "$167,546", "2020-03-31": "$165,054", "2019-12-31": "$175,250", "2019-09-30": "$171,159", "2019-06-30": "$174,511", "2019-03-31": "$174,975", "2018-12-31": "$166,312", "2018-09-30": "$167,632", "2018-06-30": "$163,969", "2018-03-31": "$160,343", "2017-12-31": "$162,935", "2017-09-30": "$147,492", "2017-06-30": "$145,822", "2017-03-31": "$140,450", "2016-12-31": "$138,392", "2016-09-30": "$132,360", "2016-06-30": "$138,930", "2016-03-31": "$138,089", "2015-12-31": "$140,511", "2015-09-30": "$132,881", "2015-06-30": "$135,267", "2015-03-31": "$132,854", "2014-12-31": "$138,430", "2014-09-30": "$133,646", "2014-06-30": "$132,171", "2014-03-31": "$131,520", "2013-12-31": "$133,879", "2013-09-30": "$130,887", "2013-06-30": "$132,899", "2013-03-31": "$137,565", "2012-12-31": "$134,254", "2012-09-30": "$133,395", "2012-06-30": "$128,861", "2012-03-31": "$131,877", "2011-12-31": "$134,543", "2011-09-30": "$130,593", "2011-06-30": "$129,591", "2011-03-31": "$126,497", "2010-12-31": "$130,459", "2010-09-30": "$130,136", "2010-06-30": "$129,250", "2010-03-31": "$129,889", "2009-12-31": "$110,739", "2009-09-30": "$106,502", "2009-06-30": "$103,615", "2009-03-31": "$105,403", "2008-12-31": "$114,233", "2008-09-30": "$114,699", "2008-06-30": "$125,061", "2008-03-31": "$123,777", "2007-12-31": "$138,714", "2007-09-30": "$130,029", "2007-06-30": "$123,737", "2007-03-31": "$115,866", "2006-12-31": "$117,818", "2006-09-30": "$110,175", "2006-06-30": "$106,806", "2006-03-31": "$99,460", "2005-12-31": "$103,411", "2005-09-30": "$98,922", "2005-06-30": "$178,575", "2005-03-31": "$173,439"}}, "total-share-holder-equity": {"American Express Annual Share Holder Equity (Millions of US $)": {"2019": "$23,071", "2018": "$22,290", "2017": "$18,261", "2016": "$20,501", "2015": "$20,673", "2014": "$20,673", "2013": "$19,496", "2012": "$18,886", "2011": "$18,794", "2010": "$16,230", "2009": "$14,406", "2008": "$11,841", "2007": "$11,029", "2006": "$10,511", "2005": "$10,549"}, "American Express Quarterly Share Holder Equity (Millions of US $)": {"2020-09-30": "$21,869", "2020-06-30": "$21,062", "2020-03-31": "$21,006", "2019-12-31": "$23,071", "2019-09-30": "$23,025", "2019-06-30": "$23,092", "2019-03-31": "$22,218", "2018-12-31": "$22,290", "2018-09-30": "$21,460", "2018-06-30": "$20,892", "2018-03-31": "$19,613", "2017-12-31": "$18,261", "2017-09-30": "$21,085", "2017-06-30": "$21,175", "2017-03-31": "$20,935", "2016-12-31": "$20,501", "2016-09-30": "$21,017", "2016-06-30": "$20,712", "2016-03-31": "$20,727", "2015-12-31": "$20,673", "2015-09-30": "$21,335", "2015-06-30": "$21,885", "2015-03-31": "$21,830", "2014-12-31": "$20,673", "2014-09-30": "$20,216", "2014-06-30": "$20,213", "2014-03-31": "$19,977", "2013-12-31": "$19,496", "2013-09-30": "$19,216", "2013-06-30": "$19,034", "2013-03-31": "$19,290", "2012-12-31": "$18,886", "2012-09-30": "$19,478", "2012-06-30": "$19,267", "2012-03-31": "$19,907", "2011-12-31": "$18,794", "2011-09-30": "$18,100", "2011-06-30": "$18,205", "2011-03-31": "$17,482", "2010-12-31": "$16,230", "2010-09-30": "$15,920", "2010-06-30": "$14,513", "2010-03-31": "$13,425", "2009-12-31": "$14,406", "2009-09-30": "$13,943", "2009-06-30": "$13,420", "2009-03-31": "$15,780", "2008-12-31": "$11,841", "2008-09-30": "$12,519", "2008-06-30": "$12,269", "2008-03-31": "$11,511", "2007-12-31": "$11,029", "2007-09-30": "$10,898", "2007-06-30": "$10,635", "2007-03-31": "$10,495", "2006-12-31": "$10,511", "2006-09-30": "$10,756", "2006-06-30": "$10,475", "2006-03-31": "$10,605", "2005-12-31": "$10,549", "2005-09-30": "$9,902", "2005-06-30": "$17,164", "2005-03-31": "$16,133"}}, "profit-margins": {"current": "8.62%"}, "gross margin": {"2020-12-31": "94.51%", "2020-09-30": "93.82%", "2020-06-30": "93.22%", "2020-03-31": "92.98%", "2019-12-31": "92.63%", "2019-09-30": "92.42%", "2019-06-30": "92.49%", "2019-03-31": "92.72%", "2018-12-31": "93.20%", "2018-09-30": "93.64%", "2018-06-30": "93.98%", "2018-03-31": "94.30%", "2017-12-31": "94.58%", "2017-09-30": "95.19%", "2017-06-30": "95.34%", "2017-03-31": "95.44%", "2016-12-31": "95.41%", "2016-09-30": "95.05%", "2016-06-30": "95.20%", "2016-03-31": "95.27%", "2015-12-31": "95.29%", "2015-09-30": "95.37%", "2015-06-30": "95.32%", "2015-03-31": "95.29%", "2014-12-31": "95.24%", "2014-09-30": "95.00%", "2014-06-30": "94.83%", "2014-03-31": "94.64%", "2013-12-31": "94.38%", "2013-09-30": "94.11%", "2013-06-30": "93.83%", "2013-03-31": "93.62%", "2012-12-31": "93.41%", "2012-09-30": "93.25%", "2012-06-30": "93.14%", "2012-03-31": "92.99%", "2011-12-31": "92.81%", "2011-09-30": "92.61%", "2011-06-30": "92.37%", "2011-03-31": "92.06%", "2010-12-31": "91.92%", "2010-09-30": "91.80%", "2010-06-30": "91.74%", "2010-03-31": "91.73%", "2009-12-31": "91.69%", "2009-09-30": "90.95%", "2009-06-30": "90.23%", "2009-03-31": "89.60%", "2008-12-31": "88.86%", "2008-09-30": "88.03%", "2008-06-30": "87.62%", "2008-03-31": "87.33%", "2007-12-31": "87.38%", "2007-09-30": "88.22%", "2007-06-30": "88.79%", "2007-03-31": "89.25%", "2006-12-31": "89.65%", "2006-09-30": "87.57%", "2006-06-30": "88.95%", "2006-03-31": "90.41%", "2005-12-31": "91.89%"}, "operating margin": {"2020-12-31": "11.25%", "2020-09-30": "10.89%", "2020-06-30": "12.31%", "2020-03-31": "14.80%", "2019-12-31": "17.93%", "2019-09-30": "17.92%", "2019-06-30": "17.97%", "2019-03-31": "18.09%", "2018-12-31": "18.77%", "2018-09-30": "19.14%", "2018-06-30": "18.94%", "2018-03-31": "19.09%", "2017-12-31": "19.04%", "2017-09-30": "16.64%", "2017-06-30": "17.11%", "2017-03-31": "20.37%", "2016-12-31": "21.65%", "2016-09-30": "24.54%", "2016-06-30": "24.86%", "2016-03-31": "22.56%", "2015-12-31": "23.05%", "2015-09-30": "24.79%", "2015-06-30": "25.57%", "2015-03-31": "25.53%", "2014-12-31": "25.05%", "2014-09-30": "24.77%", "2014-06-30": "24.04%", "2014-03-31": "23.36%", "2013-12-31": "22.65%", "2013-09-30": "15.89%", "2013-06-30": "15.67%", "2013-03-31": "15.43%", "2012-12-31": "15.14%", "2012-09-30": "18.11%", "2012-06-30": "17.78%", "2012-03-31": "17.61%", "2011-12-31": "17.77%", "2011-09-30": "21.01%", "2011-06-30": "21.16%", "2011-03-31": "21.15%", "2010-12-31": "19.88%", "2010-09-30": "18.77%", "2010-06-30": "16.88%", "2010-03-31": "13.04%", "2009-12-31": "10.70%", "2009-09-30": "7.96%", "2009-06-30": "8.11%", "2009-03-31": "8.82%", "2008-12-31": "11.22%", "2008-09-30": "10.39%", "2008-06-30": "11.72%", "2008-03-31": "13.85%", "2007-12-31": "14.71%", "2007-09-30": "15.21%", "2007-06-30": "15.05%", "2007-03-31": "15.48%", "2006-12-31": "14.79%", "2006-09-30": "17.47%", "2006-06-30": "17.24%", "2006-03-31": "16.83%", "2005-12-31": "16.61%"}, "ebitda margin": {"2020-09-30": "0.00%", "2020-06-30": "0.00%", "2020-03-31": "0.00%", "2019-12-31": "0.00%", "2019-09-30": "0.00%", "2019-06-30": "0.00%", "2019-03-31": "0.00%", "2018-12-31": "0.00%", "2018-09-30": "0.00%", "2018-06-30": "0.00%", "2018-03-31": "0.00%", "2017-12-31": "0.00%", "2017-09-30": "0.00%", "2017-06-30": "0.00%", "2017-03-31": "0.00%", "2016-12-31": "0.00%", "2016-09-30": "0.00%", "2016-06-30": "0.00%", "2016-03-31": "0.00%", "2015-12-31": "0.00%", "2015-09-30": "0.00%", "2015-06-30": "0.00%", "2015-03-31": "0.00%", "2014-12-31": "0.00%", "2014-09-30": "0.00%", "2014-06-30": "0.00%", "2014-03-31": "0.00%", "2013-12-31": "0.00%", "2013-09-30": "0.00%", "2013-06-30": "0.00%", "2013-03-31": "0.00%", "2012-12-31": "0.00%", "2012-09-30": "0.00%", "2012-06-30": "0.00%", "2012-03-31": "0.00%", "2011-12-31": "0.00%", "2011-09-30": "0.00%", "2011-06-30": "0.00%", "2011-03-31": "0.00%", "2010-12-31": "0.00%", "2010-09-30": "0.00%", "2010-06-30": "0.00%", "2010-03-31": "0.00%", "2009-12-31": "0.00%", "2009-09-30": "0.00%", "2009-06-30": "0.00%", "2009-03-31": "0.00%", "2008-12-31": "0.00%", "2008-09-30": "0.00%", "2008-06-30": "0.00%", "2008-03-31": "0.00%", "2007-12-31": "0.00%", "2007-09-30": "0.00%", "2007-06-30": "0.00%", "2007-03-31": "0.00%", "2006-12-31": "0.00%", "2006-09-30": "0.00%", "2006-06-30": "0.00%", "2006-03-31": "0.00%", "2005-12-31": "0.00%"}, "pre tax profit margin": {"2020-12-31": "11.25%", "2020-09-30": "10.89%", "2020-06-30": "12.31%", "2020-03-31": "14.80%", "2019-12-31": "17.93%", "2019-09-30": "17.92%", "2019-06-30": "17.97%", "2019-03-31": "18.09%", "2018-12-31": "18.77%", "2018-09-30": "19.14%", "2018-06-30": "18.94%", "2018-03-31": "19.09%", "2017-12-31": "19.04%", "2017-09-30": "16.64%", "2017-06-30": "17.11%", "2017-03-31": "20.37%", "2016-12-31": "21.65%", "2016-09-30": "24.54%", "2016-06-30": "24.86%", "2016-03-31": "22.56%", "2015-12-31": "23.05%", "2015-09-30": "24.79%", "2015-06-30": "25.57%", "2015-03-31": "25.53%", "2014-12-31": "25.05%", "2014-09-30": "24.77%", "2014-06-30": "24.04%", "2014-03-31": "23.36%", "2013-12-31": "22.65%", "2013-09-30": "19.76%", "2013-06-30": "19.58%", "2013-03-31": "19.36%", "2012-12-31": "19.10%", "2012-09-30": "21.76%", "2012-06-30": "21.46%", "2012-03-31": "21.32%", "2011-12-31": "21.55%", "2011-09-30": "21.01%", "2011-06-30": "21.16%", "2011-03-31": "21.15%", "2010-12-31": "19.88%", "2010-09-30": "18.77%", "2010-06-30": "16.88%", "2010-03-31": "13.04%", "2009-12-31": "10.70%", "2009-09-30": "7.96%", "2009-06-30": "8.11%", "2009-03-31": "8.82%", "2008-12-31": "11.22%", "2008-09-30": "13.59%", "2008-06-30": "14.92%", "2008-03-31": "17.10%", "2007-12-31": "18.05%", "2007-09-30": "18.75%", "2007-06-30": "18.71%", "2007-03-31": "19.22%", "2006-12-31": "18.60%", "2006-09-30": "17.47%", "2006-06-30": "17.24%", "2006-03-31": "16.83%", "2005-12-31": "16.61%"}, "net profit margin": {"2020-12-31": "7.95%", "2020-09-30": "8.08%", "2020-06-30": "9.14%", "2020-03-31": "11.64%", "2019-12-31": "14.10%", "2019-09-30": "15.04%", "2019-06-30": "15.13%", "2019-03-31": "15.17%", "2018-12-31": "15.68%", "2018-09-30": "8.51%", "2018-06-30": "8.02%", "2018-03-31": "7.53%", "2017-12-31": "6.79%", "2017-09-30": "11.44%", "2017-06-30": "11.37%", "2017-03-31": "13.44%", "2016-12-31": "14.14%", "2016-09-30": "15.68%", "2016-06-30": "15.85%", "2016-03-31": "14.29%", "2015-12-31": "14.70%", "2015-09-30": "15.98%", "2015-06-30": "16.58%", "2015-03-31": "16.61%", "2014-12-31": "16.27%", "2014-09-30": "16.17%", "2014-06-30": "15.83%", "2014-03-31": "15.63%", "2013-12-31": "15.25%", "2013-09-30": "13.38%", "2013-06-30": "13.22%", "2013-03-31": "13.11%", "2012-12-31": "13.12%", "2012-09-30": "14.86%", "2012-06-30": "14.89%", "2012-03-31": "15.06%", "2011-12-31": "15.11%", "2011-09-30": "14.94%", "2011-06-30": "14.76%", "2011-03-31": "14.11%", "2010-12-31": "13.35%", "2010-09-30": "13.81%", "2010-06-30": "12.75%", "2010-03-31": "9.75%", "2009-12-31": "8.02%", "2009-09-30": "4.96%", "2009-06-30": "5.31%", "2009-03-31": "6.82%", "2008-12-31": "8.41%", "2008-09-30": "9.87%", "2008-06-30": "10.66%", "2008-03-31": "12.07%", "2007-12-31": "12.64%", "2007-09-30": "13.74%", "2007-06-30": "13.86%", "2007-03-31": "13.75%", "2006-12-31": "13.39%", "2006-09-30": "12.74%", "2006-06-30": "13.43%", "2006-03-31": "14.37%", "2005-12-31": "15.30%"}, "pe ratio": {"current": "23.69", "2021-02-05": "63.14", "2020-12-31": "60.24", "2020-09-30": "24.69", "2020-06-30": "19.55", "2020-03-31": "12.76", "2019-12-31": "15.27", "2019-09-30": "13.95", "2019-06-30": "14.87", "2019-03-31": "13.51", "2018-12-31": "11.64", "2018-09-30": "24.55", "2018-06-30": "24.77", "2018-03-31": "26.03", "2017-12-31": "32.57", "2017-09-30": "16.51", "2017-06-30": "16.26", "2017-03-31": "13.47", "2016-12-31": "12.32", "2016-09-30": "10.58", "2016-06-30": "9.96", "2016-03-31": "11.33", "2015-12-31": "12.70", "2015-09-30": "12.27", "2015-06-30": "12.50", "2015-03-31": "12.49", "2014-12-31": "15.19", "2014-09-30": "14.72", "2014-06-30": "16.37", "2014-03-31": "15.99", "2013-12-31": "16.66", "2013-09-30": "15.95", "2013-06-30": "16.36", "2013-03-31": "15.17", "2012-12-31": "13.14", "2012-09-30": "11.61", "2012-06-30": "12.01", "2012-03-31": "12.04", "2011-12-31": "10.02", "2011-09-30": "9.80", "2011-06-30": "11.67", "2011-03-31": "10.86", "2010-12-31": "11.01", "2010-09-30": "11.71", "2010-06-30": "12.57", "2010-03-31": "18.01", "2009-12-31": "22.35", "2009-09-30": "26.49", "2009-06-30": "15.61", "2009-03-31": "6.52", "2008-12-31": "6.69", "2008-09-30": "10.19", "2008-06-30": "10.07", "2008-03-31": "10.53", "2007-12-31": "12.41", "2007-09-30": "13.96", "2007-06-30": "14.83", "2007-03-31": "14.15", "2006-12-31": "16.10"}, "price sales": {"2021-02-05": "2.67", "2020-12-31": "2.54", "2020-09-30": "1.99", "2020-06-30": "1.78", "2020-03-31": "1.48", "2019-12-31": "2.16", "2019-09-30": "2.10", "2019-06-30": "2.25", "2019-03-31": "2.05", "2018-12-31": "1.83", "2018-09-30": "2.10", "2018-06-30": "1.99", "2018-03-31": "1.95", "2017-12-31": "2.16", "2017-09-30": "1.92", "2017-06-30": "1.87", "2017-03-31": "1.82", "2016-12-31": "1.76", "2016-09-30": "1.67", "2016-06-30": "1.60", "2016-03-31": "1.63", "2015-12-31": "1.87", "2015-09-30": "1.97", "2015-06-30": "2.08", "2015-03-31": "2.09", "2014-12-31": "2.48", "2014-09-30": "2.38", "2014-06-30": "2.59", "2014-03-31": "2.50", "2013-12-31": "2.55", "2013-09-30": "2.16", "2013-06-30": "2.18", "2013-03-31": "1.99", "2012-12-31": "1.73", "2012-09-30": "1.74", "2012-06-30": "1.81", "2012-03-31": "1.83", "2011-12-31": "1.52", "2011-09-30": "1.46", "2011-06-30": "1.72", "2011-03-31": "1.53", "2010-12-31": "1.47", "2010-09-30": "1.47", "2010-06-30": "1.44", "2010-03-31": "1.52", "2009-12-31": "1.51", "2009-09-30": "1.23", "2009-06-30": "0.79", "2009-03-31": "0.43", "2008-12-31": "0.55", "2008-09-30": "1.02", "2008-06-30": "1.09", "2008-03-31": "1.29", "2007-12-31": "1.59", "2007-09-30": "1.92", "2007-06-30": "2.06", "2007-03-31": "1.95", "2006-12-31": "2.16"}, "price book": {"current": "4.42", "2021-02-05": "4.65", "2020-09-30": "3.66", "2020-06-30": "3.59", "2020-03-31": "3.22", "2019-12-31": "4.28", "2019-09-30": "4.11", "2019-06-30": "4.32", "2019-03-31": "3.99", "2018-12-31": "3.49", "2018-09-30": "4.07", "2018-06-30": "3.87", "2018-03-31": "3.90", "2017-12-31": "4.44", "2017-09-30": "3.54", "2017-06-30": "3.32", "2017-03-31": "3.18", "2016-12-31": "3.06", "2016-09-30": "2.60", "2016-06-30": "2.53", "2016-03-31": "2.60", "2015-12-31": "2.99", "2015-09-30": "3.13", "2015-06-30": "3.26", "2015-03-31": "3.31", "2014-12-31": "4.17", "2014-09-30": "4.05", "2014-06-30": "4.42", "2014-03-31": "4.29", "2013-12-31": "4.44", "2013-09-30": "3.76", "2013-06-30": "3.79", "2013-03-31": "3.41", "2012-12-31": "2.98", "2012-09-30": "2.89", "2012-06-30": "3.02", "2012-03-31": "2.97", "2011-12-31": "2.55", "2011-09-30": "2.52", "2011-06-30": "2.94", "2011-03-31": "2.68", "2010-12-31": "2.72", "2010-09-30": "2.72", "2010-06-30": "2.81", "2010-03-31": "3.13", "2009-12-31": "2.83", "2009-09-30": "2.44", "2009-06-30": "1.73", "2009-03-31": "0.83", "2008-12-31": "1.48", "2008-09-30": "2.66", "2008-06-30": "2.87", "2008-03-31": "3.54", "2007-12-31": "4.38", "2007-09-30": "5.09", "2007-06-30": "5.42", "2007-03-31": "5.08", "2006-12-31": "5.49", "2006-09-30": "4.97", "2006-06-30": "4.88", "2006-03-31": "4.81"}, "price fcf": {"2021-02-05": "", "2020-09-30": "$4.59", "2020-06-30": "$0.75", "2020-03-31": "$1.56", "2019-12-31": "$14.44", "2019-09-30": "$9.20", "2019-06-30": "$16.30", "2019-03-31": "$16.48", "2018-12-31": "$8.87", "2018-09-30": "$16.09", "2018-06-30": "$15.18", "2018-03-31": "$15.23", "2017-12-31": "$14.08", "2017-09-30": "$11.91", "2017-06-30": "$8.88", "2017-03-31": "$6.06", "2016-12-31": "$7.40", "2016-09-30": "$6.68", "2016-06-30": "$8.40", "2016-03-31": "$9.82", "2015-12-31": "$9.34", "2015-09-30": "$8.90", "2015-06-30": "$8.87", "2015-03-31": "$8.28", "2014-12-31": "$9.32", "2014-09-30": "$7.31", "2014-06-30": "$2.13", "2014-03-31": "$3.15", "2013-12-31": "$6.92", "2013-09-30": "$3.58", "2013-06-30": "$8.75", "2013-03-31": "$9.21", "2012-12-31": "$5.28", "2012-09-30": "$11.30", "2012-06-30": "$9.81", "2012-03-31": "$9.73", "2011-12-31": "$7.25", "2011-09-30": "$5.68", "2011-06-30": "$5.98", "2011-03-31": "$5.03", "2010-12-31": "$6.57", "2010-09-30": "$6.56", "2010-06-30": "$6.27", "2010-03-31": "$5.78", "2009-12-31": "$4.80", "2009-09-30": "$2.66", "2009-06-30": "$1.36", "2009-03-31": "$2.96", "2008-12-31": "$5.90", "2008-09-30": "$6.85", "2008-06-30": "$8.34", "2008-03-31": "$7.94", "2007-12-31": "$5.97", "2007-09-30": "$7.76", "2007-06-30": "$7.53", "2007-03-31": "$7.03", "2006-12-31": "$6.75"}, "net worth": {"value": "$101.68B"}, "current ratio": {"2020-12-31": "1.62", "2020-09-30": "1.47", "2020-06-30": "1.56", "2020-03-31": "1.76", "2019-12-31": "1.84", "2019-09-30": "1.86", "2019-06-30": "1.84", "2019-03-31": "1.88", "2018-12-31": "1.95", "2018-09-30": "1.88", "2018-06-30": "1.92", "2018-03-31": "1.91", "2017-12-31": "1.93", "2017-09-30": "1.90", "2017-06-30": "1.96", "2017-03-31": "2.00", "2016-12-31": "1.94", "2016-09-30": "1.91", "2016-06-30": "1.98", "2016-03-31": "1.92", "2015-12-31": "1.91", "2015-09-30": "2.02", "2015-06-30": "2.08", "2015-03-31": "2.22", "2014-12-31": "2.23", "2014-09-30": "2.20", "2014-06-30": "2.18", "2014-03-31": "2.15", "2013-12-31": "2.16", "2013-09-30": "2.14", "2013-06-30": "2.14", "2013-03-31": "2.15", "2012-12-31": "2.30", "2012-09-30": "2.23", "2012-06-30": "2.26", "2012-03-31": "2.24", "2011-12-31": "2.25", "2011-09-30": "2.37", "2011-06-30": "2.36", "2011-03-31": "2.34", "2010-12-31": "2.36", "2010-09-30": "2.44", "2010-06-30": "2.41", "2010-03-31": "2.45", "2009-12-31": "1.94", "2009-09-30": "2.02", "2009-06-30": "2.19", "2009-03-31": "2.50", "2008-12-31": "2.49", "2008-09-30": "2.39", "2008-06-30": "2.26", "2008-03-31": "2.23", "2007-12-31": "2.17", "2007-09-30": "2.36", "2007-06-30": "1.85", "2007-03-31": "1.77", "2006-12-31": "2.02", "2006-09-30": "1.70", "2006-06-30": "1.63", "2006-03-31": "1.57", "2005-12-31": "1.52", "2005-09-30": "1.49", "2005-06-30": "1.49", "2005-03-31": "1.56"}, "quick ratio": {"2020-12-31": "0.00", "2020-09-30": "0.00", "2020-06-30": "0.00", "2020-03-31": "0.00", "2019-12-31": "0.00", "2019-09-30": "0.00", "2019-06-30": "0.00", "2019-03-31": "0.00", "2018-12-31": "0.00", "2018-09-30": "0.00", "2018-06-30": "0.00", "2018-03-31": "0.00", "2017-12-31": "0.00", "2017-09-30": "0.00", "2017-06-30": "0.00", "2017-03-31": "0.00", "2016-12-31": "0.00", "2016-09-30": "0.00", "2016-06-30": "0.00", "2016-03-31": "0.00", "2015-12-31": "0.00", "2015-09-30": "0.00", "2015-06-30": "0.00", "2015-03-31": "0.00", "2014-12-31": "0.00", "2014-09-30": "0.00", "2014-06-30": "0.00", "2014-03-31": "0.00", "2013-12-31": "0.00", "2013-09-30": "0.00", "2013-06-30": "0.00", "2013-03-31": "0.00", "2012-12-31": "0.00", "2012-09-30": "0.00", "2012-06-30": "0.00", "2012-03-31": "0.00", "2011-12-31": "0.00", "2011-09-30": "0.00", "2011-06-30": "0.00", "2011-03-31": "0.00", "2010-12-31": "0.00", "2010-09-30": "0.00", "2010-06-30": "0.00", "2010-03-31": "0.00", "2009-12-31": "0.00", "2009-09-30": "0.00", "2009-06-30": "0.00", "2009-03-31": "0.00", "2008-12-31": "0.00", "2008-09-30": "0.00", "2008-06-30": "0.00", "2008-03-31": "0.00", "2007-12-31": "0.00", "2007-09-30": "0.00", "2007-06-30": "0.00", "2007-03-31": "0.00", "2006-12-31": "0.00", "2006-09-30": "0.00", "2006-06-30": "0.00", "2006-03-31": "0.00", "2005-12-31": "0.00", "2005-09-30": "0.00", "2005-06-30": "0.00", "2005-03-31": "0.00"}, "debt equity ratio": {"current": "1.87", "2020-12-31": "7.30", "2020-09-30": "7.56", "2020-06-30": "7.96", "2020-03-31": "7.86", "2019-12-31": "7.60", "2019-09-30": "7.43", "2019-06-30": "7.56", "2019-03-31": "7.88", "2018-12-31": "7.46", "2018-09-30": "7.81", "2018-06-30": "7.85", "2018-03-31": "8.18", "2017-12-31": "8.92", "2017-09-30": "7.00", "2017-06-30": "6.89", "2017-03-31": "6.71", "2016-12-31": "6.75", "2016-09-30": "6.30", "2016-06-30": "6.71", "2016-03-31": "6.66", "2015-12-31": "6.80", "2015-09-30": "6.23", "2015-06-30": "6.18", "2015-03-31": "6.09", "2014-12-31": "6.70", "2014-09-30": "6.61", "2014-06-30": "6.54", "2014-03-31": "6.58", "2013-12-31": "6.87", "2013-09-30": "6.81", "2013-06-30": "6.98", "2013-03-31": "7.13", "2012-12-31": "7.11", "2012-09-30": "6.85", "2012-06-30": "6.69", "2012-03-31": "6.63", "2011-12-31": "7.16", "2011-09-30": "7.22", "2011-06-30": "7.12", "2011-03-31": "7.24", "2010-12-31": "8.04", "2010-09-30": "8.17", "2010-06-30": "8.91", "2010-03-31": "9.68", "2009-12-31": "7.69", "2009-09-30": "7.64", "2009-06-30": "7.72", "2009-03-31": "6.68", "2008-12-31": "9.65", "2008-09-30": "9.16", "2008-06-30": "10.19", "2008-03-31": "10.75", "2007-12-31": "12.58", "2007-09-30": "11.93", "2007-06-30": "11.64", "2007-03-31": "11.04", "2006-12-31": "11.21", "2006-09-30": "10.24", "2006-06-30": "10.20", "2006-03-31": "9.38", "2005-12-31": "9.80", "2005-09-30": "9.99", "2005-06-30": "10.40", "2005-03-31": "10.75"}, "return on equity": {"2020-12-31": "13.97%", "2020-09-30": "15.09%", "2020-06-30": "17.94%", "2020-03-31": "24.15%", "2019-12-31": "29.02%", "2019-09-30": "30.65%", "2019-06-30": "30.73%", "2019-03-31": "30.88%", "2018-12-31": "32.22%", "2018-09-30": "17.93%", "2018-06-30": "16.55%", "2018-03-31": "15.10%", "2017-12-31": "12.99%", "2017-09-30": "22.12%", "2017-06-30": "21.11%", "2017-03-31": "24.42%", "2016-12-31": "25.32%", "2016-09-30": "25.78%", "2016-06-30": "26.27%", "2016-03-31": "23.37%", "2015-12-31": "23.62%", "2015-09-30": "26.20%", "2015-06-30": "27.64%", "2015-03-31": "28.56%", "2014-12-31": "28.81%", "2014-09-30": "28.60%", "2014-06-30": "28.39%", "2014-03-31": "28.18%", "2013-12-31": "27.58%", "2013-09-30": "24.24%", "2013-06-30": "23.61%", "2013-03-31": "23.19%", "2012-12-31": "22.87%", "2012-09-30": "25.65%", "2012-06-30": "25.96%", "2012-03-31": "26.36%", "2011-12-31": "26.88%", "2011-09-30": "27.15%", "2011-06-30": "27.19%", "2011-03-31": "26.80%", "2010-12-31": "26.67%", "2010-09-30": "27.52%", "2010-06-30": "25.36%", "2010-03-31": "19.23%", "2009-12-31": "14.80%", "2009-09-30": "9.73%", "2009-06-30": "11.29%", "2009-03-31": "15.72%", "2008-12-31": "22.30%", "2008-09-30": "27.51%", "2008-06-30": "30.69%", "2008-03-31": "35.52%", "2007-12-31": "37.03%", "2007-09-30": "38.58%", "2007-06-30": "37.77%", "2007-03-31": "36.85%", "2006-12-31": "35.02%", "2006-09-30": "33.31%", "2006-06-30": "34.61%", "2006-03-31": "30.37%", "2005-12-31": "27.79%"}, "return on assets": {"2020-12-31": "1.61%", "2020-09-30": "1.73%", "2020-06-30": "2.06%", "2020-03-31": "2.81%", "2019-12-31": "3.37%", "2019-09-30": "3.57%", "2019-06-30": "3.54%", "2019-03-31": "3.53%", "2018-12-31": "3.66%", "2018-09-30": "1.96%", "2018-06-30": "1.85%", "2018-03-31": "1.74%", "2017-12-31": "1.56%", "2017-09-30": "2.82%", "2017-06-30": "2.76%", "2017-03-31": "3.21%", "2016-12-31": "3.33%", "2016-09-30": "3.39%", "2016-06-30": "3.46%", "2016-03-31": "3.13%", "2015-12-31": "3.23%", "2015-09-30": "3.59%", "2015-06-30": "3.74%", "2015-03-31": "3.82%", "2014-12-31": "3.79%", "2014-09-30": "3.74%", "2014-06-30": "3.69%", "2014-03-31": "3.61%", "2013-12-31": "3.47%", "2013-09-30": "3.03%", "2013-06-30": "2.95%", "2013-03-31": "2.92%", "2012-12-31": "2.93%", "2012-09-30": "3.28%", "2012-06-30": "3.28%", "2012-03-31": "3.29%", "2011-12-31": "3.29%", "2011-09-30": "3.24%", "2011-06-30": "3.16%", "2011-03-31": "2.96%", "2010-12-31": "2.76%", "2010-09-30": "2.87%", "2010-06-30": "2.68%", "2010-03-31": "2.10%", "2009-12-31": "1.76%", "2009-09-30": "1.10%", "2009-06-30": "1.23%", "2009-03-31": "1.61%", "2008-12-31": "2.04%", "2008-09-30": "2.37%", "2008-06-30": "2.49%", "2008-03-31": "2.79%", "2007-12-31": "2.89%", "2007-09-30": "3.10%", "2007-06-30": "3.14%", "2007-03-31": "3.16%", "2006-12-31": "3.11%", "2006-09-30": "3.05%", "2006-06-30": "3.19%", "2006-03-31": "2.77%", "2005-12-31": "2.46%"}, "return on investments": {"2020-12-31": "6.22%", "2020-09-30": "6.08%", "2020-06-30": "6.97%", "2020-03-31": "8.74%", "2019-12-31": "10.41%", "2019-09-30": "10.23%", "2019-06-30": "10.19%", "2019-03-31": "10.16%", "2018-12-31": "10.61%", "2018-09-30": "10.80%", "2018-06-30": "10.66%", "2018-03-31": "10.61%", "2017-12-31": "10.26%", "2017-09-30": "9.52%", "2017-06-30": "9.51%", "2017-03-31": "11.10%", "2016-12-31": "11.79%", "2016-09-30": "12.24%", "2016-06-30": "12.36%", "2016-03-31": "11.10%", "2015-12-31": "10.95%", "2015-09-30": "11.62%", "2015-06-30": "11.80%", "2015-03-31": "11.89%", "2014-12-31": "11.84%", "2014-09-30": "11.67%", "2014-06-30": "11.50%", "2014-03-31": "11.20%", "2013-12-31": "10.73%", "2013-09-30": "7.41%", "2013-06-30": "7.13%", "2013-03-31": "6.90%", "2012-12-31": "6.69%", "2012-09-30": "7.91%", "2012-06-30": "7.60%", "2012-03-31": "7.35%", "2011-12-31": "7.26%", "2011-09-30": "8.35%", "2011-06-30": "8.14%", "2011-03-31": "7.82%", "2010-12-31": "7.08%", "2010-09-30": "6.79%", "2010-06-30": "6.24%", "2010-03-31": "4.96%", "2009-12-31": "4.15%", "2009-09-30": "3.08%", "2009-06-30": "3.27%", "2009-03-31": "3.74%", "2008-12-31": "5.14%", "2008-09-30": "5.02%", "2008-06-30": "5.76%", "2008-03-31": "6.94%", "2007-12-31": "7.54%", "2007-09-30": "7.80%", "2007-06-30": "7.97%", "2007-03-31": "8.58%", "2006-12-31": "8.55%", "2006-09-30": "10.78%", "2006-06-30": "10.94%", "2006-03-31": "10.16%", "2005-12-31": "9.28%"}, "return on tangible equity": {"2020-09-30": "15.09%", "2020-06-30": "17.94%", "2020-03-31": "24.15%", "2019-12-31": "29.02%", "2019-09-30": "30.65%", "2019-06-30": "30.73%", "2019-03-31": "30.88%", "2018-12-31": "32.22%", "2018-09-30": "17.93%", "2018-06-30": "16.55%", "2018-03-31": "15.10%", "2017-12-31": "12.99%", "2017-09-30": "22.12%", "2017-06-30": "21.11%", "2017-03-31": "24.42%", "2016-12-31": "25.32%", "2016-09-30": "25.78%", "2016-06-30": "26.27%", "2016-03-31": "23.37%", "2015-12-31": "23.62%", "2015-09-30": "26.20%", "2015-06-30": "27.64%", "2015-03-31": "28.56%", "2014-12-31": "28.81%", "2014-09-30": "28.60%", "2014-06-30": "28.39%", "2014-03-31": "28.18%", "2013-12-31": "27.58%", "2013-09-30": "24.24%", "2013-06-30": "23.61%", "2013-03-31": "23.19%", "2012-12-31": "22.87%", "2012-09-30": "25.65%", "2012-06-30": "25.96%", "2012-03-31": "26.36%", "2011-12-31": "26.88%", "2011-09-30": "27.15%", "2011-06-30": "27.19%", "2011-03-31": "26.80%", "2010-12-31": "26.67%", "2010-09-30": "27.52%", "2010-06-30": "25.36%", "2010-03-31": "19.23%", "2009-12-31": "14.80%", "2009-09-30": "9.73%", "2009-06-30": "11.29%", "2009-03-31": "15.72%", "2008-12-31": "22.30%", "2008-09-30": "27.51%", "2008-06-30": "30.69%", "2008-03-31": "35.52%", "2007-12-31": "37.03%", "2007-09-30": "38.58%", "2007-06-30": "37.77%", "2007-03-31": "36.85%", "2006-12-31": "35.02%", "2006-09-30": "33.31%", "2006-06-30": "34.61%", "2006-03-31": "30.37%", "2005-12-31": "27.79%"}, "dividend yield history": {"last payout": "$1.72", "last yield": "1.36%"}}