{"ticker": "AME", "price": {"title": "AMETEK Historical Annual Stock Price Data", "value": 117.0, "historical": {"2021": {"Average Stock Price": "118.5788", "Year Open": "118.3800", "Year High": "124.4000", "Year Low": "111.0600", "Year Close": "117.0000", "Annual % Change": "-3.26%"}, "2020": {"Average Stock Price": "95.9445", "Year Open": "100.8000", "Year High": "121.2500", "Year Low": "58.2100", "Year Close": "120.9400", "Annual % Change": "21.26%"}, "2019": {"Average Stock Price": "86.2928", "Year Open": "67.4900", "Year High": "100.1400", "Year Low": "65.5700", "Year Close": "99.7400", "Annual % Change": "47.33%"}, "2018": {"Average Stock Price": "74.5683", "Year Open": "72.7500", "Year High": "81.5300", "Year Low": "63.3500", "Year Close": "67.7000", "Annual % Change": "-6.58%"}, "2017": {"Average Stock Price": "61.1732", "Year Open": "49.2200", "Year High": "72.8700", "Year Low": "49.1800", "Year Close": "72.4700", "Annual % Change": "49.12%"}, "2016": {"Average Stock Price": "47.6884", "Year Open": "52.6500", "Year High": "52.6500", "Year Low": "43.8800", "Year Close": "48.6000", "Annual % Change": "-9.31%"}, "2015": {"Average Stock Price": "53.4180", "Year Open": "52.6200", "Year High": "57.5000", "Year Low": "47.9000", "Year Close": "53.5900", "Annual % Change": "1.82%"}, "2014": {"Average Stock Price": "51.7470", "Year Open": "52.0900", "Year High": "54.2000", "Year Low": "46.1200", "Year Close": "52.6300", "Annual % Change": "-0.08%"}, "2013": {"Average Stock Price": "44.1081", "Year Open": "38.6500", "Year High": "52.6700", "Year Low": "38.4700", "Year Close": "52.6700", "Annual % Change": "40.19%"}, "2012": {"Average Stock Price": "33.6586", "Year Open": "28.1667", "Year High": "38.0200", "Year Low": "28.1667", "Year Close": "37.5700", "Annual % Change": "33.86%"}, "2011": {"Average Stock Price": "27.3340", "Year Open": "26.4400", "Year High": "31.1800", "Year Low": "20.9533", "Year Close": "28.0667", "Annual % Change": "7.26%"}, "2010": {"Average Stock Price": "20.0553", "Year Open": "17.1556", "Year High": "27.4667", "Year Low": "16.0711", "Year Close": "26.1667", "Annual % Change": "53.96%"}, "2009": {"Average Stock Price": "14.8144", "Year Open": "14.0756", "Year High": "17.4889", "Year Low": "10.9600", "Year Close": "16.9956", "Annual % Change": "26.58%"}, "2008": {"Average Stock Price": "18.9156", "Year Open": "20.4756", "Year High": "23.5778", "Year Low": "12.4978", "Year Close": "13.4267", "Annual % Change": "-35.50%"}, "2007": {"Average Stock Price": "17.4201", "Year Open": "14.1244", "Year High": "21.2933", "Year Low": "13.7511", "Year Close": "20.8178", "Annual % Change": "47.11%"}, "2006": {"Average Stock Price": "13.3007", "Year Open": "12.5985", "Year High": "14.9748", "Year Low": "11.9052", "Year Close": "14.1511", "Annual % Change": "12.27%"}, "2005": {"Average Stock Price": "11.8667", "Year Open": "10.5630", "Year High": "13.1733", "Year Low": "10.0741", "Year Close": "12.6044", "Annual % Change": "19.26%"}, "2004": {"Average Stock Price": "8.5463", "Year Open": "7.2504", "Year High": "10.6252", "Year Low": "6.8326", "Year Close": "10.5689", "Annual % Change": "47.83%"}, "2003": {"Average Stock Price": "5.9205", "Year Open": "5.7630", "Year High": "7.2326", "Year Low": "4.4000", "Year Close": "7.1496", "Annual % Change": "25.38%"}, "2002": {"Average Stock Price": "5.1171", "Year Open": "4.6667", "Year High": "6.0207", "Year Low": "3.9037", "Year Close": "5.7022", "Annual % Change": "20.70%"}, "2001": {"Average Stock Price": "4.2109", "Year Open": "3.6578", "Year High": "5.0370", "Year Low": "3.2889", "Year Close": "4.7244", "Annual % Change": "22.94%"}, "2000": {"Average Stock Price": "3.0314", "Year Open": "2.8148", "Year High": "3.9911", "Year Low": "2.3704", "Year Close": "3.8430", "Annual % Change": "36.10%"}, "1999": {"Average Stock Price": "3.0529", "Year Open": "3.3333", "Year High": "3.7407", "Year Low": "2.4815", "Year Close": "2.8237", "Annual % Change": "-14.57%"}, "1998": {"Average Stock Price": "3.7165", "Year Open": "3.9170", "Year High": "4.5926", "Year Low": "2.4356", "Year Close": "3.3052", "Annual % Change": "-17.37%"}, "1997": {"Average Stock Price": "3.4315", "Year Open": "3.1674", "Year High": "4.0652", "Year Low": "2.9630", "Year Close": "4.0000", "Annual % Change": "21.35%"}, "1996": {"Average Stock Price": "2.8429", "Year Open": "2.7600", "Year High": "3.2963", "Year Low": "2.4630", "Year Close": "3.2963", "Annual % Change": "18.67%"}, "1995": {"Average Stock Price": "2.5900", "Year Open": "2.4444", "Year High": "2.8341", "Year Low": "2.3526", "Year Close": "2.7778", "Annual % Change": "11.08%"}, "1994": {"Average Stock Price": "2.2164", "Year Open": "1.8889", "Year High": "2.7600", "Year Low": "1.7230", "Year Close": "2.5007", "Annual % Change": "32.39%"}, "1993": {"Average Stock Price": "2.1273", "Year Open": "2.4074", "Year High": "2.5926", "Year Low": "1.6119", "Year Close": "1.8889", "Annual % Change": "-21.54%"}, "1992": {"Average Stock Price": "2.3438", "Year Open": "2.0193", "Year High": "2.6667", "Year Low": "2.0193", "Year Close": "2.4074", "Annual % Change": "19.22%"}, "1991": {"Average Stock Price": "1.7938", "Year Open": "1.4444", "Year High": "2.0563", "Year Low": "1.2778", "Year Close": "2.0193", "Annual % Change": "43.48%"}, "1990": {"Average Stock Price": "1.7133", "Year Open": "1.9822", "Year High": "2.1304", "Year Low": "1.2778", "Year Close": "1.4074", "Annual % Change": "-29.63%"}, "1989": {"Average Stock Price": "2.0303", "Year Open": "1.8696", "Year High": "2.3333", "Year Low": "1.8148", "Year Close": "2.0000", "Annual % Change": "3.85%"}, "1988": {"Average Stock Price": "2.1890", "Year Open": "2.1659", "Year High": "2.5363", "Year Low": "1.9081", "Year Close": "1.9259", "Annual % Change": "-7.94%"}, "1987": {"Average Stock Price": "2.3394", "Year Open": "1.9719", "Year High": "2.9074", "Year Low": "1.7867", "Year Close": "2.0919", "Annual % Change": "8.08%"}, "1986": {"Average Stock Price": "2.0475", "Year Open": "2.0556", "Year High": "2.2778", "Year Low": "1.7778", "Year Close": "1.9356", "Annual % Change": "-7.50%"}, "1985": {"Average Stock Price": "1.8731", "Year Open": "1.7778", "Year High": "2.1578", "Year Low": "1.5185", "Year Close": "2.0926", "Annual % Change": "15.31%"}}}, "market cap": {"value": "$26.92B"}, "income statement": {"Revenue": {"2020-12-31": "4540.02900", "2019-12-31": "5158.55700", "2018-12-31": "4845.87200", "2017-12-31": "4300.17000", "2016-12-31": "3840.08700", "2015-12-31": "3974.29500", "2014-12-31": "4021.96400", "2013-12-31": "3594.13600", "2012-12-31": "3334.21300", "2011-12-31": "2989.91400", "2010-12-31": "2470.95200", "2009-12-31": "2098.35500", "2008-12-31": "2531.13500", "2007-12-31": "2136.85000", "2006-12-31": "1819.29000", "2005-12-31": "1434.45700"}, "Cost Of Goods Sold": {"2020-12-31": "2996.51500", "2019-12-31": "3370.89700", "2018-12-31": "3186.31000", "2017-12-31": "2861.37000", "2016-12-31": "2585.49900", "2015-12-31": "2617.98700", "2014-12-31": "2660.74100", "2013-12-31": "2323.64200", "2012-12-31": "2154.13200", "2011-12-31": "1955.77900", "2010-12-31": "1646.89200", "2009-12-31": "1435.95300", "2008-12-31": "1730.08600", "2007-12-31": "1444.51400", "2006-12-31": "1251.92000", "2005-12-31": "991.78800"}, "Gross Profit": {"2020-12-31": "1543.51400", "2019-12-31": "1787.66000", "2018-12-31": "1659.56200", "2017-12-31": "1438.80000", "2016-12-31": "1254.58800", "2015-12-31": "1356.30800", "2014-12-31": "1361.22300", "2013-12-31": "1270.49400", "2012-12-31": "1180.08100", "2011-12-31": "1034.13500", "2010-12-31": "824.05990", "2009-12-31": "662.40200", "2008-12-31": "801.04900", "2007-12-31": "692.33610", "2006-12-31": "567.37000", "2005-12-31": "442.66900"}, "Research And Development Expenses": {"2020-12-31": "", "2019-12-31": "", "2018-12-31": "", "2017-12-31": "", "2016-12-31": "", "2015-12-31": "", "2014-12-31": "", "2013-12-31": "", "2012-12-31": "", "2011-12-31": "", "2010-12-31": "", "2009-12-31": "", "2008-12-31": "", "2007-12-31": "", "2006-12-31": "", "2005-12-31": ""}, "SG&A Expenses": {"2020-12-31": "515.63000", "2019-12-31": "610.28000", "2018-12-31": "584.02200", "2017-12-31": "535.18000", "2016-12-31": "463.60900", "2015-12-31": "448.59200", "2014-12-31": "462.63700", "2013-12-31": "398.17700", "2012-12-31": "380.53200", "2011-12-31": "349.32100", "2010-12-31": "296.48200", "2009-12-31": "254.14300", "2008-12-31": "322.55200", "2007-12-31": "263.47200", "2006-12-31": "219.45400", "2005-12-31": "174.21800"}, "Other Operating Income Or Expenses": {"2020-12-31": "", "2019-12-31": "", "2018-12-31": "", "2017-12-31": "", "2016-12-31": "", "2015-12-31": "", "2014-12-31": "", "2013-12-31": "", "2012-12-31": "", "2011-12-31": "", "2010-12-31": "", "2009-12-31": "", "2008-12-31": "", "2007-12-31": "", "2006-12-31": "", "2005-12-31": ""}, "Operating Expenses": {"2020-12-31": "3512.14500", "2019-12-31": "3981.17700", "2018-12-31": "3770.33200", "2017-12-31": "3396.55000", "2016-12-31": "3049.10800", "2015-12-31": "3066.57900", "2014-12-31": "3123.37800", "2013-12-31": "2779.05700", "2012-12-31": "2588.34100", "2011-12-31": "2353.97300", "2010-12-31": "1988.79400", "2009-12-31": "1732.30500", "2008-12-31": "2098.48100", "2007-12-31": "1750.27600", "2006-12-31": "1510.29600", "2005-12-31": "1200.96900"}, "Operating Income": {"2020-12-31": "1027.88400", "2019-12-31": "1177.38000", "2018-12-31": "1075.54000", "2017-12-31": "903.61990", "2016-12-31": "790.97900", "2015-12-31": "907.71580", "2014-12-31": "898.58620", "2013-12-31": "815.07890", "2012-12-31": "745.87180", "2011-12-31": "635.94090", "2010-12-31": "482.15800", "2009-12-31": "366.05000", "2008-12-31": "432.65410", "2007-12-31": "386.57400", "2006-12-31": "308.99400", "2005-12-31": "233.48800"}, "Total Non-Operating Income/Expense": {"2020-12-31": "54.42500", "2019-12-31": "-107.63200", "2018-12-31": "-87.79500", "2017-12-31": "-106.89100", "2016-12-31": "-97.87600", "2015-12-31": "-101.33600", "2014-12-31": "-93.75400", "2013-12-31": "-90.28400", "2012-12-31": "-83.39700", "2011-12-31": "-79.29900", "2010-12-31": "-75.90800", "2009-12-31": "-71.41700", "2008-12-31": "-66.43800", "2007-12-31": "-50.13000", "2006-12-31": "-45.30800", "2005-12-31": "-35.20100"}, "Pre-Tax Income": {"2020-12-31": "1082.30900", "2019-12-31": "1069.74800", "2018-12-31": "987.74500", "2017-12-31": "796.72900", "2016-12-31": "693.10300", "2015-12-31": "806.38000", "2014-12-31": "804.83200", "2013-12-31": "724.79500", "2012-12-31": "662.47500", "2011-12-31": "556.64200", "2010-12-31": "406.25000", "2009-12-31": "294.63300", "2008-12-31": "366.21600", "2007-12-31": "336.44400", "2006-12-31": "263.68600", "2005-12-31": "198.28700"}, "Income Taxes": {"2020-12-31": "209.87000", "2019-12-31": "208.45100", "2018-12-31": "209.81200", "2017-12-31": "115.25900", "2016-12-31": "180.94500", "2015-12-31": "215.52100", "2014-12-31": "220.37200", "2013-12-31": "207.79600", "2012-12-31": "203.34300", "2011-12-31": "172.17800", "2010-12-31": "122.31800", "2009-12-31": "88.86300", "2008-12-31": "119.26400", "2007-12-31": "108.42400", "2006-12-31": "81.75200", "2005-12-31": "61.93000"}, "Income After Taxes": {"2020-12-31": "872.43900", "2019-12-31": "861.29710", "2018-12-31": "777.93300", "2017-12-31": "681.47000", "2016-12-31": "512.15800", "2015-12-31": "590.85900", "2014-12-31": "584.46000", "2013-12-31": "516.99900", "2012-12-31": "459.13200", "2011-12-31": "384.46410", "2010-12-31": "283.93200", "2009-12-31": "205.77000", "2008-12-31": "246.95200", "2007-12-31": "228.02000", "2006-12-31": "181.93400", "2005-12-31": "136.35700"}, "Other Income": {"2020-12-31": "", "2019-12-31": "", "2018-12-31": "", "2017-12-31": "", "2016-12-31": "", "2015-12-31": "", "2014-12-31": "", "2013-12-31": "", "2012-12-31": "", "2011-12-31": "", "2010-12-31": "", "2009-12-31": "", "2008-12-31": "", "2007-12-31": "", "2006-12-31": "", "2005-12-31": ""}, "Income From Continuous Operations": {"2020-12-31": "872.43900", "2019-12-31": "861.29710", "2018-12-31": "777.93300", "2017-12-31": "681.47000", "2016-12-31": "512.15800", "2015-12-31": "590.85900", "2014-12-31": "584.46000", "2013-12-31": "516.99900", "2012-12-31": "459.13200", "2011-12-31": "384.46410", "2010-12-31": "283.93200", "2009-12-31": "205.77000", "2008-12-31": "246.95200", "2007-12-31": "228.02000", "2006-12-31": "181.93400", "2005-12-31": "136.35700"}, "Income From Discontinued Operations": {"2020-12-31": "", "2019-12-31": "", "2018-12-31": "", "2017-12-31": "", "2016-12-31": "", "2015-12-31": "", "2014-12-31": "", "2013-12-31": "", "2012-12-31": "", "2011-12-31": "", "2010-12-31": "", "2009-12-31": "", "2008-12-31": "", "2007-12-31": "", "2006-12-31": "", "2005-12-31": ""}, "Net Income": {"2020-12-31": "872.43900", "2019-12-31": "861.29700", "2018-12-31": "777.93300", "2017-12-31": "681.47000", "2016-12-31": "512.15800", "2015-12-31": "590.85900", "2014-12-31": "584.46000", "2013-12-31": "516.99900", "2012-12-31": "459.13200", "2011-12-31": "384.46400", "2010-12-31": "283.93200", "2009-12-31": "205.77000", "2008-12-31": "246.95200", "2007-12-31": "228.02000", "2006-12-31": "181.93400", "2005-12-31": "136.35700"}, "EBITDA": {"2020-12-31": "1027.88400", "2019-12-31": "1411.42200", "2018-12-31": "1275.03000", "2017-12-31": "1086.84700", "2016-12-31": "970.69500", "2015-12-31": "1057.17600", "2014-12-31": "1037.17000", "2013-12-31": "933.73580", "2012-12-31": "851.34280", "2011-12-31": "722.47290", "2010-12-31": "555.05400", "2009-12-31": "431.55000", "2008-12-31": "495.91500", "2007-12-31": "439.23900", "2006-12-31": "354.92300", "2005-12-31": "272.91600"}, "EBIT": {"2020-12-31": "1027.88400", "2019-12-31": "1177.38000", "2018-12-31": "1075.54000", "2017-12-31": "903.61990", "2016-12-31": "790.97900", "2015-12-31": "907.71580", "2014-12-31": "898.58620", "2013-12-31": "815.07890", "2012-12-31": "745.87180", "2011-12-31": "635.94090", "2010-12-31": "482.15800", "2009-12-31": "366.05000", "2008-12-31": "432.65410", "2007-12-31": "386.57400", "2006-12-31": "308.99400", "2005-12-31": "233.48800"}, "Basic Shares Outstanding": {"2020-12-31": "229.43500", "2019-12-31": "227.75900", "2018-12-31": "230.82300", "2017-12-31": "230.22900", "2016-12-31": "232.59300", "2015-12-31": "239.90600", "2014-12-31": "244.88500", "2013-12-31": "243.91500", "2012-12-31": "241.51200", "2011-12-31": "240.38300", "2010-12-31": "238.58400", "2009-12-31": "240.27300", "2008-12-31": "238.83300", "2007-12-31": "238.12200", "2006-12-31": "235.89230", "2005-12-31": "233.38350"}, "Shares Outstanding": {"2020-12-31": "231.15000", "2019-12-31": "229.39500", "2018-12-31": "232.71200", "2017-12-31": "231.84500", "2016-12-31": "233.73000", "2015-12-31": "241.58600", "2014-12-31": "247.10200", "2013-12-31": "246.06500", "2012-12-31": "243.98600", "2011-12-31": "243.16100", "2010-12-31": "241.32600", "2009-12-31": "242.66250", "2008-12-31": "241.74600", "2007-12-31": "242.05500", "2006-12-31": "239.86800", "2005-12-31": "237.55050"}, "Basic EPS": {"2020-12-31": "3.80000", "2019-12-31": "3.78000", "2018-12-31": "3.37000", "2017-12-31": "2.96000", "2016-12-31": "2.20000", "2015-12-31": "2.46000", "2014-12-31": "2.39000", "2013-12-31": "2.12000", "2012-12-31": "1.90000", "2011-12-31": "1.60000", "2010-12-31": "1.19000", "2009-12-31": "0.85330", "2008-12-31": "1.03330", "2007-12-31": "0.95560", "2006-12-31": "0.77330", "2005-12-31": "0.58220"}, "EPS - Earnings Per Share": {"2020-12-31": "3.77000", "2019-12-31": "3.75000", "2018-12-31": "3.34000", "2017-12-31": "2.94000", "2016-12-31": "2.19000", "2015-12-31": "2.45000", "2014-12-31": "2.37000", "2013-12-31": "2.10000", "2012-12-31": "1.88000", "2011-12-31": "1.58000", "2010-12-31": "1.18000", "2009-12-31": "0.84670", "2008-12-31": "1.02000", "2007-12-31": "0.94220", "2006-12-31": "0.76000", "2005-12-31": "0.57330"}}, "income statement, quarterly": {"Revenue": {"2020-12-31": "1198.94700", "2020-09-30": "1126.94200", "2020-06-30": "1011.92200", "2020-03-31": "1202.21800", "2019-12-31": "1304.82100", "2019-09-30": "1276.63300", "2019-06-30": "1289.41200", "2019-03-31": "1287.69100", "2018-12-31": "1271.32800", "2018-09-30": "1192.96200", "2018-06-30": "1208.93500", "2018-03-31": "1172.64700", "2017-12-31": "1143.08500", "2017-09-30": "1084.79900", "2017-06-30": "1064.60400", "2017-03-31": "1007.68200", "2016-12-31": "972.95280", "2016-09-30": "945.03000", "2016-06-30": "977.70600", "2016-03-31": "944.39800", "2015-12-31": "987.98300", "2015-09-30": "998.52700", "2015-06-30": "1003.72600", "2015-03-31": "984.05900", "2014-12-31": "1024.14300", "2014-09-30": "1031.81100", "2014-06-30": "990.71800", "2014-03-31": "975.29200", "2013-12-31": "942.46780", "2013-09-30": "890.00600", "2013-06-30": "878.80900", "2013-03-31": "882.85300", "2012-12-31": "841.78990", "2012-09-30": "839.37300", "2012-06-30": "825.89800", "2012-03-31": "827.15200", "2011-12-31": "762.75120", "2011-09-30": "750.54600", "2011-06-30": "758.83400", "2011-03-31": "717.78300", "2010-12-31": "677.97500", "2010-09-30": "644.37400", "2010-06-30": "591.94100", "2010-03-31": "556.66200", "2009-12-31": "523.49990", "2009-09-30": "497.06000", "2009-06-30": "524.92900", "2009-03-31": "552.86600", "2008-12-31": "623.74400", "2008-09-30": "647.42300", "2008-06-30": "648.77100", "2008-03-31": "611.19700", "2007-12-31": "583.25010", "2007-09-30": "528.84900", "2007-06-30": "519.46800", "2007-03-31": "505.28300", "2006-12-31": "480.67400", "2006-09-30": "464.16400", "2006-06-30": "450.58500", "2006-03-31": "423.86700", "2005-12-31": "403.78090", "2005-09-30": "344.52900", "2005-06-30": "352.05100", "2005-03-31": "334.09600"}, "Cost Of Goods Sold": {"2020-12-31": "769.96800", "2020-09-30": "732.70500", "2020-06-30": "669.19500", "2020-03-31": "824.64700", "2019-12-31": "858.17490", "2019-09-30": "823.26200", "2019-06-30": "838.15300", "2019-03-31": "851.30700", "2018-12-31": "835.26790", "2018-09-30": "782.99400", "2018-06-30": "791.24800", "2018-03-31": "776.80000", "2017-12-31": "769.65030", "2017-09-30": "722.12700", "2017-06-30": "702.19100", "2017-03-31": "667.40200", "2016-12-31": "691.36290", "2016-09-30": "630.74400", "2016-06-30": "639.71100", "2016-03-31": "623.68100", "2015-12-31": "716.30690", "2015-09-30": "631.79000", "2015-06-30": "633.92500", "2015-03-31": "635.96500", "2014-12-31": "727.18700", "2014-09-30": "677.73900", "2014-06-30": "630.64500", "2014-03-31": "625.17000", "2013-12-31": "609.84510", "2013-09-30": "572.12500", "2013-06-30": "567.59800", "2013-03-31": "574.07400", "2012-12-31": "544.64200", "2012-09-30": "541.45400", "2012-06-30": "531.75300", "2012-03-31": "536.28300", "2011-12-31": "489.75310", "2011-09-30": "493.26600", "2011-06-30": "499.95600", "2011-03-31": "472.80400", "2010-12-31": "446.59390", "2010-09-30": "429.07500", "2010-06-30": "395.49900", "2010-03-31": "375.72400", "2009-12-31": "359.07400", "2009-09-30": "344.65800", "2009-06-30": "361.57800", "2009-03-31": "370.64300", "2008-12-31": "444.41010", "2008-09-30": "437.47600", "2008-06-30": "437.18300", "2008-03-31": "411.01700", "2007-12-31": "394.25100", "2007-09-30": "356.68200", "2007-06-30": "350.23700", "2007-03-31": "343.34400", "2006-12-31": "332.56900", "2006-09-30": "318.27500", "2006-06-30": "308.30800", "2006-03-31": "292.76800", "2005-12-31": "280.69800", "2005-09-30": "234.00700", "2005-06-30": "242.90700", "2005-03-31": "234.17600"}, "Gross Profit": {"2020-12-31": "428.97900", "2020-09-30": "394.23700", "2020-06-30": "342.72700", "2020-03-31": "377.57100", "2019-12-31": "446.64620", "2019-09-30": "453.37100", "2019-06-30": "451.25900", "2019-03-31": "436.38400", "2018-12-31": "436.06020", "2018-09-30": "409.96800", "2018-06-30": "417.68710", "2018-03-31": "395.84700", "2017-12-31": "373.43480", "2017-09-30": "362.67190", "2017-06-30": "362.41300", "2017-03-31": "340.28000", "2016-12-31": "281.58990", "2016-09-30": "314.28600", "2016-06-30": "337.99500", "2016-03-31": "320.71700", "2015-12-31": "271.67600", "2015-09-30": "366.73700", "2015-06-30": "369.80100", "2015-03-31": "348.09400", "2014-12-31": "296.95610", "2014-09-30": "354.07200", "2014-06-30": "360.07300", "2014-03-31": "350.12200", "2013-12-31": "332.62270", "2013-09-30": "317.88100", "2013-06-30": "311.21100", "2013-03-31": "308.77910", "2012-12-31": "297.14790", "2012-09-30": "297.91900", "2012-06-30": "294.14500", "2012-03-31": "290.86900", "2011-12-31": "272.99810", "2011-09-30": "257.28000", "2011-06-30": "258.87800", "2011-03-31": "244.97900", "2010-12-31": "231.38110", "2010-09-30": "215.29900", "2010-06-30": "196.44200", "2010-03-31": "180.93800", "2009-12-31": "164.42590", "2009-09-30": "152.40200", "2009-06-30": "163.35100", "2009-03-31": "182.22300", "2008-12-31": "179.33390", "2008-09-30": "209.94700", "2008-06-30": "211.58800", "2008-03-31": "200.18000", "2007-12-31": "188.99910", "2007-09-30": "172.16700", "2007-06-30": "169.23100", "2007-03-31": "161.93900", "2006-12-31": "148.10500", "2006-09-30": "145.88900", "2006-06-30": "142.27700", "2006-03-31": "131.09900", "2005-12-31": "123.08290", "2005-09-30": "110.52200", "2005-06-30": "109.14400", "2005-03-31": "99.92000"}, "Research And Development Expenses": {"2020-12-31": "", "2020-09-30": "", "2020-06-30": "", "2020-03-31": "", "2019-12-31": "", "2019-09-30": "", "2019-06-30": "", "2019-03-31": "", "2018-12-31": "", "2018-09-30": "", "2018-06-30": "", "2018-03-31": "", "2017-12-31": "", "2017-09-30": "", "2017-06-30": "", "2017-03-31": "", "2016-12-31": "", "2016-09-30": "", "2016-06-30": "", "2016-03-31": "", "2015-12-31": "", "2015-09-30": "", "2015-06-30": "", "2015-03-31": "", "2014-12-31": "", "2014-09-30": "", "2014-06-30": "", "2014-03-31": "", "2013-12-31": "", "2013-09-30": "", "2013-06-30": "", "2013-03-31": "", "2012-12-31": "", "2012-09-30": "", "2012-06-30": "", "2012-03-31": "", "2011-12-31": "", "2011-09-30": "", "2011-06-30": "", "2011-03-31": "", "2010-12-31": "", "2010-09-30": "", "2010-06-30": "", "2010-03-31": "", "2009-12-31": "", "2009-09-30": "", "2009-06-30": "", "2009-03-31": "", "2008-12-31": "", "2008-09-30": "", "2008-06-30": "", "2008-03-31": "", "2007-12-31": "", "2007-09-30": "", "2007-06-30": "", "2007-03-31": "", "2006-12-31": "", "2006-09-30": "", "2006-06-30": "", "2006-03-31": "", "2005-12-31": "", "2005-09-30": "", "2005-06-30": "", "2005-03-31": ""}, "SG&A Expenses": {"2020-12-31": "130.86600", "2020-09-30": "123.49600", "2020-06-30": "115.73700", "2020-03-31": "145.53100", "2019-12-31": "148.99100", "2019-09-30": "152.31500", "2019-06-30": "155.84900", "2019-03-31": "153.12500", "2018-12-31": "154.04000", "2018-09-30": "144.70200", "2018-06-30": "147.60100", "2018-03-31": "137.67900", "2017-12-31": "146.84900", "2017-09-30": "132.63400", "2017-06-30": "132.86400", "2017-03-31": "122.83300", "2016-12-31": "119.28600", "2016-09-30": "113.17000", "2016-06-30": "118.95900", "2016-03-31": "112.19400", "2015-12-31": "112.89000", "2015-09-30": "112.11600", "2015-06-30": "112.70200", "2015-03-31": "110.88400", "2014-12-31": "117.49100", "2014-09-30": "119.20500", "2014-06-30": "113.31600", "2014-03-31": "112.62500", "2013-12-31": "106.68800", "2013-09-30": "98.96900", "2013-06-30": "94.91200", "2013-03-31": "97.60800", "2012-12-31": "93.82900", "2012-09-30": "96.02100", "2012-06-30": "95.64600", "2012-03-31": "95.03600", "2011-12-31": "92.12500", "2011-09-30": "86.01900", "2011-06-30": "89.68500", "2011-03-31": "81.49200", "2010-12-31": "83.22100", "2010-09-30": "75.86900", "2010-06-30": "69.84900", "2010-03-31": "67.54300", "2009-12-31": "64.73800", "2009-09-30": "63.85800", "2009-06-30": "61.01700", "2009-03-31": "64.53000", "2008-12-31": "85.31600", "2008-09-30": "78.21600", "2008-06-30": "85.65300", "2008-03-31": "73.36700", "2007-12-31": "72.87800", "2007-09-30": "65.68700", "2007-06-30": "62.85400", "2007-03-31": "62.05300", "2006-12-31": "59.13000", "2006-09-30": "56.19700", "2006-06-30": "53.31500", "2006-03-31": "50.81200", "2005-12-31": "50.11700", "2005-09-30": "44.83400", "2005-06-30": "41.24000", "2005-03-31": "38.02700"}, "Other Operating Income Or Expenses": {"2020-12-31": "", "2020-09-30": "", "2020-06-30": "", "2020-03-31": "", "2019-12-31": "", "2019-09-30": "", "2019-06-30": "", "2019-03-31": "", "2018-12-31": "", "2018-09-30": "", "2018-06-30": "", "2018-03-31": "", "2017-12-31": "", "2017-09-30": "", "2017-06-30": "", "2017-03-31": "", "2016-12-31": "", "2016-09-30": "", "2016-06-30": "", "2016-03-31": "", "2015-12-31": "", "2015-09-30": "", "2015-06-30": "", "2015-03-31": "", "2014-12-31": "", "2014-09-30": "", "2014-06-30": "", "2014-03-31": "", "2013-12-31": "", "2013-09-30": "", "2013-06-30": "", "2013-03-31": "", "2012-12-31": "", "2012-09-30": "", "2012-06-30": "", "2012-03-31": "", "2011-12-31": "", "2011-09-30": "", "2011-06-30": "", "2011-03-31": "", "2010-12-31": "", "2010-09-30": "", "2010-06-30": "", "2010-03-31": "", "2009-12-31": "", "2009-09-30": "", "2009-06-30": "", "2009-03-31": "", "2008-12-31": "", "2008-09-30": "", "2008-06-30": "", "2008-03-31": "", "2007-12-31": "", "2007-09-30": "", "2007-06-30": "", "2007-03-31": "", "2006-12-31": "", "2006-09-30": "", "2006-06-30": "", "2006-03-31": "", "2005-12-31": "", "2005-09-30": "", "2005-06-30": "", "2005-03-31": ""}, "Operating Expenses": {"2020-12-31": "900.83400", "2020-09-30": "856.20100", "2020-06-30": "784.93200", "2020-03-31": "970.17800", "2019-12-31": "1007.16600", "2019-09-30": "975.57700", "2019-06-30": "994.00200", "2019-03-31": "1004.43200", "2018-12-31": "989.30800", "2018-09-30": "927.69600", "2018-06-30": "938.84900", "2018-03-31": "914.47900", "2017-12-31": "916.49910", "2017-09-30": "854.76100", "2017-06-30": "835.05500", "2017-03-31": "790.23500", "2016-12-31": "810.64890", "2016-09-30": "743.91400", "2016-06-30": "758.67000", "2016-03-31": "735.87500", "2015-12-31": "779.15300", "2015-09-30": "760.91200", "2015-06-30": "763.40700", "2015-03-31": "763.10710", "2014-12-31": "797.05900", "2014-09-30": "813.66800", "2014-06-30": "758.99000", "2014-03-31": "753.66100", "2013-12-31": "731.92310", "2013-09-30": "685.32000", "2013-06-30": "676.19600", "2013-03-31": "685.61790", "2012-12-31": "651.83610", "2012-09-30": "651.20900", "2012-06-30": "640.92000", "2012-03-31": "644.37600", "2011-12-31": "595.37130", "2011-09-30": "590.96000", "2011-06-30": "601.87900", "2011-03-31": "565.76300", "2010-12-31": "542.45100", "2010-09-30": "515.78100", "2010-06-30": "476.34600", "2010-03-31": "454.21600", "2009-12-31": "434.30690", "2009-09-30": "419.58500", "2009-06-30": "431.74900", "2009-03-31": "446.66400", "2008-12-31": "541.49890", "2008-09-30": "527.35800", "2008-06-30": "534.66000", "2008-03-31": "494.96400", "2007-12-31": "479.21410", "2007-09-30": "432.84500", "2007-06-30": "422.85800", "2007-03-31": "415.35900", "2006-12-31": "401.41000", "2006-09-30": "384.33400", "2006-06-30": "371.48600", "2006-03-31": "353.06600", "2005-12-31": "340.41500", "2005-09-30": "287.28700", "2005-06-30": "292.73300", "2005-03-31": "280.53400"}, "Operating Income": {"2020-12-31": "298.11300", "2020-09-30": "270.74100", "2020-06-30": "226.99000", "2020-03-31": "232.04000", "2019-12-31": "297.65500", "2019-09-30": "301.05600", "2019-06-30": "295.41000", "2019-03-31": "283.25900", "2018-12-31": "282.02010", "2018-09-30": "265.26600", "2018-06-30": "270.08610", "2018-03-31": "258.16800", "2017-12-31": "226.58590", "2017-09-30": "230.03800", "2017-06-30": "229.54900", "2017-03-31": "217.44700", "2016-12-31": "162.30390", "2016-09-30": "201.11600", "2016-06-30": "219.03600", "2016-03-31": "208.52300", "2015-12-31": "208.83000", "2015-09-30": "237.61500", "2015-06-30": "240.31900", "2015-03-31": "220.95200", "2014-12-31": "227.08410", "2014-09-30": "218.14300", "2014-06-30": "231.72800", "2014-03-31": "221.63100", "2013-12-31": "210.54470", "2013-09-30": "204.68600", "2013-06-30": "202.61300", "2013-03-31": "197.23510", "2012-12-31": "189.95380", "2012-09-30": "188.16400", "2012-06-30": "184.97800", "2012-03-31": "182.77590", "2011-12-31": "167.37990", "2011-09-30": "159.58610", "2011-06-30": "156.95500", "2011-03-31": "152.02000", "2010-12-31": "135.52400", "2010-09-30": "128.59300", "2010-06-30": "115.59500", "2010-03-31": "102.44600", "2009-12-31": "89.19300", "2009-09-30": "77.47500", "2009-06-30": "93.18000", "2009-03-31": "106.20200", "2008-12-31": "82.24510", "2008-09-30": "120.06490", "2008-06-30": "114.11100", "2008-03-31": "116.23300", "2007-12-31": "104.03600", "2007-09-30": "96.00400", "2007-06-30": "96.61000", "2007-03-31": "89.92400", "2006-12-31": "79.26400", "2006-09-30": "79.83000", "2006-06-30": "79.09900", "2006-03-31": "70.80100", "2005-12-31": "63.36600", "2005-09-30": "57.24200", "2005-06-30": "59.31800", "2005-03-31": "53.56200"}, "Total Non-Operating Income/Expense": {"2020-12-31": "-21.40600", "2020-09-30": "-22.66600", "2020-06-30": "-20.53800", "2020-03-31": "119.03500", "2019-12-31": "-29.67500", "2019-09-30": "-26.82500", "2019-06-30": "-24.81100", "2019-03-31": "-26.32100", "2018-12-31": "-23.25000", "2018-09-30": "-20.33600", "2018-06-30": "-21.86500", "2018-03-31": "-22.34400", "2017-12-31": "-29.06100", "2017-09-30": "-25.61100", "2017-06-30": "-26.19400", "2017-03-31": "-26.02500", "2016-12-31": "-17.05200", "2016-09-30": "-26.86800", "2016-06-30": "-28.47500", "2016-03-31": "-25.48100", "2015-12-31": "-25.99000", "2015-09-30": "-26.00900", "2015-06-30": "-25.17100", "2015-03-31": "-24.16600", "2014-12-31": "-19.55000", "2014-09-30": "-28.18200", "2014-06-30": "-23.30700", "2014-03-31": "-22.71500", "2013-12-31": "-24.08200", "2013-09-30": "-24.53400", "2013-06-30": "-20.82100", "2013-03-31": "-20.84700", "2012-12-31": "-19.15300", "2012-09-30": "-22.47600", "2012-06-30": "-20.69100", "2012-03-31": "-21.07700", "2011-12-31": "-20.40100", "2011-09-30": "-20.54300", "2011-06-30": "-19.72000", "2011-03-31": "-18.63500", "2010-12-31": "-20.51000", "2010-09-30": "-19.77800", "2010-06-30": "-18.35100", "2010-03-31": "-17.26900", "2009-12-31": "-17.61500", "2009-09-30": "-18.08200", "2009-06-30": "-18.14200", "2009-03-31": "-17.57800", "2008-12-31": "-17.27600", "2008-09-30": "-17.07400", "2008-06-30": "-16.25700", "2008-03-31": "-15.83100", "2007-12-31": "-13.51300", "2007-09-30": "-12.60700", "2007-06-30": "-12.53500", "2007-03-31": "-11.47500", "2006-12-31": "-12.44800", "2006-09-30": "-11.14500", "2006-06-30": "-10.89000", "2006-03-31": "-10.82500", "2005-12-31": "-10.59100", "2005-09-30": "-9.07400", "2005-06-30": "-8.06200", "2005-03-31": "-7.47400"}, "Pre-Tax Income": {"2020-12-31": "276.70700", "2020-09-30": "248.07500", "2020-06-30": "206.45200", "2020-03-31": "351.07500", "2019-12-31": "267.98010", "2019-09-30": "274.23100", "2019-06-30": "270.59900", "2019-03-31": "256.93800", "2018-12-31": "258.77000", "2018-09-30": "244.93000", "2018-06-30": "248.22100", "2018-03-31": "235.82400", "2017-12-31": "197.52500", "2017-09-30": "204.42700", "2017-06-30": "203.35500", "2017-03-31": "191.42200", "2016-12-31": "145.25200", "2016-09-30": "174.24800", "2016-06-30": "190.56100", "2016-03-31": "183.04200", "2015-12-31": "182.84000", "2015-09-30": "211.60600", "2015-06-30": "215.14800", "2015-03-31": "196.78600", "2014-12-31": "207.53400", "2014-09-30": "189.96100", "2014-06-30": "208.42100", "2014-03-31": "198.91600", "2013-12-31": "186.46300", "2013-09-30": "180.15200", "2013-06-30": "181.79200", "2013-03-31": "176.38800", "2012-12-31": "170.80100", "2012-09-30": "165.68800", "2012-06-30": "164.28700", "2012-03-31": "161.69900", "2011-12-31": "146.97900", "2011-09-30": "139.04300", "2011-06-30": "137.23500", "2011-03-31": "133.38500", "2010-12-31": "115.01400", "2010-09-30": "108.81500", "2010-06-30": "97.24400", "2010-03-31": "85.17700", "2009-12-31": "71.57800", "2009-09-30": "59.39300", "2009-06-30": "75.03800", "2009-03-31": "88.62400", "2008-12-31": "64.96900", "2008-09-30": "102.99100", "2008-06-30": "97.85400", "2008-03-31": "100.40200", "2007-12-31": "90.52300", "2007-09-30": "83.39700", "2007-06-30": "84.07500", "2007-03-31": "78.44900", "2006-12-31": "66.81600", "2006-09-30": "68.68500", "2006-06-30": "68.20900", "2006-03-31": "59.97600", "2005-12-31": "52.77500", "2005-09-30": "48.16800", "2005-06-30": "51.25600", "2005-03-31": "46.08800"}, "Income Taxes": {"2020-12-31": "55.68200", "2020-09-30": "43.49400", "2020-06-30": "40.23500", "2020-03-31": "70.45900", "2019-12-31": "47.20300", "2019-09-30": "53.48200", "2019-06-30": "55.09600", "2019-03-31": "52.67000", "2018-12-31": "47.25000", "2018-09-30": "53.71700", "2018-06-30": "54.36100", "2018-03-31": "54.48400", "2017-12-31": "-41.00700", "2017-09-30": "50.89600", "2017-06-30": "52.87400", "2017-03-31": "52.49600", "2016-12-31": "36.14400", "2016-09-30": "43.56100", "2016-06-30": "52.36800", "2016-03-31": "48.87200", "2015-12-31": "45.99900", "2015-09-30": "55.20800", "2015-06-30": "59.63500", "2015-03-31": "54.67900", "2014-12-31": "55.53400", "2014-09-30": "48.15000", "2014-06-30": "58.35800", "2014-03-31": "58.33000", "2013-12-31": "50.79500", "2013-09-30": "52.28800", "2013-06-30": "53.47100", "2013-03-31": "51.24200", "2012-12-31": "50.90300", "2012-09-30": "50.29100", "2012-06-30": "50.60000", "2012-03-31": "51.54900", "2011-12-31": "45.07200", "2011-09-30": "41.06500", "2011-06-30": "43.09100", "2011-03-31": "42.95000", "2010-12-31": "33.77500", "2010-09-30": "31.45800", "2010-06-30": "29.85300", "2010-03-31": "27.23200", "2009-12-31": "19.69400", "2009-09-30": "16.37500", "2009-06-30": "23.22500", "2009-03-31": "29.56900", "2008-12-31": "21.14000", "2008-09-30": "32.06700", "2008-06-30": "32.01200", "2008-03-31": "34.04500", "2007-12-31": "28.66000", "2007-09-30": "26.15300", "2007-06-30": "26.06200", "2007-03-31": "27.54900", "2006-12-31": "18.97900", "2006-09-30": "21.31400", "2006-06-30": "21.74100", "2006-03-31": "19.71800", "2005-12-31": "15.87600", "2005-09-30": "13.79900", "2005-06-30": "17.13800", "2005-03-31": "15.11700"}, "Income After Taxes": {"2020-12-31": "221.02500", "2020-09-30": "204.58100", "2020-06-30": "166.21700", "2020-03-31": "280.61600", "2019-12-31": "220.77710", "2019-09-30": "220.74900", "2019-06-30": "215.50300", "2019-03-31": "204.26800", "2018-12-31": "211.52000", "2018-09-30": "191.21300", "2018-06-30": "193.86000", "2018-03-31": "181.34000", "2017-12-31": "238.53200", "2017-09-30": "153.53100", "2017-06-30": "150.48100", "2017-03-31": "138.92600", "2016-12-31": "109.10800", "2016-09-30": "130.68700", "2016-06-30": "138.19300", "2016-03-31": "134.17000", "2015-12-31": "136.84100", "2015-09-30": "156.39800", "2015-06-30": "155.51300", "2015-03-31": "142.10700", "2014-12-31": "151.99990", "2014-09-30": "141.81100", "2014-06-30": "150.06300", "2014-03-31": "140.58600", "2013-12-31": "135.66790", "2013-09-30": "127.86400", "2013-06-30": "128.32100", "2013-03-31": "125.14600", "2012-12-31": "119.89790", "2012-09-30": "115.39700", "2012-06-30": "113.68700", "2012-03-31": "110.15000", "2011-12-31": "101.90710", "2011-09-30": "97.97800", "2011-06-30": "94.14400", "2011-03-31": "90.43500", "2010-12-31": "81.23900", "2010-09-30": "77.35700", "2010-06-30": "67.39100", "2010-03-31": "57.94500", "2009-12-31": "51.88400", "2009-09-30": "43.01800", "2009-06-30": "51.81300", "2009-03-31": "59.05500", "2008-12-31": "43.82900", "2008-09-30": "70.92400", "2008-06-30": "65.84200", "2008-03-31": "66.35700", "2007-12-31": "61.86300", "2007-09-30": "57.24400", "2007-06-30": "58.01300", "2007-03-31": "50.90000", "2006-12-31": "47.83700", "2006-09-30": "47.37100", "2006-06-30": "46.46800", "2006-03-31": "40.25800", "2005-12-31": "36.89900", "2005-09-30": "34.36900", "2005-06-30": "34.11800", "2005-03-31": "30.97100"}, "Other Income": {"2020-12-31": "", "2020-09-30": "", "2020-06-30": "", "2020-03-31": "", "2019-12-31": "", "2019-09-30": "", "2019-06-30": "", "2019-03-31": "", "2018-12-31": "", "2018-09-30": "", "2018-06-30": "", "2018-03-31": "", "2017-12-31": "", "2017-09-30": "", "2017-06-30": "", "2017-03-31": "", "2016-12-31": "", "2016-09-30": "", "2016-06-30": "", "2016-03-31": "", "2015-12-31": "", "2015-09-30": "", "2015-06-30": "", "2015-03-31": "", "2014-12-31": "", "2014-09-30": "", "2014-06-30": "", "2014-03-31": "", "2013-12-31": "", "2013-09-30": "", "2013-06-30": "", "2013-03-31": "", "2012-12-31": "", "2012-09-30": "", "2012-06-30": "", "2012-03-31": "", "2011-12-31": "", "2011-09-30": "", "2011-06-30": "", "2011-03-31": "", "2010-12-31": "", "2010-09-30": "", "2010-06-30": "", "2010-03-31": "", "2009-12-31": "", "2009-09-30": "", "2009-06-30": "", "2009-03-31": "", "2008-12-31": "", "2008-09-30": "", "2008-06-30": "", "2008-03-31": "", "2007-12-31": "", "2007-09-30": "", "2007-06-30": "", "2007-03-31": "", "2006-12-31": "", "2006-09-30": "", "2006-06-30": "", "2006-03-31": "", "2005-12-31": "", "2005-09-30": "", "2005-06-30": "", "2005-03-31": ""}, "Income From Continuous Operations": {"2020-12-31": "221.02500", "2020-09-30": "204.58100", "2020-06-30": "166.21700", "2020-03-31": "280.61600", "2019-12-31": "220.77710", "2019-09-30": "220.74900", "2019-06-30": "215.50300", "2019-03-31": "204.26800", "2018-12-31": "211.52000", "2018-09-30": "191.21300", "2018-06-30": "193.86000", "2018-03-31": "181.34000", "2017-12-31": "238.53200", "2017-09-30": "153.53100", "2017-06-30": "150.48100", "2017-03-31": "138.92600", "2016-12-31": "109.10800", "2016-09-30": "130.68700", "2016-06-30": "138.19300", "2016-03-31": "134.17000", "2015-12-31": "136.84100", "2015-09-30": "156.39800", "2015-06-30": "155.51300", "2015-03-31": "142.10700", "2014-12-31": "151.99990", "2014-09-30": "141.81100", "2014-06-30": "150.06300", "2014-03-31": "140.58600", "2013-12-31": "135.66790", "2013-09-30": "127.86400", "2013-06-30": "128.32100", "2013-03-31": "125.14600", "2012-12-31": "119.89790", "2012-09-30": "115.39700", "2012-06-30": "113.68700", "2012-03-31": "110.15000", "2011-12-31": "101.90710", "2011-09-30": "97.97800", "2011-06-30": "94.14400", "2011-03-31": "90.43500", "2010-12-31": "81.23900", "2010-09-30": "77.35700", "2010-06-30": "67.39100", "2010-03-31": "57.94500", "2009-12-31": "51.88400", "2009-09-30": "43.01800", "2009-06-30": "51.81300", "2009-03-31": "59.05500", "2008-12-31": "43.82900", "2008-09-30": "70.92400", "2008-06-30": "65.84200", "2008-03-31": "66.35700", "2007-12-31": "61.86300", "2007-09-30": "57.24400", "2007-06-30": "58.01300", "2007-03-31": "50.90000", "2006-12-31": "47.83700", "2006-09-30": "47.37100", "2006-06-30": "46.46800", "2006-03-31": "40.25800", "2005-12-31": "36.89900", "2005-09-30": "34.36900", "2005-06-30": "34.11800", "2005-03-31": "30.97100"}, "Income From Discontinued Operations": {"2020-12-31": "", "2020-09-30": "", "2020-06-30": "", "2020-03-31": "", "2019-12-31": "", "2019-09-30": "", "2019-06-30": "", "2019-03-31": "", "2018-12-31": "", "2018-09-30": "", "2018-06-30": "", "2018-03-31": "", "2017-12-31": "", "2017-09-30": "", "2017-06-30": "", "2017-03-31": "", "2016-12-31": "", "2016-09-30": "", "2016-06-30": "", "2016-03-31": "", "2015-12-31": "", "2015-09-30": "", "2015-06-30": "", "2015-03-31": "", "2014-12-31": "", "2014-09-30": "", "2014-06-30": "", "2014-03-31": "", "2013-12-31": "", "2013-09-30": "", "2013-06-30": "", "2013-03-31": "", "2012-12-31": "", "2012-09-30": "", "2012-06-30": "", "2012-03-31": "", "2011-12-31": "", "2011-09-30": "", "2011-06-30": "", "2011-03-31": "", "2010-12-31": "", "2010-09-30": "", "2010-06-30": "", "2010-03-31": "", "2009-12-31": "", "2009-09-30": "", "2009-06-30": "", "2009-03-31": "", "2008-12-31": "", "2008-09-30": "", "2008-06-30": "", "2008-03-31": "", "2007-12-31": "", "2007-09-30": "", "2007-06-30": "", "2007-03-31": "", "2006-12-31": "", "2006-09-30": "", "2006-06-30": "", "2006-03-31": "", "2005-12-31": "", "2005-09-30": "", "2005-06-30": "", "2005-03-31": ""}, "Net Income": {"2020-12-31": "221.02500", "2020-09-30": "204.58100", "2020-06-30": "166.21700", "2020-03-31": "280.61600", "2019-12-31": "220.77700", "2019-09-30": "220.74900", "2019-06-30": "215.50300", "2019-03-31": "204.26800", "2018-12-31": "211.52000", "2018-09-30": "191.21300", "2018-06-30": "193.86000", "2018-03-31": "181.34000", "2017-12-31": "238.53200", "2017-09-30": "153.53100", "2017-06-30": "150.48100", "2017-03-31": "138.92600", "2016-12-31": "109.10800", "2016-09-30": "130.68700", "2016-06-30": "138.19300", "2016-03-31": "134.17000", "2015-12-31": "136.84100", "2015-09-30": "156.39800", "2015-06-30": "155.51300", "2015-03-31": "142.10700", "2014-12-31": "152.00000", "2014-09-30": "141.81100", "2014-06-30": "150.06300", "2014-03-31": "140.58600", "2013-12-31": "135.66800", "2013-09-30": "127.86400", "2013-06-30": "128.32100", "2013-03-31": "125.14600", "2012-12-31": "119.89800", "2012-09-30": "115.39700", "2012-06-30": "113.68700", "2012-03-31": "110.15000", "2011-12-31": "101.90700", "2011-09-30": "97.97800", "2011-06-30": "94.14400", "2011-03-31": "90.43500", "2010-12-31": "81.23900", "2010-09-30": "77.35700", "2010-06-30": "67.39100", "2010-03-31": "57.94500", "2009-12-31": "51.88400", "2009-09-30": "43.01800", "2009-06-30": "51.81300", "2009-03-31": "59.05500", "2008-12-31": "43.82900", "2008-09-30": "70.92400", "2008-06-30": "65.84200", "2008-03-31": "66.35700", "2007-12-31": "61.86300", "2007-09-30": "57.24400", "2007-06-30": "58.01300", "2007-03-31": "50.90000", "2006-12-31": "47.83700", "2006-09-30": "47.37100", "2006-06-30": "46.46800", "2006-03-31": "40.25800", "2005-12-31": "36.89900", "2005-09-30": "34.36900", "2005-06-30": "34.11800", "2005-03-31": "30.97100"}, "EBITDA": {"2020-12-31": "", "2020-09-30": "333.73500", "2020-06-30": "288.32700", "2020-03-31": "298.10710", "2019-12-31": "361.76200", "2019-09-30": "356.31800", "2019-06-30": "352.58300", "2019-03-31": "340.75900", "2018-12-31": "335.60310", "2018-09-30": "313.39600", "2018-06-30": "319.02910", "2018-03-31": "307.00200", "2017-12-31": "278.80790", "2017-09-30": "274.65900", "2017-06-30": "273.39200", "2017-03-31": "259.98800", "2016-12-31": "219.05190", "2016-09-30": "243.14700", "2016-06-30": "259.88700", "2016-03-31": "248.60900", "2015-12-31": "248.25900", "2015-09-30": "275.32900", "2015-06-30": "277.37600", "2015-03-31": "256.21200", "2014-12-31": "262.86810", "2014-09-30": "254.76400", "2014-06-30": "264.65700", "2014-03-31": "254.88100", "2013-12-31": "242.26070", "2013-09-30": "234.23100", "2013-06-30": "231.17100", "2013-03-31": "226.07310", "2012-12-31": "217.57980", "2012-09-30": "215.27400", "2012-06-30": "210.72400", "2012-03-31": "207.76490", "2011-12-31": "191.38490", "2011-09-30": "180.85310", "2011-06-30": "178.36100", "2011-03-31": "171.87400", "2010-12-31": "156.30700", "2010-09-30": "147.04600", "2010-06-30": "132.46800", "2010-03-31": "119.23300", "2009-12-31": "106.37700", "2009-09-30": "94.11400", "2009-06-30": "108.21600", "2009-03-31": "122.84300", "2008-12-31": "99.22410", "2008-09-30": "136.27090", "2008-06-30": "130.02300", "2008-03-31": "130.39700", "2007-12-31": "119.07500", "2007-09-30": "109.27300", "2007-06-30": "108.81400", "2007-03-31": "102.07700", "2006-12-31": "90.82200", "2006-09-30": "91.79600", "2006-06-30": "90.49900", "2006-03-31": "81.80600", "2005-12-31": "74.53500", "2005-09-30": "66.79300", "2005-06-30": "68.76900", "2005-03-31": "62.81900"}, "EBIT": {"2020-12-31": "298.11300", "2020-09-30": "270.74100", "2020-06-30": "226.99000", "2020-03-31": "232.04000", "2019-12-31": "297.65510", "2019-09-30": "301.05600", "2019-06-30": "295.41000", "2019-03-31": "283.25900", "2018-12-31": "282.02000", "2018-09-30": "265.26600", "2018-06-30": "270.08610", "2018-03-31": "258.16800", "2017-12-31": "226.58590", "2017-09-30": "230.03800", "2017-06-30": "229.54900", "2017-03-31": "217.44700", "2016-12-31": "162.30400", "2016-09-30": "201.11600", "2016-06-30": "219.03600", "2016-03-31": "208.52300", "2015-12-31": "208.82990", "2015-09-30": "237.61500", "2015-06-30": "240.31900", "2015-03-31": "220.95200", "2014-12-31": "227.08420", "2014-09-30": "218.14300", "2014-06-30": "231.72800", "2014-03-31": "221.63100", "2013-12-31": "210.54470", "2013-09-30": "204.68600", "2013-06-30": "202.61300", "2013-03-31": "197.23510", "2012-12-31": "189.95390", "2012-09-30": "188.16400", "2012-06-30": "184.97800", "2012-03-31": "182.77590", "2011-12-31": "167.37980", "2011-09-30": "159.58610", "2011-06-30": "156.95500", "2011-03-31": "152.02000", "2010-12-31": "135.52400", "2010-09-30": "128.59300", "2010-06-30": "115.59500", "2010-03-31": "102.44600", "2009-12-31": "89.19300", "2009-09-30": "77.47500", "2009-06-30": "93.18000", "2009-03-31": "106.20200", "2008-12-31": "82.24510", "2008-09-30": "120.06490", "2008-06-30": "114.11100", "2008-03-31": "116.23300", "2007-12-31": "104.03600", "2007-09-30": "96.00400", "2007-06-30": "96.61000", "2007-03-31": "89.92400", "2006-12-31": "79.26400", "2006-09-30": "79.83000", "2006-06-30": "79.09900", "2006-03-31": "70.80100", "2005-12-31": "63.36600", "2005-09-30": "57.24200", "2005-06-30": "59.31800", "2005-03-31": "53.56200"}, "Basic Shares Outstanding": {"2020-12-31": "229.97800", "2020-09-30": "229.57600", "2020-06-30": "229.22500", "2020-03-31": "228.96200", "2019-12-31": "227.75900", "2019-09-30": "228.04100", "2019-06-30": "227.57700", "2019-03-31": "226.86100", "2018-12-31": "230.82300", "2018-09-30": "231.50200", "2018-06-30": "231.25200", "2018-03-31": "230.92800", "2017-12-31": "230.22900", "2017-09-30": "230.43900", "2017-06-30": "230.15800", "2017-03-31": "229.54800", "2016-12-31": "232.59300", "2016-09-30": "231.89400", "2016-06-30": "233.28500", "2016-03-31": "234.98300", "2015-12-31": "239.90600", "2015-09-30": "239.95900", "2015-06-30": "241.49800", "2015-03-31": "240.94700", "2014-12-31": "244.88500", "2014-09-30": "245.43900", "2014-06-30": "245.20100", "2014-03-31": "244.91100", "2013-12-31": "243.91500", "2013-09-30": "244.04900", "2013-06-30": "243.66600", "2013-03-31": "243.28500", "2012-12-31": "241.51200", "2012-09-30": "242.13800", "2012-06-30": "241.16800", "2012-03-31": "240.18600", "2011-12-31": "240.38300", "2011-09-30": "241.38600", "2011-06-30": "240.60900", "2011-03-31": "239.59200", "2010-12-31": "238.58400", "2010-09-30": "237.96750", "2010-06-30": "237.75150", "2010-03-31": "239.89200", "2009-12-31": "240.27300", "2009-09-30": "240.43950", "2009-06-30": "240.09300", "2009-03-31": "239.44500", "2008-12-31": "238.83300", "2008-09-30": "239.26730", "2008-06-30": "238.38750", "2008-03-31": "238.36950", "2007-12-31": "238.12200", "2007-09-30": "238.80600", "2007-06-30": "237.74620", "2007-03-31": "236.53130", "2006-12-31": "235.89230", "2006-09-30": "235.50070", "2006-06-30": "236.53800", "2006-03-31": "235.88550", "2005-12-31": "233.38350", "2005-09-30": "233.69170", "2005-06-30": "233.12810", "2005-03-31": "231.87600"}, "Shares Outstanding": {"2020-12-31": "231.89000", "2020-09-30": "231.46000", "2020-06-30": "230.38100", "2020-03-31": "230.87200", "2019-12-31": "229.39500", "2019-09-30": "229.56000", "2019-06-30": "229.32800", "2019-03-31": "228.68600", "2018-12-31": "232.71200", "2018-09-30": "233.25000", "2018-06-30": "233.29700", "2018-03-31": "232.96500", "2017-12-31": "231.84500", "2017-09-30": "232.25300", "2017-06-30": "231.58800", "2017-03-31": "231.00400", "2016-12-31": "233.73000", "2016-09-30": "232.72100", "2016-06-30": "234.79000", "2016-03-31": "236.21600", "2015-12-31": "241.58600", "2015-09-30": "241.23800", "2015-06-30": "243.62100", "2015-03-31": "242.79700", "2014-12-31": "247.10200", "2014-09-30": "247.64300", "2014-06-30": "247.40300", "2014-03-31": "247.22900", "2013-12-31": "246.06500", "2013-09-30": "245.93000", "2013-06-30": "246.10400", "2013-03-31": "245.41100", "2012-12-31": "243.98600", "2012-09-30": "244.22900", "2012-06-30": "243.12100", "2012-03-31": "243.30700", "2011-12-31": "243.16100", "2011-09-30": "243.77100", "2011-06-30": "243.32200", "2011-03-31": "243.27900", "2010-12-31": "241.32600", "2010-09-30": "241.08450", "2010-06-30": "240.00450", "2010-03-31": "242.03250", "2009-12-31": "242.66250", "2009-09-30": "242.43300", "2009-06-30": "242.89880", "2009-03-31": "241.47220", "2008-12-31": "241.74600", "2008-09-30": "242.04830", "2008-06-30": "241.82100", "2008-03-31": "242.43530", "2007-12-31": "242.05500", "2007-09-30": "242.46900", "2007-06-30": "241.72420", "2007-03-31": "240.48220", "2006-12-31": "239.86800", "2006-09-30": "239.24700", "2006-06-30": "240.41020", "2006-03-31": "240.04120", "2005-12-31": "237.55050", "2005-09-30": "237.99820", "2005-06-30": "237.15450", "2005-03-31": "236.08460"}, "Basic EPS": {"2020-12-31": "0.96000", "2020-09-30": "0.89000", "2020-06-30": "0.73000", "2020-03-31": "1.23000", "2019-12-31": "0.96000", "2019-09-30": "0.97000", "2019-06-30": "0.95000", "2019-03-31": "0.90000", "2018-12-31": "0.91000", "2018-09-30": "0.83000", "2018-06-30": "0.84000", "2018-03-31": "0.79000", "2017-12-31": "1.03000", "2017-09-30": "0.67000", "2017-06-30": "0.65000", "2017-03-31": "0.61000", "2016-12-31": "0.48000", "2016-09-30": "0.56000", "2016-06-30": "0.59000", "2016-03-31": "0.57000", "2015-12-31": "0.58000", "2015-09-30": "0.65000", "2015-06-30": "0.64000", "2015-03-31": "0.59000", "2014-12-31": "0.63000", "2014-09-30": "0.58000", "2014-06-30": "0.61000", "2014-03-31": "0.57000", "2013-12-31": "0.56000", "2013-09-30": "0.52000", "2013-06-30": "0.53000", "2013-03-31": "0.51000", "2012-12-31": "0.49000", "2012-09-30": "0.48000", "2012-06-30": "0.47000", "2012-03-31": "0.46000", "2011-12-31": "0.42000", "2011-09-30": "0.41000", "2011-06-30": "0.39000", "2011-03-31": "0.38000", "2010-12-31": "0.33670", "2010-09-30": "0.32670", "2010-06-30": "0.28670", "2010-03-31": "0.24000", "2009-12-31": "0.21330", "2009-09-30": "0.17780", "2009-06-30": "0.21780", "2009-03-31": "0.24440", "2008-12-31": "0.18000", "2008-09-30": "0.29780", "2008-06-30": "0.27560", "2008-03-31": "0.28000", "2007-12-31": "0.25780", "2007-09-30": "0.24000", "2007-06-30": "0.24440", "2007-03-31": "0.21330", "2006-12-31": "0.20890", "2006-09-30": "0.20000", "2006-06-30": "0.19560", "2006-03-31": "0.16890", "2005-12-31": "0.15560", "2005-09-30": "0.14810", "2005-06-30": "0.14520", "2005-03-31": "0.13330"}, "EPS - Earnings Per Share": {"2020-12-31": "0.95000", "2020-09-30": "0.88000", "2020-06-30": "0.72000", "2020-03-31": "1.22000", "2019-12-31": "0.96000", "2019-09-30": "0.96000", "2019-06-30": "0.94000", "2019-03-31": "0.89000", "2018-12-31": "0.91000", "2018-09-30": "0.82000", "2018-06-30": "0.83000", "2018-03-31": "0.78000", "2017-12-31": "1.03000", "2017-09-30": "0.66000", "2017-06-30": "0.65000", "2017-03-31": "0.60000", "2016-12-31": "0.47000", "2016-09-30": "0.56000", "2016-06-30": "0.59000", "2016-03-31": "0.57000", "2015-12-31": "0.57000", "2015-09-30": "0.65000", "2015-06-30": "0.64000", "2015-03-31": "0.59000", "2014-12-31": "0.62000", "2014-09-30": "0.57000", "2014-06-30": "0.61000", "2014-03-31": "0.57000", "2013-12-31": "0.55000", "2013-09-30": "0.52000", "2013-06-30": "0.52000", "2013-03-31": "0.51000", "2012-12-31": "0.49000", "2012-09-30": "0.47000", "2012-06-30": "0.47000", "2012-03-31": "0.45000", "2011-12-31": "0.41670", "2011-09-30": "0.40000", "2011-06-30": "0.39000", "2011-03-31": "0.37330", "2010-12-31": "0.34000", "2010-09-30": "0.32000", "2010-06-30": "0.28000", "2010-03-31": "0.24000", "2009-12-31": "0.21110", "2009-09-30": "0.17780", "2009-06-30": "0.21330", "2009-03-31": "0.24440", "2008-12-31": "0.18000", "2008-09-30": "0.29330", "2008-06-30": "0.27110", "2008-03-31": "0.27560", "2007-12-31": "0.25330", "2007-09-30": "0.23560", "2007-06-30": "0.24000", "2007-03-31": "0.21330", "2006-12-31": "0.20000", "2006-09-30": "0.20000", "2006-06-30": "0.19110", "2006-03-31": "0.16890", "2005-12-31": "0.15260", "2005-09-30": "0.14520", "2005-06-30": "0.14520", "2005-03-31": "0.13040"}}, "balance sheet": {"Cash On Hand": {"2020-12-31": "1212.82200", "2019-12-31": "393.03000", "2018-12-31": "353.97500", "2017-12-31": "646.30000", "2016-12-31": "717.25900", "2015-12-31": "381.00500", "2014-12-31": "377.61500", "2013-12-31": "295.20300", "2012-12-31": "157.98400", "2011-12-31": "170.39200", "2010-12-31": "168.85300", "2009-12-31": "251.35000", "2008-12-31": "91.21000", "2007-12-31": "180.98100", "2006-12-31": "58.22000", "2005-12-31": "43.78800"}, "Receivables": {"2020-12-31": "597.47200", "2019-12-31": "744.76000", "2018-12-31": "732.83900", "2017-12-31": "668.17600", "2016-12-31": "592.32600", "2015-12-31": "603.29500", "2014-12-31": "585.46200", "2013-12-31": "536.70100", "2012-12-31": "507.85000", "2011-12-31": "438.24500", "2010-12-31": "399.91300", "2009-12-31": "331.38300", "2008-12-31": "406.01200", "2007-12-31": "395.63100", "2006-12-31": "328.76200", "2005-12-31": "269.39500"}, "Inventory": {"2020-12-31": "559.17100", "2019-12-31": "624.56700", "2018-12-31": "624.74400", "2017-12-31": "540.50400", "2016-12-31": "492.10400", "2015-12-31": "514.45100", "2014-12-31": "495.89600", "2013-12-31": "452.84800", "2012-12-31": "428.93500", "2011-12-31": "380.47100", "2010-12-31": "335.25300", "2009-12-31": "311.54200", "2008-12-31": "349.50900", "2007-12-31": "301.67900", "2006-12-31": "236.78300", "2005-12-31": "193.09900"}, "Pre-Paid Expenses": {"2020-12-31": "", "2019-12-31": "", "2018-12-31": "", "2017-12-31": "", "2016-12-31": "", "2015-12-31": "", "2014-12-31": "", "2013-12-31": "", "2012-12-31": "", "2011-12-31": "", "2010-12-31": "", "2009-12-31": "", "2008-12-31": "", "2007-12-31": "", "2006-12-31": "", "2005-12-31": ""}, "Other Current Assets": {"2020-12-31": "153.00500", "2019-12-31": "263.41400", "2018-12-31": "124.58600", "2017-12-31": "79.67500", "2016-12-31": "76.49700", "2015-12-31": "73.35200", "2014-12-31": "74.57800", "2013-12-31": "45.56200", "2012-12-31": "36.67300", "2011-12-31": "40.74300", "2010-12-31": "43.36700", "2009-12-31": "44.48600", "2008-12-31": "76.93600", "2007-12-31": "50.61900", "2006-12-31": "33.77500", "2005-12-31": "28.87100"}, "Total Current Assets": {"2020-12-31": "2522.47000", "2019-12-31": "2025.77100", "2018-12-31": "1836.14400", "2017-12-31": "1934.65500", "2016-12-31": "1928.19000", "2015-12-31": "1618.82700", "2014-12-31": "1578.60400", "2013-12-31": "1369.12900", "2012-12-31": "1164.74300", "2011-12-31": "1059.11900", "2010-12-31": "974.49200", "2009-12-31": "969.43000", "2008-12-31": "954.58600", "2007-12-31": "952.20400", "2006-12-31": "684.06300", "2005-12-31": "556.30700"}, "Property, Plant, And Equipment": {"2020-12-31": "526.53000", "2019-12-31": "548.90800", "2018-12-31": "554.13000", "2017-12-31": "493.29600", "2016-12-31": "473.23000", "2015-12-31": "484.54800", "2014-12-31": "448.44600", "2013-12-31": "402.79000", "2012-12-31": "383.48300", "2011-12-31": "325.32900", "2010-12-31": "318.12600", "2009-12-31": "310.05300", "2008-12-31": "307.90800", "2007-12-31": "293.10700", "2006-12-31": "258.00800", "2005-12-31": "228.45000"}, "Long-Term Investments": {"2020-12-31": "", "2019-12-31": "279.79000", "2018-12-31": "256.21000", "2017-12-31": "239.12900", "2016-12-31": "146.28300", "2015-12-31": "177.48100", "2014-12-31": "154.32200", "2013-12-31": "223.69400", "2012-12-31": "123.86400", "2011-12-31": "145.84800", "2010-12-31": "191.09600", "2009-12-31": "167.37000", "2008-12-31": "111.21100", "2007-12-31": "142.30700", "2006-12-31": "107.64400", "2005-12-31": "92.71000"}, "Goodwill And Intangible Assets": {"2020-12-31": "7141.25000", "2019-12-31": "6810.41100", "2018-12-31": "6015.80400", "2017-12-31": "5128.98400", "2016-12-31": "4552.97100", "2015-12-31": "4379.59400", "2014-12-31": "4239.59100", "2013-12-31": "3882.28900", "2012-12-31": "3517.96600", "2011-12-31": "2789.19400", "2010-12-31": "2335.20100", "2009-12-31": "1799.17900", "2008-12-31": "1681.83700", "2007-12-31": "1358.08200", "2006-12-31": "1081.16100", "2005-12-31": "903.13300"}, "Other Long-Term Assets": {"2020-12-31": "", "2019-12-31": "", "2018-12-31": "", "2017-12-31": "", "2016-12-31": "", "2015-12-31": "", "2014-12-31": "", "2013-12-31": "", "2012-12-31": "", "2011-12-31": "", "2010-12-31": "", "2009-12-31": "", "2008-12-31": "", "2007-12-31": "", "2006-12-31": "", "2005-12-31": ""}, "Total Long-Term Assets": {"2020-12-31": "7835.01300", "2019-12-31": "7818.78900", "2018-12-31": "6826.14400", "2017-12-31": "5861.40900", "2016-12-31": "5172.48400", "2015-12-31": "5041.62300", "2014-12-31": "4842.35900", "2013-12-31": "4508.77300", "2012-12-31": "4025.31300", "2011-12-31": "3260.37100", "2010-12-31": "2844.42300", "2009-12-31": "2276.60200", "2008-12-31": "2100.95600", "2007-12-31": "1793.49600", "2006-12-31": "1446.81300", "2005-12-31": "1224.29300"}, "Total Assets": {"2020-12-31": "10357.48000", "2019-12-31": "9844.55900", "2018-12-31": "8662.28800", "2017-12-31": "7796.06400", "2016-12-31": "7100.67400", "2015-12-31": "6660.45000", "2014-12-31": "6420.96300", "2013-12-31": "5877.90200", "2012-12-31": "5190.05600", "2011-12-31": "4319.49000", "2010-12-31": "3818.91500", "2009-12-31": "3246.03200", "2008-12-31": "3055.54200", "2007-12-31": "2745.70000", "2006-12-31": "2130.87600", "2005-12-31": "1780.60000"}, "Total Current Liabilities": {"2020-12-31": "1075.91500", "2019-12-31": "1425.85800", "2018-12-31": "1258.70400", "2017-12-31": "1138.66300", "2016-12-31": "924.44100", "2015-12-31": "1024.02100", "2014-12-31": "936.14400", "2013-12-31": "874.54500", "2012-12-31": "879.96900", "2011-12-31": "628.87500", "2010-12-31": "550.85900", "2009-12-31": "424.28200", "2008-12-31": "447.51300", "2007-12-31": "640.75000", "2006-12-31": "480.90000", "2005-12-31": "405.79200"}, "Long Term Debt": {"2020-12-31": "2281.44100", "2019-12-31": "2271.29200", "2018-12-31": "2273.83700", "2017-12-31": "1866.16600", "2016-12-31": "2062.64400", "2015-12-31": "1553.11600", "2014-12-31": "1427.82500", "2013-12-31": "1141.75000", "2012-12-31": "1133.12100", "2011-12-31": "1123.41600", "2010-12-31": "1071.36000", "2009-12-31": "955.88000", "2008-12-31": "1093.24300", "2007-12-31": "666.95300", "2006-12-31": "518.26700", "2005-12-31": "475.30900"}, "Other Non-Current Liabilities": {"2020-12-31": "", "2019-12-31": "495.77700", "2018-12-31": "359.48900", "2017-12-31": "251.07600", "2016-12-31": "235.30000", "2015-12-31": "204.64100", "2014-12-31": "199.04800", "2013-12-31": "166.93100", "2012-12-31": "158.96300", "2011-12-31": "125.30600", "2010-12-31": "110.02600", "2009-12-31": "92.49200", "2008-12-31": "82.07300", "2007-12-31": "80.72200", "2006-12-31": "99.95600", "2005-12-31": "39.03700"}, "Total Long Term Liabilities": {"2020-12-31": "3332.22200", "2019-12-31": "3303.20900", "2018-12-31": "3161.66200", "2017-12-31": "2629.76800", "2016-12-31": "2919.72000", "2015-12-31": "2381.80300", "2014-12-31": "2245.25800", "2013-12-31": "1867.23600", "2012-12-31": "1774.93600", "2011-12-31": "1637.81000", "2010-12-31": "1492.85200", "2009-12-31": "1254.72600", "2008-12-31": "1320.25700", "2007-12-31": "864.24300", "2006-12-31": "683.30400", "2005-12-31": "565.28800"}, "Total Liabilities": {"2020-12-31": "4408.13700", "2019-12-31": "4729.06700", "2018-12-31": "4420.36600", "2017-12-31": "3768.43100", "2016-12-31": "3844.16100", "2015-12-31": "3405.82400", "2014-12-31": "3181.40200", "2013-12-31": "2741.78100", "2012-12-31": "2654.90500", "2011-12-31": "2266.68500", "2010-12-31": "2043.71100", "2009-12-31": "1679.00800", "2008-12-31": "1767.77000", "2007-12-31": "1504.99300", "2006-12-31": "1164.20400", "2005-12-31": "971.08000"}, "Common Stock Net": {"2020-12-31": "", "2019-12-31": "2.66200", "2018-12-31": "2.64000", "2017-12-31": "2.63100", "2016-12-31": "2.61500", "2015-12-31": "2.60800", "2014-12-31": "2.58900", "2013-12-31": "2.58100", "2012-12-31": "2.56500", "2011-12-31": "2.53800", "2010-12-31": "1.68100", "2009-12-31": "1.66500", "2008-12-31": "1.10200", "2007-12-31": "1.09700", "2006-12-31": "1.08500", "2005-12-31": "1.07500"}, "Retained Earnings (Accumulated Deficit)": {"2020-12-31": "", "2019-12-31": "6387.61200", "2018-12-31": "5653.81100", "2017-12-31": "5002.41900", "2016-12-31": "4403.68300", "2015-12-31": "3974.79300", "2014-12-31": "3469.92300", "2013-12-31": "2966.01500", "2012-12-31": "2507.41900", "2011-12-31": "2101.61500", "2010-12-31": "1755.74200", "2009-12-31": "1500.47100", "2008-12-31": "1320.47000", "2007-12-31": "1099.11100", "2006-12-31": "902.37900", "2005-12-31": "739.52200"}, "Comprehensive Income": {"2020-12-31": "", "2019-12-31": "-533.13900", "2018-12-31": "-551.08800", "2017-12-31": "-429.17600", "2016-12-31": "-542.38900", "2015-12-31": "-405.63100", "2014-12-31": "-266.89400", "2013-12-31": "-65.23900", "2012-12-31": "-151.33000", "2011-12-31": "-157.26300", "2010-12-31": "-91.95800", "2009-12-31": "-75.28100", "2008-12-31": "-144.76700", "2007-12-31": "5.37000", "2006-12-31": "-33.55200", "2005-12-31": "-20.91600"}, "Other Share Holders Equity": {"2020-12-31": "", "2019-12-31": "", "2018-12-31": "", "2017-12-31": "", "2016-12-31": "", "2015-12-31": "", "2014-12-31": "", "2013-12-31": "", "2012-12-31": "", "2011-12-31": "", "2010-12-31": "", "2009-12-31": "", "2008-12-31": "", "2007-12-31": "", "2006-12-31": "", "2005-12-31": ""}, "Share Holder Equity": {"2020-12-31": "5949.34600", "2019-12-31": "5115.49200", "2018-12-31": "4241.92200", "2017-12-31": "4027.63300", "2016-12-31": "3256.51300", "2015-12-31": "3254.62600", "2014-12-31": "3239.56100", "2013-12-31": "3136.12100", "2012-12-31": "2535.15100", "2011-12-31": "2052.80500", "2010-12-31": "1775.20400", "2009-12-31": "1567.02400", "2008-12-31": "1287.77200", "2007-12-31": "1240.70700", "2006-12-31": "966.67200", "2005-12-31": "809.52000"}, "Total Liabilities And Share Holders Equity": {"2020-12-31": "10357.48000", "2019-12-31": "9844.55900", "2018-12-31": "8662.28800", "2017-12-31": "7796.06400", "2016-12-31": "7100.67400", "2015-12-31": "6660.45000", "2014-12-31": "6420.96300", "2013-12-31": "5877.90200", "2012-12-31": "5190.05600", "2011-12-31": "4319.49000", "2010-12-31": "3818.91500", "2009-12-31": "3246.03200", "2008-12-31": "3055.54200", "2007-12-31": "2745.70000", "2006-12-31": "2130.87600", "2005-12-31": "1780.60000"}}, "balance sheet, quarterly": {"Cash On Hand": {"2020-12-31": "1212.82200", "2020-09-30": "1304.83800", "2020-06-30": "1130.97500", "2020-03-31": "1253.38200", "2019-12-31": "393.03000", "2019-09-30": "735.37600", "2019-06-30": "567.91200", "2019-03-31": "368.06500", "2018-12-31": "353.97500", "2018-09-30": "518.72100", "2018-06-30": "557.69300", "2018-03-31": "556.77600", "2017-12-31": "646.30000", "2017-09-30": "736.41500", "2017-06-30": "516.48300", "2017-03-31": "570.23300", "2016-12-31": "717.25900", "2016-09-30": "445.46900", "2016-06-30": "456.19500", "2016-03-31": "386.94000", "2015-12-31": "381.00500", "2015-09-30": "328.03400", "2015-06-30": "326.58800", "2015-03-31": "406.58700", "2014-12-31": "377.61500", "2014-09-30": "369.61300", "2014-06-30": "282.77100", "2014-03-31": "265.33500", "2013-12-31": "295.20300", "2013-09-30": "254.87800", "2013-06-30": "207.61400", "2013-03-31": "177.33500", "2012-12-31": "157.98400", "2012-09-30": "168.10400", "2012-06-30": "168.47200", "2012-03-31": "224.45900", "2011-12-31": "170.39200", "2011-09-30": "223.76400", "2011-06-30": "203.11000", "2011-03-31": "161.67400", "2010-12-31": "168.85300", "2010-09-30": "140.19300", "2010-06-30": "235.38500", "2010-03-31": "260.92800", "2009-12-31": "251.35000", "2009-09-30": "207.12700", "2009-06-30": "142.94400", "2009-03-31": "140.74700", "2008-12-31": "91.21000", "2008-09-30": "170.96400", "2008-06-30": "151.65900", "2008-03-31": "124.60700", "2007-12-31": "180.98100", "2007-09-30": "83.44200", "2007-06-30": "86.69000", "2007-03-31": "66.50300", "2006-12-31": "58.22000", "2006-09-30": "58.50500", "2006-06-30": "53.92300", "2006-03-31": "48.12300", "2005-12-31": "43.78800", "2005-09-30": "47.64000", "2005-06-30": "60.58100", "2005-03-31": "45.45600"}, "Receivables": {"2020-12-31": "597.47200", "2020-09-30": "614.77300", "2020-06-30": "620.16000", "2020-03-31": "712.19500", "2019-12-31": "744.76000", "2019-09-30": "761.96100", "2019-06-30": "757.52200", "2019-03-31": "763.15600", "2018-12-31": "732.83900", "2018-09-30": "714.92900", "2018-06-30": "710.95600", "2018-03-31": "684.61700", "2017-12-31": "668.17600", "2017-09-30": "640.81500", "2017-06-30": "642.26300", "2017-03-31": "603.90000", "2016-12-31": "592.32600", "2016-09-30": "595.14300", "2016-06-30": "596.58900", "2016-03-31": "606.88800", "2015-12-31": "603.29500", "2015-09-30": "610.01900", "2015-06-30": "619.08000", "2015-03-31": "592.30100", "2014-12-31": "585.46200", "2014-09-30": "593.45200", "2014-06-30": "594.15100", "2014-03-31": "592.40700", "2013-12-31": "536.70100", "2013-09-30": "532.09200", "2013-06-30": "521.54700", "2013-03-31": "529.18200", "2012-12-31": "507.85000", "2012-09-30": "492.86400", "2012-06-30": "482.79900", "2012-03-31": "468.32100", "2011-12-31": "438.24500", "2011-09-30": "425.01100", "2011-06-30": "439.86500", "2011-03-31": "434.51700", "2010-12-31": "399.91300", "2010-09-30": "390.11300", "2010-06-30": "367.12700", "2010-03-31": "356.18700", "2009-12-31": "331.38300", "2009-09-30": "349.18400", "2009-06-30": "356.83000", "2009-03-31": "376.89800", "2008-12-31": "406.01200", "2008-09-30": "438.14300", "2008-06-30": "442.56600", "2008-03-31": "430.17800", "2007-12-31": "395.63100", "2007-09-30": "377.93400", "2007-06-30": "367.32200", "2007-03-31": "347.57100", "2006-12-31": "328.76200", "2006-09-30": "317.67900", "2006-06-30": "315.53800", "2006-03-31": "289.95700", "2005-12-31": "269.39500", "2005-09-30": "240.04300", "2005-06-30": "246.50500", "2005-03-31": "232.76300"}, "Inventory": {"2020-12-31": "559.17100", "2020-09-30": "584.75300", "2020-06-30": "621.51800", "2020-03-31": "654.29800", "2019-12-31": "624.56700", "2019-09-30": "623.67500", "2019-06-30": "634.13800", "2019-03-31": "640.58000", "2018-12-31": "624.74400", "2018-09-30": "620.14900", "2018-06-30": "614.39000", "2018-03-31": "596.31200", "2017-12-31": "540.50400", "2017-09-30": "546.87600", "2017-06-30": "541.21300", "2017-03-31": "529.92700", "2016-12-31": "492.10400", "2016-09-30": "537.22700", "2016-06-30": "536.97100", "2016-03-31": "548.77700", "2015-12-31": "514.45100", "2015-09-30": "541.99400", "2015-06-30": "541.91900", "2015-03-31": "506.08600", "2014-12-31": "495.89600", "2014-09-30": "526.67400", "2014-06-30": "538.28700", "2014-03-31": "483.44800", "2013-12-31": "452.84800", "2013-09-30": "449.13300", "2013-06-30": "438.91200", "2013-03-31": "434.04400", "2012-12-31": "428.93500", "2012-09-30": "407.89800", "2012-06-30": "415.61000", "2012-03-31": "393.25900", "2011-12-31": "380.47100", "2011-09-30": "363.83800", "2011-06-30": "364.31700", "2011-03-31": "351.42400", "2010-12-31": "335.25300", "2010-09-30": "332.43100", "2010-06-30": "315.74700", "2010-03-31": "305.96000", "2009-12-31": "311.54200", "2009-09-30": "312.53600", "2009-06-30": "325.47200", "2009-03-31": "340.77900", "2008-12-31": "349.50900", "2008-09-30": "362.89700", "2008-06-30": "357.11500", "2008-03-31": "326.77000", "2007-12-31": "301.67900", "2007-09-30": "313.26700", "2007-06-30": "265.46900", "2007-03-31": "244.18700", "2006-12-31": "236.78300", "2006-09-30": "229.93700", "2006-06-30": "235.20500", "2006-03-31": "207.80900", "2005-12-31": "193.09900", "2005-09-30": "189.46200", "2005-06-30": "179.87600", "2005-03-31": "172.68700"}, "Pre-Paid Expenses": {"2020-12-31": "", "2020-09-30": "", "2020-06-30": "", "2020-03-31": "", "2019-12-31": "", "2019-09-30": "", "2019-06-30": "", "2019-03-31": "", "2018-12-31": "", "2018-09-30": "", "2018-06-30": "", "2018-03-31": "", "2017-12-31": "", "2017-09-30": "", "2017-06-30": "", "2017-03-31": "", "2016-12-31": "", "2016-09-30": "", "2016-06-30": "", "2016-03-31": "", "2015-12-31": "", "2015-09-30": "", "2015-06-30": "", "2015-03-31": "", "2014-12-31": "", "2014-09-30": "", "2014-06-30": "", "2014-03-31": "", "2013-12-31": "", "2013-09-30": "", "2013-06-30": "", "2013-03-31": "", "2012-12-31": "", "2012-09-30": "", "2012-06-30": "", "2012-03-31": "", "2011-12-31": "", "2011-09-30": "", "2011-06-30": "", "2011-03-31": "", "2010-12-31": "", "2010-09-30": "", "2010-06-30": "", "2010-03-31": "", "2009-12-31": "", "2009-09-30": "", "2009-06-30": "", "2009-03-31": "", "2008-12-31": "", "2008-09-30": "", "2008-06-30": "", "2008-03-31": "", "2007-12-31": "", "2007-09-30": "", "2007-06-30": "", "2007-03-31": "", "2006-12-31": "", "2006-09-30": "", "2006-06-30": "", "2006-03-31": "", "2005-12-31": "", "2005-09-30": "", "2005-06-30": "", "2005-03-31": ""}, "Other Current Assets": {"2020-12-31": "153.00500", "2020-09-30": "138.65400", "2020-06-30": "144.48200", "2020-03-31": "154.61600", "2019-12-31": "263.41400", "2019-09-30": "151.17200", "2019-06-30": "167.58100", "2019-03-31": "152.84300", "2018-12-31": "124.58600", "2018-09-30": "144.81600", "2018-06-30": "135.08700", "2018-03-31": "122.50000", "2017-12-31": "79.67500", "2017-09-30": "100.37700", "2017-06-30": "89.31400", "2017-03-31": "83.38300", "2016-12-31": "76.49700", "2016-09-30": "62.41400", "2016-06-30": "64.68100", "2016-03-31": "68.22700", "2015-12-31": "73.35200", "2015-09-30": "70.46200", "2015-06-30": "70.10300", "2015-03-31": "57.69900", "2014-12-31": "74.57800", "2014-09-30": "52.98700", "2014-06-30": "65.43900", "2014-03-31": "51.55100", "2013-12-31": "45.56200", "2013-09-30": "32.69700", "2013-06-30": "39.83900", "2013-03-31": "39.27100", "2012-12-31": "36.67300", "2012-09-30": "36.14100", "2012-06-30": "36.19900", "2012-03-31": "39.11900", "2011-12-31": "40.74300", "2011-09-30": "34.67700", "2011-06-30": "41.63700", "2011-03-31": "42.34300", "2010-12-31": "43.36700", "2010-09-30": "47.46500", "2010-06-30": "43.91500", "2010-03-31": "47.11600", "2009-12-31": "44.48600", "2009-09-30": "54.67600", "2009-06-30": "57.31500", "2009-03-31": "55.29900", "2008-12-31": "76.93600", "2008-09-30": "50.92300", "2008-06-30": "54.18100", "2008-03-31": "54.11800", "2007-12-31": "50.61900", "2007-09-30": "40.06300", "2007-06-30": "34.38100", "2007-03-31": "34.43600", "2006-12-31": "33.77500", "2006-09-30": "32.41900", "2006-06-30": "33.46300", "2006-03-31": "33.59500", "2005-12-31": "28.87100", "2005-09-30": "30.74300", "2005-06-30": "25.39900", "2005-03-31": "23.35100"}, "Total Current Assets": {"2020-12-31": "2522.47000", "2020-09-30": "2643.01800", "2020-06-30": "2517.13500", "2020-03-31": "2774.49100", "2019-12-31": "2025.77100", "2019-09-30": "2272.18400", "2019-06-30": "2127.15300", "2019-03-31": "1924.64400", "2018-12-31": "1836.14400", "2018-09-30": "1998.61500", "2018-06-30": "2018.12600", "2018-03-31": "1960.20500", "2017-12-31": "1934.65500", "2017-09-30": "2024.48300", "2017-06-30": "1789.27300", "2017-03-31": "1787.44300", "2016-12-31": "1928.19000", "2016-09-30": "1696.89000", "2016-06-30": "1707.62200", "2016-03-31": "1662.59000", "2015-12-31": "1618.82700", "2015-09-30": "1590.74000", "2015-06-30": "1599.34200", "2015-03-31": "1608.75400", "2014-12-31": "1578.60400", "2014-09-30": "1590.13000", "2014-06-30": "1530.67000", "2014-03-31": "1434.17100", "2013-12-31": "1369.12900", "2013-09-30": "1308.55700", "2013-06-30": "1243.80100", "2013-03-31": "1214.16400", "2012-12-31": "1164.74300", "2012-09-30": "1135.83200", "2012-06-30": "1132.01000", "2012-03-31": "1152.86100", "2011-12-31": "1059.11900", "2011-09-30": "1080.53700", "2011-06-30": "1083.13200", "2011-03-31": "1022.82600", "2010-12-31": "974.49200", "2010-09-30": "930.93700", "2010-06-30": "984.94500", "2010-03-31": "996.28100", "2009-12-31": "969.43000", "2009-09-30": "960.58800", "2009-06-30": "912.30500", "2009-03-31": "941.74400", "2008-12-31": "954.58600", "2008-09-30": "1039.94500", "2008-06-30": "1028.35300", "2008-03-31": "950.89800", "2007-12-31": "952.20400", "2007-09-30": "845.55900", "2007-06-30": "778.92800", "2007-03-31": "712.67900", "2006-12-31": "684.06300", "2006-09-30": "659.45500", "2006-06-30": "658.52900", "2006-03-31": "599.70700", "2005-12-31": "556.30700", "2005-09-30": "517.40000", "2005-06-30": "517.84400", "2005-03-31": "479.24100"}, "Property, Plant, And Equipment": {"2020-12-31": "526.53000", "2020-09-30": "508.64500", "2020-06-30": "516.57500", "2020-03-31": "534.78600", "2019-12-31": "548.90800", "2019-09-30": "537.15700", "2019-06-30": "538.25600", "2019-03-31": "542.67900", "2018-12-31": "554.13000", "2018-09-30": "487.42500", "2018-06-30": "490.12600", "2018-03-31": "492.35000", "2017-12-31": "493.29600", "2017-09-30": "494.97300", "2017-06-30": "492.50700", "2017-03-31": "482.90800", "2016-12-31": "473.23000", "2016-09-30": "478.64700", "2016-06-30": "475.47100", "2016-03-31": "488.33100", "2015-12-31": "484.54800", "2015-09-30": "483.02900", "2015-06-30": "484.93200", "2015-03-31": "434.40100", "2014-12-31": "448.44600", "2014-09-30": "451.55100", "2014-06-30": "459.18700", "2014-03-31": "405.91300", "2013-12-31": "402.79000", "2013-09-30": "383.59400", "2013-06-30": "372.71500", "2013-03-31": "375.66000", "2012-12-31": "383.48300", "2012-09-30": "361.68000", "2012-06-30": "361.48500", "2012-03-31": "334.36900", "2011-12-31": "325.32900", "2011-09-30": "318.63600", "2011-06-30": "331.61400", "2011-03-31": "317.63500", "2010-12-31": "318.12600", "2010-09-30": "304.18100", "2010-06-30": "290.43700", "2010-03-31": "298.20700", "2009-12-31": "310.05300", "2009-09-30": "308.33100", "2009-06-30": "309.26300", "2009-03-31": "300.40300", "2008-12-31": "307.90800", "2008-09-30": "314.95000", "2008-06-30": "320.36700", "2008-03-31": "307.36700", "2007-12-31": "293.10700", "2007-09-30": "285.43700", "2007-06-30": "266.17900", "2007-03-31": "255.70000", "2006-12-31": "258.00800", "2006-09-30": "240.04500", "2006-06-30": "239.93200", "2006-03-31": "225.68900", "2005-12-31": "228.45000", "2005-09-30": "203.36400", "2005-06-30": "202.04700", "2005-03-31": "200.50100"}, "Long-Term Investments": {"2020-12-31": "", "2020-09-30": "281.83700", "2020-06-30": "289.79400", "2020-03-31": "280.28900", "2019-12-31": "279.79000", "2019-09-30": "257.33300", "2019-06-30": "269.59800", "2019-03-31": "262.16200", "2018-12-31": "256.21000", "2018-09-30": "256.78600", "2018-06-30": "244.84600", "2018-03-31": "240.54100", "2017-12-31": "239.12900", "2017-09-30": "159.13000", "2017-06-30": "155.04200", "2017-03-31": "152.41600", "2016-12-31": "146.28300", "2016-09-30": "175.13400", "2016-06-30": "177.76200", "2016-03-31": "179.17200", "2015-12-31": "177.48100", "2015-09-30": "148.13200", "2015-06-30": "147.64400", "2015-03-31": "146.07100", "2014-12-31": "154.32200", "2014-09-30": "231.15900", "2014-06-30": "226.55700", "2014-03-31": "225.59200", "2013-12-31": "223.69400", "2013-09-30": "125.67000", "2013-06-30": "120.91000", "2013-03-31": "124.13400", "2012-12-31": "123.86400", "2012-09-30": "142.07400", "2012-06-30": "142.16500", "2012-03-31": "141.96200", "2011-12-31": "145.84800", "2011-09-30": "203.23700", "2011-06-30": "200.52700", "2011-03-31": "200.09200", "2010-12-31": "191.09600", "2010-09-30": "164.25300", "2010-06-30": "163.25600", "2010-03-31": "165.09200", "2009-12-31": "167.37000", "2009-09-30": "115.86900", "2009-06-30": "112.32700", "2009-03-31": "111.12800", "2008-12-31": "111.21100", "2008-09-30": "149.13500", "2008-06-30": "148.36300", "2008-03-31": "", "2007-12-31": "142.30700", "2007-09-30": "110.43500", "2007-06-30": "106.11400", "2007-03-31": "106.16900", "2006-12-31": "107.64400", "2006-09-30": "100.99300", "2006-06-30": "104.50300", "2006-03-31": "103.86000", "2005-12-31": "92.71000", "2005-09-30": "77.35400", "2005-06-30": "77.31300", "2005-03-31": ""}, "Goodwill And Intangible Assets": {"2020-12-31": "7141.25000", "2020-09-30": "6833.15800", "2020-06-30": "6823.45200", "2020-03-31": "6843.83700", "2019-12-31": "6810.41100", "2019-09-30": "5978.59700", "2019-06-30": "5951.69300", "2019-03-31": "5979.81600", "2018-12-31": "6015.80400", "2018-09-30": "5365.21700", "2018-06-30": "5399.35400", "2018-03-31": "5365.26500", "2017-12-31": "5128.98400", "2017-09-30": "5104.71500", "2017-06-30": "5098.19100", "2017-03-31": "4876.04300", "2016-12-31": "4552.97100", "2016-09-30": "4626.39100", "2016-06-30": "4594.92500", "2016-03-31": "4664.60900", "2015-12-31": "4379.59400", "2015-09-30": "4422.12300", "2015-06-30": "4325.89300", "2015-03-31": "4146.01400", "2014-12-31": "4239.59100", "2014-09-30": "4298.22100", "2014-06-30": "4268.58900", "2014-03-31": "4023.16700", "2013-12-31": "3882.28900", "2013-09-30": "3643.40100", "2013-06-30": "3455.10800", "2013-03-31": "3460.51700", "2012-12-31": "3517.96600", "2012-09-30": "3253.92500", "2012-06-30": "3249.54400", "2012-03-31": "2979.40000", "2011-12-31": "2789.19400", "2011-09-30": "2513.89100", "2011-06-30": "2539.50100", "2011-03-31": "2352.74500", "2010-12-31": "2335.20100", "2010-09-30": "2179.93400", "2010-06-30": "1828.41000", "2010-03-31": "1765.43700", "2009-12-31": "1799.17900", "2009-09-30": "1784.22700", "2009-06-30": "1779.02700", "2009-03-31": "1695.44900", "2008-12-31": "1681.83700", "2008-09-30": "1661.11400", "2008-06-30": "1612.05600", "2008-03-31": "1590.23200", "2007-12-31": "1358.08200", "2007-09-30": "1272.71900", "2007-06-30": "1175.12600", "2007-03-31": "1103.23300", "2006-12-31": "1081.16100", "2006-09-30": "1039.74300", "2006-06-30": "1034.27100", "2006-03-31": "918.57200", "2005-12-31": "903.13300", "2005-09-30": "805.87190", "2005-06-30": "761.27700", "2005-03-31": "751.50810"}, "Other Long-Term Assets": {"2020-12-31": "", "2020-09-30": "", "2020-06-30": "", "2020-03-31": "", "2019-12-31": "", "2019-09-30": "", "2019-06-30": "", "2019-03-31": "", "2018-12-31": "", "2018-09-30": "", "2018-06-30": "", "2018-03-31": "", "2017-12-31": "", "2017-09-30": "", "2017-06-30": "", "2017-03-31": "", "2016-12-31": "", "2016-09-30": "", "2016-06-30": "", "2016-03-31": "", "2015-12-31": "", "2015-09-30": "", "2015-06-30": "", "2015-03-31": "", "2014-12-31": "", "2014-09-30": "", "2014-06-30": "", "2014-03-31": "", "2013-12-31": "", "2013-09-30": "", "2013-06-30": "", "2013-03-31": "", "2012-12-31": "", "2012-09-30": "", "2012-06-30": "", "2012-03-31": "", "2011-12-31": "", "2011-09-30": "", "2011-06-30": "", "2011-03-31": "", "2010-12-31": "", "2010-09-30": "", "2010-06-30": "", "2010-03-31": "", "2009-12-31": "", "2009-09-30": "", "2009-06-30": "", "2009-03-31": "", "2008-12-31": "", "2008-09-30": "", "2008-06-30": "", "2008-03-31": "", "2007-12-31": "", "2007-09-30": "", "2007-06-30": "", "2007-03-31": "", "2006-12-31": "", "2006-09-30": "", "2006-06-30": "", "2006-03-31": "", "2005-12-31": "", "2005-09-30": "", "2005-06-30": "", "2005-03-31": ""}, "Total Long-Term Assets": {"2020-12-31": "7835.01300", "2020-09-30": "7790.36800", "2020-06-30": "7794.03700", "2020-03-31": "7827.45500", "2019-12-31": "7818.78900", "2019-09-30": "6947.52500", "2019-06-30": "6942.44900", "2019-03-31": "6966.83900", "2018-12-31": "6826.14400", "2018-09-30": "6109.42800", "2018-06-30": "6134.32600", "2018-03-31": "6098.15600", "2017-12-31": "5861.40900", "2017-09-30": "5758.81800", "2017-06-30": "5745.74000", "2017-03-31": "5511.36700", "2016-12-31": "5172.48400", "2016-09-30": "5280.17200", "2016-06-30": "5248.15800", "2016-03-31": "5332.11200", "2015-12-31": "5041.62300", "2015-09-30": "5053.28400", "2015-06-30": "4958.46900", "2015-03-31": "4726.48600", "2014-12-31": "4842.35900", "2014-09-30": "4980.93100", "2014-06-30": "4954.33300", "2014-03-31": "4654.67200", "2013-12-31": "4508.77300", "2013-09-30": "4152.66500", "2013-06-30": "3948.73300", "2013-03-31": "3960.31100", "2012-12-31": "4025.31300", "2012-09-30": "3757.67900", "2012-06-30": "3753.19400", "2012-03-31": "3455.73100", "2011-12-31": "3260.37100", "2011-09-30": "3035.76400", "2011-06-30": "3071.64200", "2011-03-31": "2870.47200", "2010-12-31": "2844.42300", "2010-09-30": "2648.36800", "2010-06-30": "2282.10300", "2010-03-31": "2228.73600", "2009-12-31": "2276.60200", "2009-09-30": "2208.42700", "2009-06-30": "2200.61700", "2009-03-31": "2106.98000", "2008-12-31": "2100.95600", "2008-09-30": "2125.19900", "2008-06-30": "2080.78600", "2008-03-31": "1897.59900", "2007-12-31": "1793.49600", "2007-09-30": "1668.59100", "2007-06-30": "1547.41900", "2007-03-31": "1465.10200", "2006-12-31": "1446.81300", "2006-09-30": "1380.78100", "2006-06-30": "1378.70600", "2006-03-31": "1248.12100", "2005-12-31": "1224.29300", "2005-09-30": "1086.59000", "2005-06-30": "1040.63700", "2005-03-31": "952.00900"}, "Total Assets": {"2020-12-31": "10357.48000", "2020-09-30": "10433.39000", "2020-06-30": "10311.17000", "2020-03-31": "10601.95000", "2019-12-31": "9844.55900", "2019-09-30": "9219.70900", "2019-06-30": "9069.60200", "2019-03-31": "8891.48300", "2018-12-31": "8662.28800", "2018-09-30": "8108.04300", "2018-06-30": "8152.45200", "2018-03-31": "8058.36100", "2017-12-31": "7796.06400", "2017-09-30": "7783.30100", "2017-06-30": "7535.01300", "2017-03-31": "7298.81000", "2016-12-31": "7100.67400", "2016-09-30": "6977.06200", "2016-06-30": "6955.78000", "2016-03-31": "6994.70200", "2015-12-31": "6660.45000", "2015-09-30": "6644.02400", "2015-06-30": "6557.81100", "2015-03-31": "6335.24000", "2014-12-31": "6420.96300", "2014-09-30": "6571.06100", "2014-06-30": "6485.00300", "2014-03-31": "6088.84300", "2013-12-31": "5877.90200", "2013-09-30": "5461.22200", "2013-06-30": "5192.53400", "2013-03-31": "5174.47500", "2012-12-31": "5190.05600", "2012-09-30": "4893.51100", "2012-06-30": "4885.20400", "2012-03-31": "4608.59200", "2011-12-31": "4319.49000", "2011-09-30": "4116.30100", "2011-06-30": "4154.77400", "2011-03-31": "3893.29800", "2010-12-31": "3818.91500", "2010-09-30": "3579.30500", "2010-06-30": "3267.04800", "2010-03-31": "3225.01700", "2009-12-31": "3246.03200", "2009-09-30": "3169.01500", "2009-06-30": "3112.92200", "2009-03-31": "3048.72400", "2008-12-31": "3055.54200", "2008-09-30": "3165.14400", "2008-06-30": "3109.13900", "2008-03-31": "2848.49700", "2007-12-31": "2745.70000", "2007-09-30": "2514.15000", "2007-06-30": "2326.34700", "2007-03-31": "2177.78100", "2006-12-31": "2130.87600", "2006-09-30": "2040.23600", "2006-06-30": "2037.23500", "2006-03-31": "1847.82800", "2005-12-31": "1780.60000", "2005-09-30": "1603.99000", "2005-06-30": "1558.48100", "2005-03-31": "1431.25000"}, "Total Current Liabilities": {"2020-12-31": "1075.91500", "2020-09-30": "1403.49400", "2020-06-30": "1017.45300", "2020-03-31": "1477.67100", "2019-12-31": "1425.85800", "2019-09-30": "1110.51900", "2019-06-30": "978.55800", "2019-03-31": "1007.22800", "2018-12-31": "1258.70400", "2018-09-30": "969.90100", "2018-06-30": "1182.51700", "2018-03-31": "1159.92300", "2017-12-31": "1138.66300", "2017-09-30": "1270.34100", "2017-06-30": "995.14600", "2017-03-31": "1016.79800", "2016-12-31": "924.44100", "2016-09-30": "1216.73800", "2016-06-30": "1207.46200", "2016-03-31": "1290.55400", "2015-12-31": "1024.02100", "2015-09-30": "925.47700", "2015-06-30": "830.13100", "2015-03-31": "898.50200", "2014-12-31": "936.14400", "2014-09-30": "831.70900", "2014-06-30": "1121.82500", "2014-03-31": "931.80500", "2013-12-31": "874.54500", "2013-09-30": "732.22100", "2013-06-30": "679.45600", "2013-03-31": "799.13700", "2012-12-31": "879.96900", "2012-09-30": "762.39300", "2012-06-30": "896.38000", "2012-03-31": "750.14200", "2011-12-31": "628.87500", "2011-09-30": "518.20700", "2011-06-30": "601.89500", "2011-03-31": "491.02300", "2010-12-31": "550.85900", "2010-09-30": "463.33900", "2010-06-30": "462.39200", "2010-03-31": "449.32800", "2009-12-31": "424.28200", "2009-09-30": "449.03600", "2009-06-30": "389.86200", "2009-03-31": "418.46500", "2008-12-31": "447.51300", "2008-09-30": "612.37000", "2008-06-30": "880.43700", "2008-03-31": "692.70300", "2007-12-31": "640.75000", "2007-09-30": "609.58300", "2007-06-30": "531.15700", "2007-03-31": "461.64400", "2006-12-31": "480.90000", "2006-09-30": "472.73000", "2006-06-30": "496.41000", "2006-03-31": "420.73600", "2005-12-31": "405.79200", "2005-09-30": "273.48500", "2005-06-30": "263.34600", "2005-03-31": "251.63600"}, "Long Term Debt": {"2020-12-31": "2281.44100", "2020-09-30": "2295.81000", "2020-06-30": "2753.25400", "2020-03-31": "2741.79800", "2019-12-31": "2271.29200", "2019-09-30": "2229.25200", "2019-06-30": "2368.69000", "2019-03-31": "2368.19700", "2018-12-31": "2273.83700", "2018-09-30": "1832.54700", "2018-06-30": "1838.22400", "2018-03-31": "1897.63300", "2017-12-31": "1866.16600", "2017-09-30": "1920.87900", "2017-06-30": "2128.83800", "2017-03-31": "2076.57700", "2016-12-31": "2062.64400", "2016-09-30": "1540.74200", "2016-06-30": "1542.82300", "2016-03-31": "1552.67400", "2015-12-31": "1553.11600", "2015-09-30": "1621.81200", "2015-06-30": "1481.90600", "2015-03-31": "1418.63800", "2014-12-31": "1427.82500", "2014-09-30": "1473.48200", "2014-06-30": "1148.24800", "2014-03-31": "1142.81800", "2013-12-31": "1141.75000", "2013-09-30": "1135.16400", "2013-06-30": "1118.08600", "2013-03-31": "1115.60300", "2012-12-31": "1133.12100", "2012-09-30": "1129.38300", "2012-06-30": "1122.89300", "2012-03-31": "1133.16500", "2011-12-31": "1123.41600", "2011-09-30": "1070.54000", "2011-06-30": "1083.28400", "2011-03-31": "1080.69600", "2010-12-31": "1071.36000", "2010-09-30": "1074.67100", "2010-06-30": "937.29200", "2010-03-31": "946.44800", "2009-12-31": "955.88000", "2009-09-30": "974.28700", "2009-06-30": "1053.88600", "2009-03-31": "1085.13900", "2008-12-31": "1093.24300", "2008-09-30": "969.04300", "2008-06-30": "667.85400", "2008-03-31": "667.73100", "2007-12-31": "666.95300", "2007-09-30": "547.21900", "2007-06-30": "526.05700", "2007-03-31": "520.48300", "2006-12-31": "518.26700", "2006-09-30": "506.29500", "2006-06-30": "509.76500", "2006-03-31": "478.37200", "2005-12-31": "475.30900", "2005-09-30": "488.84100", "2005-06-30": "485.81400", "2005-03-31": "397.90400"}, "Other Non-Current Liabilities": {"2020-12-31": "", "2020-09-30": "488.37400", "2020-06-30": "497.60700", "2020-03-31": "502.81600", "2019-12-31": "495.77700", "2019-09-30": "464.79500", "2019-06-30": "511.35500", "2019-03-31": "513.57500", "2018-12-31": "359.48900", "2018-09-30": "239.64200", "2018-06-30": "235.91100", "2018-03-31": "254.53400", "2017-12-31": "251.07600", "2017-09-30": "216.95500", "2017-06-30": "222.09800", "2017-03-31": "218.36200", "2016-12-31": "235.30000", "2016-09-30": "191.05600", "2016-06-30": "196.84800", "2016-03-31": "205.65200", "2015-12-31": "204.64100", "2015-09-30": "154.09000", "2015-06-30": "159.54900", "2015-03-31": "146.69100", "2014-12-31": "199.04800", "2014-09-30": "163.45200", "2014-06-30": "169.92000", "2014-03-31": "165.20100", "2013-12-31": "166.93100", "2013-09-30": "161.11500", "2013-06-30": "155.36200", "2013-03-31": "157.06200", "2012-12-31": "158.96300", "2012-09-30": "145.07000", "2012-06-30": "141.56200", "2012-03-31": "126.82700", "2011-12-31": "125.30600", "2011-09-30": "117.90300", "2011-06-30": "122.22600", "2011-03-31": "119.03400", "2010-12-31": "110.02600", "2010-09-30": "94.43600", "2010-06-30": "96.79600", "2010-03-31": "98.51200", "2009-12-31": "92.49200", "2009-09-30": "68.50200", "2009-06-30": "64.83500", "2009-03-31": "81.23000", "2008-12-31": "82.07300", "2008-09-30": "70.84400", "2008-06-30": "77.32000", "2008-03-31": "81.00000", "2007-12-31": "80.72200", "2007-09-30": "106.62200", "2007-06-30": "96.48200", "2007-03-31": "96.76800", "2006-12-31": "99.95600", "2006-09-30": "43.95200", "2006-06-30": "44.70000", "2006-03-31": "42.31700", "2005-12-31": "39.03700", "2005-09-30": "39.71600", "2005-06-30": "39.01900", "2005-03-31": "39.50100"}, "Total Long Term Liabilities": {"2020-12-31": "3332.22200", "2020-09-30": "3325.70000", "2020-06-30": "3807.27900", "2020-03-31": "3798.27200", "2019-12-31": "3303.20900", "2019-09-30": "3243.22500", "2019-06-30": "3424.26300", "2019-03-31": "3427.63400", "2018-12-31": "3161.66200", "2018-09-30": "2626.23300", "2018-06-30": "2631.83900", "2018-03-31": "2694.04100", "2017-12-31": "2629.76800", "2017-09-30": "2746.80500", "2017-06-30": "2947.67100", "2017-03-31": "2877.77700", "2016-12-31": "2919.72000", "2016-09-30": "2387.12500", "2016-06-30": "2391.74100", "2016-03-31": "2407.46200", "2015-12-31": "2381.80300", "2015-09-30": "2403.27800", "2015-06-30": "2274.34600", "2015-03-31": "2172.87600", "2014-12-31": "2245.25800", "2014-09-30": "2271.54500", "2014-06-30": "1941.26000", "2014-03-31": "1884.40600", "2013-12-31": "1867.23600", "2013-09-30": "1794.77300", "2013-06-30": "1755.93500", "2013-03-31": "1753.22700", "2012-12-31": "1774.93600", "2012-09-30": "1707.25000", "2012-06-30": "1698.27000", "2012-03-31": "1669.01700", "2011-12-31": "1637.81000", "2011-09-30": "1550.23400", "2011-06-30": "1567.23600", "2011-03-31": "1520.05600", "2010-12-31": "1492.85200", "2010-09-30": "1447.86200", "2010-06-30": "1251.28000", "2010-03-31": "1249.80900", "2009-12-31": "1254.72600", "2009-09-30": "1235.84200", "2009-06-30": "1299.02900", "2009-03-31": "1304.31700", "2008-12-31": "1320.25700", "2008-09-30": "1189.80200", "2008-06-30": "882.57100", "2008-03-31": "875.81200", "2007-12-31": "864.24300", "2007-09-30": "752.59300", "2007-06-30": "710.91500", "2007-03-31": "701.22800", "2006-12-31": "683.30400", "2006-09-30": "626.46200", "2006-06-30": "630.01000", "2006-03-31": "569.48000", "2005-12-31": "565.28800", "2005-09-30": "574.69500", "2005-06-30": "575.45400", "2005-03-31": "487.37000"}, "Total Liabilities": {"2020-12-31": "4408.13700", "2020-09-30": "4729.19400", "2020-06-30": "4824.73200", "2020-03-31": "5275.94300", "2019-12-31": "4729.06700", "2019-09-30": "4353.74400", "2019-06-30": "4402.82100", "2019-03-31": "4434.86200", "2018-12-31": "4420.36600", "2018-09-30": "3596.13400", "2018-06-30": "3814.35600", "2018-03-31": "3853.96400", "2017-12-31": "3768.43100", "2017-09-30": "4017.14600", "2017-06-30": "3942.81700", "2017-03-31": "3894.57500", "2016-12-31": "3844.16100", "2016-09-30": "3603.86300", "2016-06-30": "3599.20300", "2016-03-31": "3698.01600", "2015-12-31": "3405.82400", "2015-09-30": "3328.75500", "2015-06-30": "3104.47700", "2015-03-31": "3071.37800", "2014-12-31": "3181.40200", "2014-09-30": "3103.25400", "2014-06-30": "3063.08500", "2014-03-31": "2816.21100", "2013-12-31": "2741.78100", "2013-09-30": "2526.99400", "2013-06-30": "2435.39100", "2013-03-31": "2552.36400", "2012-12-31": "2654.90500", "2012-09-30": "2469.64300", "2012-06-30": "2594.65000", "2012-03-31": "2419.15900", "2011-12-31": "2266.68500", "2011-09-30": "2068.44100", "2011-06-30": "2169.13100", "2011-03-31": "2011.07900", "2010-12-31": "2043.71100", "2010-09-30": "1911.20100", "2010-06-30": "1713.67200", "2010-03-31": "1699.13700", "2009-12-31": "1679.00800", "2009-09-30": "1684.87800", "2009-06-30": "1688.89100", "2009-03-31": "1722.78200", "2008-12-31": "1767.77000", "2008-09-30": "1802.17200", "2008-06-30": "1763.00800", "2008-03-31": "1568.51500", "2007-12-31": "1504.99300", "2007-09-30": "1362.17600", "2007-06-30": "1242.07200", "2007-03-31": "1162.87200", "2006-12-31": "1164.20400", "2006-09-30": "1099.19200", "2006-06-30": "1126.42000", "2006-03-31": "990.21600", "2005-12-31": "971.08000", "2005-09-30": "848.18000", "2005-06-30": "838.80000", "2005-03-31": "739.00600"}, "Common Stock Net": {"2020-12-31": "", "2020-09-30": "2.67100", "2020-06-30": "2.66800", "2020-03-31": "2.66400", "2019-12-31": "2.66200", "2019-09-30": "2.65700", "2019-06-30": "2.65400", "2019-03-31": "2.64700", "2018-12-31": "2.64000", "2018-09-30": "2.64000", "2018-06-30": "2.63700", "2018-03-31": "2.63400", "2017-12-31": "2.63100", "2017-09-30": "2.63000", "2017-06-30": "2.62600", "2017-03-31": "2.62200", "2016-12-31": "2.61500", "2016-09-30": "2.61400", "2016-06-30": "2.61200", "2016-03-31": "2.61000", "2015-12-31": "2.60800", "2015-09-30": "2.60700", "2015-06-30": "2.60500", "2015-03-31": "2.59500", "2014-12-31": "2.58900", "2014-09-30": "2.58700", "2014-06-30": "2.58600", "2014-03-31": "2.58300", "2013-12-31": "2.58100", "2013-09-30": "2.57700", "2013-06-30": "2.57100", "2013-03-31": "2.56800", "2012-12-31": "2.56500", "2012-09-30": "2.56100", "2012-06-30": "2.55500", "2012-03-31": "1.69600", "2011-12-31": "2.53800", "2011-09-30": "1.68900", "2011-06-30": "1.68500", "2011-03-31": "1.68200", "2010-12-31": "1.68100", "2010-09-30": "1.11500", "2010-06-30": "1.11400", "2010-03-31": "1.11200", "2009-12-31": "1.66500", "2009-09-30": "1.10900", "2009-06-30": "1.10600", "2009-03-31": "1.10300", "2008-12-31": "1.10200", "2008-09-30": "1.10200", "2008-06-30": "1.10100", "2008-03-31": "1.09900", "2007-12-31": "1.09700", "2007-09-30": "1.09600", "2007-06-30": "1.09400", "2007-03-31": "1.08800", "2006-12-31": "1.08500", "2006-09-30": "0.72600", "2006-06-30": "0.72500", "2006-03-31": "0.72300", "2005-12-31": "1.07500", "2005-09-30": "0.71200", "2005-06-30": "0.71100", "2005-03-31": "0.70900"}, "Retained Earnings (Accumulated Deficit)": {"2020-12-31": "", "2020-09-30": "6914.97600", "2020-06-30": "6751.68600", "2020-03-31": "6626.70300", "2019-12-31": "6387.61200", "2019-09-30": "6198.83600", "2019-06-30": "6009.96800", "2019-03-31": "5826.31300", "2018-12-31": "5653.81100", "2018-09-30": "5474.07000", "2018-06-30": "5315.23200", "2018-03-31": "5153.72200", "2017-12-31": "5002.41900", "2017-09-30": "4784.61800", "2017-06-30": "4651.79000", "2017-03-31": "4521.98600", "2016-12-31": "4403.68300", "2016-09-30": "4315.13700", "2016-06-30": "4205.19900", "2016-03-31": "4087.95600", "2015-12-31": "3974.79300", "2015-09-30": "3859.39400", "2015-06-30": "3724.31400", "2015-03-31": "3590.38700", "2014-12-31": "3469.92300", "2014-09-30": "3339.74900", "2014-06-30": "3219.97800", "2014-03-31": "3091.93800", "2013-12-31": "2966.01500", "2013-09-30": "2844.99200", "2013-06-30": "2731.73200", "2013-03-31": "2617.99800", "2012-12-31": "2507.41900", "2012-09-30": "2402.09200", "2012-06-30": "2301.25900", "2012-03-31": "2202.12200", "2011-12-31": "2101.61500", "2011-09-30": "2009.32100", "2011-06-30": "1921.00800", "2011-03-31": "1836.52900", "2010-12-31": "1755.74200", "2010-09-30": "1684.14000", "2010-06-30": "1613.17100", "2010-03-31": "1552.01900", "2009-12-31": "1500.47100", "2009-09-30": "1455.05000", "2009-06-30": "1418.48400", "2009-03-31": "1373.12100", "2008-12-31": "1320.47000", "2008-09-30": "1283.04400", "2008-06-30": "1218.52300", "2008-03-31": "1159.08200", "2007-12-31": "1099.11100", "2007-09-30": "1043.78900", "2007-06-30": "992.60300", "2007-03-31": "940.99600", "2006-12-31": "902.37900", "2006-09-30": "861.01800", "2006-06-30": "817.82100", "2006-03-31": "775.54600", "2005-12-31": "739.52200", "2005-09-30": "731.09800", "2005-06-30": "699.81700", "2005-03-31": "668.77100"}, "Comprehensive Income": {"2020-12-31": "", "2020-09-30": "-533.64500", "2020-06-30": "-558.77700", "2020-03-31": "-575.73800", "2019-12-31": "-533.13900", "2019-09-30": "-558.47300", "2019-06-30": "-535.82600", "2019-03-31": "-540.07500", "2018-12-31": "-551.08800", "2018-09-30": "-456.20400", "2018-06-30": "-454.08000", "2018-03-31": "-414.75800", "2017-12-31": "-429.17600", "2017-09-30": "-462.66200", "2017-06-30": "-494.29800", "2017-03-31": "-532.13600", "2016-12-31": "-542.38900", "2016-09-30": "-429.86100", "2016-06-30": "-423.30900", "2016-03-31": "-370.52500", "2015-12-31": "-405.63100", "2015-09-30": "-349.21300", "2015-06-30": "-312.51900", "2015-03-31": "-361.69600", "2014-12-31": "-266.89400", "2014-09-30": "-141.47100", "2014-06-30": "-58.06000", "2014-03-31": "-65.52600", "2013-12-31": "-65.23900", "2013-09-30": "-130.92400", "2013-06-30": "-174.82000", "2013-03-31": "-183.21900", "2012-12-31": "-151.33000", "2012-09-30": "-141.28500", "2012-06-30": "-160.95000", "2012-03-31": "-135.84600", "2011-12-31": "-157.26300", "2011-09-30": "-101.91100", "2011-06-30": "-66.54300", "2011-03-31": "-73.66100", "2010-12-31": "-91.95800", "2010-09-30": "-104.05800", "2010-06-30": "-138.89800", "2010-03-31": "-108.54800", "2009-12-31": "-75.28100", "2009-09-30": "-106.83200", "2009-06-30": "-120.32500", "2009-03-31": "-163.66600", "2008-12-31": "-144.76700", "2008-09-30": "-29.16600", "2008-06-30": "22.81900", "2008-03-31": "22.19600", "2007-12-31": "5.37000", "2007-09-30": "-20.32100", "2007-06-30": "-30.94600", "2007-03-31": "-32.07300", "2006-12-31": "-33.55200", "2006-09-30": "-9.84600", "2006-06-30": "-9.60400", "2006-03-31": "-17.29300", "2005-12-31": "-20.91600", "2005-09-30": "-24.97800", "2005-06-30": "-24.26000", "2005-03-31": "-15.05600"}, "Other Share Holders Equity": {"2020-12-31": "", "2020-09-30": "", "2020-06-30": "", "2020-03-31": "", "2019-12-31": "", "2019-09-30": "", "2019-06-30": "", "2019-03-31": "", "2018-12-31": "", "2018-09-30": "", "2018-06-30": "", "2018-03-31": "", "2017-12-31": "", "2017-09-30": "", "2017-06-30": "", "2017-03-31": "", "2016-12-31": "", "2016-09-30": "", "2016-06-30": "", "2016-03-31": "", "2015-12-31": "", "2015-09-30": "", "2015-06-30": "", "2015-03-31": "", "2014-12-31": "", "2014-09-30": "", "2014-06-30": "", "2014-03-31": "", "2013-12-31": "", "2013-09-30": "", "2013-06-30": "", "2013-03-31": "", "2012-12-31": "", "2012-09-30": "", "2012-06-30": "", "2012-03-31": "", "2011-12-31": "", "2011-09-30": "", "2011-06-30": "", "2011-03-31": "", "2010-12-31": "", "2010-09-30": "", "2010-06-30": "", "2010-03-31": "", "2009-12-31": "", "2009-09-30": "", "2009-06-30": "", "2009-03-31": "", "2008-12-31": "", "2008-09-30": "", "2008-06-30": "", "2008-03-31": "", "2007-12-31": "", "2007-09-30": "", "2007-06-30": "", "2007-03-31": "", "2006-12-31": "", "2006-09-30": "", "2006-06-30": "", "2006-03-31": "", "2005-12-31": "", "2005-09-30": "", "2005-06-30": "", "2005-03-31": ""}, "Share Holder Equity": {"2020-12-31": "5949.34600", "2020-09-30": "5704.19200", "2020-06-30": "5486.44000", "2020-03-31": "5326.00300", "2019-12-31": "5115.49200", "2019-09-30": "4865.96500", "2019-06-30": "4666.78100", "2019-03-31": "4456.62100", "2018-12-31": "4241.92200", "2018-09-30": "4511.90900", "2018-06-30": "4338.09600", "2018-03-31": "4204.39700", "2017-12-31": "4027.63300", "2017-09-30": "3766.15500", "2017-06-30": "3592.19600", "2017-03-31": "3404.23500", "2016-12-31": "3256.51300", "2016-09-30": "3373.19900", "2016-06-30": "3356.57700", "2016-03-31": "3296.68600", "2015-12-31": "3254.62600", "2015-09-30": "3315.26900", "2015-06-30": "3453.33400", "2015-03-31": "3263.86200", "2014-12-31": "3239.56100", "2014-09-30": "3467.80700", "2014-06-30": "3421.91800", "2014-03-31": "3272.63200", "2013-12-31": "3136.12100", "2013-09-30": "2934.22800", "2013-06-30": "2757.14300", "2013-03-31": "2622.11100", "2012-12-31": "2535.15100", "2012-09-30": "2423.86800", "2012-06-30": "2290.55400", "2012-03-31": "2189.43300", "2011-12-31": "2052.80500", "2011-09-30": "2047.86000", "2011-06-30": "1985.64300", "2011-03-31": "1882.21900", "2010-12-31": "1775.20400", "2010-09-30": "1668.10400", "2010-06-30": "1553.37600", "2010-03-31": "1525.88000", "2009-12-31": "1567.02400", "2009-09-30": "1484.13700", "2009-06-30": "1424.03100", "2009-03-31": "1325.94200", "2008-12-31": "1287.77200", "2008-09-30": "1362.97200", "2008-06-30": "1346.13100", "2008-03-31": "1279.98200", "2007-12-31": "1240.70700", "2007-09-30": "1151.97400", "2007-06-30": "1084.27500", "2007-03-31": "1014.90900", "2006-12-31": "966.67200", "2006-09-30": "941.04400", "2006-06-30": "910.81500", "2006-03-31": "857.61200", "2005-12-31": "809.52000", "2005-09-30": "755.81000", "2005-06-30": "719.68100", "2005-03-31": "692.24400"}, "Total Liabilities And Share Holders Equity": {"2020-12-31": "10357.48000", "2020-09-30": "10433.39000", "2020-06-30": "10311.17000", "2020-03-31": "10601.95000", "2019-12-31": "9844.55900", "2019-09-30": "9219.70900", "2019-06-30": "9069.60200", "2019-03-31": "8891.48300", "2018-12-31": "8662.28800", "2018-09-30": "8108.04300", "2018-06-30": "8152.45200", "2018-03-31": "8058.36100", "2017-12-31": "7796.06400", "2017-09-30": "7783.30100", "2017-06-30": "7535.01300", "2017-03-31": "7298.81000", "2016-12-31": "7100.67400", "2016-09-30": "6977.06200", "2016-06-30": "6955.78000", "2016-03-31": "6994.70200", "2015-12-31": "6660.45000", "2015-09-30": "6644.02400", "2015-06-30": "6557.81100", "2015-03-31": "6335.24000", "2014-12-31": "6420.96300", "2014-09-30": "6571.06100", "2014-06-30": "6485.00300", "2014-03-31": "6088.84300", "2013-12-31": "5877.90200", "2013-09-30": "5461.22200", "2013-06-30": "5192.53400", "2013-03-31": "5174.47500", "2012-12-31": "5190.05600", "2012-09-30": "4893.51100", "2012-06-30": "4885.20400", "2012-03-31": "4608.59200", "2011-12-31": "4319.49000", "2011-09-30": "4116.30100", "2011-06-30": "4154.77400", "2011-03-31": "3893.29800", "2010-12-31": "3818.91500", "2010-09-30": "3579.30500", "2010-06-30": "3267.04800", "2010-03-31": "3225.01700", "2009-12-31": "3246.03200", "2009-09-30": "3169.01500", "2009-06-30": "3112.92200", "2009-03-31": "3048.72400", "2008-12-31": "3055.54200", "2008-09-30": "3165.14400", "2008-06-30": "3109.13900", "2008-03-31": "2848.49700", "2007-12-31": "2745.70000", "2007-09-30": "2514.15000", "2007-06-30": "2326.34700", "2007-03-31": "2177.78100", "2006-12-31": "2130.87600", "2006-09-30": "2040.23600", "2006-06-30": "2037.23500", "2006-03-31": "1847.82800", "2005-12-31": "1780.60000", "2005-09-30": "1603.99000", "2005-06-30": "1558.48100", "2005-03-31": "1431.25000"}}, "cash flow statement": {"Net Income/Loss": {"2020-12-31": "0.00000", "2019-12-31": "861.29700", "2018-12-31": "777.93300", "2017-12-31": "681.47000", "2016-12-31": "512.15800", "2015-12-31": "590.85900", "2014-12-31": "584.46000", "2013-12-31": "516.99900", "2012-12-31": "459.13200", "2011-12-31": "384.46400", "2010-12-31": "283.93200", "2009-12-31": "205.77000", "2008-12-31": "246.95200", "2007-12-31": "228.02000", "2006-12-31": "181.93400", "2005-12-31": "136.35700"}, "Total Depreciation And Amortization - Cash Flow": {"2020-12-31": "", "2019-12-31": "234.04200", "2018-12-31": "199.49000", "2017-12-31": "183.22700", "2016-12-31": "179.71600", "2015-12-31": "149.46000", "2014-12-31": "138.58400", "2013-12-31": "118.65700", "2012-12-31": "105.47100", "2011-12-31": "86.53200", "2010-12-31": "72.89600", "2009-12-31": "65.50000", "2008-12-31": "63.26100", "2007-12-31": "52.66500", "2006-12-31": "45.92900", "2005-12-31": "39.42800"}, "Other Non-Cash Items": {"2020-12-31": "", "2019-12-31": "48.83300", "2018-12-31": "-51.30300", "2017-12-31": "-122.12300", "2016-12-31": "8.88000", "2015-12-31": "-24.99500", "2014-12-31": "33.85200", "2013-12-31": "5.55900", "2012-12-31": "18.64400", "2011-12-31": "28.91500", "2010-12-31": "16.81500", "2009-12-31": "-1.85700", "2008-12-31": "-29.97700", "2007-12-31": "15.13700", "2006-12-31": "-1.80400", "2005-12-31": "8.40700"}, "Total Non-Cash Items": {"2020-12-31": "", "2019-12-31": "282.87500", "2018-12-31": "148.18700", "2017-12-31": "61.10400", "2016-12-31": "188.59600", "2015-12-31": "124.46500", "2014-12-31": "172.43600", "2013-12-31": "124.21600", "2012-12-31": "124.11500", "2011-12-31": "115.44700", "2010-12-31": "89.71100", "2009-12-31": "63.64300", "2008-12-31": "33.28400", "2007-12-31": "67.80200", "2006-12-31": "44.12500", "2005-12-31": "47.83500"}, "Change In Accounts Receivable": {"2020-12-31": "", "2019-12-31": "14.39800", "2018-12-31": "-13.38300", "2017-12-31": "-24.58100", "2016-12-31": "14.77300", "2015-12-31": "-6.99500", "2014-12-31": "-35.25800", "2013-12-31": "5.24700", "2012-12-31": "-4.22500", "2011-12-31": "-12.45000", "2010-12-31": "-43.17900", "2009-12-31": "87.14600", "2008-12-31": "6.63600", "2007-12-31": "-26.94400", "2006-12-31": "-26.04200", "2005-12-31": "-22.00700"}, "Change In Inventories": {"2020-12-31": "", "2019-12-31": "16.41000", "2018-12-31": "-59.47200", "2017-12-31": "-6.08700", "2016-12-31": "38.66600", "2015-12-31": "-12.00700", "2014-12-31": "11.62600", "2013-12-31": "-1.79000", "2012-12-31": "29.55500", "2011-12-31": "-11.92300", "2010-12-31": "7.33400", "2009-12-31": "83.62200", "2008-12-31": "-35.18000", "2007-12-31": "0.19400", "2006-12-31": "-6.22500", "2005-12-31": "-0.87100"}, "Change In Accounts Payable": {"2020-12-31": "", "2019-12-31": "", "2018-12-31": "", "2017-12-31": "", "2016-12-31": "", "2015-12-31": "", "2014-12-31": "", "2013-12-31": "", "2012-12-31": "", "2011-12-31": "", "2010-12-31": "", "2009-12-31": "", "2008-12-31": "", "2007-12-31": "", "2006-12-31": "", "2005-12-31": ""}, "Change In Assets/Liabilities": {"2020-12-31": "", "2019-12-31": "-16.84500", "2018-12-31": "42.81400", "2017-12-31": "2.78700", "2016-12-31": "-4.29800", "2015-12-31": "0.25500", "2014-12-31": "8.86700", "2013-12-31": "9.70200", "2012-12-31": "9.53500", "2011-12-31": "0.55000", "2010-12-31": "6.38200", "2009-12-31": "3.34500", "2008-12-31": "-1.90700", "2007-12-31": "-7.15300", "2006-12-31": "-1.81900", "2005-12-31": "3.88700"}, "Total Change In Assets/Liabilities": {"2020-12-31": "", "2019-12-31": "-44.96900", "2018-12-31": "6.50600", "2017-12-31": "96.51800", "2016-12-31": "51.79800", "2015-12-31": "-38.79600", "2014-12-31": "-33.41800", "2013-12-31": "21.11000", "2012-12-31": "24.56100", "2011-12-31": "4.23000", "2010-12-31": "48.31000", "2009-12-31": "82.49100", "2008-12-31": "-27.29000", "2007-12-31": "-20.48200", "2006-12-31": "-4.33500", "2005-12-31": "-31.27000"}, "Cash Flow From Operating Activities": {"2020-12-31": "", "2019-12-31": "1114.42200", "2018-12-31": "925.51800", "2017-12-31": "833.25900", "2016-12-31": "756.83500", "2015-12-31": "672.54000", "2014-12-31": "725.96200", "2013-12-31": "660.65900", "2012-12-31": "612.46400", "2011-12-31": "508.56500", "2010-12-31": "423.01300", "2009-12-31": "364.67100", "2008-12-31": "247.26500", "2007-12-31": "278.52300", "2006-12-31": "225.96700", "2005-12-31": "155.66100"}, "Net Change In Property, Plant, And Equipment": {"2020-12-31": "", "2019-12-31": "-102.34600", "2018-12-31": "-82.07600", "2017-12-31": "-75.07400", "2016-12-31": "-63.28000", "2015-12-31": "-69.08300", "2014-12-31": "-71.32700", "2013-12-31": "-63.31400", "2012-12-31": "-57.42700", "2011-12-31": "-50.81600", "2010-12-31": "-39.18300", "2009-12-31": "-33.06200", "2008-12-31": "-44.21500", "2007-12-31": "-37.62000", "2006-12-31": "-29.15600", "2005-12-31": "-23.26100"}, "Net Change In Intangible Assets": {"2020-12-31": "", "2019-12-31": "", "2018-12-31": "", "2017-12-31": "", "2016-12-31": "", "2015-12-31": "", "2014-12-31": "", "2013-12-31": "", "2012-12-31": "", "2011-12-31": "", "2010-12-31": "", "2009-12-31": "", "2008-12-31": "", "2007-12-31": "", "2006-12-31": "", "2005-12-31": ""}, "Net Acquisitions/Divestitures": {"2020-12-31": "", "2019-12-31": "-1061.94500", "2018-12-31": "-1129.30500", "2017-12-31": "-556.63400", "2016-12-31": "-391.41900", "2015-12-31": "-356.46600", "2014-12-31": "-573.64700", "2013-12-31": "-414.31500", "2012-12-31": "-747.67500", "2011-12-31": "-474.44100", "2010-12-31": "-538.58500", "2009-12-31": "-72.91900", "2008-12-31": "-463.01200", "2007-12-31": "-300.56900", "2006-12-31": "-177.63900", "2005-12-31": "-340.67200"}, "Net Change In Short-term Investments": {"2020-12-31": "", "2019-12-31": "", "2018-12-31": "", "2017-12-31": "", "2016-12-31": "", "2015-12-31": "", "2014-12-31": "", "2013-12-31": "", "2012-12-31": "", "2011-12-31": "", "2010-12-31": "", "2009-12-31": "", "2008-12-31": "", "2007-12-31": "", "2006-12-31": "", "2005-12-31": ""}, "Net Change In Long-Term Investments": {"2020-12-31": "", "2019-12-31": "", "2018-12-31": "", "2017-12-31": "", "2016-12-31": "", "2015-12-31": "", "2014-12-31": "", "2013-12-31": "", "2012-12-31": "", "2011-12-31": "", "2010-12-31": "", "2009-12-31": "-0.63800", "2008-12-31": "6.32300", "2007-12-31": "-1.70000", "2006-12-31": "-0.87100", "2005-12-31": ""}, "Net Change In Investments - Total": {"2020-12-31": "", "2019-12-31": "", "2018-12-31": "", "2017-12-31": "", "2016-12-31": "", "2015-12-31": "", "2014-12-31": "", "2013-12-31": "", "2012-12-31": "", "2011-12-31": "", "2010-12-31": "", "2009-12-31": "-0.63800", "2008-12-31": "6.32300", "2007-12-31": "-1.70000", "2006-12-31": "-0.87100", "2005-12-31": ""}, "Investing Activities - Other": {"2020-12-31": "", "2019-12-31": "13.36600", "2018-12-31": "1.33700", "2017-12-31": "5.89100", "2016-12-31": "2.33200", "2015-12-31": "-0.00800", "2014-12-31": "3.34100", "2013-12-31": "17.29600", "2012-12-31": "1.37100", "2011-12-31": "-1.19600", "2010-12-31": "10.94500", "2009-12-31": "0.27500", "2008-12-31": "4.28200", "2007-12-31": "5.22800", "2006-12-31": "1.64100", "2005-12-31": "2.14200"}, "Cash Flow From Investing Activities": {"2020-12-31": "", "2019-12-31": "-1150.92500", "2018-12-31": "-1210.04400", "2017-12-31": "-625.81700", "2016-12-31": "-452.36700", "2015-12-31": "-425.55700", "2014-12-31": "-641.63300", "2013-12-31": "-460.33300", "2012-12-31": "-803.73100", "2011-12-31": "-526.45300", "2010-12-31": "-566.82300", "2009-12-31": "-106.34400", "2008-12-31": "-496.62200", "2007-12-31": "-334.66100", "2006-12-31": "-206.02500", "2005-12-31": "-361.79100"}, "Net Long-Term Debt": {"2020-12-31": "", "2019-12-31": "", "2018-12-31": "255.05000", "2017-12-31": "-270.00000", "2016-12-31": "772.17600", "2015-12-31": "17.99300", "2014-12-31": "499.08600", "2013-12-31": "0.25500", "2012-12-31": "-1.53900", "2011-12-31": "57.51800", "2010-12-31": "46.92000", "2009-12-31": "-79.35100", "2008-12-31": "175.77100", "2007-12-31": "343.44700", "2006-12-31": "11.32100", "2005-12-31": "91.76100"}, "Net Current Debt": {"2020-12-31": "", "2019-12-31": "130.70500", "2018-12-31": "258.34900", "2017-12-31": "-9.61600", "2016-12-31": "-315.67400", "2015-12-31": "226.76100", "2014-12-31": "-172.49500", "2013-12-31": "-45.18600", "2012-12-31": "179.42600", "2011-12-31": "41.55000", "2010-12-31": "92.36400", "2009-12-31": "-13.01300", "2008-12-31": "69.69300", "2007-12-31": "-162.58900", "2006-12-31": "4.04800", "2005-12-31": "105.70800"}, "Debt Issuance/Retirement Net - Total": {"2020-12-31": "", "2019-12-31": "130.70500", "2018-12-31": "513.39900", "2017-12-31": "-279.61600", "2016-12-31": "456.50200", "2015-12-31": "244.75400", "2014-12-31": "326.59100", "2013-12-31": "-44.93100", "2012-12-31": "177.88700", "2011-12-31": "99.06800", "2010-12-31": "139.28400", "2009-12-31": "-92.36400", "2008-12-31": "245.46400", "2007-12-31": "180.85800", "2006-12-31": "15.36900", "2005-12-31": "197.46900"}, "Net Common Equity Issued/Repurchased": {"2020-12-31": "", "2019-12-31": "78.46400", "2018-12-31": "-337.65700", "2017-12-31": "33.18000", "2016-12-31": "-318.51800", "2015-12-31": "-396.20800", "2014-12-31": "-229.79000", "2013-12-31": "16.86700", "2012-12-31": "34.76500", "2011-12-31": "-41.90000", "2010-12-31": "-57.09100", "2009-12-31": "11.32800", "2008-12-31": "-51.20600", "2007-12-31": "9.52400", "2006-12-31": "-11.19700", "2005-12-31": "16.15800"}, "Net Total Equity Issued/Repurchased": {"2020-12-31": "", "2019-12-31": "78.46400", "2018-12-31": "-337.65700", "2017-12-31": "33.18000", "2016-12-31": "-318.51800", "2015-12-31": "-396.20800", "2014-12-31": "-229.79000", "2013-12-31": "16.86700", "2012-12-31": "34.76500", "2011-12-31": "-41.90000", "2010-12-31": "-57.09100", "2009-12-31": "11.32800", "2008-12-31": "-51.20600", "2007-12-31": "9.52400", "2006-12-31": "-11.19700", "2005-12-31": "16.15800"}, "Total Common And Preferred Stock Dividends Paid": {"2020-12-31": "", "2019-12-31": "-127.49600", "2018-12-31": "-128.91100", "2017-12-31": "-82.73500", "2016-12-31": "-83.26700", "2015-12-31": "-85.98800", "2014-12-31": "-80.55100", "2013-12-31": "-58.40500", "2012-12-31": "-53.08300", "2011-12-31": "-38.36600", "2010-12-31": "-28.55400", "2009-12-31": "-25.57900", "2008-12-31": "-25.68500", "2007-12-31": "-25.74800", "2006-12-31": "-18.83200", "2005-12-31": "-16.81400"}, "Financial Activities - Other": {"2020-12-31": "", "2019-12-31": "-8.76000", "2018-12-31": "-33.79100", "2017-12-31": "", "2016-12-31": "2.33700", "2015-12-31": "20.47800", "2014-12-31": "7.88900", "2013-12-31": "16.18500", "2012-12-31": "14.97000", "2011-12-31": "13.05600", "2010-12-31": "8.99000", "2009-12-31": "4.09600", "2008-12-31": "4.89000", "2007-12-31": "9.46400", "2006-12-31": "4.70600", "2005-12-31": "10.20300"}, "Cash Flow From Financial Activities": {"2020-12-31": "", "2019-12-31": "72.91300", "2018-12-31": "13.04000", "2017-12-31": "-329.17100", "2016-12-31": "57.05400", "2015-12-31": "-216.96400", "2014-12-31": "24.13900", "2013-12-31": "-70.28400", "2012-12-31": "174.53900", "2011-12-31": "31.85800", "2010-12-31": "62.62900", "2009-12-31": "-102.51900", "2008-12-31": "173.46300", "2007-12-31": "174.09800", "2006-12-31": "-9.95400", "2005-12-31": "207.01600"}, "Net Cash Flow": {"2020-12-31": "", "2019-12-31": "39.05500", "2018-12-31": "-292.32500", "2017-12-31": "-70.95900", "2016-12-31": "336.25400", "2015-12-31": "3.39000", "2014-12-31": "82.41200", "2013-12-31": "137.21900", "2012-12-31": "-12.40800", "2011-12-31": "7.18400", "2010-12-31": "-83.14800", "2009-12-31": "159.37600", "2008-12-31": "-83.15900", "2007-12-31": "121.04800", "2006-12-31": "13.54600", "2005-12-31": "-2.03700"}, "Stock-Based Compensation": {"2020-12-31": "", "2019-12-31": "40.39400", "2018-12-31": "27.31500", "2017-12-31": "25.09100", "2016-12-31": "22.03000", "2015-12-31": "23.76200", "2014-12-31": "19.87100", "2013-12-31": "21.59100", "2012-12-31": "19.38400", "2011-12-31": "22.14700", "2010-12-31": "16.59600", "2009-12-31": "13.50200", "2008-12-31": "20.18600", "2007-12-31": "15.53000", "2006-12-31": "12.44100", "2005-12-31": "10.58100"}, "Common Stock Dividends Paid": {"2020-12-31": "", "2019-12-31": "-127.49600", "2018-12-31": "-128.91100", "2017-12-31": "-82.73500", "2016-12-31": "-83.26700", "2015-12-31": "-85.98800", "2014-12-31": "-80.55100", "2013-12-31": "-58.40500", "2012-12-31": "-53.08300", "2011-12-31": "-38.36600", "2010-12-31": "-28.55400", "2009-12-31": "-25.57900", "2008-12-31": "-25.68500", "2007-12-31": "-25.74800", "2006-12-31": "-18.83200", "2005-12-31": "-16.81400"}}, "cash flow statement, quarterly": {"Net Income/Loss": {"2020-12-31": -651.414, "2020-09-30": 204.581, "2020-06-30": 166.217, "2020-03-31": "280.61600", "2019-12-31": 220.777, "2019-09-30": 220.749, "2019-06-30": 215.503, "2019-03-31": "204.26800", "2018-12-31": 211.52, "2018-09-30": 191.213, "2018-06-30": 193.86, "2018-03-31": "181.34000", "2017-12-31": 238.532, "2017-09-30": 153.531, "2017-06-30": 150.481, "2017-03-31": "138.92600", "2016-12-31": 109.108, "2016-09-30": 130.687, "2016-06-30": 138.193, "2016-03-31": "134.17000", "2015-12-31": 136.841, "2015-09-30": 156.398, "2015-06-30": 155.513, "2015-03-31": "142.10700", "2014-12-31": 152, "2014-09-30": 141.811, "2014-06-30": 150.063, "2014-03-31": "140.58600", "2013-12-31": 135.668, "2013-09-30": 127.864, "2013-06-30": 128.321, "2013-03-31": "125.14600", "2012-12-31": 119.898, "2012-09-30": 115.397, "2012-06-30": 113.687, "2012-03-31": "110.15000", "2011-12-31": 101.907, "2011-09-30": 97.978, "2011-06-30": 94.144, "2011-03-31": "90.43500", "2010-12-31": 81.239, "2010-09-30": 77.357, "2010-06-30": 67.391, "2010-03-31": "57.94500", "2009-12-31": 51.884, "2009-09-30": 43.018, "2009-06-30": 51.813, "2009-03-31": "59.05500", "2008-12-31": 43.829, "2008-09-30": 70.924, "2008-06-30": 65.842, "2008-03-31": "66.35700", "2007-12-31": 61.863, "2007-09-30": 57.244, "2007-06-30": 58.013, "2007-03-31": "50.90000", "2006-12-31": 47.837, "2006-09-30": 47.371, "2006-06-30": 46.468, "2006-03-31": "40.25800", "2005-12-31": 36.899, "2005-09-30": 34.369, "2005-06-30": 34.118, "2005-03-31": "30.97100"}, "Total Depreciation And Amortization - Cash Flow": {"2020-12-31": -190.398, "2020-09-30": 62.994, "2020-06-30": 61.337, "2020-03-31": "66.06700", "2019-12-31": 64.107, "2019-09-30": 55.262, "2019-06-30": 57.173, "2019-03-31": "57.50000", "2018-12-31": 53.583, "2018-09-30": 48.13, "2018-06-30": 48.943, "2018-03-31": "48.83400", "2017-12-31": 52.222, "2017-09-30": 44.621, "2017-06-30": 43.843, "2017-03-31": "42.54100", "2016-12-31": 56.748, "2016-09-30": 42.031, "2016-06-30": 40.851, "2016-03-31": "40.08600", "2015-12-31": 39.429, "2015-09-30": 37.714, "2015-06-30": 37.057, "2015-03-31": "35.26000", "2014-12-31": 35.784, "2014-09-30": 36.621, "2014-06-30": 32.929, "2014-03-31": "33.25000", "2013-12-31": 31.716, "2013-09-30": 29.545, "2013-06-30": 28.558, "2013-03-31": "28.83800", "2012-12-31": 27.626, "2012-09-30": 27.11, "2012-06-30": 25.746, "2012-03-31": "24.98900", "2011-12-31": 24.005, "2011-09-30": 21.267, "2011-06-30": 21.406, "2011-03-31": "19.85400", "2010-12-31": 20.783, "2010-09-30": 18.453, "2010-06-30": 16.873, "2010-03-31": "16.78700", "2009-12-31": 17.184, "2009-09-30": 16.639, "2009-06-30": 15.036, "2009-03-31": "16.64100", "2008-12-31": 16.979, "2008-09-30": 16.206, "2008-06-30": 15.912, "2008-03-31": "14.16400", "2007-12-31": 15.039, "2007-09-30": 13.269, "2007-06-30": 12.204, "2007-03-31": "12.15300", "2006-12-31": 11.558, "2006-09-30": 11.966, "2006-06-30": 11.4, "2006-03-31": "11.00500", "2005-12-31": 11.169, "2005-09-30": 9.551, "2005-06-30": 9.451, "2005-03-31": "9.25700"}, "Other Non-Cash Items": {"2020-12-31": 128.307, "2020-09-30": 4.437, "2020-06-30": 10.567, "2020-03-31": "-143.31100", "2019-12-31": 13.466, "2019-09-30": 14.843, "2019-06-30": 2.114, "2019-03-31": "18.41000", "2018-12-31": -63.635, "2018-09-30": 6.515, "2018-06-30": -5.817, "2018-03-31": "11.63400", "2017-12-31": -108.678, "2017-09-30": 24.792, "2017-06-30": 2.521, "2017-03-31": "-40.75800", "2016-12-31": -1.872, "2016-09-30": -2.888, "2016-06-30": 4.655, "2016-03-31": "8.98500", "2015-12-31": 14.879, "2015-09-30": -3.546, "2015-06-30": 10.847, "2015-03-31": "-47.17500", "2014-12-31": 22.595, "2014-09-30": 3.857, "2014-06-30": 4.835, "2014-03-31": "2.56500", "2013-12-31": 8.992, "2013-09-30": -11.731, "2013-06-30": 3.911, "2013-03-31": "4.38700", "2012-12-31": 8.307, "2012-09-30": 0.812, "2012-06-30": 13.122, "2012-03-31": "-3.59700", "2011-12-31": 12.567, "2011-09-30": -1.682, "2011-06-30": 11.439, "2011-03-31": "6.59100", "2010-12-31": 2.087, "2010-09-30": 5.021, "2010-06-30": 2.629, "2010-03-31": "7.07800", "2009-12-31": 8.19, "2009-09-30": 2.531, "2009-06-30": -12.486, "2009-03-31": "-0.09200", "2008-12-31": -49.239, "2008-09-30": 8.908, "2008-06-30": 10.718, "2008-03-31": "-0.36400", "2007-12-31": 2.934, "2007-09-30": 9.524, "2007-06-30": 0.48, "2007-03-31": "2.19900", "2006-12-31": -1.361, "2006-09-30": 3.396, "2006-06-30": 6.414, "2006-03-31": "-10.25300", "2005-12-31": 7.684, "2005-09-30": 3.772, "2005-06-30": 2.514, "2005-03-31": "-5.56300"}, "Total Non-Cash Items": {"2020-12-31": -62.091, "2020-09-30": 67.431, "2020-06-30": 71.904, "2020-03-31": "-77.24400", "2019-12-31": 77.573, "2019-09-30": 70.105, "2019-06-30": 59.287, "2019-03-31": "75.91000", "2018-12-31": -10.052, "2018-09-30": 54.645, "2018-06-30": 43.126, "2018-03-31": "60.46800", "2017-12-31": -56.456, "2017-09-30": 69.413, "2017-06-30": 46.364, "2017-03-31": "1.78300", "2016-12-31": 54.876, "2016-09-30": 39.143, "2016-06-30": 45.506, "2016-03-31": "49.07100", "2015-12-31": 54.308, "2015-09-30": 34.168, "2015-06-30": 47.904, "2015-03-31": "-11.91500", "2014-12-31": 58.379, "2014-09-30": 40.478, "2014-06-30": 37.764, "2014-03-31": "35.81500", "2013-12-31": 40.708, "2013-09-30": 17.814, "2013-06-30": 32.469, "2013-03-31": "33.22500", "2012-12-31": 35.933, "2012-09-30": 27.922, "2012-06-30": 38.868, "2012-03-31": "21.39200", "2011-12-31": 36.572, "2011-09-30": 19.585, "2011-06-30": 32.845, "2011-03-31": "26.44500", "2010-12-31": 22.87, "2010-09-30": 23.474, "2010-06-30": 19.502, "2010-03-31": "23.86500", "2009-12-31": 25.374, "2009-09-30": 19.17, "2009-06-30": 2.55, "2009-03-31": "16.54900", "2008-12-31": -32.26, "2008-09-30": 25.114, "2008-06-30": 26.63, "2008-03-31": "13.80000", "2007-12-31": 17.973, "2007-09-30": 22.793, "2007-06-30": 12.684, "2007-03-31": "14.35200", "2006-12-31": 10.197, "2006-09-30": 15.362, "2006-06-30": 17.814, "2006-03-31": "0.75200", "2005-12-31": 18.853, "2005-09-30": 13.323, "2005-06-30": 11.965, "2005-03-31": "3.69400"}, "Change In Accounts Receivable": {"2020-12-31": 0, "2020-09-30": 0, "2020-06-30": 0, "2020-03-31": "", "2019-12-31": 14.398, "2019-09-30": 0, "2019-06-30": 0, "2019-03-31": "", "2018-12-31": -13.383, "2018-09-30": 0, "2018-06-30": 0, "2018-03-31": "", "2017-12-31": -24.581, "2017-09-30": 0, "2017-06-30": 0, "2017-03-31": "", "2016-12-31": 14.773, "2016-09-30": 0, "2016-06-30": 0, "2016-03-31": "", "2015-12-31": -6.995, "2015-09-30": 0, "2015-06-30": 0, "2015-03-31": "", "2014-12-31": -35.258, "2014-09-30": 0, "2014-06-30": 0, "2014-03-31": "", "2013-12-31": 5.247, "2013-09-30": 0, "2013-06-30": 0, "2013-03-31": "", "2012-12-31": -4.225, "2012-09-30": 0, "2012-06-30": 0, "2012-03-31": "", "2011-12-31": -12.45, "2011-09-30": 0, "2011-06-30": 0, "2011-03-31": "", "2010-12-31": -43.179, "2010-09-30": 0, "2010-06-30": 0, "2010-03-31": "", "2009-12-31": 87.146, "2009-09-30": 0, "2009-06-30": 0, "2009-03-31": "", "2008-12-31": 6.636, "2008-09-30": 0, "2008-06-30": 0, "2008-03-31": "", "2007-12-31": -26.944, "2007-09-30": 0, "2007-06-30": 0, "2007-03-31": "", "2006-12-31": -26.042, "2006-09-30": 0, "2006-06-30": 0, "2006-03-31": "", "2005-12-31": -22.007, "2005-09-30": 0, "2005-06-30": 0, "2005-03-31": ""}, "Change In Inventories": {"2020-12-31": 0, "2020-09-30": 0, "2020-06-30": 0, "2020-03-31": "", "2019-12-31": 16.41, "2019-09-30": 0, "2019-06-30": 0, "2019-03-31": "", "2018-12-31": -59.472, "2018-09-30": 0, "2018-06-30": 0, "2018-03-31": "", "2017-12-31": -6.087, "2017-09-30": 0, "2017-06-30": 0, "2017-03-31": "", "2016-12-31": 38.666, "2016-09-30": 0, "2016-06-30": 0, "2016-03-31": "", "2015-12-31": -12.007, "2015-09-30": 0, "2015-06-30": 0, "2015-03-31": "", "2014-12-31": 11.626, "2014-09-30": 0, "2014-06-30": 0, "2014-03-31": "", "2013-12-31": -1.79, "2013-09-30": 0, "2013-06-30": 0, "2013-03-31": "", "2012-12-31": 29.555, "2012-09-30": 0, "2012-06-30": 0, "2012-03-31": "", "2011-12-31": -11.923, "2011-09-30": 0, "2011-06-30": 0, "2011-03-31": "", "2010-12-31": 7.334, "2010-09-30": 0, "2010-06-30": 0, "2010-03-31": "", "2009-12-31": 83.622, "2009-09-30": 0, "2009-06-30": 0, "2009-03-31": "", "2008-12-31": -35.18, "2008-09-30": 0, "2008-06-30": 0, "2008-03-31": "", "2007-12-31": 0.194, "2007-09-30": 0, "2007-06-30": 0, "2007-03-31": "", "2006-12-31": -6.225, "2006-09-30": 0, "2006-06-30": 0, "2006-03-31": "", "2005-12-31": -0.871, "2005-09-30": 0, "2005-06-30": 0, "2005-03-31": ""}, "Change In Accounts Payable": {"2020-12-31": 0, "2020-09-30": 0, "2020-06-30": 0, "2020-03-31": "", "2019-12-31": 0, "2019-09-30": 0, "2019-06-30": 0, "2019-03-31": "", "2018-12-31": 0, "2018-09-30": 0, "2018-06-30": 0, "2018-03-31": "", "2017-12-31": 0, "2017-09-30": 0, "2017-06-30": 0, "2017-03-31": "", "2016-12-31": 0, "2016-09-30": 0, "2016-06-30": 0, "2016-03-31": "", "2015-12-31": 0, "2015-09-30": 0, "2015-06-30": 0, "2015-03-31": "", "2014-12-31": 0, "2014-09-30": 0, "2014-06-30": 0, "2014-03-31": "", "2013-12-31": 0, "2013-09-30": 0, "2013-06-30": 0, "2013-03-31": "", "2012-12-31": 0, "2012-09-30": 0, "2012-06-30": 0, "2012-03-31": "", "2011-12-31": 0, "2011-09-30": 0, "2011-06-30": 0, "2011-03-31": "", "2010-12-31": 0, "2010-09-30": 0, "2010-06-30": 0, "2010-03-31": "", "2009-12-31": 0, "2009-09-30": 0, "2009-06-30": 0, "2009-03-31": "", "2008-12-31": 0, "2008-09-30": 0, "2008-06-30": 0, "2008-03-31": "", "2007-12-31": 0, "2007-09-30": 0, "2007-06-30": 0, "2007-03-31": "", "2006-12-31": 0, "2006-09-30": 0, "2006-06-30": 0, "2006-03-31": "", "2005-12-31": 0, "2005-09-30": 0, "2005-06-30": 0, "2005-03-31": ""}, "Change In Assets/Liabilities": {"2020-12-31": -176.743, "2020-09-30": 31.27, "2020-06-30": 74.274, "2020-03-31": "71.19900", "2019-12-31": 65.759, "2019-09-30": 28.086, "2019-06-30": -26.523, "2019-03-31": "-84.16700", "2018-12-31": 132.691, "2018-09-30": 9.649, "2018-06-30": -37.337, "2018-03-31": "-62.18900", "2017-12-31": -16.434, "2017-09-30": 15.817, "2017-06-30": 1.894, "2017-03-31": "1.51000", "2016-12-31": 23.13, "2016-09-30": -1.097, "2016-06-30": 5.516, "2016-03-31": "-31.84700", "2015-12-31": 51.825, "2015-09-30": -3.037, "2015-06-30": -40.042, "2015-03-31": "-8.49100", "2014-12-31": 41.587, "2014-09-30": 14.101, "2014-06-30": -33.087, "2014-03-31": "-13.73400", "2013-12-31": 23.434, "2013-09-30": 20.453, "2013-06-30": -32.632, "2013-03-31": "-1.55300", "2012-12-31": 17.777, "2012-09-30": 19.221, "2012-06-30": -36.806, "2012-03-31": "9.34300", "2011-12-31": 6.143, "2011-09-30": 19.481, "2011-06-30": -11.834, "2011-03-31": "-13.24000", "2010-12-31": -18.758, "2010-09-30": 13.461, "2010-06-30": 1.626, "2010-03-31": "10.05300", "2009-12-31": -60.015, "2009-09-30": 9.318, "2009-06-30": 19.256, "2009-03-31": "34.78600", "2008-12-31": 59.346, "2008-09-30": -33.229, "2008-06-30": -24.37, "2008-03-31": "-3.65400", "2007-12-31": 26.948, "2007-09-30": -18.081, "2007-06-30": -5.615, "2007-03-31": "-10.40500", "2006-12-31": 6.923, "2006-09-30": -4.671, "2006-06-30": -1.748, "2006-03-31": "-2.32300", "2005-12-31": 26.362, "2005-09-30": -5.504, "2005-06-30": 0.192, "2005-03-31": "-17.16300"}, "Total Change In Assets/Liabilities": {"2020-12-31": -176.743, "2020-09-30": 31.27, "2020-06-30": 74.274, "2020-03-31": "71.19900", "2019-12-31": 37.635, "2019-09-30": 28.086, "2019-06-30": -26.523, "2019-03-31": "-84.16700", "2018-12-31": 96.383, "2018-09-30": 9.649, "2018-06-30": -37.337, "2018-03-31": "-62.18900", "2017-12-31": 77.297, "2017-09-30": 15.817, "2017-06-30": 1.894, "2017-03-31": "1.51000", "2016-12-31": 79.226, "2016-09-30": -1.097, "2016-06-30": 5.516, "2016-03-31": "-31.84700", "2015-12-31": 12.774, "2015-09-30": -3.037, "2015-06-30": -40.042, "2015-03-31": "-8.49100", "2014-12-31": -0.698, "2014-09-30": 14.101, "2014-06-30": -33.087, "2014-03-31": "-13.73400", "2013-12-31": 34.842, "2013-09-30": 20.453, "2013-06-30": -32.632, "2013-03-31": "-1.55300", "2012-12-31": 32.803, "2012-09-30": 19.221, "2012-06-30": -36.806, "2012-03-31": "9.34300", "2011-12-31": 9.823, "2011-09-30": 19.481, "2011-06-30": -11.834, "2011-03-31": "-13.24000", "2010-12-31": 23.17, "2010-09-30": 13.461, "2010-06-30": 1.626, "2010-03-31": "10.05300", "2009-12-31": 19.131, "2009-09-30": 9.318, "2009-06-30": 19.256, "2009-03-31": "34.78600", "2008-12-31": 33.963, "2008-09-30": -33.229, "2008-06-30": -24.37, "2008-03-31": "-3.65400", "2007-12-31": 13.619, "2007-09-30": -18.081, "2007-06-30": -5.615, "2007-03-31": "-10.40500", "2006-12-31": 4.407, "2006-09-30": -4.671, "2006-06-30": -1.748, "2006-03-31": "-2.32300", "2005-12-31": -8.795, "2005-09-30": -5.504, "2005-06-30": 0.192, "2005-03-31": "-17.16300"}, "Cash Flow From Operating Activities": {"2020-12-31": -895.098, "2020-09-30": 309.73, "2020-06-30": 314.616, "2020-03-31": "270.75200", "2019-12-31": 342.208, "2019-09-30": 329.636, "2019-06-30": 246.321, "2019-03-31": "196.25700", "2018-12-31": 296.163, "2018-09-30": 248.813, "2018-06-30": 203.14, "2018-03-31": "177.40200", "2017-12-31": 252.865, "2017-09-30": 238.986, "2017-06-30": 198.964, "2017-03-31": "142.44400", "2016-12-31": 247.318, "2016-09-30": 168.958, "2016-06-30": 188.94, "2016-03-31": "151.61900", "2015-12-31": 199.398, "2015-09-30": 187.754, "2015-06-30": 163.462, "2015-03-31": "121.92600", "2014-12-31": 213.308, "2014-09-30": 196.615, "2014-06-30": 155.078, "2014-03-31": "160.96100", "2013-12-31": 209.552, "2013-09-30": 166.131, "2013-06-30": 128.158, "2013-03-31": "156.81800", "2012-12-31": 193.29, "2012-09-30": 162.54, "2012-06-30": 115.749, "2012-03-31": "140.88500", "2011-12-31": 152.726, "2011-09-30": 137.044, "2011-06-30": 115.155, "2011-03-31": "103.64000", "2010-12-31": 128.339, "2010-09-30": 114.292, "2010-06-30": 88.519, "2010-03-31": "91.86300", "2009-12-31": 108.724, "2009-09-30": 71.699, "2009-06-30": 73.858, "2009-03-31": "110.39000", "2008-12-31": 42.677, "2008-09-30": 62.786, "2008-06-30": 65.299, "2008-03-31": "76.50300", "2007-12-31": 96.638, "2007-09-30": 61.956, "2007-06-30": 65.082, "2007-03-31": "54.84700", "2006-12-31": 65.34, "2006-09-30": 58.907, "2006-06-30": 63.033, "2006-03-31": "38.68700", "2005-12-31": 45.39, "2005-09-30": 46.699, "2005-06-30": 45.446, "2005-03-31": "18.12600"}, "Net Change In Property, Plant, And Equipment": {"2020-12-31": 37.164, "2020-09-30": -10.147, "2020-06-30": -10.086, "2020-03-31": "-16.93100", "2019-12-31": -40.821, "2019-09-30": -18.247, "2019-06-30": -21.861, "2019-03-31": "-21.41700", "2018-12-31": -34.588, "2018-09-30": -18.923, "2018-06-30": -16.295, "2018-03-31": "-12.27000", "2017-12-31": -29.444, "2017-09-30": -17.966, "2017-06-30": -14.279, "2017-03-31": "-13.38500", "2016-12-31": -22.783, "2016-09-30": -15.246, "2016-06-30": -14.136, "2016-03-31": "-11.11500", "2015-12-31": -23.79, "2015-09-30": -19.306, "2015-06-30": -11.615, "2015-03-31": "-14.37200", "2014-12-31": -24.048, "2014-09-30": -17.991, "2014-06-30": -14.828, "2014-03-31": "-14.46000", "2013-12-31": -26.167, "2013-09-30": -15.534, "2013-06-30": -10.692, "2013-03-31": "-10.92100", "2012-12-31": -24.171, "2012-09-30": -12.741, "2012-06-30": -12.117, "2012-03-31": "-8.39800", "2011-12-31": -18.406, "2011-09-30": -11.851, "2011-06-30": -10.188, "2011-03-31": "-10.37100", "2010-12-31": -16.737, "2010-09-30": -9.758, "2010-06-30": -6.877, "2010-03-31": "-5.81100", "2009-12-31": -11.593, "2009-09-30": -6.282, "2009-06-30": -9.081, "2009-03-31": "-6.10600", "2008-12-31": -13.183, "2008-09-30": -11.121, "2008-06-30": -10.936, "2008-03-31": "-8.97500", "2007-12-31": -13.133, "2007-09-30": -7.337, "2007-06-30": -8.654, "2007-03-31": "-8.49600", "2006-12-31": -10.945, "2006-09-30": -5.411, "2006-06-30": -7.335, "2006-03-31": "-5.46500", "2005-12-31": -8.187, "2005-09-30": -5.522, "2005-06-30": -5.064, "2005-03-31": "-4.48800"}, "Net Change In Intangible Assets": {"2020-12-31": 0, "2020-09-30": 0, "2020-06-30": 0, "2020-03-31": "", "2019-12-31": 0, "2019-09-30": 0, "2019-06-30": 0, "2019-03-31": "", "2018-12-31": 0, "2018-09-30": 0, "2018-06-30": 0, "2018-03-31": "", "2017-12-31": 0, "2017-09-30": 0, "2017-06-30": 0, "2017-03-31": "", "2016-12-31": 0, "2016-09-30": 0, "2016-06-30": 0, "2016-03-31": "", "2015-12-31": 0, "2015-09-30": 0, "2015-06-30": 0, "2015-03-31": "", "2014-12-31": 0, "2014-09-30": 0, "2014-06-30": 0, "2014-03-31": "", "2013-12-31": 0, "2013-09-30": 0, "2013-06-30": 0, "2013-03-31": "", "2012-12-31": 0, "2012-09-30": 0, "2012-06-30": 0, "2012-03-31": "", "2011-12-31": 0, "2011-09-30": 0, "2011-06-30": 0, "2011-03-31": "", "2010-12-31": 0, "2010-09-30": 0, "2010-06-30": 0, "2010-03-31": "", "2009-12-31": 0, "2009-09-30": 0, "2009-06-30": 0, "2009-03-31": "", "2008-12-31": 0, "2008-09-30": 0, "2008-06-30": 0, "2008-03-31": "", "2007-12-31": 0, "2007-09-30": 0, "2007-06-30": 0, "2007-03-31": "", "2006-12-31": 0, "2006-09-30": 0, "2006-06-30": 0, "2006-03-31": "", "2005-12-31": 0, "2005-09-30": 0, "2005-06-30": 0, "2005-03-31": ""}, "Net Acquisitions/Divestitures": {"2020-12-31": -128.802, "2020-09-30": 245.311, "2020-06-30": 0.096, "2020-03-31": "-116.60500", "2019-12-31": -939.796, "2019-09-30": -122.149, "2019-06-30": 0, "2019-03-31": "", "2018-12-31": -753.057, "2018-09-30": -1.604, "2018-06-30": -132.563, "2018-03-31": "-242.08100", "2017-12-31": -38, "2017-09-30": 0, "2017-06-30": -184.091, "2017-03-31": "-334.54300", "2016-12-31": -31.443, "2016-09-30": -66.508, "2016-06-30": 1.143, "2016-03-31": "-294.61100", "2015-12-31": 0, "2015-09-30": -157.66, "2015-06-30": -198.806, "2015-03-31": "", "2014-12-31": 0, "2014-09-30": -114.964, "2014-06-30": -297.194, "2014-03-31": "-161.48900", "2013-12-31": -250.337, "2013-09-30": -163.978, "2013-06-30": 0, "2013-03-31": "", "2012-12-31": -249.89, "2012-09-30": 0, "2012-06-30": -318.429, "2012-03-31": "-179.35600", "2011-12-31": -291.935, "2011-09-30": 0, "2011-06-30": -183, "2011-03-31": "0.49400", "2010-12-31": -164.932, "2010-09-30": -281, "2010-06-30": -89.428, "2010-03-31": "-3.22500", "2009-12-31": -31.725, "2009-09-30": -2.785, "2009-06-30": -0.196, "2009-03-31": "-38.21300", "2008-12-31": -64.008, "2008-09-30": -120.694, "2008-06-30": -205.811, "2008-03-31": "-72.49900", "2007-12-31": -111.568, "2007-09-30": -88.663, "2007-06-30": -100.417, "2007-03-31": "0.07900", "2006-12-31": -55.43, "2006-09-30": -8.02, "2006-06-30": -99.904, "2006-03-31": "-14.28500", "2005-12-31": -165.459, "2005-09-30": -77.254, "2005-06-30": -97.959, "2005-03-31": ""}, "Net Change In Short-term Investments": {"2020-12-31": 0, "2020-09-30": 0, "2020-06-30": 0, "2020-03-31": "", "2019-12-31": 0, "2019-09-30": 0, "2019-06-30": 0, "2019-03-31": "", "2018-12-31": 0, "2018-09-30": 0, "2018-06-30": 0, "2018-03-31": "", "2017-12-31": 0, "2017-09-30": 0, "2017-06-30": 0, "2017-03-31": "", "2016-12-31": 0, "2016-09-30": 0, "2016-06-30": 0, "2016-03-31": "", "2015-12-31": 0, "2015-09-30": 0, "2015-06-30": 0, "2015-03-31": "", "2014-12-31": 0, "2014-09-30": 0, "2014-06-30": 0, "2014-03-31": "", "2013-12-31": 0, "2013-09-30": 0, "2013-06-30": 0, "2013-03-31": "", "2012-12-31": 0, "2012-09-30": 0, "2012-06-30": 0, "2012-03-31": "", "2011-12-31": 0, "2011-09-30": 0, "2011-06-30": 0, "2011-03-31": "", "2010-12-31": 0, "2010-09-30": 0, "2010-06-30": 0, "2010-03-31": "", "2009-12-31": 0, "2009-09-30": 0, "2009-06-30": 0, "2009-03-31": "", "2008-12-31": 0, "2008-09-30": 0, "2008-06-30": 0, "2008-03-31": "", "2007-12-31": 0, "2007-09-30": 0, "2007-06-30": 0, "2007-03-31": "", "2006-12-31": 0, "2006-09-30": 0, "2006-06-30": 0, "2006-03-31": "", "2005-12-31": 0, "2005-09-30": 0, "2005-06-30": 0, "2005-03-31": ""}, "Net Change In Long-Term Investments": {"2020-12-31": 0, "2020-09-30": 0, "2020-06-30": 0, "2020-03-31": "", "2019-12-31": 0, "2019-09-30": 0, "2019-06-30": 0, "2019-03-31": "", "2018-12-31": 0, "2018-09-30": 0, "2018-06-30": 0, "2018-03-31": "", "2017-12-31": 0, "2017-09-30": 0, "2017-06-30": 0, "2017-03-31": "", "2016-12-31": 0, "2016-09-30": 0, "2016-06-30": 0, "2016-03-31": "", "2015-12-31": 0, "2015-09-30": 0, "2015-06-30": 0, "2015-03-31": "", "2014-12-31": 0, "2014-09-30": 0, "2014-06-30": 0, "2014-03-31": "", "2013-12-31": 0, "2013-09-30": 0, "2013-06-30": 0, "2013-03-31": "", "2012-12-31": 0, "2012-09-30": 0, "2012-06-30": 0, "2012-03-31": "", "2011-12-31": 0, "2011-09-30": 0, "2011-06-30": 0, "2011-03-31": "", "2010-12-31": 0, "2010-09-30": 0, "2010-06-30": 0, "2010-03-31": "", "2009-12-31": -0.638, "2009-09-30": 0, "2009-06-30": 0, "2009-03-31": "", "2008-12-31": 6.323, "2008-09-30": 0, "2008-06-30": 0, "2008-03-31": "", "2007-12-31": -1.7, "2007-09-30": 0, "2007-06-30": 0, "2007-03-31": "", "2006-12-31": -0.871, "2006-09-30": 0, "2006-06-30": 0, "2006-03-31": "", "2005-12-31": 0, "2005-09-30": 0, "2005-06-30": 0, "2005-03-31": ""}, "Net Change In Investments - Total": {"2020-12-31": 0, "2020-09-30": 0, "2020-06-30": 0, "2020-03-31": "", "2019-12-31": 0, "2019-09-30": 0, "2019-06-30": 0, "2019-03-31": "", "2018-12-31": 0, "2018-09-30": 0, "2018-06-30": 0, "2018-03-31": "", "2017-12-31": 0, "2017-09-30": 0, "2017-06-30": 0, "2017-03-31": "", "2016-12-31": 0, "2016-09-30": 0, "2016-06-30": 0, "2016-03-31": "", "2015-12-31": 0, "2015-09-30": 0, "2015-06-30": 0, "2015-03-31": "", "2014-12-31": 0, "2014-09-30": 0, "2014-06-30": 0, "2014-03-31": "", "2013-12-31": 0, "2013-09-30": 0, "2013-06-30": 0, "2013-03-31": "", "2012-12-31": 0, "2012-09-30": 0, "2012-06-30": 0, "2012-03-31": "", "2011-12-31": 0, "2011-09-30": 0, "2011-06-30": 0, "2011-03-31": "", "2010-12-31": 0, "2010-09-30": 0, "2010-06-30": 0, "2010-03-31": "", "2009-12-31": -0.638, "2009-09-30": 0, "2009-06-30": 0, "2009-03-31": "", "2008-12-31": 6.323, "2008-09-30": 0, "2008-06-30": 0, "2008-03-31": "", "2007-12-31": -1.7, "2007-09-30": 0, "2007-06-30": 0, "2007-03-31": "", "2006-12-31": -0.871, "2006-09-30": 0, "2006-06-30": 0, "2006-03-31": "", "2005-12-31": 0, "2005-09-30": 0, "2005-06-30": 0, "2005-03-31": ""}, "Investing Activities - Other": {"2020-12-31": -7.051, "2020-09-30": -241.266, "2020-06-30": -0.776, "2020-03-31": "249.09300", "2019-12-31": 3.044, "2019-09-30": 6.655, "2019-06-30": 0, "2019-03-31": "3.66700", "2018-12-31": 1.854, "2018-09-30": -1.998, "2018-06-30": 0.704, "2018-03-31": "0.77700", "2017-12-31": 4.052, "2017-09-30": 2.238, "2017-06-30": -0.075, "2017-03-31": "-0.32400", "2016-12-31": 1.832, "2016-09-30": 0, "2016-06-30": 0.5, "2016-03-31": "", "2015-12-31": 0.129, "2015-09-30": -0.132, "2015-06-30": -0.005, "2015-03-31": "", "2014-12-31": -0.001, "2014-09-30": 1.096, "2014-06-30": -0.118, "2014-03-31": "2.36400", "2013-12-31": -0.34, "2013-09-30": 13.204, "2013-06-30": 0.51, "2013-03-31": "3.92200", "2012-12-31": 0.722, "2012-09-30": 0.001, "2012-06-30": -3.643, "2012-03-31": "4.29100", "2011-12-31": 0.954, "2011-09-30": 0.809, "2011-06-30": 0.701, "2011-03-31": "-3.66000", "2010-12-31": 7.179, "2010-09-30": -0.254, "2010-06-30": 4.02, "2010-03-31": "", "2009-12-31": 1.825, "2009-09-30": -0.256, "2009-06-30": -1.294, "2009-03-31": "", "2008-12-31": -6.293, "2008-09-30": 5.355, "2008-06-30": 5.22, "2008-03-31": "", "2007-12-31": 5.756, "2007-09-30": -0.503, "2007-06-30": -0.025, "2007-03-31": "", "2006-12-31": 1.641, "2006-09-30": 0, "2006-06-30": 0, "2006-03-31": "", "2005-12-31": -1.477, "2005-09-30": 0.933, "2005-06-30": -1.313, "2005-03-31": "3.99900"}, "Cash Flow From Investing Activities": {"2020-12-31": -98.689, "2020-09-30": -6.102, "2020-06-30": -10.766, "2020-03-31": "115.55700", "2019-12-31": -977.573, "2019-09-30": -133.741, "2019-06-30": -21.861, "2019-03-31": "-17.75000", "2018-12-31": -785.791, "2018-09-30": -22.525, "2018-06-30": -148.154, "2018-03-31": "-253.57400", "2017-12-31": -63.392, "2017-09-30": -15.728, "2017-06-30": -198.445, "2017-03-31": "-348.25200", "2016-12-31": -52.394, "2016-09-30": -81.754, "2016-06-30": -12.493, "2016-03-31": "-305.72600", "2015-12-31": -23.661, "2015-09-30": -177.098, "2015-06-30": -210.426, "2015-03-31": "-14.37200", "2014-12-31": -24.049, "2014-09-30": -131.859, "2014-06-30": -312.14, "2014-03-31": "-173.58500", "2013-12-31": -276.844, "2013-09-30": -166.308, "2013-06-30": -10.182, "2013-03-31": "-6.99900", "2012-12-31": -273.339, "2012-09-30": -12.74, "2012-06-30": -334.189, "2012-03-31": "-183.46300", "2011-12-31": -309.387, "2011-09-30": -11.042, "2011-06-30": -192.487, "2011-03-31": "-13.53700", "2010-12-31": -174.49, "2010-09-30": -291.012, "2010-06-30": -92.285, "2010-03-31": "-9.03600", "2009-12-31": -42.131, "2009-09-30": -9.323, "2009-06-30": -10.571, "2009-03-31": "-44.31900", "2008-12-31": -77.161, "2008-09-30": -126.46, "2008-06-30": -211.527, "2008-03-31": "-81.47400", "2007-12-31": -120.645, "2007-09-30": -96.503, "2007-06-30": -109.096, "2007-03-31": "-8.41700", "2006-12-31": -65.605, "2006-09-30": -13.431, "2006-06-30": -107.239, "2006-03-31": "-19.75000", "2005-12-31": -175.123, "2005-09-30": -81.843, "2005-06-30": -104.336, "2005-03-31": "-0.48900"}, "Net Long-Term Debt": {"2020-12-31": 102.947, "2020-09-30": -602.947, "2020-06-30": 0, "2020-03-31": "500.00000", "2019-12-31": -100, "2019-09-30": 0, "2019-06-30": 0, "2019-03-31": "100.00000", "2018-12-31": 495.05, "2018-09-30": -240, "2018-06-30": 0, "2018-03-31": "", "2017-12-31": -270, "2017-09-30": 0, "2017-06-30": 0, "2017-03-31": "", "2016-12-31": 772.176, "2016-09-30": 0, "2016-06-30": 0, "2016-03-31": "", "2015-12-31": -35.117, "2015-09-30": 3.56, "2015-06-30": 50, "2015-03-31": "-0.45000", "2014-12-31": -0.381, "2014-09-30": 499.688, "2014-06-30": 0, "2014-03-31": "-0.22100", "2013-12-31": -0.131, "2013-09-30": 0.043, "2013-06-30": 0.829, "2013-03-31": "-0.48600", "2012-12-31": -0.561, "2012-09-30": -0.76, "2012-06-30": -0.048, "2012-03-31": "-0.17000", "2011-12-31": 58.299, "2011-09-30": -0.154, "2011-06-30": 0, "2011-03-31": "-0.62700", "2010-12-31": 0, "2010-09-30": 46.92, "2010-06-30": 0, "2010-03-31": "", "2009-12-31": -16.853, "2009-09-30": 1.466, "2009-06-30": -62.016, "2009-03-31": "-1.94800", "2008-12-31": 78.376, "2008-09-30": 104.812, "2008-06-30": -0.535, "2008-03-31": "-6.88200", "2007-12-31": 352.124, "2007-09-30": -8.677, "2007-06-30": 0, "2007-03-31": "", "2006-12-31": 0.974, "2006-09-30": -1.692, "2006-06-30": 13.329, "2006-03-31": "-1.29000", "2005-12-31": -9.608, "2005-09-30": 3.885, "2005-06-30": 97.484, "2005-03-31": ""}, "Net Current Debt": {"2020-12-31": -109.997, "2020-09-30": 484.768, "2020-06-30": -397.022, "2020-03-31": "22.25100", "2019-12-31": 388.916, "2019-09-30": 2.591, "2019-06-30": -4.516, "2019-03-31": "-256.28600", "2018-12-31": 257.428, "2018-09-30": 0.965, "2018-06-30": -0.044, "2018-03-31": "", "2017-12-31": -0.015, "2017-09-30": -2.785, "2017-06-30": -65.71, "2017-03-31": "58.89400", "2016-12-31": -552.774, "2016-09-30": 15.199, "2016-06-30": -61.432, "2016-03-31": "283.33300", "2015-12-31": 66.53, "2015-09-30": 257.121, "2015-06-30": -72.186, "2015-03-31": "-24.70400", "2014-12-31": 90.448, "2014-09-30": -444.085, "2014-06-30": 187.658, "2014-03-31": "-6.51600", "2013-12-31": 110.022, "2013-09-30": 39.268, "2013-06-30": -82.008, "2013-03-31": "-112.46800", "2012-12-31": 77.608, "2012-09-30": -146.731, "2012-06-30": 161.964, "2012-03-31": "86.58500", "2011-12-31": 98.067, "2011-09-30": -87.078, "2011-06-30": 125.06, "2011-03-31": "-94.49900", "2010-12-31": 65.305, "2010-09-30": 30.008, "2010-06-30": -2.152, "2010-03-31": "-0.79700", "2009-12-31": 0.343, "2009-09-30": -1.353, "2009-06-30": -4.671, "2009-03-31": "-7.33200", "2008-12-31": -112.686, "2008-09-30": -2.672, "2008-06-30": 185.028, "2008-03-31": "0.02300", "2007-12-31": -228.547, "2007-09-30": 44.551, "2007-06-30": 56.862, "2007-03-31": "-35.45500", "2006-12-31": -2.234, "2006-09-30": -18.459, "2006-06-30": 40.513, "2006-03-31": "-15.77200", "2005-12-31": 129.93, "2005-09-30": 18.583, "2005-06-30": -22.102, "2005-03-31": "-20.70300"}, "Debt Issuance/Retirement Net - Total": {"2020-12-31": -7.05, "2020-09-30": -118.179, "2020-06-30": -397.022, "2020-03-31": "522.25100", "2019-12-31": 288.916, "2019-09-30": 2.591, "2019-06-30": -4.516, "2019-03-31": "-156.28600", "2018-12-31": 752.478, "2018-09-30": -239.035, "2018-06-30": -0.044, "2018-03-31": "", "2017-12-31": -270.015, "2017-09-30": -2.785, "2017-06-30": -65.71, "2017-03-31": "58.89400", "2016-12-31": 219.402, "2016-09-30": 15.199, "2016-06-30": -61.432, "2016-03-31": "283.33300", "2015-12-31": 31.413, "2015-09-30": 260.681, "2015-06-30": -22.186, "2015-03-31": "-25.15400", "2014-12-31": 90.067, "2014-09-30": 55.603, "2014-06-30": 187.658, "2014-03-31": "-6.73700", "2013-12-31": 109.891, "2013-09-30": 39.311, "2013-06-30": -81.179, "2013-03-31": "-112.95400", "2012-12-31": 77.047, "2012-09-30": -147.491, "2012-06-30": 161.916, "2012-03-31": "86.41500", "2011-12-31": 156.366, "2011-09-30": -87.232, "2011-06-30": 125.06, "2011-03-31": "-95.12600", "2010-12-31": 65.305, "2010-09-30": 76.928, "2010-06-30": -2.152, "2010-03-31": "-0.79700", "2009-12-31": -16.51, "2009-09-30": 0.113, "2009-06-30": -66.687, "2009-03-31": "-9.28000", "2008-12-31": -34.31, "2008-09-30": 102.14, "2008-06-30": 184.493, "2008-03-31": "-6.85900", "2007-12-31": 123.577, "2007-09-30": 35.874, "2007-06-30": 56.862, "2007-03-31": "-35.45500", "2006-12-31": -1.26, "2006-09-30": -20.151, "2006-06-30": 53.842, "2006-03-31": "-17.06200", "2005-12-31": 120.322, "2005-09-30": 22.468, "2005-06-30": 75.382, "2005-03-31": "-20.70300"}, "Net Common Equity Issued/Repurchased": {"2020-12-31": -35.311, "2020-09-30": 19.131, "2020-06-30": 9.304, "2020-03-31": "6.87600", "2019-12-31": 25.432, "2019-09-30": 13.524, "2019-06-30": 14.716, "2019-03-31": "24.79200", "2018-12-31": -362.284, "2018-09-30": 10.37, "2018-06-30": 4.781, "2018-03-31": "9.47600", "2017-12-31": 4.565, "2017-09-30": 3.693, "2017-06-30": 11.309, "2017-03-31": "13.61300", "2016-12-31": -97.674, "2016-09-30": -93.21, "2016-06-30": -12.979, "2016-03-31": "-114.65500", "2015-12-31": -126.592, "2015-09-30": -243.378, "2015-06-30": -13.707, "2015-03-31": "-12.53100", "2014-12-31": -239.648, "2014-09-30": 1.261, "2014-06-30": 4.67, "2014-03-31": "3.92700", "2013-12-31": 5.83, "2013-09-30": 9.241, "2013-06-30": 5.383, "2013-03-31": "-3.58700", "2012-12-31": 7.925, "2012-09-30": 5.868, "2012-06-30": 13.742, "2012-03-31": "7.23000", "2011-12-31": -38.131, "2011-09-30": 0.194, "2011-06-30": -6.279, "2011-03-31": "2.31600", "2010-12-31": 13.231, "2010-09-30": 3.354, "2010-06-30": -8.817, "2010-03-31": "-64.85900", "2009-12-31": 1.834, "2009-09-30": 3.839, "2009-06-30": 4.265, "2009-03-31": "1.39000", "2008-12-31": -1.238, "2008-09-30": 1.129, "2008-06-30": -9.355, "2008-03-31": "-41.74200", "2007-12-31": 0.262, "2007-09-30": 0.478, "2007-06-30": 7.394, "2007-03-31": "1.39000", "2006-12-31": 2.937, "2006-09-30": -14.799, "2006-06-30": -3.155, "2006-03-31": "3.82000", "2005-12-31": 5.47, "2005-09-30": 2.647, "2005-06-30": 2.822, "2005-03-31": "5.21900"}, "Net Total Equity Issued/Repurchased": {"2020-12-31": -35.311, "2020-09-30": 19.131, "2020-06-30": 9.304, "2020-03-31": "6.87600", "2019-12-31": 25.432, "2019-09-30": 13.524, "2019-06-30": 14.716, "2019-03-31": "24.79200", "2018-12-31": -362.284, "2018-09-30": 10.37, "2018-06-30": 4.781, "2018-03-31": "9.47600", "2017-12-31": 4.565, "2017-09-30": 3.693, "2017-06-30": 11.309, "2017-03-31": "13.61300", "2016-12-31": -97.674, "2016-09-30": -93.21, "2016-06-30": -12.979, "2016-03-31": "-114.65500", "2015-12-31": -126.592, "2015-09-30": -243.378, "2015-06-30": -13.707, "2015-03-31": "-12.53100", "2014-12-31": -239.648, "2014-09-30": 1.261, "2014-06-30": 4.67, "2014-03-31": "3.92700", "2013-12-31": 5.83, "2013-09-30": 9.241, "2013-06-30": 5.383, "2013-03-31": "-3.58700", "2012-12-31": 7.925, "2012-09-30": 5.868, "2012-06-30": 13.742, "2012-03-31": "7.23000", "2011-12-31": -38.131, "2011-09-30": 0.194, "2011-06-30": -6.279, "2011-03-31": "2.31600", "2010-12-31": 13.231, "2010-09-30": 3.354, "2010-06-30": -8.817, "2010-03-31": "-64.85900", "2009-12-31": 1.834, "2009-09-30": 3.839, "2009-06-30": 4.265, "2009-03-31": "1.39000", "2008-12-31": -1.238, "2008-09-30": 1.129, "2008-06-30": -9.355, "2008-03-31": "-41.74200", "2007-12-31": 0.262, "2007-09-30": 0.478, "2007-06-30": 7.394, "2007-03-31": "1.39000", "2006-12-31": 2.937, "2006-09-30": -14.799, "2006-06-30": -3.155, "2006-03-31": "3.82000", "2005-12-31": 5.47, "2005-09-30": 2.647, "2005-06-30": 2.822, "2005-03-31": "5.21900"}, "Total Common And Preferred Stock Dividends Paid": {"2020-12-31": 123.69, "2020-09-30": -41.291, "2020-06-30": -41.234, "2020-03-31": "-41.16500", "2019-12-31": -31.998, "2019-09-30": -31.883, "2019-06-30": -31.849, "2019-03-31": "-31.76600", "2018-12-31": -31.884, "2018-09-30": -32.374, "2018-06-30": -32.351, "2018-03-31": "-32.30200", "2017-12-31": -20.732, "2017-09-30": -20.703, "2017-06-30": -20.677, "2017-03-31": "-20.62300", "2016-12-31": -20.562, "2016-09-30": -20.749, "2016-06-30": -20.95, "2016-03-31": "-21.00600", "2015-12-31": -21.327, "2015-09-30": -21.318, "2015-06-30": -21.701, "2015-03-31": "-21.64200", "2014-12-31": -21.825, "2014-09-30": -22.04, "2014-06-30": -22.024, "2014-03-31": "-14.66200", "2013-12-31": -14.646, "2013-09-30": -14.604, "2013-06-30": -14.588, "2013-03-31": "-14.56700", "2012-12-31": -14.527, "2012-09-30": -14.501, "2012-06-30": -14.467, "2012-03-31": "-9.58800", "2011-12-31": -9.566, "2011-09-30": -9.635, "2011-06-30": -9.606, "2011-03-31": "-9.55900", "2010-12-31": -9.551, "2010-09-30": -6.331, "2010-06-30": -6.324, "2010-03-31": "-6.34800", "2009-12-31": -6.417, "2009-09-30": -6.398, "2009-06-30": -6.358, "2009-03-31": "-6.40600", "2008-12-31": -6.636, "2008-09-30": -6.33, "2008-06-30": -6.4, "2008-03-31": "-6.31900", "2007-12-31": -6.54, "2007-09-30": -6.417, "2007-06-30": -6.409, "2007-03-31": "-6.38200", "2006-12-31": -6.23, "2006-09-30": -4.174, "2006-06-30": -4.241, "2006-03-31": "-4.18700", "2005-12-31": -4.405, "2005-09-30": -4.148, "2005-06-30": -4.136, "2005-03-31": "-4.12500"}, "Financial Activities - Other": {"2020-12-31": 3.389, "2020-09-30": -0.775, "2020-06-30": -1.301, "2020-03-31": "-1.31300", "2019-12-31": -1.511, "2019-09-30": -0.636, "2019-06-30": -4.008, "2019-03-31": "-2.60500", "2018-12-31": -28.042, "2018-09-30": -0.641, "2018-06-30": -0.879, "2018-03-31": "-4.22900", "2017-12-31": 0, "2017-09-30": 0, "2017-06-30": 0, "2017-03-31": "", "2016-12-31": -2.724, "2016-09-30": 0.865, "2016-06-30": 2.23, "2016-03-31": "1.96600", "2015-12-31": 0.661, "2015-09-30": 1.101, "2015-06-30": 12.634, "2015-03-31": "6.08200", "2014-12-31": 1.61, "2014-09-30": 0.98, "2014-06-30": 2.741, "2014-03-31": "2.55800", "2013-12-31": 3.324, "2013-09-30": 5.446, "2013-06-30": 2.554, "2013-03-31": "4.86100", "2012-12-31": 2.651, "2012-09-30": 2.298, "2012-06-30": 6.885, "2012-03-31": "3.13600", "2011-12-31": 1.402, "2011-09-30": 2.805, "2011-06-30": 7.879, "2011-03-31": "0.97000", "2010-12-31": 5.441, "2010-09-30": 0.962, "2010-06-30": 1.003, "2010-03-31": "1.58400", "2009-12-31": 0.346, "2009-09-30": 2.023, "2009-06-30": 1.483, "2009-03-31": "0.24400", "2008-12-31": 0.955, "2008-09-30": -0.98, "2008-06-30": 4.176, "2008-03-31": "0.73900", "2007-12-31": 4.17, "2007-09-30": -0.943, "2007-06-30": 4.316, "2007-03-31": "1.92100", "2006-12-31": 1.502, "2006-09-30": 0.184, "2006-06-30": 1.543, "2006-03-31": "1.47700", "2005-12-31": 4.379, "2005-09-30": 1.01, "2005-06-30": 1.158, "2005-03-31": "3.65600"}, "Cash Flow From Financial Activities": {"2020-12-31": 84.718, "2020-09-30": -141.114, "2020-06-30": -430.253, "2020-03-31": "486.64900", "2019-12-31": 280.839, "2019-09-30": -16.404, "2019-06-30": -25.657, "2019-03-31": "-165.86500", "2018-12-31": 330.268, "2018-09-30": -261.68, "2018-06-30": -28.493, "2018-03-31": "-27.05500", "2017-12-31": -286.182, "2017-09-30": -19.795, "2017-06-30": -75.078, "2017-03-31": "51.88400", "2016-12-31": 98.442, "2016-09-30": -97.895, "2016-06-30": -93.131, "2016-03-31": "149.63800", "2015-12-31": -115.845, "2015-09-30": -2.914, "2015-06-30": -44.96, "2015-03-31": "-53.24500", "2014-12-31": -169.796, "2014-09-30": 35.804, "2014-06-30": 173.045, "2014-03-31": "-14.91400", "2013-12-31": 104.399, "2013-09-30": 39.394, "2013-06-30": -87.83, "2013-03-31": "-126.24700", "2012-12-31": 73.096, "2012-09-30": -153.826, "2012-06-30": 168.076, "2012-03-31": "87.19300", "2011-12-31": 110.071, "2011-09-30": -93.868, "2011-06-30": 117.054, "2011-03-31": "-101.39900", "2010-12-31": 74.426, "2010-09-30": 74.913, "2010-06-30": -16.29, "2010-03-31": "-70.42000", "2009-12-31": -20.747, "2009-09-30": -0.423, "2009-06-30": -67.297, "2009-03-31": "-14.05200", "2008-12-31": -41.229, "2008-09-30": 95.959, "2008-06-30": 172.914, "2008-03-31": "-54.18100", "2007-12-31": 121.469, "2007-09-30": 28.992, "2007-06-30": 62.163, "2007-03-31": "-38.52600", "2006-12-31": -3.051, "2006-09-30": -38.94, "2006-06-30": 47.989, "2006-03-31": "-15.95200", "2005-12-31": 125.766, "2005-09-30": 21.977, "2005-06-30": 75.226, "2005-03-31": "-15.95300"}, "Net Cash Flow": {"2020-12-31": -911.808, "2020-09-30": 173.863, "2020-06-30": -122.407, "2020-03-31": "860.35200", "2019-12-31": -342.346, "2019-09-30": 167.464, "2019-06-30": 199.847, "2019-03-31": "14.09000", "2018-12-31": -164.746, "2018-09-30": -38.972, "2018-06-30": 0.917, "2018-03-31": "-89.52400", "2017-12-31": -90.115, "2017-09-30": 219.932, "2017-06-30": -53.75, "2017-03-31": "-147.02600", "2016-12-31": 271.79, "2016-09-30": -10.726, "2016-06-30": 69.255, "2016-03-31": "5.93500", "2015-12-31": 52.971, "2015-09-30": 1.446, "2015-06-30": -79.999, "2015-03-31": "28.97200", "2014-12-31": 8.002, "2014-09-30": 86.842, "2014-06-30": 17.436, "2014-03-31": "-29.86800", "2013-12-31": 40.325, "2013-09-30": 47.264, "2013-06-30": 30.279, "2013-03-31": "19.35100", "2012-12-31": -4.867, "2012-09-30": -0.744, "2012-06-30": -55.709, "2012-03-31": "48.91200", "2011-12-31": -47.882, "2011-09-30": 21.681, "2011-06-30": 41.584, "2011-03-31": "-8.19900", "2010-12-31": 28.191, "2010-09-30": -95.776, "2010-06-30": -24.839, "2010-03-31": "9.27600", "2009-12-31": 45.393, "2009-09-30": 63.561, "2009-06-30": 1.65, "2009-03-31": "48.77200", "2008-12-31": -79.518, "2008-09-30": 24.89, "2008-06-30": 26.9, "2008-03-31": "-55.43100", "2007-12-31": 97.582, "2007-09-30": -3.759, "2007-06-30": 18.912, "2007-03-31": "8.31300", "2006-12-31": -2.017, "2006-09-30": 6.597, "2006-06-30": 5.518, "2006-03-31": "3.44800", "2005-12-31": -4.537, "2005-09-30": -13.268, "2005-06-30": 14.543, "2005-03-31": "1.22500"}, "Stock-Based Compensation": {"2020-12-31": -29.878, "2020-09-30": 10.825, "2020-06-30": 11.205, "2020-03-31": "7.84800", "2019-12-31": 11.39, "2019-09-30": 13.558, "2019-06-30": 8.325, "2019-03-31": "7.12100", "2018-12-31": 7.215, "2018-09-30": 7.145, "2018-06-30": 7.384, "2018-03-31": "5.57100", "2017-12-31": 5.402, "2017-09-30": 5.576, "2017-06-30": 8.785, "2017-03-31": "5.32800", "2016-12-31": 5.637, "2016-09-30": 5.358, "2016-06-30": 5.956, "2016-03-31": "5.07900", "2015-12-31": 6.083, "2015-09-30": 5.6, "2015-06-30": 7.217, "2015-03-31": "4.86200", "2014-12-31": 4.816, "2014-09-30": 4.747, "2014-06-30": 6.142, "2014-03-31": "4.16600", "2013-12-31": 5.065, "2013-09-30": 5.018, "2013-06-30": 4.738, "2013-03-31": "6.77000", "2012-12-31": 4.809, "2012-09-30": 4.362, "2012-06-30": 6.155, "2012-03-31": "4.05800", "2011-12-31": 3.791, "2011-09-30": 4.081, "2011-06-30": 9.943, "2011-03-31": "4.33200", "2010-12-31": 4.249, "2010-09-30": 4.351, "2010-06-30": 4.395, "2010-03-31": "3.60100", "2009-12-31": 3.695, "2009-09-30": 3.534, "2009-06-30": 3.558, "2009-03-31": "2.71500", "2008-12-31": 2.865, "2008-09-30": 3.028, "2008-06-30": 11.13, "2008-03-31": "3.16300", "2007-12-31": 3.185, "2007-09-30": 4.293, "2007-06-30": 3.416, "2007-03-31": "4.63600", "2006-12-31": 3.27, "2006-09-30": 3.129, "2006-06-30": 3.116, "2006-03-31": "2.92600", "2005-12-31": 2.983, "2005-09-30": 2.938, "2005-06-30": 2.61, "2005-03-31": "2.05000"}, "Common Stock Dividends Paid": {"2020-12-31": 123.69, "2020-09-30": -41.291, "2020-06-30": -41.234, "2020-03-31": "-41.16500", "2019-12-31": -31.998, "2019-09-30": -31.883, "2019-06-30": -31.849, "2019-03-31": "-31.76600", "2018-12-31": -31.884, "2018-09-30": -32.374, "2018-06-30": -32.351, "2018-03-31": "-32.30200", "2017-12-31": -20.732, "2017-09-30": -20.703, "2017-06-30": -20.677, "2017-03-31": "-20.62300", "2016-12-31": -20.562, "2016-09-30": -20.749, "2016-06-30": -20.95, "2016-03-31": "-21.00600", "2015-12-31": -21.327, "2015-09-30": -21.318, "2015-06-30": -21.701, "2015-03-31": "-21.64200", "2014-12-31": -21.825, "2014-09-30": -22.04, "2014-06-30": -22.024, "2014-03-31": "-14.66200", "2013-12-31": -14.646, "2013-09-30": -14.604, "2013-06-30": -14.588, "2013-03-31": "-14.56700", "2012-12-31": -14.527, "2012-09-30": -14.501, "2012-06-30": -14.467, "2012-03-31": "-9.58800", "2011-12-31": -9.566, "2011-09-30": -9.635, "2011-06-30": -9.606, "2011-03-31": "-9.55900", "2010-12-31": -9.551, "2010-09-30": -6.331, "2010-06-30": -6.324, "2010-03-31": "-6.34800", "2009-12-31": -6.417, "2009-09-30": -6.398, "2009-06-30": -6.358, "2009-03-31": "-6.40600", "2008-12-31": -6.636, "2008-09-30": -6.33, "2008-06-30": -6.4, "2008-03-31": "-6.31900", "2007-12-31": -6.54, "2007-09-30": -6.417, "2007-06-30": -6.409, "2007-03-31": "-6.38200", "2006-12-31": -6.23, "2006-09-30": -4.174, "2006-06-30": -4.241, "2006-03-31": "-4.18700", "2005-12-31": -4.405, "2005-09-30": -4.148, "2005-06-30": -4.136, "2005-03-31": "-4.12500"}}, "financial ratios": {"Current Ratio": {"2019-12-31": "1.42070", "2018-12-31": "1.45880", "2017-12-31": "1.69910", "2016-12-31": "2.08580", "2015-12-31": "1.58090", "2014-12-31": "1.68630", "2013-12-31": "1.56550", "2012-12-31": "1.32360", "2011-12-31": "1.68410", "2010-12-31": "1.76900", "2009-12-31": "2.28490", "2008-12-31": "2.13310", "2007-12-31": "1.48610", "2006-12-31": "1.42250", "2005-12-31": "1.37090"}, "Long-term Debt / Capital": {"2019-12-31": "0.30750", "2018-12-31": "0.34900", "2017-12-31": "0.31660", "2016-12-31": "0.38780", "2015-12-31": "0.32300", "2014-12-31": "0.30590", "2013-12-31": "0.26690", "2012-12-31": "0.30890", "2011-12-31": "0.35370", "2010-12-31": "0.37640", "2009-12-31": "0.37890", "2008-12-31": "0.45920", "2007-12-31": "0.34960", "2006-12-31": "0.34900", "2005-12-31": "0.36990"}, "Debt/Equity Ratio": {"2019-12-31": "0.54120", "2018-12-31": "0.62060", "2017-12-31": "0.53980", "2016-12-31": "0.71900", "2015-12-31": "0.59550", "2014-12-31": "0.52910", "2013-12-31": "0.45120", "2012-12-31": "0.57340", "2011-12-31": "0.61570", "2010-12-31": "0.65820", "2009-12-31": "0.66480", "2008-12-31": "0.86330", "2007-12-31": "0.72780", "2006-12-31": "0.70540", "2005-12-31": "0.78000"}, "Gross Margin": {"2019-12-31": "34.65430", "2018-12-31": "34.24690", "2017-12-31": "33.45910", "2016-12-31": "32.67080", "2015-12-31": "34.12700", "2014-12-31": "33.84470", "2013-12-31": "35.34910", "2012-12-31": "35.39310", "2011-12-31": "34.58750", "2010-12-31": "33.34990", "2009-12-31": "31.56770", "2008-12-31": "31.64780", "2007-12-31": "32.39980", "2006-12-31": "31.18630", "2005-12-31": "30.85970"}, "Operating Margin": {"2019-12-31": "22.82380", "2018-12-31": "22.19500", "2017-12-31": "21.01360", "2016-12-31": "20.59790", "2015-12-31": "22.83970", "2014-12-31": "22.34200", "2013-12-31": "22.67800", "2012-12-31": "22.37030", "2011-12-31": "21.26950", "2010-12-31": "19.51300", "2009-12-31": "17.44460", "2008-12-31": "17.09330", "2007-12-31": "18.09080", "2006-12-31": "16.98430", "2005-12-31": "16.27710"}, "EBIT Margin": {"2019-12-31": "22.82380", "2018-12-31": "22.19500", "2017-12-31": "21.01360", "2016-12-31": "20.59790", "2015-12-31": "22.83970", "2014-12-31": "22.34200", "2013-12-31": "22.67800", "2012-12-31": "22.37030", "2011-12-31": "21.26950", "2010-12-31": "19.51300", "2009-12-31": "17.44460", "2008-12-31": "17.09330", "2007-12-31": "18.09080", "2006-12-31": "16.98430", "2005-12-31": "16.27710"}, "EBITDA Margin": {"2019-12-31": "27.36080", "2018-12-31": "26.31170", "2017-12-31": "25.27450", "2016-12-31": "25.27790", "2015-12-31": "26.60030", "2014-12-31": "25.78770", "2013-12-31": "25.97940", "2012-12-31": "25.53360", "2011-12-31": "24.16370", "2010-12-31": "22.46320", "2009-12-31": "20.56610", "2008-12-31": "19.59260", "2007-12-31": "20.55540", "2006-12-31": "19.50890", "2005-12-31": "19.02570"}, "Pre-Tax Profit Margin": {"2019-12-31": "20.73740", "2018-12-31": "20.38320", "2017-12-31": "18.52790", "2016-12-31": "18.04920", "2015-12-31": "20.28990", "2014-12-31": "20.01090", "2013-12-31": "20.16600", "2012-12-31": "19.86900", "2011-12-31": "18.61730", "2010-12-31": "16.44100", "2009-12-31": "14.04110", "2008-12-31": "14.46850", "2007-12-31": "15.74490", "2006-12-31": "14.49390", "2005-12-31": "13.82310"}, "Net Profit Margin": {"2019-12-31": "16.69650", "2018-12-31": "16.05350", "2017-12-31": "15.84750", "2016-12-31": "13.33720", "2015-12-31": "14.86700", "2014-12-31": "14.53170", "2013-12-31": "14.38450", "2012-12-31": "13.77030", "2011-12-31": "12.85870", "2010-12-31": "11.49080", "2009-12-31": "9.80630", "2008-12-31": "9.75660", "2007-12-31": "10.67090", "2006-12-31": "10.00030", "2005-12-31": "9.50580"}, "Asset Turnover": {"2019-12-31": "0.52400", "2018-12-31": "0.55940", "2017-12-31": "0.55160", "2016-12-31": "0.54080", "2015-12-31": "0.59670", "2014-12-31": "0.62640", "2013-12-31": "0.61150", "2012-12-31": "0.64240", "2011-12-31": "0.69220", "2010-12-31": "0.64700", "2009-12-31": "0.64640", "2008-12-31": "0.82840", "2007-12-31": "0.77830", "2006-12-31": "0.85380", "2005-12-31": "0.80560"}, "Inventory Turnover Ratio": {"2019-12-31": "5.39720", "2018-12-31": "5.10020", "2017-12-31": "5.29390", "2016-12-31": "5.25400", "2015-12-31": "5.08890", "2014-12-31": "5.36550", "2013-12-31": "5.13120", "2012-12-31": "5.02200", "2011-12-31": "5.14040", "2010-12-31": "4.91240", "2009-12-31": "4.60920", "2008-12-31": "4.95000", "2007-12-31": "4.78820", "2006-12-31": "5.28720", "2005-12-31": "5.13620"}, "Receiveable Turnover": {"2019-12-31": "6.92650", "2018-12-31": "6.61250", "2017-12-31": "6.43570", "2016-12-31": "6.48310", "2015-12-31": "6.58760", "2014-12-31": "6.86970", "2013-12-31": "6.69670", "2012-12-31": "6.56540", "2011-12-31": "6.82250", "2010-12-31": "6.17870", "2009-12-31": "6.33210", "2008-12-31": "6.23410", "2007-12-31": "5.40110", "2006-12-31": "5.53380", "2005-12-31": "5.32470"}, "Days Sales In Receivables": {"2019-12-31": "52.69640", "2018-12-31": "55.19880", "2017-12-31": "56.71500", "2016-12-31": "56.30050", "2015-12-31": "55.40670", "2014-12-31": "53.13170", "2013-12-31": "54.50430", "2012-12-31": "55.59490", "2011-12-31": "53.49970", "2010-12-31": "59.07370", "2009-12-31": "57.64270", "2008-12-31": "58.54860", "2007-12-31": "67.57860", "2006-12-31": "65.95880", "2005-12-31": "68.54800"}, "ROE - Return On Equity": {"2019-12-31": "16.83700", "2018-12-31": "18.33920", "2017-12-31": "16.91990", "2016-12-31": "15.72720", "2015-12-31": "18.15440", "2014-12-31": "18.04130", "2013-12-31": "16.48530", "2012-12-31": "18.11060", "2011-12-31": "18.72870", "2010-12-31": "15.99430", "2009-12-31": "13.13130", "2008-12-31": "19.17670", "2007-12-31": "18.37820", "2006-12-31": "18.82070", "2005-12-31": "16.84420"}, "Return On Tangible Equity": {"2019-12-31": "-50.81640", "2018-12-31": "-43.85480", "2017-12-31": "-61.87580", "2016-12-31": "-39.50440", "2015-12-31": "-52.52230", "2014-12-31": "-58.44420", "2013-12-31": "-69.28720", "2012-12-31": "-46.71600", "2011-12-31": "-52.20940", "2010-12-31": "-50.70240", "2009-12-31": "-88.63470", "2008-12-31": "-62.66780", "2007-12-31": "-194.26600", "2006-12-31": "-158.90960", "2005-12-31": "-145.66030"}, "ROA - Return On Assets": {"2019-12-31": "8.74900", "2018-12-31": "8.98070", "2017-12-31": "8.74120", "2016-12-31": "7.21280", "2015-12-31": "8.87120", "2014-12-31": "9.10240", "2013-12-31": "8.79560", "2012-12-31": "8.84640", "2011-12-31": "8.90070", "2010-12-31": "7.43490", "2009-12-31": "6.33910", "2008-12-31": "8.08210", "2007-12-31": "8.30460", "2006-12-31": "8.53800", "2005-12-31": "7.65790"}, "ROI - Return On Investment": {"2019-12-31": "11.66000", "2018-12-31": "11.93930", "2017-12-31": "11.56250", "2016-12-31": "9.62860", "2015-12-31": "12.28970", "2014-12-31": "12.52220", "2013-12-31": "12.08540", "2012-12-31": "12.51630", "2011-12-31": "12.10450", "2010-12-31": "9.97460", "2009-12-31": "8.15610", "2008-12-31": "10.37170", "2007-12-31": "11.95290", "2006-12-31": "12.25200", "2005-12-31": "10.61290"}, "Book Value Per Share": {"2019-12-31": "22.33030", "2018-12-31": "16.08950", "2017-12-31": "17.42100", "2016-12-31": "14.19710", "2015-12-31": "13.81920", "2014-12-31": "13.42350", "2013-12-31": "12.80020", "2012-12-31": "10.41580", "2011-12-31": "8.53350", "2010-12-31": "7.36410", "2009-12-31": "6.45560", "2008-12-31": "5.36270", "2007-12-31": "5.13580", "2006-12-31": "4.05090", "2005-12-31": "3.40340"}, "Operating Cash Flow Per Share": {"2019-12-31": 0.881, "2018-12-31": 0.3831, "2017-12-31": 0.3559, "2016-12-31": 0.4542, "2015-12-31": -0.154, "2014-12-31": 0.253, "2013-12-31": 0.1747, "2012-12-31": 0.4187, "2011-12-31": 0.3386, "2010-12-31": 0.2501, "2009-12-31": 0.48, "2008-12-31": -0.1279, "2007-12-31": 0.2087, "2006-12-31": 0.2867, "2005-12-31": 0.6553}, "Free Cash Flow Per Share": {"2019-12-31": 0.7875, "2018-12-31": 0.3542, "2017-12-31": 0.3029, "2016-12-31": 0.4694, "2015-12-31": -0.1514, "2014-12-31": 0.2217, "2013-12-31": 0.1527, "2012-12-31": 0.3924, "2011-12-31": 0.292, "2010-12-31": 0.224, "2009-12-31": 0.5266, "2008-12-31": -0.1553, "2007-12-31": 0.1747, "2006-12-31": 0.2631, "2005-12-31": 0.5574}}, "financial ratios, quarterly": {"Current Ratio": {"2020-09-30": "1.88320", "2020-06-30": "2.47400", "2020-03-31": "1.87760", "2019-12-31": "1.42070", "2019-09-30": "2.04610", "2019-06-30": "2.17380", "2019-03-31": "1.91080", "2018-12-31": "1.45880", "2018-09-30": "2.06060", "2018-06-30": "1.70660", "2018-03-31": "1.68990", "2017-12-31": "1.69910", "2017-09-30": "1.59370", "2017-06-30": "1.79800", "2017-03-31": "1.75790", "2016-12-31": "2.08580", "2016-09-30": "1.39460", "2016-06-30": "1.41420", "2016-03-31": "1.28830", "2015-12-31": "1.58090", "2015-09-30": "1.71880", "2015-06-30": "1.92660", "2015-03-31": "1.79050", "2014-12-31": "1.68630", "2014-09-30": "1.91190", "2014-06-30": "1.36440", "2014-03-31": "1.53910", "2013-12-31": "1.56550", "2013-09-30": "1.78710", "2013-06-30": "1.83060", "2013-03-31": "1.51930", "2012-12-31": "1.32360", "2012-09-30": "1.48980", "2012-06-30": "1.26290", "2012-03-31": "1.53690", "2011-12-31": "1.68410", "2011-09-30": "2.08510", "2011-06-30": "1.79950", "2011-03-31": "2.08310", "2010-12-31": "1.76900", "2010-09-30": "2.00920", "2010-06-30": "2.13010", "2010-03-31": "2.21730", "2009-12-31": "2.28490", "2009-09-30": "2.13920", "2009-06-30": "2.34010", "2009-03-31": "2.25050", "2008-12-31": "2.13310", "2008-09-30": "1.69820", "2008-06-30": "1.16800", "2008-03-31": "1.37270", "2007-12-31": "1.48610", "2007-09-30": "1.38710", "2007-06-30": "1.46650", "2007-03-31": "1.54380", "2006-12-31": "1.42250", "2006-09-30": "1.39500", "2006-06-30": "1.32660", "2006-03-31": "1.42540", "2005-12-31": "1.37090", "2005-09-30": "1.89190", "2005-06-30": "1.96640", "2005-03-31": "1.90450"}, "Long-term Debt / Capital": {"2020-09-30": "0.28700", "2020-06-30": "0.33410", "2020-03-31": "0.33980", "2019-12-31": "0.30750", "2019-09-30": "0.31420", "2019-06-30": "0.33670", "2019-03-31": "0.34700", "2018-12-31": "0.34900", "2018-09-30": "0.28880", "2018-06-30": "0.29760", "2018-03-31": "0.31100", "2017-12-31": "0.31660", "2017-09-30": "0.33780", "2017-06-30": "0.37210", "2017-03-31": "0.37890", "2016-12-31": "0.38780", "2016-09-30": "0.31350", "2016-06-30": "0.31490", "2016-03-31": "0.32020", "2015-12-31": "0.32300", "2015-09-30": "0.32850", "2015-06-30": "0.30030", "2015-03-31": "0.30300", "2014-12-31": "0.30590", "2014-09-30": "0.29820", "2014-06-30": "0.25120", "2014-03-31": "0.25880", "2013-12-31": "0.26690", "2013-09-30": "0.27900", "2013-06-30": "0.28850", "2013-03-31": "0.29850", "2012-12-31": "0.30890", "2012-09-30": "0.31780", "2012-06-30": "0.32900", "2012-03-31": "0.34100", "2011-12-31": "0.35370", "2011-09-30": "0.34330", "2011-06-30": "0.35300", "2011-03-31": "0.36470", "2010-12-31": "0.37640", "2010-09-30": "0.39180", "2010-06-30": "0.37630", "2010-03-31": "0.38280", "2009-12-31": "0.37890", "2009-09-30": "0.39630", "2009-06-30": "0.42530", "2009-03-31": "0.45010", "2008-12-31": "0.45920", "2008-09-30": "0.41550", "2008-06-30": "0.33160", "2008-03-31": "0.34280", "2007-12-31": "0.34960", "2007-09-30": "0.32200", "2007-06-30": "0.32670", "2007-03-31": "0.33900", "2006-12-31": "0.34900", "2006-09-30": "0.34980", "2006-06-30": "0.35880", "2006-03-31": "0.35810", "2005-12-31": "0.36990", "2005-09-30": "0.39280", "2005-06-30": "0.40300", "2005-03-31": "0.36500"}, "Debt/Equity Ratio": {"2020-09-30": "0.49100", "2020-06-30": "0.52300", "2020-03-31": "0.61070", "2019-12-31": "0.54120", "2019-09-30": "0.49910", "2019-06-30": "0.52860", "2019-03-31": "0.55480", "2018-12-31": "0.62060", "2018-09-30": "0.42140", "2018-06-30": "0.49470", "2018-03-31": "0.52460", "2017-12-31": "0.53980", "2017-09-30": "0.64530", "2017-06-30": "0.66850", "2017-03-31": "0.70930", "2016-12-31": "0.71900", "2016-09-30": "0.63870", "2016-06-30": "0.63820", "2016-03-31": "0.67290", "2015-12-31": "0.59550", "2015-09-30": "0.57830", "2015-06-30": "0.48240", "2015-03-31": "0.51250", "2014-12-31": "0.52910", "2014-09-30": "0.47200", "2014-06-30": "0.46840", "2014-03-31": "0.43020", "2013-12-31": "0.45120", "2013-09-30": "0.44310", "2013-06-30": "0.45110", "2013-03-31": "0.50480", "2012-12-31": "0.57340", "2012-09-30": "0.56610", "2012-06-30": "0.65990", "2012-03-31": "0.62130", "2011-12-31": "0.61570", "2011-09-30": "0.54260", "2011-06-30": "0.60990", "2011-03-31": "0.57560", "2010-12-31": "0.65820", "2010-09-30": "0.66360", "2010-06-30": "0.65280", "2010-03-31": "0.67280", "2009-12-31": "0.66480", "2009-09-30": "0.71400", "2009-06-30": "0.74370", "2009-03-31": "0.82540", "2008-12-31": "0.86330", "2008-09-30": "0.84960", "2008-06-30": "0.80970", "2008-03-31": "0.70650", "2007-12-31": "0.72780", "2007-09-30": "0.67740", "2007-06-30": "0.65530", "2007-03-31": "0.63880", "2006-12-31": "0.70540", "2006-09-30": "0.71560", "2006-06-30": "0.75960", "2006-03-31": "0.72010", "2005-12-31": "0.78000", "2005-09-30": "0.68060", "2005-06-30": "0.68450", "2005-03-31": "0.61700"}, "Gross Margin": {"2020-09-30": "34.98290", "2020-06-30": "33.86890", "2020-03-31": "31.40620", "2019-12-31": "34.23040", "2019-09-30": "35.51300", "2019-06-30": "34.99730", "2019-03-31": "33.88890", "2018-12-31": "34.29960", "2018-09-30": "34.36560", "2018-06-30": "34.55000", "2018-03-31": "33.75670", "2017-12-31": "32.66910", "2017-09-30": "33.43220", "2017-06-30": "34.04210", "2017-03-31": "33.76860", "2016-12-31": "28.94180", "2016-09-30": "33.25670", "2016-06-30": "34.57020", "2016-03-31": "33.95990", "2015-12-31": "27.49810", "2015-09-30": "36.72780", "2015-06-30": "36.84280", "2015-03-31": "35.37330", "2014-12-31": "28.99560", "2014-09-30": "34.31560", "2014-06-30": "36.34470", "2014-03-31": "35.89920", "2013-12-31": "35.29280", "2013-09-30": "35.71670", "2013-06-30": "35.41280", "2013-03-31": "34.97510", "2012-12-31": "35.29960", "2012-09-30": "35.49300", "2012-06-30": "35.61520", "2012-03-31": "35.16510", "2011-12-31": "35.79120", "2011-09-30": "34.27900", "2011-06-30": "34.11520", "2011-03-31": "34.13000", "2010-12-31": "34.12830", "2010-09-30": "33.41210", "2010-06-30": "33.18610", "2010-03-31": "32.50410", "2009-12-31": "31.40900", "2009-09-30": "30.66070", "2009-06-30": "31.11870", "2009-03-31": "32.95970", "2008-12-31": "28.75120", "2008-09-30": "32.42810", "2008-06-30": "32.61370", "2008-03-31": "32.75210", "2007-12-31": "32.40450", "2007-09-30": "32.55500", "2007-06-30": "32.57780", "2007-03-31": "32.04920", "2006-12-31": "30.81190", "2006-09-30": "31.43050", "2006-06-30": "31.57610", "2006-03-31": "30.92930", "2005-12-31": "30.48260", "2005-09-30": "32.07920", "2005-06-30": "31.00230", "2005-03-31": "29.90760"}, "Operating Margin": {"2020-09-30": "24.02440", "2020-06-30": "22.43160", "2020-03-31": "19.30100", "2019-12-31": "22.81190", "2019-09-30": "23.58200", "2019-06-30": "22.91040", "2019-03-31": "21.99740", "2018-12-31": "22.18310", "2018-09-30": "22.23590", "2018-06-30": "22.34080", "2018-03-31": "22.01580", "2017-12-31": "19.82230", "2017-09-30": "21.20560", "2017-06-30": "21.56190", "2017-03-31": "21.57890", "2016-12-31": "16.68160", "2016-09-30": "21.28140", "2016-06-30": "22.40310", "2016-03-31": "22.08000", "2015-12-31": "21.13700", "2015-09-30": "23.79660", "2015-06-30": "23.94270", "2015-03-31": "22.45310", "2014-12-31": "22.17310", "2014-09-30": "21.14180", "2014-06-30": "23.38990", "2014-03-31": "22.72460", "2013-12-31": "22.33970", "2013-09-30": "22.99830", "2013-06-30": "23.05540", "2013-03-31": "22.34070", "2012-12-31": "22.56550", "2012-09-30": "22.41720", "2012-06-30": "22.39720", "2012-03-31": "22.09700", "2011-12-31": "21.94420", "2011-09-30": "21.26270", "2011-06-30": "20.68370", "2011-03-31": "21.17910", "2010-12-31": "19.98950", "2010-09-30": "19.95630", "2010-06-30": "19.52810", "2010-03-31": "18.40360", "2009-12-31": "17.03780", "2009-09-30": "15.58670", "2009-06-30": "17.75100", "2009-03-31": "19.20940", "2008-12-31": "13.18570", "2008-09-30": "18.54510", "2008-06-30": "17.58880", "2008-03-31": "19.01730", "2007-12-31": "17.83730", "2007-09-30": "18.15340", "2007-06-30": "18.59790", "2007-03-31": "17.79680", "2006-12-31": "16.49020", "2006-09-30": "17.19870", "2006-06-30": "17.55470", "2006-03-31": "16.70360", "2005-12-31": "15.69320", "2005-09-30": "16.61460", "2005-06-30": "16.84930", "2005-03-31": "16.03190"}, "EBIT Margin": {"2020-09-30": "24.02440", "2020-06-30": "22.43160", "2020-03-31": "19.30100", "2019-12-31": "22.81190", "2019-09-30": "23.58200", "2019-06-30": "22.91040", "2019-03-31": "21.99740", "2018-12-31": "22.18310", "2018-09-30": "22.23590", "2018-06-30": "22.34080", "2018-03-31": "22.01580", "2017-12-31": "19.82230", "2017-09-30": "21.20560", "2017-06-30": "21.56190", "2017-03-31": "21.57890", "2016-12-31": "16.68160", "2016-09-30": "21.28140", "2016-06-30": "22.40310", "2016-03-31": "22.08000", "2015-12-31": "21.13700", "2015-09-30": "23.79660", "2015-06-30": "23.94270", "2015-03-31": "22.45310", "2014-12-31": "22.17310", "2014-09-30": "21.14180", "2014-06-30": "23.38990", "2014-03-31": "22.72460", "2013-12-31": "22.33970", "2013-09-30": "22.99830", "2013-06-30": "23.05540", "2013-03-31": "22.34070", "2012-12-31": "22.56550", "2012-09-30": "22.41720", "2012-06-30": "22.39720", "2012-03-31": "22.09700", "2011-12-31": "21.94420", "2011-09-30": "21.26270", "2011-06-30": "20.68370", "2011-03-31": "21.17910", "2010-12-31": "19.98950", "2010-09-30": "19.95630", "2010-06-30": "19.52810", "2010-03-31": "18.40360", "2009-12-31": "17.03780", "2009-09-30": "15.58670", "2009-06-30": "17.75100", "2009-03-31": "19.20940", "2008-12-31": "13.18570", "2008-09-30": "18.54510", "2008-06-30": "17.58880", "2008-03-31": "19.01730", "2007-12-31": "17.83730", "2007-09-30": "18.15340", "2007-06-30": "18.59790", "2007-03-31": "17.79680", "2006-12-31": "16.49020", "2006-09-30": "17.19870", "2006-06-30": "17.55470", "2006-03-31": "16.70360", "2005-12-31": "15.69320", "2005-09-30": "16.61460", "2005-06-30": "16.84930", "2005-03-31": "16.03190"}, "EBITDA Margin": {"2020-09-30": "", "2020-06-30": "", "2020-03-31": "", "2019-12-31": "", "2019-09-30": "", "2019-06-30": "", "2019-03-31": "", "2018-12-31": "", "2018-09-30": "", "2018-06-30": "", "2018-03-31": "", "2017-12-31": "", "2017-09-30": "", "2017-06-30": "", "2017-03-31": "", "2016-12-31": "", "2016-09-30": "", "2016-06-30": "", "2016-03-31": "", "2015-12-31": "", "2015-09-30": "", "2015-06-30": "", "2015-03-31": "", "2014-12-31": "", "2014-09-30": "", "2014-06-30": "", "2014-03-31": "", "2013-12-31": "", "2013-09-30": "", "2013-06-30": "", "2013-03-31": "", "2012-12-31": "", "2012-09-30": "", "2012-06-30": "", "2012-03-31": "", "2011-12-31": "", "2011-09-30": "", "2011-06-30": "", "2011-03-31": "", "2010-12-31": "", "2010-09-30": "", "2010-06-30": "", "2010-03-31": "", "2009-12-31": "", "2009-09-30": "", "2009-06-30": "", "2009-03-31": "", "2008-12-31": "", "2008-09-30": "", "2008-06-30": "", "2008-03-31": "", "2007-12-31": "", "2007-09-30": "", "2007-06-30": "", "2007-03-31": "", "2006-12-31": "", "2006-09-30": "", "2006-06-30": "", "2006-03-31": "", "2005-12-31": "", "2005-09-30": "", "2005-06-30": "", "2005-03-31": ""}, "Pre-Tax Profit Margin": {"2020-09-30": "22.01310", "2020-06-30": "20.40200", "2020-03-31": "29.20230", "2019-12-31": "20.53770", "2019-09-30": "21.48080", "2019-06-30": "20.98620", "2019-03-31": "19.95340", "2018-12-31": "20.35430", "2018-09-30": "20.53130", "2018-06-30": "20.53220", "2018-03-31": "20.11040", "2017-12-31": "17.28000", "2017-09-30": "18.84470", "2017-06-30": "19.10150", "2017-03-31": "18.99630", "2016-12-31": "14.92900", "2016-09-30": "18.43840", "2016-06-30": "19.49060", "2016-03-31": "19.38190", "2015-12-31": "18.50640", "2015-09-30": "21.19180", "2015-06-30": "21.43490", "2015-03-31": "19.99740", "2014-12-31": "20.26420", "2014-09-30": "18.41040", "2014-06-30": "21.03740", "2014-03-31": "20.39550", "2013-12-31": "19.78460", "2013-09-30": "20.24170", "2013-06-30": "20.68620", "2013-03-31": "19.97930", "2012-12-31": "20.29020", "2012-09-30": "19.73950", "2012-06-30": "19.89190", "2012-03-31": "19.54890", "2011-12-31": "19.26960", "2011-09-30": "18.52560", "2011-06-30": "18.08500", "2011-03-31": "18.58290", "2010-12-31": "16.96430", "2010-09-30": "16.88690", "2010-06-30": "16.42800", "2010-03-31": "15.30140", "2009-12-31": "13.67300", "2009-09-30": "11.94890", "2009-06-30": "14.29490", "2009-03-31": "16.02990", "2008-12-31": "10.41600", "2008-09-30": "15.90780", "2008-06-30": "15.08300", "2008-03-31": "16.42710", "2007-12-31": "15.52040", "2007-09-30": "15.76950", "2007-06-30": "16.18480", "2007-03-31": "15.52580", "2006-12-31": "13.90050", "2006-09-30": "14.79760", "2006-06-30": "15.13790", "2006-03-31": "14.14970", "2005-12-31": "13.07020", "2005-09-30": "13.98080", "2005-06-30": "14.55930", "2005-03-31": "13.79480"}, "Net Profit Margin": {"2020-09-30": "18.15360", "2020-06-30": "16.42590", "2020-03-31": "23.34150", "2019-12-31": "16.92010", "2019-09-30": "17.29150", "2019-06-30": "16.71330", "2019-03-31": "15.86310", "2018-12-31": "16.63770", "2018-09-30": "16.02840", "2018-06-30": "16.03560", "2018-03-31": "15.46420", "2017-12-31": "20.86740", "2017-09-30": "14.15300", "2017-06-30": "14.13490", "2017-03-31": "13.78670", "2016-12-31": "11.21410", "2016-09-30": "13.82890", "2016-06-30": "14.13440", "2016-03-31": "14.20690", "2015-12-31": "13.85050", "2015-09-30": "15.66290", "2015-06-30": "15.49360", "2015-03-31": "14.44090", "2014-12-31": "14.84170", "2014-09-30": "13.74390", "2014-06-30": "15.14690", "2014-03-31": "14.41480", "2013-12-31": "14.39500", "2013-09-30": "14.36660", "2013-06-30": "14.60170", "2013-03-31": "14.17520", "2012-12-31": "14.24320", "2012-09-30": "13.74800", "2012-06-30": "13.76530", "2012-03-31": "13.31680", "2011-12-31": "13.36050", "2011-09-30": "13.05420", "2011-06-30": "12.40640", "2011-03-31": "12.59920", "2010-12-31": "11.98260", "2010-09-30": "12.00500", "2010-06-30": "11.38480", "2010-03-31": "10.40940", "2009-12-31": "9.91100", "2009-09-30": "8.65450", "2009-06-30": "9.87050", "2009-03-31": "10.68160", "2008-12-31": "7.02680", "2008-09-30": "10.95480", "2008-06-30": "10.14870", "2008-03-31": "10.85690", "2007-12-31": "10.60660", "2007-09-30": "10.82430", "2007-06-30": "11.16780", "2007-03-31": "10.07360", "2006-12-31": "9.95210", "2006-09-30": "10.20570", "2006-06-30": "10.31280", "2006-03-31": "9.49780", "2005-12-31": "9.13840", "2005-09-30": "9.97560", "2005-06-30": "9.69120", "2005-03-31": "9.27010"}, "Asset Turnover": {"2020-09-30": "0.10800", "2020-06-30": "0.09810", "2020-03-31": "0.11340", "2019-12-31": "0.13250", "2019-09-30": "0.13850", "2019-06-30": "0.14220", "2019-03-31": "0.14480", "2018-12-31": "0.14680", "2018-09-30": "0.14710", "2018-06-30": "0.14830", "2018-03-31": "0.14550", "2017-12-31": "0.14660", "2017-09-30": "0.13940", "2017-06-30": "0.14130", "2017-03-31": "0.13810", "2016-12-31": "0.13700", "2016-09-30": "0.13540", "2016-06-30": "0.14060", "2016-03-31": "0.13500", "2015-12-31": "0.14830", "2015-09-30": "0.15030", "2015-06-30": "0.15310", "2015-03-31": "0.15530", "2014-12-31": "0.15950", "2014-09-30": "0.15700", "2014-06-30": "0.15280", "2014-03-31": "0.16020", "2013-12-31": "0.16030", "2013-09-30": "0.16300", "2013-06-30": "0.16920", "2013-03-31": "0.17060", "2012-12-31": "0.16220", "2012-09-30": "0.17150", "2012-06-30": "0.16910", "2012-03-31": "0.17950", "2011-12-31": "0.17660", "2011-09-30": "0.18230", "2011-06-30": "0.18260", "2011-03-31": "0.18440", "2010-12-31": "0.17750", "2010-09-30": "0.18000", "2010-06-30": "0.18120", "2010-03-31": "0.17260", "2009-12-31": "0.16130", "2009-09-30": "0.15690", "2009-06-30": "0.16860", "2009-03-31": "0.18130", "2008-12-31": "0.20410", "2008-09-30": "0.20450", "2008-06-30": "0.20870", "2008-03-31": "0.21460", "2007-12-31": "0.21240", "2007-09-30": "0.21030", "2007-06-30": "0.22330", "2007-03-31": "0.23200", "2006-12-31": "0.22560", "2006-09-30": "0.22750", "2006-06-30": "0.22120", "2006-03-31": "0.22940", "2005-12-31": "0.22680", "2005-09-30": "0.21480", "2005-06-30": "0.22590", "2005-03-31": "0.23340"}, "Inventory Turnover Ratio": {"2020-09-30": "1.25300", "2020-06-30": "1.07670", "2020-03-31": "1.26040", "2019-12-31": "1.37400", "2019-09-30": "1.32000", "2019-06-30": "1.32170", "2019-03-31": "1.32900", "2018-12-31": "1.33700", "2018-09-30": "1.26260", "2018-06-30": "1.28790", "2018-03-31": "1.30270", "2017-12-31": "1.42390", "2017-09-30": "1.32050", "2017-06-30": "1.29740", "2017-03-31": "1.25940", "2016-12-31": "1.40490", "2016-09-30": "1.17410", "2016-06-30": "1.19130", "2016-03-31": "1.13650", "2015-12-31": "1.39240", "2015-09-30": "1.16570", "2015-06-30": "1.16980", "2015-03-31": "1.25660", "2014-12-31": "1.46640", "2014-09-30": "1.28680", "2014-06-30": "1.17160", "2014-03-31": "1.29310", "2013-12-31": "1.34670", "2013-09-30": "1.27380", "2013-06-30": "1.29320", "2013-03-31": "1.32260", "2012-12-31": "1.26980", "2012-09-30": "1.32740", "2012-06-30": "1.27950", "2012-03-31": "1.36370", "2011-12-31": "1.28720", "2011-09-30": "1.35570", "2011-06-30": "1.37230", "2011-03-31": "1.34540", "2010-12-31": "1.33210", "2010-09-30": "1.29070", "2010-06-30": "1.25260", "2010-03-31": "1.22800", "2009-12-31": "1.15260", "2009-09-30": "1.10280", "2009-06-30": "1.11090", "2009-03-31": "1.08760", "2008-12-31": "1.27150", "2008-09-30": "1.20550", "2008-06-30": "1.22420", "2008-03-31": "1.25780", "2007-12-31": "1.30690", "2007-09-30": "1.13860", "2007-06-30": "1.31930", "2007-03-31": "1.40610", "2006-12-31": "1.40450", "2006-09-30": "1.38420", "2006-06-30": "1.31080", "2006-03-31": "1.40880", "2005-12-31": "1.45360", "2005-09-30": "1.23510", "2005-06-30": "1.35040", "2005-03-31": "1.35610"}, "Receiveable Turnover": {"2020-09-30": "1.83310", "2020-06-30": "1.63170", "2020-03-31": "1.68800", "2019-12-31": "1.75200", "2019-09-30": "1.67550", "2019-06-30": "1.70210", "2019-03-31": "1.68730", "2018-12-31": "1.73480", "2018-09-30": "1.66860", "2018-06-30": "1.70040", "2018-03-31": "1.71290", "2017-12-31": "1.71080", "2017-09-30": "1.69280", "2017-06-30": "1.65760", "2017-03-31": "1.66860", "2016-12-31": "1.64260", "2016-09-30": "1.58790", "2016-06-30": "1.63880", "2016-03-31": "1.55610", "2015-12-31": "1.63760", "2015-09-30": "1.63690", "2015-06-30": "1.62130", "2015-03-31": "1.66140", "2014-12-31": "1.74930", "2014-09-30": "1.73870", "2014-06-30": "1.66750", "2014-03-31": "1.64630", "2013-12-31": "1.75600", "2013-09-30": "1.67270", "2013-06-30": "1.68500", "2013-03-31": "1.66830", "2012-12-31": "1.65760", "2012-09-30": "1.70310", "2012-06-30": "1.71060", "2012-03-31": "1.76620", "2011-12-31": "1.74050", "2011-09-30": "1.76590", "2011-06-30": "1.72520", "2011-03-31": "1.65190", "2010-12-31": "1.69530", "2010-09-30": "1.65180", "2010-06-30": "1.61240", "2010-03-31": "1.56280", "2009-12-31": "1.57970", "2009-09-30": "1.42350", "2009-06-30": "1.47110", "2009-03-31": "1.46690", "2008-12-31": "1.53630", "2008-09-30": "1.47770", "2008-06-30": "1.46590", "2008-03-31": "1.42080", "2007-12-31": "1.47420", "2007-09-30": "1.39930", "2007-06-30": "1.41420", "2007-03-31": "1.45380", "2006-12-31": "1.46210", "2006-09-30": "1.46110", "2006-06-30": "1.42800", "2006-03-31": "1.46180", "2005-12-31": "1.49880", "2005-09-30": "1.43530", "2005-06-30": "1.42820", "2005-03-31": "1.43530"}, "Days Sales In Receivables": {"2020-09-30": "49.09710", "2020-06-30": "55.15680", "2020-03-31": "53.31610", "2019-12-31": "51.36980", "2019-09-30": "53.71670", "2019-06-30": "52.87450", "2019-03-31": "53.33890", "2018-12-31": "51.87920", "2018-09-30": "53.93600", "2018-06-30": "52.92760", "2018-03-31": "52.54400", "2017-12-31": "52.60840", "2017-09-30": "53.16500", "2017-06-30": "54.29590", "2017-03-31": "53.93670", "2016-12-31": "54.79130", "2016-09-30": "56.67850", "2016-06-30": "54.91730", "2016-03-31": "57.83570", "2015-12-31": "54.95700", "2015-09-30": "54.98270", "2015-06-30": "55.51040", "2015-03-31": "54.17060", "2014-12-31": "51.44940", "2014-09-30": "51.76400", "2014-06-30": "53.97460", "2014-03-31": "54.66740", "2013-12-31": "51.25170", "2013-09-30": "53.80670", "2013-06-30": "53.41230", "2013-03-31": "53.94600", "2012-12-31": "54.29680", "2012-09-30": "52.84630", "2012-06-30": "52.61170", "2012-03-31": "50.95670", "2011-12-31": "51.71030", "2011-09-30": "50.96420", "2011-06-30": "52.16930", "2011-03-31": "54.48240", "2010-12-31": "53.08780", "2010-09-30": "54.48730", "2010-06-30": "55.81880", "2010-03-31": "57.58760", "2009-12-31": "56.97130", "2009-09-30": "63.22490", "2009-06-30": "61.17910", "2009-03-31": "61.35450", "2008-12-31": "58.58350", "2008-09-30": "60.90740", "2008-06-30": "61.39450", "2008-03-31": "63.34460", "2007-12-31": "61.04890", "2007-09-30": "64.31720", "2007-06-30": "63.64010", "2007-03-31": "61.90870", "2006-12-31": "61.55640", "2006-09-30": "61.59700", "2006-06-30": "63.02570", "2006-03-31": "61.56680", "2005-12-31": "60.04630", "2005-09-30": "62.70550", "2005-06-30": "63.01770", "2005-03-31": "62.70260"}, "ROE - Return On Equity": {"2020-09-30": "3.58650", "2020-06-30": "3.02960", "2020-03-31": "5.26880", "2019-12-31": "4.31590", "2019-09-30": "4.53660", "2019-06-30": "4.61780", "2019-03-31": "4.58350", "2018-12-31": "4.98640", "2018-09-30": "4.23800", "2018-06-30": "4.46880", "2018-03-31": "4.31310", "2017-12-31": "5.92240", "2017-09-30": "4.07660", "2017-06-30": "4.18910", "2017-03-31": "4.08100", "2016-12-31": "3.35050", "2016-09-30": "3.87430", "2016-06-30": "4.11710", "2016-03-31": "4.06980", "2015-12-31": "4.20450", "2015-09-30": "4.71750", "2015-06-30": "4.50330", "2015-03-31": "4.35400", "2014-12-31": "4.69200", "2014-09-30": "4.08940", "2014-06-30": "4.38530", "2014-03-31": "4.29580", "2013-12-31": "4.32600", "2013-09-30": "4.35770", "2013-06-30": "4.65410", "2013-03-31": "4.77270", "2012-12-31": "4.72940", "2012-09-30": "4.76090", "2012-06-30": "4.96330", "2012-03-31": "5.03100", "2011-12-31": "4.96430", "2011-09-30": "4.78440", "2011-06-30": "4.74120", "2011-03-31": "4.80470", "2010-12-31": "4.57630", "2010-09-30": "4.63740", "2010-06-30": "4.33840", "2010-03-31": "3.79750", "2009-12-31": "3.31100", "2009-09-30": "2.89850", "2009-06-30": "3.63850", "2009-03-31": "4.45380", "2008-12-31": "3.40350", "2008-09-30": "5.20360", "2008-06-30": "4.89120", "2008-03-31": "5.18420", "2007-12-31": "4.98610", "2007-09-30": "4.96920", "2007-06-30": "5.35040", "2007-03-31": "5.01520", "2006-12-31": "4.94860", "2006-09-30": "5.03390", "2006-06-30": "5.10180", "2006-03-31": "4.69420", "2005-12-31": "4.55810", "2005-09-30": "4.54730", "2005-06-30": "4.74070", "2005-03-31": "4.47400"}, "Return On Tangible Equity": {"2020-09-30": "-18.12110", "2020-06-30": "-12.43200", "2020-03-31": "-18.48790", "2019-12-31": "-13.02580", "2019-09-30": "-19.84030", "2019-06-30": "-16.77180", "2019-03-31": "-13.41050", "2018-12-31": "-11.92410", "2018-09-30": "-22.40850", "2018-06-30": "-18.26700", "2018-03-31": "-15.62110", "2017-12-31": "-21.65810", "2017-09-30": "-11.46990", "2017-06-30": "-9.99210", "2017-03-31": "-9.43910", "2016-12-31": "-8.41590", "2016-09-30": "-10.42830", "2016-06-30": "-11.15950", "2016-03-31": "-9.80830", "2015-12-31": "-12.16400", "2015-09-30": "-14.13000", "2015-06-30": "-17.82260", "2015-03-31": "-16.10910", "2014-12-31": "-15.19950", "2014-09-30": "-17.07720", "2014-06-30": "-17.72390", "2014-03-31": "-18.73140", "2013-12-31": "-18.18200", "2013-09-30": "-18.03000", "2013-06-30": "-18.38500", "2013-03-31": "-14.92670", "2012-12-31": "-12.19940", "2012-09-30": "-13.90230", "2012-06-30": "-11.85490", "2012-03-31": "-13.94360", "2011-12-31": "-13.83880", "2011-09-30": "-21.02390", "2011-06-30": "-16.99790", "2011-03-31": "-19.22000", "2010-12-31": "-14.50700", "2010-09-30": "-15.11380", "2010-06-30": "-24.50280", "2010-03-31": "-24.18840", "2009-12-31": "-22.34890", "2009-09-30": "-14.33500", "2009-06-30": "-14.59540", "2009-03-31": "-15.98210", "2008-12-31": "-11.12230", "2008-09-30": "-23.78870", "2008-06-30": "-24.75960", "2008-03-31": "-21.38820", "2007-12-31": "-52.70540", "2007-09-30": "-47.40900", "2007-06-30": "-63.85510", "2007-03-31": "-57.62880", "2006-12-31": "-41.78310", "2006-09-30": "-47.99540", "2006-06-30": "-37.63930", "2006-03-31": "-66.04000", "2005-12-31": "-39.41650", "2005-09-30": "-68.65290", "2005-06-30": "-82.02230", "2005-03-31": "-52.25940"}, "ROA - Return On Assets": {"2020-09-30": "1.96080", "2020-06-30": "1.61200", "2020-03-31": "2.64680", "2019-12-31": "2.24260", "2019-09-30": "2.39430", "2019-06-30": "2.37610", "2019-03-31": "2.29730", "2018-12-31": "2.44180", "2018-09-30": "2.35830", "2018-06-30": "2.37790", "2018-03-31": "2.25030", "2017-12-31": "3.05960", "2017-09-30": "1.97260", "2017-06-30": "1.99710", "2017-03-31": "1.90340", "2016-12-31": "1.53660", "2016-09-30": "1.87310", "2016-06-30": "1.98670", "2016-03-31": "1.91820", "2015-12-31": "2.05450", "2015-09-30": "2.35400", "2015-06-30": "2.37140", "2015-03-31": "2.24310", "2014-12-31": "2.36720", "2014-09-30": "2.15810", "2014-06-30": "2.31400", "2014-03-31": "2.30890", "2013-12-31": "2.30810", "2013-09-30": "2.34130", "2013-06-30": "2.47130", "2013-03-31": "2.41850", "2012-12-31": "2.31010", "2012-09-30": "2.35820", "2012-06-30": "2.32720", "2012-03-31": "2.39010", "2011-12-31": "2.35920", "2011-09-30": "2.38020", "2011-06-30": "2.26590", "2011-03-31": "2.32280", "2010-12-31": "2.12730", "2010-09-30": "2.16120", "2010-06-30": "2.06270", "2010-03-31": "1.79670", "2009-12-31": "1.59840", "2009-09-30": "1.35750", "2009-06-30": "1.66440", "2009-03-31": "1.93700", "2008-12-31": "1.43440", "2008-09-30": "2.24080", "2008-06-30": "2.11770", "2008-03-31": "2.32950", "2007-12-31": "2.25310", "2007-09-30": "2.27690", "2007-06-30": "2.49370", "2007-03-31": "2.33720", "2006-12-31": "2.24490", "2006-09-30": "2.32180", "2006-06-30": "2.28090", "2006-03-31": "2.17870", "2005-12-31": "2.07230", "2005-09-30": "2.14270", "2005-06-30": "2.18920", "2005-03-31": "2.16390"}, "ROI - Return On Investment": {"2020-09-30": "2.55730", "2020-06-30": "2.01730", "2020-03-31": "3.47820", "2019-12-31": "2.98880", "2019-09-30": "3.11120", "2019-06-30": "3.06310", "2019-03-31": "2.99300", "2018-12-31": "3.24630", "2018-09-30": "3.01390", "2018-06-30": "3.13880", "2018-03-31": "2.97180", "2017-12-31": "4.04720", "2017-09-30": "2.69970", "2017-06-30": "2.63030", "2017-03-31": "2.53480", "2016-12-31": "2.05120", "2016-09-30": "2.65950", "2016-06-30": "2.82060", "2016-03-31": "2.76680", "2015-12-31": "2.84630", "2015-09-30": "3.16780", "2015-06-30": "3.15110", "2015-03-31": "3.03490", "2014-12-31": "3.25660", "2014-09-30": "2.86990", "2014-06-30": "3.28350", "2014-03-31": "3.18400", "2013-12-31": "3.17140", "2013-09-30": "3.14210", "2013-06-30": "3.31130", "2013-03-31": "3.34820", "2012-12-31": "3.26850", "2012-09-30": "3.24760", "2012-06-30": "3.33060", "2012-03-31": "3.31520", "2011-12-31": "3.20840", "2011-09-30": "3.14190", "2011-06-30": "3.06770", "2011-03-31": "3.05220", "2010-12-31": "2.85390", "2010-09-30": "2.82040", "2010-06-30": "2.70570", "2010-03-31": "2.34370", "2009-12-31": "2.05650", "2009-09-30": "1.74980", "2009-06-30": "2.09100", "2009-03-31": "2.44930", "2008-12-31": "1.84080", "2008-09-30": "3.04130", "2008-06-30": "3.26920", "2008-03-31": "3.40690", "2007-12-31": "3.24290", "2007-09-30": "3.36890", "2007-06-30": "3.60250", "2007-03-31": "3.31510", "2006-12-31": "3.22150", "2006-09-30": "3.27300", "2006-06-30": "3.27110", "2006-03-31": "3.01340", "2005-12-31": "2.87190", "2005-09-30": "2.76130", "2005-06-30": "2.83020", "2005-03-31": "2.84100"}, "Book Value Per Share": {"2020-09-30": "24.79390", "2020-06-30": "23.89250", "2020-03-31": "23.21390", "2019-12-31": "22.33030", "2019-09-30": "21.28660", "2019-06-30": "20.43730", "2019-03-31": "19.56020", "2018-12-31": "16.08950", "2018-09-30": "19.43820", "2018-06-30": "18.70700", "2018-03-31": "18.15540", "2017-12-31": "17.42100", "2017-09-30": "16.29550", "2017-06-30": "15.56440", "2017-03-31": "14.79410", "2016-12-31": "14.19710", "2016-09-30": "14.57530", "2016-06-30": "14.44190", "2016-03-31": "14.12400", "2015-12-31": "13.81920", "2015-09-30": "13.93660", "2015-06-30": "14.26030", "2015-03-31": "13.51380", "2014-12-31": "13.42350", "2014-09-30": "14.10060", "2014-06-30": "13.92250", "2014-03-31": "13.34120", "2013-12-31": "12.80020", "2013-09-30": "11.98850", "2013-06-30": "11.28940", "2013-03-31": "10.76690", "2012-12-31": "10.41580", "2012-09-30": "9.97690", "2012-06-30": "9.44730", "2012-03-31": "9.08080", "2011-12-31": "8.53350", "2011-09-30": "8.52730", "2011-06-30": "8.19780", "2011-03-31": "7.80270", "2010-12-31": "7.36410", "2010-09-30": "6.94830", "2010-06-30": "6.48220", "2010-03-31": "6.37660", "2009-12-31": "6.45560", "2009-09-30": "6.11670", "2009-06-30": "5.88650", "2009-03-31": "5.48590", "2008-12-31": "5.36270", "2008-09-30": "5.67600", "2008-06-30": "5.60610", "2008-03-31": "5.33200", "2007-12-31": "5.13580", "2007-09-30": "4.77240", "2007-06-30": "4.50200", "2007-03-31": "4.22620", "2006-12-31": "4.05090", "2006-09-30": "3.95080", "2006-06-30": "3.82420", "2006-03-31": "3.58480", "2005-12-31": "3.40340", "2005-09-30": "3.19080", "2005-06-30": "3.04920", "2005-03-31": "2.94480"}, "Operating Cash Flow Per Share": {"2020-09-30": 1.3263, "2020-06-30": 1.3682, "2020-03-31": "1.17270", "2019-12-31": 1.4942, "2019-09-30": 1.434, "2019-06-30": 1.0717, "2019-03-31": "0.85820", "2018-12-31": 1.2789, "2018-09-30": 1.0671, "2018-06-30": 0.8696, "2018-03-31": "0.76150", "2017-12-31": 1.095, "2017-09-30": 1.0248, "2017-06-30": 0.8576, "2017-03-31": "0.61660", "2016-12-31": 1.0487, "2016-09-30": 0.7389, "2016-06-30": 0.8086, "2016-03-31": "0.64190", "2015-12-31": 0.8226, "2015-09-30": 0.7899, "2015-06-30": 0.6692, "2015-03-31": "0.50220", "2014-12-31": 0.8678, "2014-09-30": 0.7927, "2014-06-30": 0.6263, "2014-03-31": "0.65110", "2013-12-31": 0.8506, "2013-09-30": 0.6763, "2013-06-30": 0.519, "2013-03-31": "0.63900", "2012-12-31": 0.7939, "2012-09-30": 0.6607, "2012-06-30": 0.4766, "2012-03-31": "0.57900", "2011-12-31": 0.6318, "2011-09-30": 0.5605, "2011-06-30": 0.4732, "2011-03-31": "0.42600", "2010-12-31": 0.5306, "2010-09-30": 0.4707, "2010-06-30": 0.3721, "2010-03-31": "0.37950", "2009-12-31": 0.4471, "2009-09-30": 0.2972, "2009-06-30": 0.3013, "2009-03-31": "0.45720", "2008-12-31": 0.1776, "2008-09-30": 0.2588, "2008-06-30": 0.2708, "2008-03-31": "0.31560", "2007-12-31": 0.4006, "2007-09-30": 0.254, "2007-06-30": 0.268, "2007-03-31": "0.22810", "2006-12-31": 0.2706, "2006-09-30": 0.2483, "2006-06-30": 0.2619, "2006-03-31": "0.16120", "2005-12-31": 0.192, "2005-09-30": 0.1952, "2005-06-30": 0.1913, "2005-03-31": "0.07680"}, "Free Cash Flow Per Share": {"2020-09-30": 1.283, "2020-06-30": 1.3242, "2020-03-31": "1.09940", "2019-12-31": 1.316, "2019-09-30": 1.3547, "2019-06-30": 0.9767, "2019-03-31": "0.76450", "2018-12-31": 1.1298, "2018-09-30": 0.9859, "2018-06-30": 0.7999, "2018-03-31": "0.70880", "2017-12-31": 0.9677, "2017-09-30": 0.9477, "2017-06-30": 0.7961, "2017-03-31": "0.55870", "2016-12-31": 0.9519, "2016-09-30": 0.6725, "2016-06-30": 0.7481, "2016-03-31": "0.59480", "2015-12-31": 0.7243, "2015-09-30": 0.7088, "2015-06-30": 0.6218, "2015-03-31": "0.44300", "2014-12-31": 0.7701, "2014-09-30": 0.7202, "2014-06-30": 0.5664, "2014-03-31": "0.59260", "2013-12-31": 0.7444, "2013-09-30": 0.6131, "2013-06-30": 0.4756, "2013-03-31": "0.59450", "2012-12-31": 0.6948, "2012-09-30": 0.6089, "2012-06-30": 0.4267, "2012-03-31": "0.54450", "2011-12-31": 0.5557, "2011-09-30": 0.5121, "2011-06-30": 0.4313, "2011-03-31": "0.38340", "2010-12-31": 0.4613, "2010-09-30": 0.4305, "2010-06-30": 0.3432, "2010-03-31": "0.35550", "2009-12-31": 0.3993, "2009-09-30": 0.2712, "2009-06-30": 0.2641, "2009-03-31": "0.43190", "2008-12-31": 0.1229, "2008-09-30": 0.2129, "2008-06-30": 0.2256, "2008-03-31": "0.27850", "2007-12-31": 0.3461, "2007-09-30": 0.2239, "2007-06-30": 0.2325, "2007-03-31": "0.19270", "2006-12-31": 0.2252, "2006-09-30": 0.2254, "2006-06-30": 0.2315, "2006-03-31": "0.13840", "2005-12-31": 0.1574, "2005-09-30": 0.1722, "2005-06-30": 0.17, "2005-03-31": "0.05780"}}, "revenue": {"AMETEK Annual Revenue (Millions of US $)": {"2020": "$4,540", "2019": "$5,159", "2018": "$4,846", "2017": "$4,300", "2016": "$3,840", "2015": "$3,974", "2014": "$4,022", "2013": "$3,594", "2012": "$3,334", "2011": "$2,990", "2010": "$2,471", "2009": "$2,098", "2008": "$2,531", "2007": "$2,137", "2006": "$1,819", "2005": "$1,434"}, "AMETEK Quarterly Revenue (Millions of US $)": {"2020-12-31": "$1,199", "2020-09-30": "$1,127", "2020-06-30": "$1,012", "2020-03-31": "$1,202", "2019-12-31": "$1,305", "2019-09-30": "$1,277", "2019-06-30": "$1,289", "2019-03-31": "$1,288", "2018-12-31": "$1,271", "2018-09-30": "$1,193", "2018-06-30": "$1,209", "2018-03-31": "$1,173", "2017-12-31": "$1,143", "2017-09-30": "$1,085", "2017-06-30": "$1,065", "2017-03-31": "$1,008", "2016-12-31": "$973", "2016-09-30": "$945", "2016-06-30": "$978", "2016-03-31": "$944", "2015-12-31": "$988", "2015-09-30": "$999", "2015-06-30": "$1,004", "2015-03-31": "$984", "2014-12-31": "$1,024", "2014-09-30": "$1,032", "2014-06-30": "$991", "2014-03-31": "$975", "2013-12-31": "$942", "2013-09-30": "$890", "2013-06-30": "$879", "2013-03-31": "$883", "2012-12-31": "$842", "2012-09-30": "$839", "2012-06-30": "$826", "2012-03-31": "$827", "2011-12-31": "$763", "2011-09-30": "$751", "2011-06-30": "$759", "2011-03-31": "$718", "2010-12-31": "$678", "2010-09-30": "$644", "2010-06-30": "$592", "2010-03-31": "$557", "2009-12-31": "$524", "2009-09-30": "$497", "2009-06-30": "$525", "2009-03-31": "$553", "2008-12-31": "$624", "2008-09-30": "$647", "2008-06-30": "$649", "2008-03-31": "$611", "2007-12-31": "$583", "2007-09-30": "$529", "2007-06-30": "$519", "2007-03-31": "$505", "2006-12-31": "$481", "2006-09-30": "$464", "2006-06-30": "$451", "2006-03-31": "$424", "2005-12-31": "$404", "2005-09-30": "$345", "2005-06-30": "$352", "2005-03-31": "$334"}}, "gross-profit": {"AMETEK Annual Gross Profit (Millions of US $)": {"2020": "$1,544", "2019": "$1,788", "2018": "$1,660", "2017": "$1,439", "2016": "$1,255", "2015": "$1,356", "2014": "$1,361", "2013": "$1,270", "2012": "$1,180", "2011": "$1,034", "2010": "$824", "2009": "$662", "2008": "$801", "2007": "$692", "2006": "$567", "2005": "$443"}, "AMETEK Quarterly Gross Profit (Millions of US $)": {"2020-12-31": "$429", "2020-09-30": "$394", "2020-06-30": "$343", "2020-03-31": "$378", "2019-12-31": "$447", "2019-09-30": "$453", "2019-06-30": "$451", "2019-03-31": "$436", "2018-12-31": "$436", "2018-09-30": "$410", "2018-06-30": "$418", "2018-03-31": "$396", "2017-12-31": "$373", "2017-09-30": "$363", "2017-06-30": "$362", "2017-03-31": "$340", "2016-12-31": "$282", "2016-09-30": "$314", "2016-06-30": "$338", "2016-03-31": "$321", "2015-12-31": "$272", "2015-09-30": "$367", "2015-06-30": "$370", "2015-03-31": "$348", "2014-12-31": "$297", "2014-09-30": "$354", "2014-06-30": "$360", "2014-03-31": "$350", "2013-12-31": "$333", "2013-09-30": "$318", "2013-06-30": "$311", "2013-03-31": "$309", "2012-12-31": "$297", "2012-09-30": "$298", "2012-06-30": "$294", "2012-03-31": "$291", "2011-12-31": "$273", "2011-09-30": "$257", "2011-06-30": "$259", "2011-03-31": "$245", "2010-12-31": "$231", "2010-09-30": "$215", "2010-06-30": "$196", "2010-03-31": "$181", "2009-12-31": "$164", "2009-09-30": "$152", "2009-06-30": "$163", "2009-03-31": "$182", "2008-12-31": "$179", "2008-09-30": "$210", "2008-06-30": "$212", "2008-03-31": "$200", "2007-12-31": "$189", "2007-09-30": "$172", "2007-06-30": "$169", "2007-03-31": "$162", "2006-12-31": "$148", "2006-09-30": "$146", "2006-06-30": "$142", "2006-03-31": "$131", "2005-12-31": "$123", "2005-09-30": "$111", "2005-06-30": "$109", "2005-03-31": "$100"}}, "operating-income": {"AMETEK Annual Operating Income (Millions of US $)": {"2020": "$1,028", "2019": "$1,177", "2018": "$1,076", "2017": "$904", "2016": "$791", "2015": "$908", "2014": "$899", "2013": "$815", "2012": "$746", "2011": "$636", "2010": "$482", "2009": "$366", "2008": "$433", "2007": "$387", "2006": "$309", "2005": "$233"}, "AMETEK Quarterly Operating Income (Millions of US $)": {"2020-12-31": "$298", "2020-09-30": "$271", "2020-06-30": "$227", "2020-03-31": "$232", "2019-12-31": "$298", "2019-09-30": "$301", "2019-06-30": "$295", "2019-03-31": "$283", "2018-12-31": "$282", "2018-09-30": "$265", "2018-06-30": "$270", "2018-03-31": "$258", "2017-12-31": "$227", "2017-09-30": "$230", "2017-06-30": "$230", "2017-03-31": "$217", "2016-12-31": "$162", "2016-09-30": "$201", "2016-06-30": "$219", "2016-03-31": "$209", "2015-12-31": "$209", "2015-09-30": "$238", "2015-06-30": "$240", "2015-03-31": "$221", "2014-12-31": "$227", "2014-09-30": "$218", "2014-06-30": "$232", "2014-03-31": "$222", "2013-12-31": "$211", "2013-09-30": "$205", "2013-06-30": "$203", "2013-03-31": "$197", "2012-12-31": "$190", "2012-09-30": "$188", "2012-06-30": "$185", "2012-03-31": "$183", "2011-12-31": "$167", "2011-09-30": "$160", "2011-06-30": "$157", "2011-03-31": "$152", "2010-12-31": "$136", "2010-09-30": "$129", "2010-06-30": "$116", "2010-03-31": "$102", "2009-12-31": "$89", "2009-09-30": "$77", "2009-06-30": "$93", "2009-03-31": "$106", "2008-12-31": "$82", "2008-09-30": "$120", "2008-06-30": "$114", "2008-03-31": "$116", "2007-12-31": "$104", "2007-09-30": "$96", "2007-06-30": "$97", "2007-03-31": "$90", "2006-12-31": "$79", "2006-09-30": "$80", "2006-06-30": "$79", "2006-03-31": "$71", "2005-12-31": "$63", "2005-09-30": "$57", "2005-06-30": "$59", "2005-03-31": "$54"}}, "ebitda": {"AMETEK Annual EBITDA (Millions of US $)": {"2019": "$1,411", "2018": "$1,275", "2017": "$1,087", "2016": "$971", "2015": "$1,057", "2014": "$1,037", "2013": "$934", "2012": "$851", "2011": "$722", "2010": "$555", "2009": "$432", "2008": "$496", "2007": "$439", "2006": "$355", "2005": "$273"}, "AMETEK Quarterly EBITDA (Millions of US $)": {"2020-09-30": "$334", "2020-06-30": "$288", "2020-03-31": "$298", "2019-12-31": "$362", "2019-09-30": "$356", "2019-06-30": "$353", "2019-03-31": "$341", "2018-12-31": "$336", "2018-09-30": "$313", "2018-06-30": "$319", "2018-03-31": "$307", "2017-12-31": "$279", "2017-09-30": "$275", "2017-06-30": "$273", "2017-03-31": "$260", "2016-12-31": "$219", "2016-09-30": "$243", "2016-06-30": "$260", "2016-03-31": "$249", "2015-12-31": "$248", "2015-09-30": "$275", "2015-06-30": "$277", "2015-03-31": "$256", "2014-12-31": "$263", "2014-09-30": "$255", "2014-06-30": "$265", "2014-03-31": "$255", "2013-12-31": "$242", "2013-09-30": "$234", "2013-06-30": "$231", "2013-03-31": "$226", "2012-12-31": "$218", "2012-09-30": "$215", "2012-06-30": "$211", "2012-03-31": "$208", "2011-12-31": "$191", "2011-09-30": "$181", "2011-06-30": "$178", "2011-03-31": "$172", "2010-12-31": "$156", "2010-09-30": "$147", "2010-06-30": "$132", "2010-03-31": "$119", "2009-12-31": "$106", "2009-09-30": "$94", "2009-06-30": "$108", "2009-03-31": "$123", "2008-12-31": "$99", "2008-09-30": "$136", "2008-06-30": "$130", "2008-03-31": "$130", "2007-12-31": "$119", "2007-09-30": "$109", "2007-06-30": "$109", "2007-03-31": "$102", "2006-12-31": "$91", "2006-09-30": "$92", "2006-06-30": "$90", "2006-03-31": "$82", "2005-12-31": "$75", "2005-09-30": "$67", "2005-06-30": "$69", "2005-03-31": "$63"}}, "net-income": {"AMETEK Annual Net Income (Millions of US $)": {"2020": "$872", "2019": "$861", "2018": "$778", "2017": "$681", "2016": "$512", "2015": "$591", "2014": "$584", "2013": "$517", "2012": "$459", "2011": "$384", "2010": "$284", "2009": "$206", "2008": "$247", "2007": "$228", "2006": "$182", "2005": "$136"}, "AMETEK Quarterly Net Income (Millions of US $)": {"2020-12-31": "$221", "2020-09-30": "$205", "2020-06-30": "$166", "2020-03-31": "$281", "2019-12-31": "$221", "2019-09-30": "$221", "2019-06-30": "$216", "2019-03-31": "$204", "2018-12-31": "$212", "2018-09-30": "$191", "2018-06-30": "$194", "2018-03-31": "$181", "2017-12-31": "$239", "2017-09-30": "$154", "2017-06-30": "$150", "2017-03-31": "$139", "2016-12-31": "$109", "2016-09-30": "$131", "2016-06-30": "$138", "2016-03-31": "$134", "2015-12-31": "$137", "2015-09-30": "$156", "2015-06-30": "$156", "2015-03-31": "$142", "2014-12-31": "$152", "2014-09-30": "$142", "2014-06-30": "$150", "2014-03-31": "$141", "2013-12-31": "$136", "2013-09-30": "$128", "2013-06-30": "$128", "2013-03-31": "$125", "2012-12-31": "$120", "2012-09-30": "$115", "2012-06-30": "$114", "2012-03-31": "$110", "2011-12-31": "$102", "2011-09-30": "$98", "2011-06-30": "$94", "2011-03-31": "$90", "2010-12-31": "$81", "2010-09-30": "$77", "2010-06-30": "$67", "2010-03-31": "$58", "2009-12-31": "$52", "2009-09-30": "$43", "2009-06-30": "$52", "2009-03-31": "$59", "2008-12-31": "$44", "2008-09-30": "$71", "2008-06-30": "$66", "2008-03-31": "$66", "2007-12-31": "$62", "2007-09-30": "$57", "2007-06-30": "$58", "2007-03-31": "$51", "2006-12-31": "$48", "2006-09-30": "$47", "2006-06-30": "$46", "2006-03-31": "$40", "2005-12-31": "$37", "2005-09-30": "$34", "2005-06-30": "$34", "2005-03-31": "$31"}}, "eps-earnings-per-share-diluted": {"AMETEK Annual EPS": {"2020": "$3.77", "2019": "$3.75", "2018": "$3.34", "2017": "$2.94", "2016": "$2.19", "2015": "$2.45", "2014": "$2.37", "2013": "$2.10", "2012": "$1.88", "2011": "$1.58", "2010": "$1.18", "2009": "$0.85", "2008": "$1.02", "2007": "$0.94", "2006": "$0.76", "2005": "$0.57"}, "AMETEK Quarterly EPS": {"2020-12-31": "$0.95", "2020-09-30": "$0.88", "2020-06-30": "$0.72", "2020-03-31": "$1.22", "2019-12-31": "$0.96", "2019-09-30": "$0.96", "2019-06-30": "$0.94", "2019-03-31": "$0.89", "2018-12-31": "$0.91", "2018-09-30": "$0.82", "2018-06-30": "$0.83", "2018-03-31": "$0.78", "2017-12-31": "$1.03", "2017-09-30": "$0.66", "2017-06-30": "$0.65", "2017-03-31": "$0.60", "2016-12-31": "$0.47", "2016-09-30": "$0.56", "2016-06-30": "$0.59", "2016-03-31": "$0.57", "2015-12-31": "$0.57", "2015-09-30": "$0.65", "2015-06-30": "$0.64", "2015-03-31": "$0.59", "2014-12-31": "$0.62", "2014-09-30": "$0.57", "2014-06-30": "$0.61", "2014-03-31": "$0.57", "2013-12-31": "$0.55", "2013-09-30": "$0.52", "2013-06-30": "$0.52", "2013-03-31": "$0.51", "2012-12-31": "$0.49", "2012-09-30": "$0.47", "2012-06-30": "$0.47", "2012-03-31": "$0.45", "2011-12-31": "$0.42", "2011-09-30": "$0.40", "2011-06-30": "$0.39", "2011-03-31": "$0.37", "2010-12-31": "$0.34", "2010-09-30": "$0.32", "2010-06-30": "$0.28", "2010-03-31": "$0.24", "2009-12-31": "$0.21", "2009-09-30": "$0.18", "2009-06-30": "$0.21", "2009-03-31": "$0.24", "2008-12-31": "$0.18", "2008-09-30": "$0.29", "2008-06-30": "$0.27", "2008-03-31": "$0.28", "2007-12-31": "$0.25", "2007-09-30": "$0.24", "2007-06-30": "$0.24", "2007-03-31": "$0.21", "2006-12-31": "$0.20", "2006-09-30": "$0.20", "2006-06-30": "$0.19", "2006-03-31": "$0.17", "2005-12-31": "$0.15", "2005-09-30": "$0.15", "2005-06-30": "$0.15", "2005-03-31": "$0.13"}}, "shares-outstanding": {"AMETEK Annual Shares Outstanding (Millions of Shares)": {"2020": "231", "2019": "229", "2018": "233", "2017": "232", "2016": "234", "2015": "242", "2014": "247", "2013": "246", "2012": "244", "2011": "243", "2010": "241", "2009": "243", "2008": "242", "2007": "242", "2006": "240", "2005": "238"}, "AMETEK Quarterly Shares Outstanding (Millions of Shares)": {"2020-12-31": "232", "2020-09-30": "231", "2020-06-30": "230", "2020-03-31": "231", "2019-12-31": "229", "2019-09-30": "230", "2019-06-30": "229", "2019-03-31": "229", "2018-12-31": "233", "2018-09-30": "233", "2018-06-30": "233", "2018-03-31": "233", "2017-12-31": "232", "2017-09-30": "232", "2017-06-30": "232", "2017-03-31": "231", "2016-12-31": "234", "2016-09-30": "233", "2016-06-30": "235", "2016-03-31": "236", "2015-12-31": "242", "2015-09-30": "241", "2015-06-30": "244", "2015-03-31": "243", "2014-12-31": "247", "2014-09-30": "248", "2014-06-30": "247", "2014-03-31": "247", "2013-12-31": "246", "2013-09-30": "246", "2013-06-30": "246", "2013-03-31": "245", "2012-12-31": "244", "2012-09-30": "244", "2012-06-30": "243", "2012-03-31": "243", "2011-12-31": "243", "2011-09-30": "244", "2011-06-30": "243", "2011-03-31": "243", "2010-12-31": "241", "2010-09-30": "241", "2010-06-30": "240", "2010-03-31": "242", "2009-12-31": "243", "2009-09-30": "242", "2009-06-30": "243", "2009-03-31": "241", "2008-12-31": "242", "2008-09-30": "242", "2008-06-30": "242", "2008-03-31": "242", "2007-12-31": "242", "2007-09-30": "242", "2007-06-30": "242", "2007-03-31": "240", "2006-12-31": "240", "2006-09-30": "239", "2006-06-30": "240", "2006-03-31": "240", "2005-12-31": "238", "2005-09-30": "238", "2005-06-30": "237", "2005-03-31": "236"}}, "total-assets": {"AMETEK Annual Total Assets (Millions of US $)": {"2019": "$9,845", "2018": "$8,662", "2017": "$7,796", "2016": "$7,101", "2015": "$6,660", "2014": "$6,421", "2013": "$5,878", "2012": "$5,190", "2011": "$4,319", "2010": "$3,819", "2009": "$3,246", "2008": "$3,056", "2007": "$2,746", "2006": "$2,131", "2005": "$1,781"}, "AMETEK Quarterly Total Assets (Millions of US $)": {"2020-09-30": "$10,433", "2020-06-30": "$10,311", "2020-03-31": "$10,602", "2019-12-31": "$9,845", "2019-09-30": "$9,220", "2019-06-30": "$9,070", "2019-03-31": "$8,891", "2018-12-31": "$8,662", "2018-09-30": "$8,108", "2018-06-30": "$8,152", "2018-03-31": "$8,058", "2017-12-31": "$7,796", "2017-09-30": "$7,783", "2017-06-30": "$7,535", "2017-03-31": "$7,299", "2016-12-31": "$7,101", "2016-09-30": "$6,977", "2016-06-30": "$6,956", "2016-03-31": "$6,995", "2015-12-31": "$6,660", "2015-09-30": "$6,644", "2015-06-30": "$6,558", "2015-03-31": "$6,335", "2014-12-31": "$6,421", "2014-09-30": "$6,571", "2014-06-30": "$6,485", "2014-03-31": "$6,089", "2013-12-31": "$5,878", "2013-09-30": "$5,461", "2013-06-30": "$5,193", "2013-03-31": "$5,174", "2012-12-31": "$5,190", "2012-09-30": "$4,894", "2012-06-30": "$4,885", "2012-03-31": "$4,609", "2011-12-31": "$4,319", "2011-09-30": "$4,116", "2011-06-30": "$4,155", "2011-03-31": "$3,893", "2010-12-31": "$3,819", "2010-09-30": "$3,579", "2010-06-30": "$3,267", "2010-03-31": "$3,225", "2009-12-31": "$3,246", "2009-09-30": "$3,169", "2009-06-30": "$3,113", "2009-03-31": "$3,049", "2008-12-31": "$3,056", "2008-09-30": "$3,165", "2008-06-30": "$3,109", "2008-03-31": "$2,848", "2007-12-31": "$2,746", "2007-09-30": "$2,514", "2007-06-30": "$2,326", "2007-03-31": "$2,178", "2006-12-31": "$2,131", "2006-09-30": "$2,040", "2006-06-30": "$2,037", "2006-03-31": "$1,848", "2005-12-31": "$1,781", "2005-09-30": "$1,604", "2005-06-30": "$1,558", "2005-03-31": "$1,431"}}, "cash-on-hand": {"AMETEK Annual Cash on Hand (Millions of US $)": {"2019": "$393", "2018": "$354", "2017": "$646", "2016": "$717", "2015": "$381", "2014": "$378", "2013": "$295", "2012": "$158", "2011": "$170", "2010": "$169", "2009": "$251", "2008": "$91", "2007": "$181", "2006": "$58", "2005": "$44"}, "AMETEK Quarterly Cash on Hand (Millions of US $)": {"2020-09-30": "$1,305", "2020-06-30": "$1,131", "2020-03-31": "$1,253", "2019-12-31": "$393", "2019-09-30": "$735", "2019-06-30": "$568", "2019-03-31": "$368", "2018-12-31": "$354", "2018-09-30": "$519", "2018-06-30": "$558", "2018-03-31": "$557", "2017-12-31": "$646", "2017-09-30": "$736", "2017-06-30": "$516", "2017-03-31": "$570", "2016-12-31": "$717", "2016-09-30": "$445", "2016-06-30": "$456", "2016-03-31": "$387", "2015-12-31": "$381", "2015-09-30": "$328", "2015-06-30": "$327", "2015-03-31": "$407", "2014-12-31": "$378", "2014-09-30": "$370", "2014-06-30": "$283", "2014-03-31": "$265", "2013-12-31": "$295", "2013-09-30": "$255", "2013-06-30": "$208", "2013-03-31": "$177", "2012-12-31": "$158", "2012-09-30": "$168", "2012-06-30": "$168", "2012-03-31": "$224", "2011-12-31": "$170", "2011-09-30": "$224", "2011-06-30": "$203", "2011-03-31": "$162", "2010-12-31": "$169", "2010-09-30": "$140", "2010-06-30": "$235", "2010-03-31": "$261", "2009-12-31": "$251", "2009-09-30": "$207", "2009-06-30": "$143", "2009-03-31": "$141", "2008-12-31": "$91", "2008-09-30": "$171", "2008-06-30": "$152", "2008-03-31": "$125", "2007-12-31": "$181", "2007-09-30": "$83", "2007-06-30": "$87", "2007-03-31": "$67", "2006-12-31": "$58", "2006-09-30": "$59", "2006-06-30": "$54", "2006-03-31": "$48", "2005-12-31": "$44", "2005-09-30": "$48", "2005-06-30": "$61", "2005-03-31": "$45"}}, "long-term-debt": {"AMETEK Annual Long Term Debt (Millions of US $)": {"2019": "$2,271", "2018": "$2,274", "2017": "$1,866", "2016": "$2,063", "2015": "$1,553", "2014": "$1,428", "2013": "$1,142", "2012": "$1,133", "2011": "$1,123", "2010": "$1,071", "2009": "$956", "2008": "$1,093", "2007": "$667", "2006": "$518", "2005": "$475"}, "AMETEK Quarterly Long Term Debt (Millions of US $)": {"2020-09-30": "$2,296", "2020-06-30": "$2,753", "2020-03-31": "$2,742", "2019-12-31": "$2,271", "2019-09-30": "$2,229", "2019-06-30": "$2,369", "2019-03-31": "$2,368", "2018-12-31": "$2,274", "2018-09-30": "$1,833", "2018-06-30": "$1,838", "2018-03-31": "$1,898", "2017-12-31": "$1,866", "2017-09-30": "$1,921", "2017-06-30": "$2,129", "2017-03-31": "$2,077", "2016-12-31": "$2,063", "2016-09-30": "$1,541", "2016-06-30": "$1,543", "2016-03-31": "$1,553", "2015-12-31": "$1,553", "2015-09-30": "$1,622", "2015-06-30": "$1,482", "2015-03-31": "$1,419", "2014-12-31": "$1,428", "2014-09-30": "$1,473", "2014-06-30": "$1,148", "2014-03-31": "$1,143", "2013-12-31": "$1,142", "2013-09-30": "$1,135", "2013-06-30": "$1,118", "2013-03-31": "$1,116", "2012-12-31": "$1,133", "2012-09-30": "$1,129", "2012-06-30": "$1,123", "2012-03-31": "$1,133", "2011-12-31": "$1,123", "2011-09-30": "$1,071", "2011-06-30": "$1,083", "2011-03-31": "$1,081", "2010-12-31": "$1,071", "2010-09-30": "$1,075", "2010-06-30": "$937", "2010-03-31": "$946", "2009-12-31": "$956", "2009-09-30": "$974", "2009-06-30": "$1,054", "2009-03-31": "$1,085", "2008-12-31": "$1,093", "2008-09-30": "$969", "2008-06-30": "$668", "2008-03-31": "$668", "2007-12-31": "$667", "2007-09-30": "$547", "2007-06-30": "$526", "2007-03-31": "$520", "2006-12-31": "$518", "2006-09-30": "$506", "2006-06-30": "$510", "2006-03-31": "$478", "2005-12-31": "$475", "2005-09-30": "$489", "2005-06-30": "$486", "2005-03-31": "$398"}}, "total-liabilities": {"AMETEK Annual Total Liabilities (Millions of US $)": {"2019": "$4,729", "2018": "$4,420", "2017": "$3,768", "2016": "$3,844", "2015": "$3,406", "2014": "$3,181", "2013": "$2,742", "2012": "$2,655", "2011": "$2,267", "2010": "$2,044", "2009": "$1,679", "2008": "$1,768", "2007": "$1,505", "2006": "$1,164", "2005": "$971"}, "AMETEK Quarterly Total Liabilities (Millions of US $)": {"2020-09-30": "$4,729", "2020-06-30": "$4,825", "2020-03-31": "$5,276", "2019-12-31": "$4,729", "2019-09-30": "$4,354", "2019-06-30": "$4,403", "2019-03-31": "$4,435", "2018-12-31": "$4,420", "2018-09-30": "$3,596", "2018-06-30": "$3,814", "2018-03-31": "$3,854", "2017-12-31": "$3,768", "2017-09-30": "$4,017", "2017-06-30": "$3,943", "2017-03-31": "$3,895", "2016-12-31": "$3,844", "2016-09-30": "$3,604", "2016-06-30": "$3,599", "2016-03-31": "$3,698", "2015-12-31": "$3,406", "2015-09-30": "$3,329", "2015-06-30": "$3,104", "2015-03-31": "$3,071", "2014-12-31": "$3,181", "2014-09-30": "$3,103", "2014-06-30": "$3,063", "2014-03-31": "$2,816", "2013-12-31": "$2,742", "2013-09-30": "$2,527", "2013-06-30": "$2,435", "2013-03-31": "$2,552", "2012-12-31": "$2,655", "2012-09-30": "$2,470", "2012-06-30": "$2,595", "2012-03-31": "$2,419", "2011-12-31": "$2,267", "2011-09-30": "$2,068", "2011-06-30": "$2,169", "2011-03-31": "$2,011", "2010-12-31": "$2,044", "2010-09-30": "$1,911", "2010-06-30": "$1,714", "2010-03-31": "$1,699", "2009-12-31": "$1,679", "2009-09-30": "$1,685", "2009-06-30": "$1,689", "2009-03-31": "$1,723", "2008-12-31": "$1,768", "2008-09-30": "$1,802", "2008-06-30": "$1,763", "2008-03-31": "$1,569", "2007-12-31": "$1,505", "2007-09-30": "$1,362", "2007-06-30": "$1,242", "2007-03-31": "$1,163", "2006-12-31": "$1,164", "2006-09-30": "$1,099", "2006-06-30": "$1,126", "2006-03-31": "$990", "2005-12-31": "$971", "2005-09-30": "$848", "2005-06-30": "$839", "2005-03-31": "$739"}}, "total-share-holder-equity": {"AMETEK Annual Share Holder Equity (Millions of US $)": {"2019": "$5,115", "2018": "$4,242", "2017": "$4,028", "2016": "$3,257", "2015": "$3,255", "2014": "$3,240", "2013": "$3,136", "2012": "$2,535", "2011": "$2,053", "2010": "$1,775", "2009": "$1,567", "2008": "$1,288", "2007": "$1,241", "2006": "$967", "2005": "$810"}, "AMETEK Quarterly Share Holder Equity (Millions of US $)": {"2020-09-30": "$5,704", "2020-06-30": "$5,486", "2020-03-31": "$5,326", "2019-12-31": "$5,115", "2019-09-30": "$4,866", "2019-06-30": "$4,667", "2019-03-31": "$4,457", "2018-12-31": "$4,242", "2018-09-30": "$4,512", "2018-06-30": "$4,338", "2018-03-31": "$4,204", "2017-12-31": "$4,028", "2017-09-30": "$3,766", "2017-06-30": "$3,592", "2017-03-31": "$3,404", "2016-12-31": "$3,257", "2016-09-30": "$3,373", "2016-06-30": "$3,357", "2016-03-31": "$3,297", "2015-12-31": "$3,255", "2015-09-30": "$3,315", "2015-06-30": "$3,453", "2015-03-31": "$3,264", "2014-12-31": "$3,240", "2014-09-30": "$3,468", "2014-06-30": "$3,422", "2014-03-31": "$3,273", "2013-12-31": "$3,136", "2013-09-30": "$2,934", "2013-06-30": "$2,757", "2013-03-31": "$2,622", "2012-12-31": "$2,535", "2012-09-30": "$2,424", "2012-06-30": "$2,291", "2012-03-31": "$2,189", "2011-12-31": "$2,053", "2011-09-30": "$2,048", "2011-06-30": "$1,986", "2011-03-31": "$1,882", "2010-12-31": "$1,775", "2010-09-30": "$1,668", "2010-06-30": "$1,553", "2010-03-31": "$1,526", "2009-12-31": "$1,567", "2009-09-30": "$1,484", "2009-06-30": "$1,424", "2009-03-31": "$1,326", "2008-12-31": "$1,288", "2008-09-30": "$1,363", "2008-06-30": "$1,346", "2008-03-31": "$1,280", "2007-12-31": "$1,241", "2007-09-30": "$1,152", "2007-06-30": "$1,084", "2007-03-31": "$1,015", "2006-12-31": "$967", "2006-09-30": "$941", "2006-06-30": "$911", "2006-03-31": "$858", "2005-12-31": "$810", "2005-09-30": "$756", "2005-06-30": "$720", "2005-03-31": "$692"}}, "profit-margins": {"current": "19.21%"}, "gross margin": {"2020-12-31": "34.01%", "2020-09-30": "33.62%", "2020-06-30": "33.80%", "2020-03-31": "34.08%", "2019-12-31": "34.64%", "2019-09-30": "34.65%", "2019-06-30": "34.38%", "2019-03-31": "34.27%", "2018-12-31": "34.26%", "2018-09-30": "33.85%", "2018-06-30": "33.62%", "2018-03-31": "33.45%", "2017-12-31": "33.43%", "2017-09-30": "32.61%", "2017-06-30": "32.52%", "2017-03-31": "32.63%", "2016-12-31": "32.68%", "2016-09-30": "32.30%", "2016-06-30": "33.21%", "2016-03-31": "33.80%", "2015-12-31": "34.14%", "2015-09-30": "34.46%", "2015-06-30": "33.85%", "2015-03-31": "33.71%", "2014-12-31": "33.84%", "2014-09-30": "35.46%", "2014-06-30": "35.83%", "2014-03-31": "35.59%", "2013-12-31": "35.36%", "2013-09-30": "35.35%", "2013-06-30": "35.29%", "2013-03-31": "35.34%", "2012-12-31": "35.39%", "2012-09-30": "35.51%", "2012-06-30": "35.21%", "2012-03-31": "34.84%", "2011-12-31": "34.57%", "2011-09-30": "34.14%", "2011-06-30": "33.94%", "2011-03-31": "33.70%", "2010-12-31": "33.31%", "2010-09-30": "32.64%", "2010-06-30": "31.95%", "2010-03-31": "31.40%", "2009-12-31": "31.51%", "2009-09-30": "30.74%", "2009-06-30": "31.25%", "2009-03-31": "31.66%", "2008-12-31": "31.65%", "2008-09-30": "32.57%", "2008-06-30": "32.59%", "2008-03-31": "32.56%", "2007-12-31": "32.40%", "2007-09-30": "32.01%", "2007-06-30": "31.74%", "2007-03-31": "31.46%", "2006-12-31": "31.15%", "2006-09-30": "31.10%", "2006-06-30": "31.22%", "2006-03-31": "31.08%", "2005-12-31": "30.87%"}, "operating margin": {"2020-12-31": "22.64%", "2020-09-30": "22.13%", "2020-06-30": "22.06%", "2020-03-31": "22.20%", "2019-12-31": "22.81%", "2019-09-30": "22.65%", "2019-06-30": "22.32%", "2019-03-31": "22.17%", "2018-12-31": "22.18%", "2018-09-30": "21.62%", "2018-06-30": "21.37%", "2018-03-31": "21.16%", "2017-12-31": "21.02%", "2017-09-30": "20.31%", "2017-06-30": "20.30%", "2017-03-31": "20.47%", "2016-12-31": "20.60%", "2016-09-30": "21.74%", "2016-06-30": "22.38%", "2016-03-31": "22.77%", "2015-12-31": "22.84%", "2015-09-30": "23.09%", "2015-06-30": "22.40%", "2015-03-31": "22.28%", "2014-12-31": "22.35%", "2014-09-30": "22.41%", "2014-06-30": "22.91%", "2014-03-31": "22.82%", "2013-12-31": "22.70%", "2013-09-30": "22.75%", "2013-06-30": "22.60%", "2013-03-31": "22.42%", "2012-12-31": "22.38%", "2012-09-30": "22.21%", "2012-06-30": "21.95%", "2012-03-31": "21.52%", "2011-12-31": "21.26%", "2011-09-30": "20.82%", "2011-06-30": "20.51%", "2011-03-31": "20.25%", "2010-12-31": "19.55%", "2010-09-30": "18.83%", "2010-06-30": "17.70%", "2010-03-31": "17.17%", "2009-12-31": "17.40%", "2009-09-30": "16.28%", "2009-06-30": "17.07%", "2009-03-31": "17.06%", "2008-12-31": "17.07%", "2008-09-30": "18.23%", "2008-06-30": "18.13%", "2008-03-31": "18.42%", "2007-12-31": "18.12%", "2007-09-30": "17.80%", "2007-06-30": "17.57%", "2007-03-31": "17.25%", "2006-12-31": "16.98%", "2006-09-30": "16.81%", "2006-06-30": "16.63%", "2006-03-31": "16.39%", "2005-12-31": "16.24%"}, "ebitda margin": {"2020-09-30": "27.59%", "2020-06-30": "27.19%", "2020-03-31": "26.99%", "2019-12-31": "27.37%", "2019-09-30": "27.04%", "2019-06-30": "26.64%", "2019-03-31": "26.39%", "2018-12-31": "26.31%", "2018-09-30": "25.82%", "2018-06-30": "25.60%", "2018-03-31": "25.39%", "2017-12-31": "25.27%", "2017-09-30": "24.86%", "2017-06-30": "24.93%", "2017-03-31": "25.15%", "2016-12-31": "25.29%", "2016-09-30": "25.94%", "2016-06-30": "26.40%", "2016-03-31": "26.66%", "2015-12-31": "26.57%", "2015-09-30": "26.70%", "2015-06-30": "25.99%", "2015-03-31": "25.78%", "2014-12-31": "25.81%", "2014-09-30": "25.81%", "2014-06-30": "26.22%", "2014-03-31": "26.10%", "2013-12-31": "25.96%", "2013-09-30": "26.02%", "2013-06-30": "25.85%", "2013-03-31": "25.66%", "2012-12-31": "25.55%", "2012-09-30": "25.35%", "2012-06-30": "24.98%", "2012-03-31": "24.45%", "2011-12-31": "24.14%", "2011-09-30": "23.64%", "2011-06-30": "23.33%", "2011-03-31": "23.06%", "2010-12-31": "22.42%", "2010-09-30": "21.76%", "2010-06-30": "20.79%", "2010-03-31": "20.31%", "2009-12-31": "20.54%", "2009-09-30": "19.28%", "2009-06-30": "19.84%", "2009-03-31": "19.73%", "2008-12-31": "19.56%", "2008-09-30": "20.68%", "2008-06-30": "20.57%", "2008-03-31": "20.83%", "2007-12-31": "20.55%", "2007-09-30": "20.21%", "2007-06-30": "20.01%", "2007-03-31": "19.73%", "2006-12-31": "19.51%", "2006-09-30": "19.45%", "2006-06-30": "19.33%", "2006-03-31": "19.21%", "2005-12-31": "19.09%"}, "pre tax profit margin": {"2020-12-31": "23.83%", "2020-09-30": "23.10%", "2020-06-30": "22.91%", "2020-03-31": "22.95%", "2019-12-31": "20.74%", "2019-09-30": "20.70%", "2019-06-30": "20.47%", "2019-03-31": "20.34%", "2018-12-31": "20.39%", "2018-09-30": "19.65%", "2018-06-30": "19.22%", "2018-03-31": "18.83%", "2017-12-31": "18.51%", "2017-09-30": "17.99%", "2017-06-30": "17.87%", "2017-03-31": "17.96%", "2016-12-31": "18.05%", "2016-09-30": "18.96%", "2016-06-30": "19.67%", "2016-03-31": "20.15%", "2015-12-31": "20.30%", "2015-09-30": "20.74%", "2015-06-30": "20.03%", "2015-03-31": "19.92%", "2014-12-31": "20.01%", "2014-09-30": "19.87%", "2014-06-30": "20.35%", "2014-03-31": "20.27%", "2013-12-31": "20.14%", "2013-09-30": "20.29%", "2013-06-30": "20.19%", "2013-03-31": "19.97%", "2012-12-31": "19.89%", "2012-09-30": "19.63%", "2012-06-30": "19.32%", "2012-03-31": "18.87%", "2011-12-31": "18.59%", "2011-09-30": "18.03%", "2011-06-30": "17.65%", "2011-03-31": "17.25%", "2010-12-31": "16.43%", "2010-09-30": "15.67%", "2010-06-30": "14.43%", "2010-03-31": "13.84%", "2009-12-31": "14.06%", "2009-09-30": "13.10%", "2009-06-30": "14.13%", "2009-03-31": "14.36%", "2008-12-31": "14.46%", "2008-09-30": "15.74%", "2008-06-30": "15.68%", "2008-03-31": "15.97%", "2007-12-31": "15.73%", "2007-09-30": "15.34%", "2007-06-30": "15.13%", "2007-03-31": "14.83%", "2006-12-31": "14.51%", "2006-09-30": "14.34%", "2006-06-30": "14.10%", "2006-03-31": "13.90%", "2005-12-31": "13.80%"}, "net profit margin": {"2020-12-31": "19.23%", "2020-09-30": "18.79%", "2020-06-30": "18.54%", "2020-03-31": "18.51%", "2019-12-31": "16.71%", "2019-09-30": "16.64%", "2019-06-30": "16.33%", "2019-03-31": "16.15%", "2018-12-31": "16.05%", "2018-09-30": "17.06%", "2018-06-30": "16.66%", "2018-03-31": "16.21%", "2017-12-31": "15.86%", "2017-09-30": "13.36%", "2017-06-30": "13.25%", "2017-03-31": "13.24%", "2016-12-31": "13.33%", "2016-09-30": "14.01%", "2016-06-30": "14.45%", "2016-03-31": "14.82%", "2015-12-31": "14.87%", "2015-09-30": "15.11%", "2015-06-30": "14.64%", "2015-03-31": "14.54%", "2014-12-31": "14.55%", "2014-09-30": "14.44%", "2014-06-30": "14.61%", "2014-03-31": "14.46%", "2013-12-31": "14.39%", "2013-09-30": "14.34%", "2013-06-30": "14.17%", "2013-03-31": "13.98%", "2012-12-31": "13.77%", "2012-09-30": "13.55%", "2012-06-30": "13.39%", "2012-03-31": "13.03%", "2011-12-31": "12.84%", "2011-09-30": "12.49%", "2011-06-30": "12.22%", "2011-03-31": "11.97%", "2010-12-31": "11.45%", "2010-09-30": "10.97%", "2010-06-30": "10.14%", "2010-03-31": "9.75%", "2009-12-31": "9.82%", "2009-09-30": "9.00%", "2009-06-30": "9.62%", "2009-03-31": "9.70%", "2008-12-31": "9.76%", "2008-09-30": "10.64%", "2008-06-30": "10.58%", "2008-03-31": "10.84%", "2007-12-31": "10.67%", "2007-09-30": "10.52%", "2007-06-30": "10.36%", "2007-03-31": "10.10%", "2006-12-31": "9.95%", "2006-09-30": "9.75%", "2006-06-30": "9.67%", "2006-03-31": "9.51%", "2005-12-31": "9.48%"}, "pe ratio": {"current": "29.62", "2021-02-05": "41.49", "2020-12-31": "42.89", "2020-09-30": "26.26", "2020-06-30": "23.08", "2020-03-31": "17.56", "2019-12-31": "26.38", "2019-09-30": "24.58", "2019-06-30": "25.24", "2019-03-31": "23.75", "2018-12-31": "19.98", "2018-09-30": "22.50", "2018-06-30": "21.48", "2018-03-31": "23.87", "2017-12-31": "24.12", "2017-09-30": "27.12", "2017-06-30": "25.93", "2017-03-31": "23.74", "2016-12-31": "21.59", "2016-09-30": "20.26", "2016-06-30": "18.83", "2016-03-31": "19.90", "2015-12-31": "21.12", "2015-09-30": "20.18", "2015-06-30": "21.78", "2015-03-31": "21.12", "2014-12-31": "21.30", "2014-09-30": "20.90", "2014-06-30": "22.21", "2014-03-31": "22.75", "2013-12-31": "23.91", "2013-09-30": "21.48", "2013-06-30": "20.21", "2013-03-31": "21.22", "2012-12-31": "18.91", "2012-09-30": "18.50", "2012-06-30": "18.04", "2012-03-31": "18.38", "2011-12-31": "16.66", "2011-09-30": "13.79", "2011-06-30": "17.79", "2011-03-31": "18.62", "2010-12-31": "18.38", "2010-09-30": "16.36", "2010-06-30": "18.29", "2010-03-31": "20.35", "2009-12-31": "16.24", "2009-09-30": "15.29", "2009-06-30": "11.83", "2009-03-31": "9.18", "2008-12-31": "8.61", "2008-09-30": "11.05", "2008-06-30": "13.59", "2008-03-31": "14.33", "2007-12-31": "18.11", "2007-09-30": "15.98", "2007-06-30": "15.35", "2007-03-31": "12.74", "2006-12-31": "11.34"}, "price sales": {"2021-02-05": "5.96", "2020-12-31": "6.16", "2020-09-30": "4.92", "2020-06-30": "4.27", "2020-03-31": "3.24", "2019-12-31": "4.40", "2019-09-30": "4.08", "2019-06-30": "4.12", "2019-03-31": "3.83", "2018-12-31": "3.21", "2018-09-30": "3.84", "2018-06-30": "3.58", "2018-03-31": "3.87", "2017-12-31": "3.82", "2017-09-30": "3.63", "2017-06-30": "3.44", "2017-03-31": "3.15", "2016-12-31": "2.89", "2016-09-30": "2.84", "2016-06-30": "2.73", "2016-03-31": "2.96", "2015-12-31": "3.15", "2015-09-30": "3.06", "2015-06-30": "3.20", "2015-03-31": "3.08", "2014-12-31": "3.10", "2014-09-30": "3.01", "2014-06-30": "3.25", "2014-03-31": "3.28", "2013-12-31": "3.43", "2013-09-30": "3.08", "2013-06-30": "2.86", "2013-03-31": "2.97", "2012-12-31": "2.60", "2012-09-30": "2.51", "2012-06-30": "2.42", "2012-03-31": "2.40", "2011-12-31": "2.15", "2011-09-30": "1.73", "2011-06-30": "2.43", "2011-03-31": "2.52", "2010-12-31": "2.39", "2010-09-30": "2.07", "2010-06-30": "1.86", "2010-03-31": "1.98", "2009-12-31": "1.83", "2009-09-30": "1.59", "2009-06-30": "1.47", "2009-03-31": "1.26", "2008-12-31": "1.19", "2008-09-30": "1.63", "2008-06-30": "1.97", "2008-03-31": "1.94", "2007-12-31": "2.16", "2007-09-30": "2.09", "2007-06-30": "1.97", "2007-03-31": "1.77", "2006-12-31": "1.70"}, "price book": {"current": "4.52", "2021-02-05": "4.72", "2020-09-30": "4.00", "2020-06-30": "3.73", "2020-03-31": "3.09", "2019-12-31": "4.43", "2019-09-30": "4.27", "2019-06-30": "4.40", "2019-03-31": "4.19", "2018-12-31": "4.15", "2018-09-30": "4.00", "2018-06-30": "3.79", "2018-03-31": "4.10", "2017-12-31": "4.07", "2017-09-30": "3.96", "2017-06-30": "3.80", "2017-03-31": "3.56", "2016-12-31": "3.33", "2016-09-30": "3.18", "2016-06-30": "3.10", "2016-03-31": "3.42", "2015-12-31": "3.74", "2015-09-30": "3.62", "2015-06-30": "3.70", "2015-03-31": "3.74", "2014-12-31": "3.76", "2014-09-30": "3.41", "2014-06-30": "3.59", "2014-03-31": "3.68", "2013-12-31": "3.92", "2013-09-30": "3.65", "2013-06-30": "3.56", "2013-03-31": "3.82", "2012-12-31": "3.42", "2012-09-30": "3.36", "2012-06-30": "3.33", "2012-03-31": "3.36", "2011-12-31": "3.10", "2011-09-30": "2.42", "2011-06-30": "3.43", "2011-03-31": "3.52", "2010-12-31": "3.33", "2010-09-30": "2.86", "2010-06-30": "2.57", "2010-03-31": "2.69", "2009-12-31": "2.45", "2009-09-30": "2.36", "2009-06-30": "2.42", "2009-03-31": "2.35", "2008-12-31": "2.31", "2008-09-30": "2.95", "2008-06-30": "3.45", "2008-03-31": "3.37", "2007-12-31": "3.73", "2007-09-30": "3.70", "2007-06-30": "3.59", "2007-03-31": "3.32", "2006-12-31": "3.19", "2006-09-30": "2.98", "2006-06-30": "3.34", "2006-03-31": "3.38"}, "price fcf": {"2021-02-05": "", "2020-09-30": "$5.02", "2020-06-30": "$5.09", "2020-03-31": "$4.75", "2019-12-31": "$4.41", "2019-09-30": "$4.23", "2019-06-30": "$3.86", "2019-03-31": "$3.68", "2018-12-31": "$3.62", "2018-09-30": "$3.46", "2018-06-30": "$3.42", "2018-03-31": "$3.42", "2017-12-31": "$3.27", "2017-09-30": "$3.25", "2017-06-30": "$2.98", "2017-03-31": "$2.93", "2016-12-31": "$2.97", "2016-09-30": "$2.74", "2016-06-30": "$2.78", "2016-03-31": "$2.65", "2015-12-31": "$2.50", "2015-09-30": "$2.54", "2015-06-30": "$2.56", "2015-03-31": "$2.50", "2014-12-31": "$2.65", "2014-09-30": "$2.62", "2014-06-30": "$2.52", "2014-03-31": "$2.43", "2013-12-31": "$2.43", "2013-09-30": "$2.38", "2013-06-30": "$2.37", "2013-03-31": "$2.32", "2012-12-31": "$2.27", "2012-09-30": "$2.14", "2012-06-30": "$2.04", "2012-03-31": "$2.04", "2011-12-31": "$1.88", "2011-09-30": "$1.79", "2011-06-30": "$1.71", "2011-03-31": "$1.62", "2010-12-31": "$1.59", "2010-09-30": "$1.53", "2010-06-30": "$1.37", "2010-03-31": "$1.29", "2009-12-31": "$1.37", "2009-09-30": "$1.09", "2009-06-30": "$1.03", "2009-03-31": "$0.99", "2008-12-31": "$0.84", "2008-09-30": "$1.06", "2008-06-30": "$1.07", "2008-03-31": "$1.08", "2007-12-31": "$1.00", "2007-09-30": "$0.87", "2007-06-30": "$0.88", "2007-03-31": "$0.87", "2006-12-31": "$0.82"}, "net worth": {"value": "$26.92B"}, "current ratio": {"2020-12-31": "2.34", "2020-09-30": "1.88", "2020-06-30": "2.47", "2020-03-31": "1.88", "2019-12-31": "1.42", "2019-09-30": "2.05", "2019-06-30": "2.17", "2019-03-31": "1.91", "2018-12-31": "1.46", "2018-09-30": "2.06", "2018-06-30": "1.71", "2018-03-31": "1.69", "2017-12-31": "1.70", "2017-09-30": "1.59", "2017-06-30": "1.80", "2017-03-31": "1.76", "2016-12-31": "2.09", "2016-09-30": "1.40", "2016-06-30": "1.41", "2016-03-31": "1.29", "2015-12-31": "1.58", "2015-09-30": "1.72", "2015-06-30": "1.93", "2015-03-31": "1.79", "2014-12-31": "1.69", "2014-09-30": "1.91", "2014-06-30": "1.36", "2014-03-31": "1.54", "2013-12-31": "1.57", "2013-09-30": "1.79", "2013-06-30": "1.83", "2013-03-31": "1.52", "2012-12-31": "1.32", "2012-09-30": "1.49", "2012-06-30": "1.26", "2012-03-31": "1.54", "2011-12-31": "1.68", "2011-09-30": "2.09", "2011-06-30": "1.80", "2011-03-31": "2.08", "2010-12-31": "1.77", "2010-09-30": "2.01", "2010-06-30": "2.13", "2010-03-31": "2.22", "2009-12-31": "2.29", "2009-09-30": "2.14", "2009-06-30": "2.34", "2009-03-31": "2.25", "2008-12-31": "2.13", "2008-09-30": "1.70", "2008-06-30": "1.17", "2008-03-31": "1.37", "2007-12-31": "1.49", "2007-09-30": "1.39", "2007-06-30": "1.47", "2007-03-31": "1.54", "2006-12-31": "1.42", "2006-09-30": "1.40", "2006-06-30": "1.33", "2006-03-31": "1.43", "2005-12-31": "1.37", "2005-09-30": "1.89", "2005-06-30": "1.97", "2005-03-31": "1.91"}, "quick ratio": {"2020-12-31": "1.83", "2020-09-30": "1.47", "2020-06-30": "1.86", "2020-03-31": "1.44", "2019-12-31": "0.98", "2019-09-30": "1.48", "2019-06-30": "1.53", "2019-03-31": "1.28", "2018-12-31": "0.96", "2018-09-30": "1.42", "2018-06-30": "1.19", "2018-03-31": "1.18", "2017-12-31": "1.22", "2017-09-30": "1.16", "2017-06-30": "1.25", "2017-03-31": "1.24", "2016-12-31": "1.55", "2016-09-30": "0.95", "2016-06-30": "0.97", "2016-03-31": "0.86", "2015-12-31": "1.08", "2015-09-30": "1.13", "2015-06-30": "1.27", "2015-03-31": "1.23", "2014-12-31": "1.16", "2014-09-30": "1.28", "2014-06-30": "0.89", "2014-03-31": "1.02", "2013-12-31": "1.05", "2013-09-30": "1.17", "2013-06-30": "1.19", "2013-03-31": "0.98", "2012-12-31": "0.84", "2012-09-30": "0.96", "2012-06-30": "0.80", "2012-03-31": "1.01", "2011-12-31": "1.08", "2011-09-30": "1.38", "2011-06-30": "1.19", "2011-03-31": "1.37", "2010-12-31": "1.16", "2010-09-30": "1.29", "2010-06-30": "1.45", "2010-03-31": "1.54", "2009-12-31": "1.55", "2009-09-30": "1.44", "2009-06-30": "1.51", "2009-03-31": "1.44", "2008-12-31": "1.35", "2008-09-30": "1.11", "2008-06-30": "0.76", "2008-03-31": "0.90", "2007-12-31": "1.02", "2007-09-30": "0.87", "2007-06-30": "0.97", "2007-03-31": "1.02", "2006-12-31": "0.93", "2006-09-30": "0.91", "2006-06-30": "0.85", "2006-03-31": "0.93", "2005-12-31": "0.90", "2005-09-30": "1.20", "2005-06-30": "1.28", "2005-03-31": "1.22"}, "debt equity ratio": {"current": "0.38", "2020-12-31": "0.74", "2020-09-30": "0.83", "2020-06-30": "0.88", "2020-03-31": "0.99", "2019-12-31": "0.92", "2019-09-30": "0.90", "2019-06-30": "0.94", "2019-03-31": "1.00", "2018-12-31": "1.04", "2018-09-30": "0.80", "2018-06-30": "0.88", "2018-03-31": "0.92", "2017-12-31": "0.94", "2017-09-30": "1.07", "2017-06-30": "1.10", "2017-03-31": "1.14", "2016-12-31": "1.18", "2016-09-30": "1.07", "2016-06-30": "1.07", "2016-03-31": "1.12", "2015-12-31": "1.05", "2015-09-30": "1.00", "2015-06-30": "0.90", "2015-03-31": "0.94", "2014-12-31": "0.98", "2014-09-30": "0.90", "2014-06-30": "0.90", "2014-03-31": "0.86", "2013-12-31": "0.87", "2013-09-30": "0.86", "2013-06-30": "0.88", "2013-03-31": "0.97", "2012-12-31": "1.05", "2012-09-30": "1.02", "2012-06-30": "1.13", "2012-03-31": "1.11", "2011-12-31": "1.10", "2011-09-30": "1.01", "2011-06-30": "1.09", "2011-03-31": "1.07", "2010-12-31": "1.15", "2010-09-30": "1.15", "2010-06-30": "1.10", "2010-03-31": "1.11", "2009-12-31": "1.07", "2009-09-30": "1.14", "2009-06-30": "1.19", "2009-03-31": "1.30", "2008-12-31": "1.37", "2008-09-30": "1.32", "2008-06-30": "1.31", "2008-03-31": "1.23", "2007-12-31": "1.21", "2007-09-30": "1.18", "2007-06-30": "1.15", "2007-03-31": "1.15", "2006-12-31": "1.20", "2006-09-30": "1.17", "2006-06-30": "1.24", "2006-03-31": "1.16", "2005-12-31": "1.20", "2005-09-30": "1.12", "2005-06-30": "1.17", "2005-03-31": "1.07"}, "return on equity": {"2020-12-31": "15.54%", "2020-09-30": "16.14%", "2020-06-30": "17.10%", "2020-03-31": "18.80%", "2019-12-31": "18.05%", "2019-09-30": "18.71%", "2019-06-30": "18.41%", "2019-03-31": "18.26%", "2018-12-31": "17.99%", "2018-09-30": "18.85%", "2018-06-30": "18.81%", "2018-03-31": "18.58%", "2017-12-31": "18.44%", "2017-09-30": "15.75%", "2017-06-30": "15.53%", "2017-03-31": "15.44%", "2016-12-31": "15.42%", "2016-09-30": "16.26%", "2016-06-30": "17.09%", "2016-03-31": "17.51%", "2015-12-31": "17.79%", "2015-09-30": "18.26%", "2015-06-30": "17.64%", "2015-03-31": "17.50%", "2014-12-31": "17.46%", "2014-09-30": "17.11%", "2014-06-30": "17.39%", "2014-03-31": "17.62%", "2013-12-31": "18.06%", "2013-09-30": "18.47%", "2013-06-30": "18.88%", "2013-03-31": "19.21%", "2012-12-31": "19.45%", "2012-09-30": "19.69%", "2012-06-30": "19.76%", "2012-03-31": "19.53%", "2011-12-31": "19.27%", "2011-09-30": "18.88%", "2011-06-30": "18.71%", "2011-03-31": "18.32%", "2010-12-31": "17.36%", "2010-09-30": "16.09%", "2010-06-30": "14.36%", "2010-03-31": "13.66%", "2009-12-31": "14.20%", "2009-09-30": "14.34%", "2009-06-30": "16.74%", "2009-03-31": "18.03%", "2008-12-31": "18.72%", "2008-09-30": "20.27%", "2008-06-30": "20.00%", "2008-03-31": "20.43%", "2007-12-31": "20.30%", "2007-09-30": "20.29%", "2007-06-30": "20.36%", "2007-03-31": "20.03%", "2006-12-31": "19.69%", "2006-09-30": "19.32%", "2006-06-30": "18.83%", "2006-03-31": "18.45%", "2005-12-31": "18.27%"}, "return on assets": {"2020-12-31": "8.37%", "2020-09-30": "8.48%", "2020-06-30": "8.89%", "2020-03-31": "9.70%", "2019-12-31": "9.31%", "2019-09-30": "9.52%", "2019-06-30": "9.48%", "2019-03-31": "9.48%", "2018-12-31": "9.44%", "2018-09-30": "10.03%", "2018-06-30": "9.66%", "2018-03-31": "9.29%", "2017-12-31": "8.97%", "2017-09-30": "7.43%", "2017-06-30": "7.32%", "2017-03-31": "7.30%", "2016-12-31": "7.31%", "2016-09-30": "7.83%", "2016-06-30": "8.29%", "2016-03-31": "8.68%", "2015-12-31": "9.02%", "2015-09-30": "9.34%", "2015-06-30": "9.15%", "2015-03-31": "9.08%", "2014-12-31": "9.15%", "2014-09-30": "9.10%", "2014-06-30": "9.28%", "2014-03-31": "9.42%", "2013-12-31": "9.53%", "2013-09-30": "9.53%", "2013-06-30": "9.54%", "2013-03-31": "9.41%", "2012-12-31": "9.38%", "2012-09-30": "9.43%", "2012-06-30": "9.46%", "2012-03-31": "9.40%", "2011-12-31": "9.32%", "2011-09-30": "9.08%", "2011-06-30": "8.86%", "2011-03-31": "8.66%", "2010-12-31": "8.15%", "2010-09-30": "7.63%", "2010-06-30": "6.82%", "2010-03-31": "6.43%", "2009-12-31": "6.55%", "2009-09-30": "6.39%", "2009-06-30": "7.30%", "2009-03-31": "7.76%", "2008-12-31": "8.11%", "2008-09-30": "8.93%", "2008-06-30": "8.95%", "2008-03-31": "9.32%", "2007-12-31": "9.34%", "2007-09-30": "9.36%", "2007-06-30": "9.41%", "2007-03-31": "9.16%", "2006-12-31": "8.99%", "2006-09-30": "8.82%", "2006-06-30": "8.64%", "2006-03-31": "8.54%", "2005-12-31": "8.53%"}, "return on investments": {"2020-12-31": "12.64%", "2020-09-30": "12.97%", "2020-06-30": "13.74%", "2020-03-31": "15.22%", "2019-12-31": "16.61%", "2019-09-30": "16.91%", "2019-06-30": "16.84%", "2019-03-31": "17.01%", "2018-12-31": "17.11%", "2018-09-30": "16.64%", "2018-06-30": "16.51%", "2018-03-31": "16.15%", "2017-12-31": "15.87%", "2017-09-30": "15.11%", "2017-06-30": "15.12%", "2017-03-31": "15.50%", "2016-12-31": "15.84%", "2016-09-30": "17.22%", "2016-06-30": "17.96%", "2016-03-31": "18.35%", "2015-12-31": "18.76%", "2015-09-30": "19.27%", "2015-06-30": "18.85%", "2015-03-31": "19.04%", "2014-12-31": "19.34%", "2014-09-30": "19.40%", "2014-06-30": "20.08%", "2014-03-31": "20.22%", "2013-12-31": "20.45%", "2013-09-30": "20.72%", "2013-06-30": "20.98%", "2013-03-31": "21.15%", "2012-12-31": "21.38%", "2012-09-30": "21.48%", "2012-06-30": "21.34%", "2012-03-31": "21.03%", "2011-12-31": "20.64%", "2011-09-30": "20.17%", "2011-06-30": "19.76%", "2011-03-31": "19.30%", "2010-12-31": "18.31%", "2010-09-30": "17.05%", "2010-06-30": "15.45%", "2010-03-31": "14.54%", "2009-12-31": "14.79%", "2009-09-30": "14.72%", "2009-06-30": "16.70%", "2009-03-31": "18.47%", "2008-12-31": "19.92%", "2008-09-30": "22.14%", "2008-06-30": "22.72%", "2008-03-31": "23.06%", "2007-12-31": "22.93%", "2007-09-30": "22.88%", "2007-06-30": "22.77%", "2007-03-31": "22.28%", "2006-12-31": "21.73%", "2006-09-30": "21.35%", "2006-06-30": "20.43%", "2006-03-31": "19.72%", "2005-12-31": "19.32%"}, "return on tangible equity": {"2020-09-30": "-61.49%", "2020-06-30": "-62.79%", "2020-03-31": "-66.94%", "2019-12-31": "-61.40%", "2019-09-30": "-59.91%", "2019-06-30": "-60.57%", "2019-03-31": "-61.49%", "2018-12-31": "-64.18%", "2018-09-30": "-77.11%", "2018-06-30": "-65.89%", "2018-03-31": "-56.71%", "2017-12-31": "-50.35%", "2017-09-30": "-39.34%", "2017-06-30": "-38.28%", "2017-03-31": "-39.32%", "2016-12-31": "-39.73%", "2016-09-30": "-43.34%", "2016-06-30": "-46.71%", "2016-03-31": "-52.14%", "2015-12-31": "-59.29%", "2015-09-30": "-62.77%", "2015-06-30": "-66.05%", "2015-03-31": "-65.86%", "2014-12-31": "-68.26%", "2014-09-30": "-71.71%", "2014-06-30": "-72.72%", "2014-03-31": "-73.42%", "2013-12-31": "-69.14%", "2013-09-30": "-62.08%", "2013-06-30": "-58.29%", "2013-03-31": "-52.52%", "2012-12-31": "-51.54%", "2012-09-30": "-53.21%", "2012-06-30": "-57.47%", "2012-03-31": "-63.47%", "2011-12-31": "-68.97%", "2011-09-30": "-70.79%", "2011-06-30": "-65.24%", "2011-03-31": "-69.31%", "2010-12-31": "-71.33%", "2010-09-30": "-80.70%", "2010-06-30": "-84.05%", "2010-03-31": "-72.76%", "2009-12-31": "-65.55%", "2009-09-30": "-55.81%", "2009-06-30": "-63.80%", "2009-03-31": "-72.29%", "2008-12-31": "-77.92%", "2008-09-30": "-106.96%", "2008-06-30": "-123.34%", "2008-03-31": "-152.11%", "2007-12-31": "-218.71%", "2007-09-30": "-206.76%", "2007-06-30": "-208.16%", "2007-03-31": "-181.13%", "2006-12-31": "-182.37%", "2006-09-30": "-180.37%", "2006-06-30": "-191.46%", "2006-03-31": "-234.82%", "2005-12-31": "-222.04%"}, "dividend yield history": {"last payout": "$0.72", "last yield": "0.62%"}}