{"ticker": "APH", "price": {"title": "Amphenol Historical Annual Stock Price Data", "value": 129.5, "historical": {"2021": {"Average Stock Price": "130.9967", "Year Open": "128.5200", "Year High": "135.9100", "Year Low": "124.8800", "Year Close": "129.5000", "Annual % Change": "-0.97%"}, "2020": {"Average Stock Price": "103.3517", "Year Open": "109.2300", "Year High": "133.6200", "Year Low": "68.3400", "Year Close": "130.7700", "Annual % Change": "20.83%"}, "2019": {"Average Stock Price": "95.0543", "Year Open": "79.7900", "Year High": "108.2800", "Year Low": "75.0700", "Year Close": "108.2300", "Annual % Change": "33.58%"}, "2018": {"Average Stock Price": "88.9798", "Year Open": "87.8000", "Year High": "96.9900", "Year Low": "75.6500", "Year Close": "81.0200", "Annual % Change": "-7.72%"}, "2017": {"Average Stock Price": "77.2278", "Year Open": "67.4300", "Year High": "91.0400", "Year Low": "66.6000", "Year Close": "87.8000", "Annual % Change": "30.65%"}, "2016": {"Average Stock Price": "59.2694", "Year Open": "50.8700", "Year High": "68.8300", "Year Low": "45.4200", "Year Close": "67.2000", "Annual % Change": "28.66%"}, "2015": {"Average Stock Price": "55.1339", "Year Open": "53.6400", "Year High": "60.2000", "Year Low": "49.0600", "Year Close": "52.2300", "Annual % Change": "-2.94%"}, "2014": {"Average Stock Price": "48.4352", "Year Open": "43.8700", "Year High": "55.4500", "Year Low": "42.3400", "Year Close": "53.8100", "Annual % Change": "20.68%"}, "2013": {"Average Stock Price": "38.4928", "Year Open": "34.0400", "Year High": "44.5900", "Year Low": "33.3450", "Year Close": "44.5900", "Annual % Change": "37.84%"}, "2012": {"Average Stock Price": "28.8454", "Year Open": "22.9800", "Year High": "32.5050", "Year Low": "22.9100", "Year Close": "32.3500", "Annual % Change": "42.54%"}, "2011": {"Average Stock Price": "24.9655", "Year Open": "26.7050", "Year High": "29.3000", "Year Low": "19.9000", "Year Close": "22.6950", "Annual % Change": "-14.00%"}, "2010": {"Average Stock Price": "22.6217", "Year Open": "22.9700", "Year High": "26.6500", "Year Low": "19.2600", "Year Close": "26.3900", "Annual % Change": "14.29%"}, "2009": {"Average Stock Price": "16.9780", "Year Open": "12.7400", "Year High": "23.4850", "Year Low": "10.9500", "Year Close": "23.0900", "Annual % Change": "92.58%"}, "2008": {"Average Stock Price": "19.5297", "Year Open": "22.1000", "Year High": "25.9750", "Year Low": "9.5000", "Year Close": "11.9900", "Annual % Change": "-48.29%"}, "2007": {"Average Stock Price": "18.4564", "Year Open": "15.9375", "Year High": "23.5800", "Year Low": "15.3975", "Year Close": "23.1850", "Annual % Change": "49.39%"}, "2006": {"Average Stock Price": "14.2610", "Year Open": "11.1175", "Year High": "17.3125", "Year Low": "11.1175", "Year Close": "15.5200", "Annual % Change": "40.26%"}, "2005": {"Average Stock Price": "10.1850", "Year Open": "9.1025", "Year High": "11.3700", "Year Low": "8.4875", "Year Close": "11.0650", "Annual % Change": "20.47%"}, "2004": {"Average Stock Price": "8.0752", "Year Open": "7.8000", "Year High": "9.2775", "Year Low": "7.0275", "Year Close": "9.1850", "Annual % Change": "14.94%"}, "2003": {"Average Stock Price": "6.2334", "Year Open": "5.0338", "Year High": "7.9950", "Year Low": "4.7438", "Year Close": "7.9913", "Annual % Change": "68.24%"}, "2002": {"Average Stock Price": "5.1436", "Year Open": "6.0000", "Year High": "6.3713", "Year Low": "3.4563", "Year Close": "4.7500", "Annual % Change": "-20.92%"}, "2001": {"Average Stock Price": "5.2718", "Year Open": "4.7888", "Year High": "7.0625", "Year Low": "3.7125", "Year Close": "6.0063", "Annual % Change": "22.61%"}, "2000": {"Average Stock Price": "6.5684", "Year Open": "4.2031", "Year High": "8.7500", "Year Low": "3.8594", "Year Close": "4.8988", "Annual % Change": "17.76%"}, "1999": {"Average Stock Price": "2.7976", "Year Open": "1.8519", "Year High": "4.3519", "Year Low": "1.8438", "Year Close": "4.1600", "Annual % Change": "120.47%"}, "1998": {"Average Stock Price": "2.8248", "Year Open": "3.5000", "Year High": "4.0000", "Year Low": "1.7188", "Year Close": "1.8869", "Annual % Change": "-45.79%"}, "1997": {"Average Stock Price": "2.2716", "Year Open": "1.3750", "Year High": "3.5000", "Year Low": "1.3594", "Year Close": "3.4806", "Annual % Change": "150.29%"}, "1996": {"Average Stock Price": "1.3945", "Year Open": "1.5000", "Year High": "1.7188", "Year Low": "1.1875", "Year Close": "1.3906", "Annual % Change": "-8.25%"}, "1995": {"Average Stock Price": "1.5356", "Year Open": "1.4769", "Year High": "1.8831", "Year Low": "1.1875", "Year Close": "1.5156", "Annual % Change": "1.04%"}, "1994": {"Average Stock Price": "1.1954", "Year Open": "1.0000", "Year High": "1.5238", "Year Low": "0.9063", "Year Close": "1.5000", "Annual % Change": "45.45%"}, "1993": {"Average Stock Price": "0.6645", "Year Open": "0.4531", "Year High": "1.0313", "Year Low": "0.4141", "Year Close": "1.0313", "Annual % Change": "135.73%"}, "1992": {"Average Stock Price": "0.4531", "Year Open": "0.5547", "Year High": "0.6331", "Year Low": "0.3281", "Year Close": "0.4375", "Annual % Change": "-22.22%"}}}, "market cap": {"value": "$38.74B"}, "income statement": {"Revenue": {"2020-12-31": "8598.90000", "2019-12-31": "8225.40000", "2018-12-31": "8202.00000", "2017-12-31": "7011.30000", "2016-12-31": "6286.40000", "2015-12-31": "5568.70000", "2014-12-31": "5345.50000", "2013-12-31": "4614.70000", "2012-12-31": "4292.10000", "2011-12-31": "3939.78600", "2010-12-31": "3554.10100", "2009-12-31": "2820.06500", "2008-12-31": "3236.47100", "2007-12-31": "2851.04100", "2006-12-31": "2471.43000", "2005-12-31": "1808.14700"}, "Cost Of Goods Sold": {"2020-12-31": "5934.80000", "2019-12-31": "5609.40000", "2018-12-31": "5547.10000", "2017-12-31": "4701.40000", "2016-12-31": "4246.40000", "2015-12-31": "3789.20000", "2014-12-31": "3651.70000", "2013-12-31": "3163.90000", "2012-12-31": "2948.90000", "2011-12-31": "2696.12600", "2010-12-31": "2395.87300", "2009-12-31": "1933.51100", "2008-12-31": "2187.31800", "2007-12-31": "1920.90000", "2006-12-31": "1683.25000", "2005-12-31": "1207.69300"}, "Gross Profit": {"2020-12-31": "2664.10100", "2019-12-31": "2616.00000", "2018-12-31": "2654.90000", "2017-12-31": "2309.90000", "2016-12-31": "2040.00000", "2015-12-31": "1779.50000", "2014-12-31": "1693.80000", "2013-12-31": "1450.80000", "2012-12-31": "1343.20000", "2011-12-31": "1243.66000", "2010-12-31": "1158.22800", "2009-12-31": "886.55400", "2008-12-31": "1049.15300", "2007-12-31": "930.14100", "2006-12-31": "788.17990", "2005-12-31": "600.45400"}, "Research And Development Expenses": {"2020-12-31": "", "2019-12-31": "", "2018-12-31": "", "2017-12-31": "", "2016-12-31": "", "2015-12-31": "", "2014-12-31": "", "2013-12-31": "", "2012-12-31": "", "2011-12-31": "", "2010-12-31": "", "2009-12-31": "", "2008-12-31": "", "2007-12-31": "", "2006-12-31": "", "2005-12-31": ""}, "SG&A Expenses": {"2020-12-31": "1014.20000", "2019-12-31": "971.40000", "2018-12-31": "959.50000", "2017-12-31": "878.30000", "2016-12-31": "798.20000", "2015-12-31": "669.10000", "2014-12-31": "645.10000", "2013-12-31": "548.00000", "2012-12-31": "512.90000", "2011-12-31": "507.79500", "2010-12-31": "457.87100", "2009-12-31": "397.64100", "2008-12-31": "416.91400", "2007-12-31": "377.28300", "2006-12-31": "363.58800", "2005-12-31": "257.12700"}, "Other Operating Income Or Expenses": {"2020-12-31": "", "2019-12-31": "", "2018-12-31": "", "2017-12-31": "", "2016-12-31": "", "2015-12-31": "", "2014-12-31": "", "2013-12-31": "", "2012-12-31": "", "2011-12-31": "17.81300", "2010-12-31": "", "2009-12-31": "", "2008-12-31": "", "2007-12-31": "", "2006-12-31": "", "2005-12-31": ""}, "Operating Expenses": {"2020-12-31": "6960.50000", "2019-12-31": "6606.20000", "2018-12-31": "6515.10000", "2017-12-31": "5583.70000", "2016-12-31": "5081.20000", "2015-12-31": "4464.00000", "2014-12-31": "4310.90000", "2013-12-31": "3717.90000", "2012-12-31": "3463.80000", "2011-12-31": "3188.10800", "2010-12-31": "2853.74400", "2009-12-31": "2331.15200", "2008-12-31": "2604.23200", "2007-12-31": "2298.18300", "2006-12-31": "2046.83800", "2005-12-31": "1464.82000"}, "Operating Income": {"2020-12-31": "1638.40000", "2019-12-31": "1619.20100", "2018-12-31": "1686.90000", "2017-12-31": "1427.60000", "2016-12-31": "1205.20000", "2015-12-31": "1104.70000", "2014-12-31": "1034.60000", "2013-12-31": "896.80030", "2012-12-31": "828.30030", "2011-12-31": "751.67800", "2010-12-31": "700.35690", "2009-12-31": "488.91310", "2008-12-31": "632.23880", "2007-12-31": "552.85790", "2006-12-31": "424.59190", "2005-12-31": "343.32690"}, "Total Non-Operating Income/Expense": {"2020-12-31": "-111.80000", "2019-12-31": "-123.30000", "2018-12-31": "-98.50000", "2017-12-31": "-75.20000", "2016-12-31": "-64.10000", "2015-12-31": "-51.90000", "2014-12-31": "-62.10000", "2013-12-31": "-50.20000", "2012-12-31": "-49.50000", "2011-12-31": "-34.92600", "2010-12-31": "-36.66900", "2009-12-31": "-42.38600", "2008-12-31": "-39.65900", "2007-12-31": "-41.35600", "2006-12-31": "-51.32000", "2005-12-31": "-35.35900"}, "Pre-Tax Income": {"2020-12-31": "1526.60000", "2019-12-31": "1495.90000", "2018-12-31": "1588.40000", "2017-12-31": "1352.40000", "2016-12-31": "1141.10000", "2015-12-31": "1052.80000", "2014-12-31": "972.50000", "2013-12-31": "846.60000", "2012-12-31": "778.80000", "2011-12-31": "716.75200", "2010-12-31": "663.68800", "2009-12-31": "446.52700", "2008-12-31": "592.58000", "2007-12-31": "511.50200", "2006-12-31": "373.27200", "2005-12-31": "307.96800"}, "Income Taxes": {"2020-12-31": "313.30000", "2019-12-31": "331.90000", "2018-12-31": "371.50000", "2017-12-31": "691.70000", "2016-12-31": "308.50000", "2015-12-31": "280.50000", "2014-12-31": "257.30000", "2013-12-31": "207.90000", "2012-12-31": "219.30000", "2011-12-31": "187.91000", "2010-12-31": "161.27500", "2009-12-31": "119.31100", "2008-12-31": "163.00300", "2007-12-31": "147.79000", "2006-12-31": "117.58100", "2005-12-31": "101.62900"}, "Income After Taxes": {"2020-12-31": "1213.30000", "2019-12-31": "1164.00000", "2018-12-31": "1216.90000", "2017-12-31": "660.70000", "2016-12-31": "832.60000", "2015-12-31": "772.30000", "2014-12-31": "715.20000", "2013-12-31": "638.70000", "2012-12-31": "559.50000", "2011-12-31": "528.84200", "2010-12-31": "502.41300", "2009-12-31": "327.21600", "2008-12-31": "429.57700", "2007-12-31": "363.71200", "2006-12-31": "255.69100", "2005-12-31": "206.33900"}, "Other Income": {"2020-12-31": "", "2019-12-31": "", "2018-12-31": "", "2017-12-31": "", "2016-12-31": "", "2015-12-31": "", "2014-12-31": "", "2013-12-31": "", "2012-12-31": "", "2011-12-31": "", "2010-12-31": "", "2009-12-31": "", "2008-12-31": "", "2007-12-31": "", "2006-12-31": "", "2005-12-31": ""}, "Income From Continuous Operations": {"2020-12-31": "1213.30000", "2019-12-31": "1164.00000", "2018-12-31": "1216.90000", "2017-12-31": "660.70000", "2016-12-31": "832.60000", "2015-12-31": "772.30000", "2014-12-31": "715.20000", "2013-12-31": "638.70000", "2012-12-31": "559.50000", "2011-12-31": "528.84200", "2010-12-31": "502.41300", "2009-12-31": "327.21600", "2008-12-31": "429.57700", "2007-12-31": "363.71200", "2006-12-31": "255.69100", "2005-12-31": "206.33900"}, "Income From Discontinued Operations": {"2020-12-31": "", "2019-12-31": "", "2018-12-31": "", "2017-12-31": "", "2016-12-31": "", "2015-12-31": "", "2014-12-31": "", "2013-12-31": "", "2012-12-31": "", "2011-12-31": "", "2010-12-31": "", "2009-12-31": "", "2008-12-31": "", "2007-12-31": "", "2006-12-31": "", "2005-12-31": ""}, "Net Income": {"2020-12-31": "1203.40000", "2019-12-31": "1155.00000", "2018-12-31": "1205.00000", "2017-12-31": "650.50000", "2016-12-31": "822.90000", "2015-12-31": "763.50000", "2014-12-31": "709.10000", "2013-12-31": "635.70000", "2012-12-31": "555.30000", "2011-12-31": "524.19100", "2010-12-31": "496.40500", "2009-12-31": "317.83400", "2008-12-31": "419.15100", "2007-12-31": "353.19400", "2006-12-31": "255.69100", "2005-12-31": "206.33900"}, "EBITDA": {"2020-12-31": "1946.50000", "2019-12-31": "1931.30100", "2018-12-31": "1986.60000", "2017-12-31": "1654.40000", "2016-12-31": "1422.20000", "2015-12-31": "1276.30000", "2014-12-31": "1202.70000", "2013-12-31": "1033.30000", "2012-12-31": "950.10030", "2011-12-31": "871.11700", "2010-12-31": "803.20290", "2009-12-31": "587.43710", "2008-12-31": "723.54080", "2007-12-31": "635.20590", "2006-12-31": "497.71590", "2005-12-31": "394.96890"}, "EBIT": {"2020-12-31": "1638.40000", "2019-12-31": "1619.20100", "2018-12-31": "1686.90000", "2017-12-31": "1427.60000", "2016-12-31": "1205.20000", "2015-12-31": "1104.70000", "2014-12-31": "1034.60000", "2013-12-31": "896.80030", "2012-12-31": "828.30030", "2011-12-31": "751.67800", "2010-12-31": "700.35690", "2009-12-31": "488.91310", "2008-12-31": "632.23880", "2007-12-31": "552.85790", "2006-12-31": "424.59190", "2005-12-31": "343.32690"}, "Basic Shares Outstanding": {"2020-12-31": "298.00000", "2019-12-31": "297.50000", "2018-12-31": "301.20000", "2017-12-31": "305.70000", "2016-12-31": "308.30000", "2015-12-31": "309.10000", "2014-12-31": "313.10000", "2013-12-31": "318.20000", "2012-12-31": "323.04400", "2011-12-31": "339.28000", "2010-12-31": "347.57200", "2009-12-31": "343.21600", "2008-12-31": "351.32800", "2007-12-31": "356.90600", "2006-12-31": "357.85600", "2005-12-31": "354.20600"}, "Shares Outstanding": {"2020-12-31": "307.50000", "2019-12-31": "307.90000", "2018-12-31": "312.60000", "2017-12-31": "316.50000", "2016-12-31": "315.20000", "2015-12-31": "316.50000", "2014-12-31": "320.40000", "2013-12-31": "324.50000", "2012-12-31": "327.89400", "2011-12-31": "343.65000", "2010-12-31": "352.65200", "2009-12-31": "347.88400", "2008-12-31": "357.62600", "2007-12-31": "365.00800", "2006-12-31": "366.69400", "2005-12-31": "361.88800"}, "Basic EPS": {"2020-12-31": "4.04000", "2019-12-31": "3.88000", "2018-12-31": "4.00000", "2017-12-31": "2.13000", "2016-12-31": "2.67000", "2015-12-31": "2.47000", "2014-12-31": "2.26000", "2013-12-31": "2.00000", "2012-12-31": "1.72000", "2011-12-31": "1.54500", "2010-12-31": "1.43000", "2009-12-31": "0.92500", "2008-12-31": "1.19500", "2007-12-31": "0.99000", "2006-12-31": "0.71500", "2005-12-31": "0.58500"}, "EPS - Earnings Per Share": {"2020-12-31": "3.91000", "2019-12-31": "3.75000", "2018-12-31": "3.85000", "2017-12-31": "2.06000", "2016-12-31": "2.61000", "2015-12-31": "2.41000", "2014-12-31": "2.21000", "2013-12-31": "1.96000", "2012-12-31": "1.69000", "2011-12-31": "1.52500", "2010-12-31": "1.41000", "2009-12-31": "0.91500", "2008-12-31": "1.17000", "2007-12-31": "0.97000", "2006-12-31": "0.69500", "2005-12-31": "0.57000"}}, "income statement, quarterly": {"Revenue": {"2020-12-31": "2426.00000", "2020-09-30": "2323.40000", "2020-06-30": "1987.50000", "2020-03-31": "1862.00000", "2019-12-31": "2151.00000", "2019-09-30": "2100.60000", "2019-06-30": "2015.30000", "2019-03-31": "1958.50000", "2018-12-31": "2224.70000", "2018-09-30": "2129.00000", "2018-06-30": "1981.40000", "2018-03-31": "1866.90000", "2017-12-31": "1943.90000", "2017-09-30": "1840.80000", "2017-06-30": "1666.50000", "2017-03-31": "1560.10000", "2016-12-31": "1651.10000", "2016-09-30": "1635.90000", "2016-06-30": "1548.20000", "2016-03-31": "1451.20000", "2015-12-31": "1430.50000", "2015-09-30": "1459.60000", "2015-06-30": "1351.50000", "2015-03-31": "1327.10000", "2014-12-31": "1426.50000", "2014-09-30": "1358.70000", "2014-06-30": "1314.20000", "2014-03-31": "1246.10000", "2013-12-31": "1245.76600", "2013-09-30": "1153.06200", "2013-06-30": "1136.06700", "2013-03-31": "1079.80500", "2012-12-31": "1146.01300", "2012-09-30": "1103.37600", "2012-06-30": "1061.10700", "2012-03-31": "981.60400", "2011-12-31": "948.70870", "2011-09-30": "1032.75400", "2011-06-30": "1017.73800", "2011-03-31": "940.58500", "2010-12-31": "949.88620", "2010-09-30": "948.46300", "2010-06-30": "884.79800", "2010-03-31": "770.95400", "2009-12-31": "758.29580", "2009-09-30": "716.57300", "2009-06-30": "685.18400", "2009-03-31": "660.01200", "2008-12-31": "755.28200", "2008-09-30": "863.65800", "2008-06-30": "846.81700", "2008-03-31": "770.71400", "2007-12-31": "777.27000", "2007-09-30": "733.85100", "2007-06-30": "688.83600", "2007-03-31": "651.08400", "2006-12-31": "659.42290", "2006-09-30": "636.41800", "2006-06-30": "606.59800", "2006-03-31": "568.99100", "2005-12-31": "508.11500", "2005-09-30": "446.99500", "2005-06-30": "443.64200", "2005-03-31": "409.39500"}, "Cost Of Goods Sold": {"2020-12-31": "1660.40000", "2020-09-30": "1588.50000", "2020-06-30": "1383.70000", "2020-03-31": "1302.20000", "2019-12-31": "1472.30000", "2019-09-30": "1438.70000", "2019-06-30": "1367.70000", "2019-03-31": "1330.70000", "2018-12-31": "1509.70000", "2018-09-30": "1440.80000", "2018-06-30": "1336.60000", "2018-03-31": "1260.00000", "2017-12-31": "1308.60000", "2017-09-30": "1234.70000", "2017-06-30": "1113.90000", "2017-03-31": "1044.20000", "2016-12-31": "1104.90000", "2016-09-30": "1098.60000", "2016-06-30": "1050.90000", "2016-03-31": "992.00000", "2015-12-31": "972.10010", "2015-09-30": "995.60000", "2015-06-30": "919.00000", "2015-03-31": "902.50000", "2014-12-31": "970.00010", "2014-09-30": "927.10000", "2014-06-30": "897.40000", "2014-03-31": "857.20000", "2013-12-31": "856.49400", "2013-09-30": "789.21400", "2013-06-30": "776.27900", "2013-03-31": "741.91300", "2012-12-31": "790.57400", "2012-09-30": "759.04700", "2012-06-30": "726.94600", "2012-03-31": "672.33300", "2011-12-31": "653.87200", "2011-09-30": "709.27700", "2011-06-30": "696.51600", "2011-03-31": "636.46100", "2010-12-31": "639.86600", "2010-09-30": "638.74600", "2010-06-30": "595.49900", "2010-03-31": "521.76200", "2009-12-31": "516.66410", "2009-09-30": "492.18000", "2009-06-30": "471.03400", "2009-03-31": "453.63300", "2008-12-31": "514.87610", "2008-09-30": "582.40700", "2008-06-30": "570.22700", "2008-03-31": "519.80800", "2007-12-31": "522.46300", "2007-09-30": "494.70900", "2007-06-30": "463.21200", "2007-03-31": "440.51600", "2006-12-31": "445.49200", "2006-09-30": "434.68400", "2006-06-30": "413.89800", "2006-03-31": "389.17600", "2005-12-31": "376.42690", "2005-09-30": "285.42000", "2005-06-30": "282.42100", "2005-03-31": "263.42500"}, "Gross Profit": {"2020-12-31": "765.60000", "2020-09-30": "734.89990", "2020-06-30": "603.80000", "2020-03-31": "559.80000", "2019-12-31": "678.69970", "2019-09-30": "661.90010", "2019-06-30": "647.60010", "2019-03-31": "627.80000", "2018-12-31": "715.00050", "2018-09-30": "688.20000", "2018-06-30": "644.80000", "2018-03-31": "606.90000", "2017-12-31": "635.30020", "2017-09-30": "606.10010", "2017-06-30": "552.60000", "2017-03-31": "515.90000", "2016-12-31": "546.20020", "2016-09-30": "537.30000", "2016-06-30": "497.29990", "2016-03-31": "459.20000", "2015-12-31": "458.40000", "2015-09-30": "464.00000", "2015-06-30": "432.50000", "2015-03-31": "424.60000", "2014-12-31": "456.50010", "2014-09-30": "431.60000", "2014-06-30": "416.79990", "2014-03-31": "388.90000", "2013-12-31": "389.27230", "2013-09-30": "363.84800", "2013-06-30": "359.78800", "2013-03-31": "337.89200", "2012-12-31": "355.43920", "2012-09-30": "344.32900", "2012-06-30": "334.16110", "2012-03-31": "309.27100", "2011-12-31": "294.83670", "2011-09-30": "323.47710", "2011-06-30": "321.22200", "2011-03-31": "304.12400", "2010-12-31": "310.02020", "2010-09-30": "309.71700", "2010-06-30": "289.29900", "2010-03-31": "249.19200", "2009-12-31": "241.63180", "2009-09-30": "224.39300", "2009-06-30": "214.15000", "2009-03-31": "206.37900", "2008-12-31": "240.40590", "2008-09-30": "281.25100", "2008-06-30": "276.59000", "2008-03-31": "250.90600", "2007-12-31": "254.80700", "2007-09-30": "239.14200", "2007-06-30": "225.62400", "2007-03-31": "210.56800", "2006-12-31": "213.93090", "2006-09-30": "201.73400", "2006-06-30": "192.70000", "2006-03-31": "179.81500", "2005-12-31": "131.68810", "2005-09-30": "161.57500", "2005-06-30": "161.22100", "2005-03-31": "145.97000"}, "Research And Development Expenses": {"2020-12-31": "", "2020-09-30": "", "2020-06-30": "", "2020-03-31": "", "2019-12-31": "", "2019-09-30": "", "2019-06-30": "", "2019-03-31": "", "2018-12-31": "", "2018-09-30": "", "2018-06-30": "", "2018-03-31": "", "2017-12-31": "", "2017-09-30": "", "2017-06-30": "", "2017-03-31": "", "2016-12-31": "", "2016-09-30": "", "2016-06-30": "", "2016-03-31": "", "2015-12-31": "", "2015-09-30": "", "2015-06-30": "", "2015-03-31": "", "2014-12-31": "", "2014-09-30": "", "2014-06-30": "", "2014-03-31": "", "2013-12-31": "", "2013-09-30": "", "2013-06-30": "", "2013-03-31": "", "2012-12-31": "", "2012-09-30": "", "2012-06-30": "", "2012-03-31": "", "2011-12-31": "", "2011-09-30": "", "2011-06-30": "", "2011-03-31": "", "2010-12-31": "", "2010-09-30": "", "2010-06-30": "", "2010-03-31": "", "2009-12-31": "", "2009-09-30": "", "2009-06-30": "", "2009-03-31": "", "2008-12-31": "", "2008-09-30": "", "2008-06-30": "", "2008-03-31": "", "2007-12-31": "", "2007-09-30": "", "2007-06-30": "", "2007-03-31": "", "2006-12-31": "", "2006-09-30": "", "2006-06-30": "", "2006-03-31": "", "2005-12-31": "", "2005-09-30": "", "2005-06-30": "", "2005-03-31": ""}, "SG&A Expenses": {"2020-12-31": "265.70000", "2020-09-30": "259.10000", "2020-06-30": "246.40000", "2020-03-31": "242.90000", "2019-12-31": "248.80000", "2019-09-30": "248.30000", "2019-06-30": "239.20000", "2019-03-31": "235.10000", "2018-12-31": "248.90000", "2018-09-30": "244.00000", "2018-06-30": "236.60000", "2018-03-31": "230.00000", "2017-12-31": "235.90000", "2017-09-30": "228.20000", "2017-06-30": "212.40000", "2017-03-31": "201.80000", "2016-12-31": "207.00000", "2016-09-30": "204.70000", "2016-06-30": "197.00000", "2016-03-31": "189.50000", "2015-12-31": "169.40000", "2015-09-30": "169.20000", "2015-06-30": "166.10000", "2015-03-31": "164.40000", "2014-12-31": "168.00000", "2014-09-30": "161.30000", "2014-06-30": "161.00000", "2014-03-31": "154.80000", "2013-12-31": "144.46200", "2013-09-30": "136.82800", "2013-06-30": "135.77500", "2013-03-31": "130.93500", "2012-12-31": "132.26400", "2012-09-30": "128.65900", "2012-06-30": "127.98500", "2012-03-31": "123.99200", "2011-12-31": "128.17700", "2011-09-30": "137.41800", "2011-06-30": "124.16100", "2011-03-31": "118.03900", "2010-12-31": "119.46600", "2010-09-30": "120.58300", "2010-06-30": "113.67400", "2010-03-31": "104.14800", "2009-12-31": "103.17200", "2009-09-30": "100.10300", "2009-06-30": "98.67200", "2009-03-31": "95.69400", "2008-12-31": "98.00600", "2008-09-30": "109.93100", "2008-06-30": "108.36700", "2008-03-31": "100.61000", "2007-12-31": "101.30900", "2007-09-30": "95.79200", "2007-06-30": "92.21100", "2007-03-31": "87.97100", "2006-12-31": "89.29700", "2006-09-30": "93.17700", "2006-06-30": "99.69000", "2006-03-31": "81.42400", "2005-12-31": "74.40600", "2005-09-30": "62.42200", "2005-06-30": "62.47600", "2005-03-31": "57.82300"}, "Other Operating Income Or Expenses": {"2020-12-31": "", "2020-09-30": "", "2020-06-30": "", "2020-03-31": "", "2019-12-31": "", "2019-09-30": "", "2019-06-30": "", "2019-03-31": "", "2018-12-31": "", "2018-09-30": "", "2018-06-30": "", "2018-03-31": "", "2017-12-31": "", "2017-09-30": "", "2017-06-30": "", "2017-03-31": "", "2016-12-31": "", "2016-09-30": "", "2016-06-30": "", "2016-03-31": "", "2015-12-31": "", "2015-09-30": "", "2015-06-30": "", "2015-03-31": "", "2014-12-31": "", "2014-09-30": "", "2014-06-30": "", "2014-03-31": "", "2013-12-31": "", "2013-09-30": "", "2013-06-30": "", "2013-03-31": "", "2012-12-31": "", "2012-09-30": "", "2012-06-30": "", "2012-03-31": "", "2011-12-31": "", "2011-09-30": "", "2011-06-30": "17.81300", "2011-03-31": "", "2010-12-31": "", "2010-09-30": "", "2010-06-30": "0.00000", "2010-03-31": "", "2009-12-31": "", "2009-09-30": "", "2009-06-30": "", "2009-03-31": "", "2008-12-31": "", "2008-09-30": "", "2008-06-30": "", "2008-03-31": "", "2007-12-31": "", "2007-09-30": "", "2007-06-30": "", "2007-03-31": "", "2006-12-31": "", "2006-09-30": "", "2006-06-30": "", "2006-03-31": "", "2005-12-31": "", "2005-09-30": "", "2005-06-30": "", "2005-03-31": ""}, "Operating Expenses": {"2020-12-31": "1937.60000", "2020-09-30": "1847.60000", "2020-06-30": "1630.10000", "2020-03-31": "1545.10000", "2019-12-31": "1721.10000", "2019-09-30": "1687.00000", "2019-06-30": "1615.80000", "2019-03-31": "1582.30000", "2018-12-31": "1767.10000", "2018-09-30": "1684.80000", "2018-06-30": "1573.20000", "2018-03-31": "1490.00000", "2017-12-31": "1544.50000", "2017-09-30": "1462.90000", "2017-06-30": "1330.30000", "2017-03-31": "1246.00000", "2016-12-31": "1311.90000", "2016-09-30": "1309.60000", "2016-06-30": "1247.90000", "2016-03-31": "1211.80000", "2015-12-31": "1141.50000", "2015-09-30": "1164.80000", "2015-06-30": "1090.80000", "2015-03-31": "1066.90000", "2014-12-31": "1147.60000", "2014-09-30": "1090.90000", "2014-06-30": "1058.40000", "2014-03-31": "1014.00000", "2013-12-31": "1004.41900", "2013-09-30": "928.57900", "2013-06-30": "912.05400", "2013-03-31": "872.84800", "2012-12-31": "924.83780", "2012-09-30": "887.70600", "2012-06-30": "854.93100", "2012-03-31": "796.32500", "2011-12-31": "784.04910", "2011-09-30": "846.69490", "2011-06-30": "802.86400", "2011-03-31": "754.50000", "2010-12-31": "759.33190", "2010-09-30": "759.32900", "2010-06-30": "709.17300", "2010-03-31": "625.91000", "2009-12-31": "619.83580", "2009-09-30": "592.28300", "2009-06-30": "569.70600", "2009-03-31": "549.32700", "2008-12-31": "612.88220", "2008-09-30": "692.33800", "2008-06-30": "678.59400", "2008-03-31": "620.41800", "2007-12-31": "623.77220", "2007-09-30": "590.50100", "2007-06-30": "555.42300", "2007-03-31": "528.48700", "2006-12-31": "534.78910", "2006-09-30": "527.86100", "2006-06-30": "513.58800", "2006-03-31": "470.60000", "2005-12-31": "414.25610", "2005-09-30": "360.90600", "2005-06-30": "357.59600", "2005-03-31": "332.06200"}, "Operating Income": {"2020-12-31": "488.39990", "2020-09-30": "475.79990", "2020-06-30": "357.40000", "2020-03-31": "316.90000", "2019-12-31": "429.90000", "2019-09-30": "413.60010", "2019-06-30": "399.50010", "2019-03-31": "376.20010", "2018-12-31": "457.60030", "2018-09-30": "444.20000", "2018-06-30": "408.20010", "2018-03-31": "376.90000", "2017-12-31": "399.40030", "2017-09-30": "377.90010", "2017-06-30": "336.20000", "2017-03-31": "314.10000", "2016-12-31": "339.20000", "2016-09-30": "326.30000", "2016-06-30": "300.29990", "2016-03-31": "239.39990", "2015-12-31": "288.99980", "2015-09-30": "294.80000", "2015-06-30": "260.70010", "2015-03-31": "260.20000", "2014-12-31": "278.90000", "2014-09-30": "267.79990", "2014-06-30": "255.79990", "2014-03-31": "232.10000", "2013-12-31": "241.34740", "2013-09-30": "224.48300", "2013-06-30": "224.01310", "2013-03-31": "206.95700", "2012-12-31": "221.17540", "2012-09-30": "215.67000", "2012-06-30": "206.17610", "2012-03-31": "185.27900", "2011-12-31": "164.65960", "2011-09-30": "186.05910", "2011-06-30": "214.87400", "2011-03-31": "186.08500", "2010-12-31": "190.55430", "2010-09-30": "189.13400", "2010-06-30": "175.62490", "2010-03-31": "145.04390", "2009-12-31": "138.46000", "2009-09-30": "124.29000", "2009-06-30": "115.47800", "2009-03-31": "110.68500", "2008-12-31": "142.39980", "2008-09-30": "171.32000", "2008-06-30": "168.22300", "2008-03-31": "150.29600", "2007-12-31": "153.49790", "2007-09-30": "143.35000", "2007-06-30": "133.41300", "2007-03-31": "122.59700", "2006-12-31": "124.63390", "2006-09-30": "108.55710", "2006-06-30": "93.01000", "2006-03-31": "98.39100", "2005-12-31": "93.85900", "2005-09-30": "86.08900", "2005-06-30": "86.04600", "2005-03-31": "77.33300"}, "Total Non-Operating Income/Expense": {"2020-12-31": "-28.20000", "2020-09-30": "-27.00000", "2020-06-30": "-28.90000", "2020-03-31": "-27.70000", "2019-12-31": "-27.20000", "2019-09-30": "-39.50000", "2019-06-30": "-29.90000", "2019-03-31": "-26.70000", "2018-12-31": "-25.80000", "2018-09-30": "-24.60000", "2018-06-30": "-25.90000", "2018-03-31": "-22.20000", "2017-12-31": "-21.00000", "2017-09-30": "-19.50000", "2017-06-30": "-19.00000", "2017-03-31": "-15.70000", "2016-12-31": "-14.90000", "2016-09-30": "-15.80000", "2016-06-30": "-16.30000", "2016-03-31": "-17.10000", "2015-12-31": "-13.30000", "2015-09-30": "-12.80000", "2015-06-30": "-12.90000", "2015-03-31": "-12.90000", "2014-12-31": "-15.00000", "2014-09-30": "-16.30000", "2014-06-30": "-15.80000", "2014-03-31": "-15.00000", "2013-12-31": "-12.51700", "2013-09-30": "-12.42300", "2013-06-30": "-12.58800", "2013-03-31": "-12.67200", "2012-12-31": "-12.94300", "2012-09-30": "-12.53000", "2012-06-30": "-12.46500", "2012-03-31": "-11.56200", "2011-12-31": "-9.13000", "2011-09-30": "-8.24300", "2011-06-30": "-9.24100", "2011-03-31": "-8.31200", "2010-12-31": "-8.59400", "2010-09-30": "-9.31700", "2010-06-30": "-9.20400", "2010-03-31": "-9.55400", "2009-12-31": "-14.35400", "2009-09-30": "-9.30600", "2009-06-30": "-9.51300", "2009-03-31": "-9.21300", "2008-12-31": "-9.90400", "2008-09-30": "-9.59300", "2008-06-30": "-9.78100", "2008-03-31": "-10.38100", "2007-12-31": "-2.49800", "2007-09-30": "-14.04900", "2007-06-30": "-12.61800", "2007-03-31": "-12.19100", "2006-12-31": "-12.11800", "2006-09-30": "-12.89800", "2006-06-30": "-13.39600", "2006-03-31": "-12.90800", "2005-12-31": "-10.54900", "2005-09-30": "-10.57000", "2005-06-30": "-7.17300", "2005-03-31": "-7.06700"}, "Pre-Tax Income": {"2020-12-31": "460.20000", "2020-09-30": "448.80000", "2020-06-30": "328.50000", "2020-03-31": "289.20000", "2019-12-31": "402.70010", "2019-09-30": "374.10000", "2019-06-30": "369.60000", "2019-03-31": "349.50000", "2018-12-31": "431.80000", "2018-09-30": "419.60000", "2018-06-30": "382.30000", "2018-03-31": "354.70000", "2017-12-31": "378.40000", "2017-09-30": "358.40000", "2017-06-30": "317.20000", "2017-03-31": "298.40000", "2016-12-31": "324.30000", "2016-09-30": "310.50000", "2016-06-30": "284.00000", "2016-03-31": "222.30000", "2015-12-31": "275.70010", "2015-09-30": "282.00000", "2015-06-30": "247.80000", "2015-03-31": "247.30000", "2014-12-31": "263.90000", "2014-09-30": "251.50000", "2014-06-30": "240.00000", "2014-03-31": "217.10000", "2013-12-31": "228.83000", "2013-09-30": "212.06000", "2013-06-30": "211.42500", "2013-03-31": "194.28500", "2012-12-31": "208.23200", "2012-09-30": "203.14000", "2012-06-30": "193.71100", "2012-03-31": "173.71700", "2011-12-31": "155.53000", "2011-09-30": "177.81600", "2011-06-30": "205.63300", "2011-03-31": "177.77300", "2010-12-31": "181.95990", "2010-09-30": "179.81700", "2010-06-30": "166.42100", "2010-03-31": "135.49000", "2009-12-31": "124.10600", "2009-09-30": "114.98400", "2009-06-30": "105.96500", "2009-03-31": "101.47200", "2008-12-31": "132.49600", "2008-09-30": "161.72700", "2008-06-30": "158.44200", "2008-03-31": "139.91500", "2007-12-31": "151.00000", "2007-09-30": "129.30100", "2007-06-30": "120.79500", "2007-03-31": "110.40600", "2006-12-31": "112.51600", "2006-09-30": "95.65900", "2006-06-30": "79.61400", "2006-03-31": "85.48300", "2005-12-31": "83.31000", "2005-09-30": "75.51900", "2005-06-30": "78.87300", "2005-03-31": "70.26600"}, "Income Taxes": {"2020-12-31": "100.00000", "2020-09-30": "99.30000", "2020-06-30": "68.00000", "2020-03-31": "46.00000", "2019-12-31": "81.80000", "2019-09-30": "91.80000", "2019-06-30": "78.70000", "2019-03-31": "79.60000", "2018-12-31": "90.60000", "2018-09-30": "100.00000", "2018-06-30": "94.50000", "2018-03-31": "86.40000", "2017-12-31": "478.90010", "2017-09-30": "78.10000", "2017-06-30": "63.60000", "2017-03-31": "71.10000", "2016-12-31": "85.90000", "2016-09-30": "83.40000", "2016-06-30": "75.30000", "2016-03-31": "63.90000", "2015-12-31": "73.10000", "2015-09-30": "74.70000", "2015-06-30": "67.20000", "2015-03-31": "65.50000", "2014-12-31": "69.10000", "2014-09-30": "67.30000", "2014-06-30": "63.60000", "2014-03-31": "57.30000", "2013-12-31": "60.00000", "2013-09-30": "50.67100", "2013-06-30": "56.55700", "2013-03-31": "40.67200", "2012-12-31": "66.67300", "2012-09-30": "54.34000", "2012-06-30": "51.81800", "2012-03-31": "46.46900", "2011-12-31": "40.52500", "2011-09-30": "41.75800", "2011-06-30": "56.73900", "2011-03-31": "48.88800", "2010-12-31": "49.49300", "2010-09-30": "41.01800", "2010-06-30": "35.41200", "2010-03-31": "35.35200", "2009-12-31": "34.12900", "2009-09-30": "31.62000", "2009-06-30": "29.14000", "2009-03-31": "24.42200", "2008-12-31": "30.95200", "2008-09-30": "45.24500", "2008-06-30": "46.02200", "2008-03-31": "40.78400", "2007-12-31": "40.48900", "2007-09-30": "37.80000", "2007-06-30": "36.79900", "2007-03-31": "32.70200", "2006-12-31": "34.13900", "2006-09-30": "28.96000", "2006-06-30": "26.27300", "2006-03-31": "28.20900", "2005-12-31": "27.49200", "2005-09-30": "23.43000", "2005-06-30": "26.81700", "2005-03-31": "23.89000"}, "Income After Taxes": {"2020-12-31": "360.20000", "2020-09-30": "349.50000", "2020-06-30": "260.50000", "2020-03-31": "243.20000", "2019-12-31": "320.90000", "2019-09-30": "282.30000", "2019-06-30": "290.90000", "2019-03-31": "269.90000", "2018-12-31": "341.20000", "2018-09-30": "319.60000", "2018-06-30": "287.80000", "2018-03-31": "268.30000", "2017-12-31": "-100.50000", "2017-09-30": "280.30000", "2017-06-30": "253.60000", "2017-03-31": "227.30000", "2016-12-31": "238.40000", "2016-09-30": "227.10000", "2016-06-30": "208.70000", "2016-03-31": "158.40000", "2015-12-31": "202.60010", "2015-09-30": "207.30000", "2015-06-30": "180.60000", "2015-03-31": "181.80000", "2014-12-31": "194.80000", "2014-09-30": "184.20000", "2014-06-30": "176.40000", "2014-03-31": "159.80000", "2013-12-31": "168.83000", "2013-09-30": "161.38900", "2013-06-30": "154.86800", "2013-03-31": "153.61300", "2012-12-31": "141.55900", "2012-09-30": "148.80000", "2012-06-30": "141.89300", "2012-03-31": "127.24800", "2011-12-31": "115.00510", "2011-09-30": "136.05800", "2011-06-30": "148.89400", "2011-03-31": "128.88500", "2010-12-31": "132.46700", "2010-09-30": "138.79900", "2010-06-30": "131.00900", "2010-03-31": "100.13800", "2009-12-31": "89.97700", "2009-09-30": "83.36400", "2009-06-30": "76.82500", "2009-03-31": "77.05000", "2008-12-31": "101.54400", "2008-09-30": "116.48200", "2008-06-30": "112.42000", "2008-03-31": "99.13100", "2007-12-31": "110.51110", "2007-09-30": "91.50100", "2007-06-30": "83.99600", "2007-03-31": "77.70400", "2006-12-31": "78.37700", "2006-09-30": "66.69900", "2006-06-30": "53.34100", "2006-03-31": "57.27400", "2005-12-31": "55.81800", "2005-09-30": "52.08900", "2005-06-30": "52.05600", "2005-03-31": "46.37600"}, "Other Income": {"2020-12-31": "", "2020-09-30": "", "2020-06-30": "", "2020-03-31": "", "2019-12-31": "", "2019-09-30": "", "2019-06-30": "", "2019-03-31": "", "2018-12-31": "", "2018-09-30": "", "2018-06-30": "", "2018-03-31": "", "2017-12-31": "", "2017-09-30": "", "2017-06-30": "", "2017-03-31": "", "2016-12-31": "", "2016-09-30": "", "2016-06-30": "", "2016-03-31": "", "2015-12-31": "", "2015-09-30": "", "2015-06-30": "", "2015-03-31": "", "2014-12-31": "", "2014-09-30": "", "2014-06-30": "", "2014-03-31": "", "2013-12-31": "", "2013-09-30": "", "2013-06-30": "", "2013-03-31": "", "2012-12-31": "", "2012-09-30": "", "2012-06-30": "", "2012-03-31": "", "2011-12-31": "", "2011-09-30": "", "2011-06-30": "", "2011-03-31": "", "2010-12-31": "", "2010-09-30": "", "2010-06-30": "", "2010-03-31": "", "2009-12-31": "", "2009-09-30": "", "2009-06-30": "", "2009-03-31": "", "2008-12-31": "", "2008-09-30": "", "2008-06-30": "", "2008-03-31": "", "2007-12-31": "", "2007-09-30": "", "2007-06-30": "", "2007-03-31": "", "2006-12-31": "", "2006-09-30": "", "2006-06-30": "", "2006-03-31": "", "2005-12-31": "", "2005-09-30": "", "2005-06-30": "", "2005-03-31": ""}, "Income From Continuous Operations": {"2020-12-31": "360.20000", "2020-09-30": "349.50000", "2020-06-30": "260.50000", "2020-03-31": "243.20000", "2019-12-31": "320.90000", "2019-09-30": "282.30000", "2019-06-30": "290.90000", "2019-03-31": "269.90000", "2018-12-31": "341.20000", "2018-09-30": "319.60000", "2018-06-30": "287.80000", "2018-03-31": "268.30000", "2017-12-31": "-100.50000", "2017-09-30": "280.30000", "2017-06-30": "253.60000", "2017-03-31": "227.30000", "2016-12-31": "238.40000", "2016-09-30": "227.10000", "2016-06-30": "208.70000", "2016-03-31": "158.40000", "2015-12-31": "202.60010", "2015-09-30": "207.30000", "2015-06-30": "180.60000", "2015-03-31": "181.80000", "2014-12-31": "194.80000", "2014-09-30": "184.20000", "2014-06-30": "176.40000", "2014-03-31": "159.80000", "2013-12-31": "168.83000", "2013-09-30": "161.38900", "2013-06-30": "154.86800", "2013-03-31": "153.61300", "2012-12-31": "141.55900", "2012-09-30": "148.80000", "2012-06-30": "141.89300", "2012-03-31": "127.24800", "2011-12-31": "115.00510", "2011-09-30": "136.05800", "2011-06-30": "148.89400", "2011-03-31": "128.88500", "2010-12-31": "132.46700", "2010-09-30": "138.79900", "2010-06-30": "131.00900", "2010-03-31": "100.13800", "2009-12-31": "89.97700", "2009-09-30": "83.36400", "2009-06-30": "76.82500", "2009-03-31": "77.05000", "2008-12-31": "101.54400", "2008-09-30": "116.48200", "2008-06-30": "112.42000", "2008-03-31": "99.13100", "2007-12-31": "110.51110", "2007-09-30": "91.50100", "2007-06-30": "83.99600", "2007-03-31": "77.70400", "2006-12-31": "78.37700", "2006-09-30": "66.69900", "2006-06-30": "53.34100", "2006-03-31": "57.27400", "2005-12-31": "55.81800", "2005-09-30": "52.08900", "2005-06-30": "52.05600", "2005-03-31": "46.37600"}, "Income From Discontinued Operations": {"2020-12-31": "", "2020-09-30": "", "2020-06-30": "", "2020-03-31": "", "2019-12-31": "", "2019-09-30": "", "2019-06-30": "", "2019-03-31": "", "2018-12-31": "", "2018-09-30": "", "2018-06-30": "", "2018-03-31": "", "2017-12-31": "", "2017-09-30": "", "2017-06-30": "", "2017-03-31": "", "2016-12-31": "", "2016-09-30": "", "2016-06-30": "", "2016-03-31": "", "2015-12-31": "", "2015-09-30": "", "2015-06-30": "", "2015-03-31": "", "2014-12-31": "", "2014-09-30": "", "2014-06-30": "", "2014-03-31": "", "2013-12-31": "", "2013-09-30": "", "2013-06-30": "", "2013-03-31": "", "2012-12-31": "", "2012-09-30": "", "2012-06-30": "", "2012-03-31": "", "2011-12-31": "", "2011-09-30": "", "2011-06-30": "", "2011-03-31": "", "2010-12-31": "", "2010-09-30": "", "2010-06-30": "", "2010-03-31": "", "2009-12-31": "", "2009-09-30": "", "2009-06-30": "", "2009-03-31": "", "2008-12-31": "", "2008-09-30": "", "2008-06-30": "", "2008-03-31": "", "2007-12-31": "", "2007-09-30": "", "2007-06-30": "", "2007-03-31": "", "2006-12-31": "", "2006-09-30": "", "2006-06-30": "", "2006-03-31": "", "2005-12-31": "", "2005-09-30": "", "2005-06-30": "", "2005-03-31": ""}, "Net Income": {"2020-12-31": "357.00000", "2020-09-30": "346.60000", "2020-06-30": "257.70000", "2020-03-31": "242.10000", "2019-12-31": "318.80000", "2019-09-30": "280.30000", "2019-06-30": "288.40000", "2019-03-31": "267.50000", "2018-12-31": "338.00000", "2018-09-30": "316.60000", "2018-06-30": "284.80000", "2018-03-31": "265.60000", "2017-12-31": "-103.40000", "2017-09-30": "277.50000", "2017-06-30": "251.50000", "2017-03-31": "224.90000", "2016-12-31": "235.50000", "2016-09-30": "224.30000", "2016-06-30": "206.50000", "2016-03-31": "156.60000", "2015-12-31": "200.20000", "2015-09-30": "204.50000", "2015-06-30": "179.00000", "2015-03-31": "179.80000", "2014-12-31": "193.50000", "2014-09-30": "182.20000", "2014-06-30": "174.90000", "2014-03-31": "158.50000", "2013-12-31": "167.90700", "2013-09-30": "160.79800", "2013-06-30": "153.98800", "2013-03-31": "153.00700", "2012-12-31": "140.34500", "2012-09-30": "147.45000", "2012-06-30": "140.94200", "2012-03-31": "126.56300", "2011-12-31": "113.85900", "2011-09-30": "134.62300", "2011-06-30": "147.75100", "2011-03-31": "127.95800", "2010-12-31": "131.11300", "2010-09-30": "137.26800", "2010-06-30": "129.67100", "2010-03-31": "98.35300", "2009-12-31": "87.63900", "2009-09-30": "80.91500", "2009-06-30": "74.87000", "2009-03-31": "74.41000", "2008-12-31": "98.73300", "2008-09-30": "112.95500", "2008-06-30": "109.99500", "2008-03-31": "97.46800", "2007-12-31": "99.99300", "2007-09-30": "91.50100", "2007-06-30": "83.99600", "2007-03-31": "77.70400", "2006-12-31": "78.37700", "2006-09-30": "66.69900", "2006-06-30": "53.34100", "2006-03-31": "57.27400", "2005-12-31": "55.81800", "2005-09-30": "52.08900", "2005-06-30": "52.05600", "2005-03-31": "46.37600"}, "EBITDA": {"2020-12-31": "", "2020-09-30": "550.20000", "2020-06-30": "428.90000", "2020-03-31": "389.00000", "2019-12-31": "506.60000", "2019-09-30": "485.60010", "2019-06-30": "477.30010", "2019-03-31": "461.80010", "2018-12-31": "562.80040", "2018-09-30": "516.49990", "2018-06-30": "469.90010", "2018-03-31": "437.40000", "2017-12-31": "457.70030", "2017-09-30": "435.80010", "2017-06-30": "392.70000", "2017-03-31": "368.20000", "2016-12-31": "392.59990", "2016-09-30": "377.50010", "2016-06-30": "350.79990", "2016-03-31": "301.29990", "2015-12-31": "332.49980", "2015-09-30": "339.40010", "2015-06-30": "304.10010", "2015-03-31": "300.30000", "2014-12-31": "329.00000", "2014-09-30": "308.19990", "2014-06-30": "293.49990", "2014-03-31": "272.00000", "2013-12-31": "276.31640", "2013-09-30": "259.25200", "2013-06-30": "258.18310", "2013-03-31": "239.54900", "2012-12-31": "253.63640", "2012-09-30": "246.41800", "2012-06-30": "235.76810", "2012-03-31": "214.27800", "2011-12-31": "195.90160", "2011-09-30": "217.04810", "2011-06-30": "244.72500", "2011-03-31": "213.44200", "2010-12-31": "217.40030", "2010-09-30": "215.64100", "2010-06-30": "200.77390", "2010-03-31": "169.38790", "2009-12-31": "164.06100", "2009-09-30": "149.44300", "2009-06-30": "140.25700", "2009-03-31": "133.67600", "2008-12-31": "164.68280", "2008-09-30": "194.65500", "2008-06-30": "191.13600", "2008-03-31": "173.06700", "2007-12-31": "174.91290", "2007-09-30": "164.24000", "2007-06-30": "154.39200", "2007-03-31": "141.66100", "2006-12-31": "142.63280", "2006-09-30": "126.94010", "2006-06-30": "111.84500", "2006-03-31": "116.29800", "2005-12-31": "108.06790", "2005-09-30": "99.28000", "2005-06-30": "99.11000", "2005-03-31": "88.51100"}, "EBIT": {"2020-12-31": "488.39990", "2020-09-30": "475.79990", "2020-06-30": "357.40000", "2020-03-31": "316.90000", "2019-12-31": "429.90040", "2019-09-30": "413.60010", "2019-06-30": "399.50010", "2019-03-31": "376.20010", "2018-12-31": "457.59990", "2018-09-30": "444.20000", "2018-06-30": "408.20010", "2018-03-31": "376.90000", "2017-12-31": "399.40000", "2017-09-30": "377.90010", "2017-06-30": "336.20000", "2017-03-31": "314.10000", "2016-12-31": "339.19980", "2016-09-30": "326.30000", "2016-06-30": "300.29990", "2016-03-31": "239.39990", "2015-12-31": "289.00010", "2015-09-30": "294.80000", "2015-06-30": "260.70010", "2015-03-31": "260.20000", "2014-12-31": "278.90030", "2014-09-30": "267.79990", "2014-06-30": "255.79990", "2014-03-31": "232.10000", "2013-12-31": "241.34720", "2013-09-30": "224.48300", "2013-06-30": "224.01310", "2013-03-31": "206.95700", "2012-12-31": "221.17520", "2012-09-30": "215.67000", "2012-06-30": "206.17610", "2012-03-31": "185.27900", "2011-12-31": "164.65990", "2011-09-30": "186.05910", "2011-06-30": "214.87400", "2011-03-31": "186.08500", "2010-12-31": "190.55400", "2010-09-30": "189.13400", "2010-06-30": "175.62490", "2010-03-31": "145.04390", "2009-12-31": "138.46000", "2009-09-30": "124.29000", "2009-06-30": "115.47800", "2009-03-31": "110.68500", "2008-12-31": "142.39970", "2008-09-30": "171.32000", "2008-06-30": "168.22300", "2008-03-31": "150.29600", "2007-12-31": "153.49790", "2007-09-30": "143.35000", "2007-06-30": "133.41300", "2007-03-31": "122.59700", "2006-12-31": "124.63380", "2006-09-30": "108.55710", "2006-06-30": "93.01000", "2006-03-31": "98.39100", "2005-12-31": "93.85890", "2005-09-30": "86.08900", "2005-06-30": "86.04600", "2005-03-31": "77.33300"}, "Basic Shares Outstanding": {"2020-12-31": "299.30000", "2020-09-30": "298.80000", "2020-06-30": "296.60000", "2020-03-31": "297.40000", "2019-12-31": "297.50000", "2019-09-30": "296.60000", "2019-06-30": "298.00000", "2019-03-31": "298.10000", "2018-12-31": "301.20000", "2018-09-30": "300.50000", "2018-06-30": "300.80000", "2018-03-31": "303.70000", "2017-12-31": "305.70000", "2017-09-30": "305.00000", "2017-06-30": "305.80000", "2017-03-31": "306.60000", "2016-12-31": "308.30000", "2016-09-30": "308.90000", "2016-06-30": "308.20000", "2016-03-31": "307.60000", "2015-12-31": "309.10000", "2015-09-30": "308.90000", "2015-06-30": "308.90000", "2015-03-31": "310.00000", "2014-12-31": "313.10000", "2014-09-30": "313.28400", "2014-06-30": "314.22900", "2014-03-31": "315.05700", "2013-12-31": "318.20000", "2013-09-30": "317.33100", "2013-06-30": "319.41000", "2013-03-31": "319.47600", "2012-12-31": "323.04400", "2012-09-30": "322.69800", "2012-06-30": "323.02400", "2012-03-31": "325.72400", "2011-12-31": "339.28000", "2011-09-30": "335.90400", "2011-06-30": "342.38800", "2011-03-31": "350.33600", "2010-12-31": "347.57200", "2010-09-30": "347.62800", "2010-06-30": "347.04000", "2010-03-31": "346.53200", "2009-12-31": "343.21600", "2009-09-30": "342.85600", "2009-06-30": "342.63400", "2009-03-31": "342.37000", "2008-12-31": "351.32800", "2008-09-30": "353.43200", "2008-06-30": "350.97600", "2008-03-31": "353.32600", "2007-12-31": "356.90600", "2007-09-30": "356.81000", "2007-06-30": "357.24800", "2007-03-31": "356.26600", "2006-12-31": "357.85600", "2006-09-30": "357.68800", "2006-06-30": "358.17800", "2006-03-31": "357.78800", "2005-12-31": "354.20600", "2005-09-30": "355.10000", "2005-06-30": "353.44800", "2005-03-31": "352.06400"}, "Shares Outstanding": {"2020-12-31": "311.20000", "2020-09-30": "308.20000", "2020-06-30": "304.00000", "2020-03-31": "306.50000", "2019-12-31": "307.90000", "2019-09-30": "306.20000", "2019-06-30": "308.70000", "2019-03-31": "308.60000", "2018-12-31": "312.60000", "2018-09-30": "312.40000", "2018-06-30": "312.30000", "2018-03-31": "316.00000", "2017-12-31": "316.50000", "2017-09-30": "315.70000", "2017-06-30": "316.10000", "2017-03-31": "316.40000", "2016-12-31": "315.20000", "2016-09-30": "315.70000", "2016-06-30": "315.40000", "2016-03-31": "314.20000", "2015-12-31": "316.50000", "2015-09-30": "315.90000", "2015-06-30": "316.90000", "2015-03-31": "318.00000", "2014-12-31": "320.40000", "2014-09-30": "320.63600", "2014-06-30": "321.58200", "2014-03-31": "322.35400", "2013-12-31": "324.50000", "2013-09-30": "323.58600", "2013-06-30": "325.87000", "2013-03-31": "325.42600", "2012-12-31": "327.89400", "2012-09-30": "327.56000", "2012-06-30": "327.74400", "2012-03-31": "330.71000", "2011-12-31": "343.65000", "2011-09-30": "339.67000", "2011-06-30": "347.18400", "2011-03-31": "355.70200", "2010-12-31": "352.65200", "2010-09-30": "352.45000", "2010-06-30": "351.77000", "2010-03-31": "351.15000", "2009-12-31": "347.88400", "2009-09-30": "347.85600", "2009-06-30": "347.30000", "2009-03-31": "346.19600", "2008-12-31": "357.62600", "2008-09-30": "360.26800", "2008-06-30": "358.79200", "2008-03-31": "360.39600", "2007-12-31": "365.00800", "2007-09-30": "364.42000", "2007-06-30": "365.37200", "2007-03-31": "365.08600", "2006-12-31": "366.69400", "2006-09-30": "366.68000", "2006-06-30": "366.96400", "2006-03-31": "366.12000", "2005-12-31": "361.88800", "2005-09-30": "362.79200", "2005-06-30": "361.08800", "2005-03-31": "359.61600"}, "Basic EPS": {"2020-12-31": "1.19000", "2020-09-30": "1.16000", "2020-06-30": "0.87000", "2020-03-31": "0.81000", "2019-12-31": "1.06000", "2019-09-30": "0.95000", "2019-06-30": "0.97000", "2019-03-31": "0.90000", "2018-12-31": "1.13000", "2018-09-30": "1.05000", "2018-06-30": "0.95000", "2018-03-31": "0.87000", "2017-12-31": "-0.33000", "2017-09-30": "0.91000", "2017-06-30": "0.82000", "2017-03-31": "0.73000", "2016-12-31": "0.76000", "2016-09-30": "0.73000", "2016-06-30": "0.67000", "2016-03-31": "0.51000", "2015-12-31": "0.65000", "2015-09-30": "0.66000", "2015-06-30": "0.58000", "2015-03-31": "0.58000", "2014-12-31": "0.62000", "2014-09-30": "0.58000", "2014-06-30": "0.56000", "2014-03-31": "0.50000", "2013-12-31": "0.53000", "2013-09-30": "0.51000", "2013-06-30": "0.48000", "2013-03-31": "0.48000", "2012-12-31": "0.44000", "2012-09-30": "0.45500", "2012-06-30": "0.43500", "2012-03-31": "0.39000", "2011-12-31": "0.35000", "2011-09-30": "0.40000", "2011-06-30": "0.43000", "2011-03-31": "0.36500", "2010-12-31": "0.37500", "2010-09-30": "0.39500", "2010-06-30": "0.37500", "2010-03-31": "0.28500", "2009-12-31": "0.25500", "2009-09-30": "0.23500", "2009-06-30": "0.22000", "2009-03-31": "0.21500", "2008-12-31": "0.28500", "2008-09-30": "0.32000", "2008-06-30": "0.31500", "2008-03-31": "0.27500", "2007-12-31": "0.28000", "2007-09-30": "0.25500", "2007-06-30": "0.23500", "2007-03-31": "0.22000", "2006-12-31": "0.22000", "2006-09-30": "0.18500", "2006-06-30": "0.15000", "2006-03-31": "0.16000", "2005-12-31": "0.15750", "2005-09-30": "0.14750", "2005-06-30": "0.14750", "2005-03-31": "0.13250"}, "EPS - Earnings Per Share": {"2020-12-31": "1.15000", "2020-09-30": "1.12000", "2020-06-30": "0.85000", "2020-03-31": "0.79000", "2019-12-31": "1.03000", "2019-09-30": "0.92000", "2019-06-30": "0.93000", "2019-03-31": "0.87000", "2018-12-31": "1.09000", "2018-09-30": "1.01000", "2018-06-30": "0.91000", "2018-03-31": "0.84000", "2017-12-31": "-0.33000", "2017-09-30": "0.88000", "2017-06-30": "0.80000", "2017-03-31": "0.71000", "2016-12-31": "0.75000", "2016-09-30": "0.71000", "2016-06-30": "0.65000", "2016-03-31": "0.50000", "2015-12-31": "0.63000", "2015-09-30": "0.65000", "2015-06-30": "0.56000", "2015-03-31": "0.57000", "2014-12-31": "0.61000", "2014-09-30": "0.57000", "2014-06-30": "0.54000", "2014-03-31": "0.49000", "2013-12-31": "0.51500", "2013-09-30": "0.50000", "2013-06-30": "0.47500", "2013-03-31": "0.47000", "2012-12-31": "0.42500", "2012-09-30": "0.45000", "2012-06-30": "0.43000", "2012-03-31": "0.38500", "2011-12-31": "0.34500", "2011-09-30": "0.39500", "2011-06-30": "0.42500", "2011-03-31": "0.36000", "2010-12-31": "0.37000", "2010-09-30": "0.39000", "2010-06-30": "0.37000", "2010-03-31": "0.28000", "2009-12-31": "0.25000", "2009-09-30": "0.23500", "2009-06-30": "0.21500", "2009-03-31": "0.21500", "2008-12-31": "0.28000", "2008-09-30": "0.31500", "2008-06-30": "0.30500", "2008-03-31": "0.27000", "2007-12-31": "0.27500", "2007-09-30": "0.25000", "2007-06-30": "0.23000", "2007-03-31": "0.21500", "2006-12-31": "0.21500", "2006-09-30": "0.18000", "2006-06-30": "0.14500", "2006-03-31": "0.15500", "2005-12-31": "0.15250", "2005-09-30": "0.14250", "2005-06-30": "0.14500", "2005-03-31": "0.13000"}}, "balance sheet": {"Cash On Hand": {"2020-12-31": "1738.10000", "2019-12-31": "908.60000", "2018-12-31": "1291.70000", "2017-12-31": "1753.70000", "2016-12-31": "1173.20000", "2015-12-31": "1760.40000", "2014-12-31": "1329.60000", "2013-12-31": "1192.20000", "2012-12-31": "942.50300", "2011-12-31": "648.93400", "2010-12-31": "624.22900", "2009-12-31": "422.38300", "2008-12-31": "214.98700", "2007-12-31": "183.64100", "2006-12-31": "74.13500", "2005-12-31": "38.66900"}, "Receivables": {"2020-12-31": "1951.60000", "2019-12-31": "1736.40000", "2018-12-31": "1791.80000", "2017-12-31": "1598.60000", "2016-12-31": "1349.30000", "2015-12-31": "1104.60000", "2014-12-31": "1123.70000", "2013-12-31": "1001.00000", "2012-12-31": "910.71100", "2011-12-31": "767.18100", "2010-12-31": "718.54500", "2009-12-31": "449.59100", "2008-12-31": "515.99900", "2007-12-31": "510.41100", "2006-12-31": "383.85800", "2005-12-31": "302.86700"}, "Inventory": {"2020-12-31": "1462.20000", "2019-12-31": "1310.10000", "2018-12-31": "1233.80000", "2017-12-31": "1106.90000", "2016-12-31": "928.90000", "2015-12-31": "851.80000", "2014-12-31": "865.60000", "2013-12-31": "792.60000", "2012-12-31": "733.71800", "2011-12-31": "649.86200", "2010-12-31": "549.16900", "2009-12-31": "461.75000", "2008-12-31": "512.50700", "2007-12-31": "456.88200", "2006-12-31": "416.49900", "2005-12-31": "325.86500"}, "Pre-Paid Expenses": {"2020-12-31": "338.90000", "2019-12-31": "256.10000", "2018-12-31": "254.30000", "2017-12-31": "", "2016-12-31": "", "2015-12-31": "", "2014-12-31": "", "2013-12-31": "", "2012-12-31": "", "2011-12-31": "", "2010-12-31": "", "2009-12-31": "", "2008-12-31": "92.37100", "2007-12-31": "72.87400", "2006-12-31": "60.11300", "2005-12-31": "42.41300"}, "Other Current Assets": {"2020-12-31": "", "2019-12-31": "", "2018-12-31": "", "2017-12-31": "196.80000", "2016-12-31": "139.80000", "2015-12-31": "133.20000", "2014-12-31": "133.30000", "2013-12-31": "171.80000", "2012-12-31": "119.98300", "2011-12-31": "115.26000", "2010-12-31": "100.18700", "2009-12-31": "86.67100", "2008-12-31": "", "2007-12-31": "", "2006-12-31": "", "2005-12-31": ""}, "Total Current Assets": {"2020-12-31": "5490.80000", "2019-12-31": "4211.20000", "2018-12-31": "4571.60000", "2017-12-31": "4656.00000", "2016-12-31": "3591.20000", "2015-12-31": "3850.00000", "2014-12-31": "3452.20000", "2013-12-31": "3157.60000", "2012-12-31": "2706.91500", "2011-12-31": "2181.23700", "2010-12-31": "1992.13000", "2009-12-31": "1420.39500", "2008-12-31": "1335.86400", "2007-12-31": "1223.80800", "2006-12-31": "934.60500", "2005-12-31": "709.81400"}, "Property, Plant, And Equipment": {"2020-12-31": "1054.60000", "2019-12-31": "999.00000", "2018-12-31": "875.80000", "2017-12-31": "816.80000", "2016-12-31": "711.40000", "2015-12-31": "609.50000", "2014-12-31": "590.70000", "2013-12-31": "532.40000", "2012-12-31": "417.43600", "2011-12-31": "380.50100", "2010-12-31": "366.99600", "2009-12-31": "332.87500", "2008-12-31": "344.51500", "2007-12-31": "316.19400", "2006-12-31": "274.14300", "2005-12-31": "253.88900"}, "Long-Term Investments": {"2020-12-31": "", "2019-12-31": "", "2018-12-31": "", "2017-12-31": "", "2016-12-31": "", "2015-12-31": "", "2014-12-31": "", "2013-12-31": "", "2012-12-31": "", "2011-12-31": "", "2010-12-31": "", "2009-12-31": "", "2008-12-31": "", "2007-12-31": "", "2006-12-31": "", "2005-12-31": ""}, "Goodwill And Intangible Assets": {"2020-12-31": "5429.60000", "2019-12-31": "5309.10000", "2018-12-31": "4501.10000", "2017-12-31": "4531.10000", "2016-12-31": "4196.10000", "2015-12-31": "2998.90000", "2014-12-31": "2943.00000", "2013-12-31": "2478.00000", "2012-12-31": "2091.11200", "2011-12-31": "1746.11300", "2010-12-31": "1533.29900", "2009-12-31": "1368.67200", "2008-12-31": "1232.33500", "2007-12-31": "1091.82800", "2006-12-31": "926.24200", "2005-12-31": "886.72000"}, "Other Long-Term Assets": {"2020-12-31": "352.30000", "2019-12-31": "296.20000", "2018-12-31": "96.40000", "2017-12-31": "", "2016-12-31": "", "2015-12-31": "", "2014-12-31": "", "2013-12-31": "", "2012-12-31": "", "2011-12-31": "137.37400", "2010-12-31": "123.43200", "2009-12-31": "97.24200", "2008-12-31": "81.44500", "2007-12-31": "43.90300", "2006-12-31": "60.40700", "2005-12-31": "79.76600"}, "Total Long-Term Assets": {"2020-12-31": "6836.50000", "2019-12-31": "6604.30000", "2018-12-31": "5473.30000", "2017-12-31": "5347.90000", "2016-12-31": "4907.50000", "2015-12-31": "3608.40000", "2014-12-31": "3533.70000", "2013-12-31": "3010.40000", "2012-12-31": "2508.54800", "2011-12-31": "2263.98800", "2010-12-31": "2023.72700", "2009-12-31": "1798.78900", "2008-12-31": "1658.29500", "2007-12-31": "1451.92500", "2006-12-31": "1260.79200", "2005-12-31": "1222.72600"}, "Total Assets": {"2020-12-31": "12327.30000", "2019-12-31": "10815.50000", "2018-12-31": "10044.90000", "2017-12-31": "10003.90000", "2016-12-31": "8498.70000", "2015-12-31": "7458.40000", "2014-12-31": "6985.90000", "2013-12-31": "6168.00000", "2012-12-31": "5215.46300", "2011-12-31": "4445.22500", "2010-12-31": "4015.85700", "2009-12-31": "3219.18400", "2008-12-31": "2994.15900", "2007-12-31": "2675.73300", "2006-12-31": "2195.39700", "2005-12-31": "1932.54000"}, "Total Current Liabilities": {"2020-12-31": "2304.30000", "2019-12-31": "2132.70000", "2018-12-31": "2451.30000", "2017-12-31": "1579.40000", "2016-12-31": "1635.20000", "2015-12-31": "1008.40000", "2014-12-31": "1045.60000", "2013-12-31": "1609.90000", "2012-12-31": "888.51400", "2011-12-31": "642.41500", "2010-12-31": "654.99000", "2009-12-31": "503.15900", "2008-12-31": "634.83200", "2007-12-31": "520.48100", "2006-12-31": "447.65900", "2005-12-31": "335.93000"}, "Long Term Debt": {"2020-12-31": "3636.20000", "2019-12-31": "3203.40000", "2018-12-31": "2806.40000", "2017-12-31": "3541.50000", "2016-12-31": "2635.50000", "2015-12-31": "2813.20000", "2014-12-31": "2654.60000", "2013-12-31": "1431.40000", "2012-12-31": "1606.20400", "2011-12-31": "1376.83100", "2010-12-31": "799.64000", "2009-12-31": "753.05000", "2008-12-31": "786.02000", "2007-12-31": "721.56100", "2006-12-31": "677.17300", "2005-12-31": "765.97000"}, "Other Non-Current Liabilities": {"2020-12-31": "407.20000", "2019-12-31": "424.00000", "2018-12-31": "277.20000", "2017-12-31": "326.40000", "2016-12-31": "138.80000", "2015-12-31": "95.90000", "2014-12-31": "", "2013-12-31": "", "2012-12-31": "33.99200", "2011-12-31": "34.14400", "2010-12-31": "41.87600", "2009-12-31": "27.92200", "2008-12-31": "43.06900", "2007-12-31": "66.97300", "2006-12-31": "29.25900", "2005-12-31": "32.58900"}, "Total Long Term Liabilities": {"2020-12-31": "4571.10000", "2019-12-31": "4086.60000", "2018-12-31": "3529.40000", "2017-12-31": "4381.10000", "2016-12-31": "3140.40000", "2015-12-31": "3171.60000", "2014-12-31": "3002.40000", "2013-12-31": "1678.00000", "2012-12-31": "1884.76700", "2011-12-31": "1618.02400", "2010-12-31": "1018.15200", "2009-12-31": "953.20700", "2008-12-31": "990.75810", "2007-12-31": "890.33800", "2006-12-31": "844.74400", "2005-12-31": "907.37490"}, "Total Liabilities": {"2020-12-31": "6875.40000", "2019-12-31": "6219.30000", "2018-12-31": "5980.70000", "2017-12-31": "5960.50000", "2016-12-31": "4775.60000", "2015-12-31": "4180.00000", "2014-12-31": "4048.00000", "2013-12-31": "3287.90000", "2012-12-31": "2773.28100", "2011-12-31": "2260.43900", "2010-12-31": "1673.14200", "2009-12-31": "1456.36600", "2008-12-31": "1625.59000", "2007-12-31": "1410.81900", "2006-12-31": "1292.40300", "2005-12-31": "1243.30500"}, "Common Stock Net": {"2020-12-31": "0.30000", "2019-12-31": "0.30000", "2018-12-31": "0.30000", "2017-12-31": "0.30000", "2016-12-31": "0.30000", "2015-12-31": "0.30000", "2014-12-31": "0.30000", "2013-12-31": "0.30000", "2012-12-31": "0.16000", "2011-12-31": "0.16300", "2010-12-31": "0.17600", "2009-12-31": "0.17400", "2008-12-31": "0.17100", "2007-12-31": "0.18100", "2006-12-31": "0.17900", "2005-12-31": "0.08900"}, "Retained Earnings (Accumulated Deficit)": {"2020-12-31": "3705.40000", "2019-12-31": "3348.40000", "2018-12-31": "3028.70000", "2017-12-31": "2941.50000", "2016-12-31": "3122.70000", "2015-12-31": "2804.40000", "2014-12-31": "2453.50000", "2013-12-31": "2424.40000", "2012-12-31": "2210.12000", "2011-12-31": "2102.49700", "2010-12-31": "2260.58100", "2009-12-31": "1774.62500", "2008-12-31": "1467.09900", "2007-12-31": "1431.63500", "2006-12-31": "1142.53600", "2005-12-31": "985.31700"}, "Comprehensive Income": {"2020-12-31": "-278.10000", "2019-12-31": "-430.90000", "2018-12-31": "-390.20000", "2017-12-31": "-201.00000", "2016-12-31": "-469.00000", "2015-12-31": "-349.50000", "2014-12-31": "-205.80000", "2013-12-31": "-55.00000", "2012-12-31": "-117.00400", "2011-12-31": "-120.05700", "2010-12-31": "-84.75700", "2009-12-31": "-100.09000", "2008-12-31": "-140.59100", "2007-12-31": "-43.64400", "2006-12-31": "-81.08400", "2005-12-31": "-77.74200"}, "Other Share Holders Equity": {"2020-12-31": "", "2019-12-31": "", "2018-12-31": "", "2017-12-31": "", "2016-12-31": "", "2015-12-31": "", "2014-12-31": "", "2013-12-31": "", "2012-12-31": "", "2011-12-31": "", "2010-12-31": "", "2009-12-31": "", "2008-12-31": "", "2007-12-31": "", "2006-12-31": "", "2005-12-31": ""}, "Share Holder Equity": {"2020-12-31": "5451.90000", "2019-12-31": "4596.20000", "2018-12-31": "4064.20000", "2017-12-31": "4043.40000", "2016-12-31": "3723.10000", "2015-12-31": "3278.40000", "2014-12-31": "2937.90000", "2013-12-31": "2880.10000", "2012-12-31": "2442.18200", "2011-12-31": "2184.78600", "2010-12-31": "2342.71500", "2009-12-31": "1762.81800", "2008-12-31": "1368.56900", "2007-12-31": "1264.91400", "2006-12-31": "902.99400", "2005-12-31": "689.23500"}, "Total Liabilities And Share Holders Equity": {"2020-12-31": "12327.30000", "2019-12-31": "10815.50000", "2018-12-31": "10044.90000", "2017-12-31": "10003.90000", "2016-12-31": "8498.70000", "2015-12-31": "7458.40000", "2014-12-31": "6985.90000", "2013-12-31": "6168.00000", "2012-12-31": "5215.46300", "2011-12-31": "4445.22500", "2010-12-31": "4015.85700", "2009-12-31": "3219.18400", "2008-12-31": "2994.15900", "2007-12-31": "2675.73300", "2006-12-31": "2195.39700", "2005-12-31": "1932.54000"}}, "balance sheet, quarterly": {"Cash On Hand": {"2020-12-31": "1738.10000", "2020-09-30": "1456.20000", "2020-06-30": "1314.00000", "2020-03-31": "2383.60000", "2019-12-31": "908.60000", "2019-09-30": "986.70000", "2019-06-30": "997.30000", "2019-03-31": "987.60000", "2018-12-31": "1291.70000", "2018-09-30": "1019.80000", "2018-06-30": "991.10000", "2018-03-31": "1024.30000", "2017-12-31": "1753.70000", "2017-09-30": "1489.60000", "2017-06-30": "1360.10000", "2017-03-31": "1279.70000", "2016-12-31": "1173.20000", "2016-09-30": "1016.90000", "2016-06-30": "824.70000", "2016-03-31": "713.60000", "2015-12-31": "1760.40000", "2015-09-30": "1597.70000", "2015-06-30": "1397.20000", "2015-03-31": "1351.10000", "2014-12-31": "1329.60000", "2014-09-30": "1244.61700", "2014-06-30": "1443.90000", "2014-03-31": "1299.45300", "2013-12-31": "1192.20000", "2013-09-30": "1283.58100", "2013-06-30": "1142.55200", "2013-03-31": "1021.90200", "2012-12-31": "942.50300", "2012-09-30": "892.89100", "2012-06-30": "780.46400", "2012-03-31": "743.23200", "2011-12-31": "648.93400", "2011-09-30": "780.90900", "2011-06-30": "696.55500", "2011-03-31": "691.42100", "2010-12-31": "624.22900", "2010-09-30": "587.77300", "2010-06-30": "436.67700", "2010-03-31": "431.71900", "2009-12-31": "422.38300", "2009-09-30": "307.56900", "2009-06-30": "220.76500", "2009-03-31": "150.51900", "2008-12-31": "214.98700", "2008-09-30": "230.74100", "2008-06-30": "188.76200", "2008-03-31": "180.15500", "2007-12-31": "183.64100", "2007-09-30": "164.58700", "2007-06-30": "110.66800", "2007-03-31": "85.08900", "2006-12-31": "74.13500", "2006-09-30": "62.76300", "2006-06-30": "45.92000", "2006-03-31": "37.30400", "2005-12-31": "38.66900", "2005-09-30": "38.06100", "2005-06-30": "25.46200", "2005-03-31": "26.25700"}, "Receivables": {"2020-12-31": "1951.60000", "2020-09-30": "1880.30000", "2020-06-30": "1658.30000", "2020-03-31": "1540.50000", "2019-12-31": "1736.40000", "2019-09-30": "1689.10000", "2019-06-30": "1685.00000", "2019-03-31": "1661.90000", "2018-12-31": "1791.80000", "2018-09-30": "1737.60000", "2018-06-30": "1627.30000", "2018-03-31": "1515.80000", "2017-12-31": "1598.60000", "2017-09-30": "1575.50000", "2017-06-30": "1407.30000", "2017-03-31": "1318.30000", "2016-12-31": "1349.30000", "2016-09-30": "1319.40000", "2016-06-30": "1257.30000", "2016-03-31": "1201.90000", "2015-12-31": "1104.60000", "2015-09-30": "1163.30000", "2015-06-30": "1089.50000", "2015-03-31": "1091.80000", "2014-12-31": "1123.70000", "2014-09-30": "1092.42400", "2014-06-30": "1031.07100", "2014-03-31": "971.57600", "2013-12-31": "1001.00000", "2013-09-30": "926.19400", "2013-06-30": "905.82300", "2013-03-31": "861.59800", "2012-12-31": "910.71100", "2012-09-30": "903.34400", "2012-06-30": "840.09000", "2012-03-31": "771.40000", "2011-12-31": "767.18100", "2011-09-30": "803.47700", "2011-06-30": "793.41800", "2011-03-31": "744.20300", "2010-12-31": "718.54500", "2010-09-30": "727.45800", "2010-06-30": "645.59500", "2010-03-31": "572.61600", "2009-12-31": "449.59100", "2009-09-30": "465.52100", "2009-06-30": "445.07300", "2009-03-31": "459.46300", "2008-12-31": "515.99900", "2008-09-30": "583.66300", "2008-06-30": "555.21100", "2008-03-31": "507.97900", "2007-12-31": "510.41100", "2007-09-30": "473.07000", "2007-06-30": "427.89800", "2007-03-31": "392.52900", "2006-12-31": "383.85800", "2006-09-30": "369.58000", "2006-06-30": "336.86600", "2006-03-31": "335.10400", "2005-12-31": "302.86700", "2005-09-30": "241.04700", "2005-06-30": "232.81900", "2005-03-31": "230.51600"}, "Inventory": {"2020-12-31": "1462.20000", "2020-09-30": "1391.00000", "2020-06-30": "1361.90000", "2020-03-31": "1325.00000", "2019-12-31": "1310.10000", "2019-09-30": "1273.50000", "2019-06-30": "1275.30000", "2019-03-31": "1224.40000", "2018-12-31": "1233.80000", "2018-09-30": "1245.50000", "2018-06-30": "1159.80000", "2018-03-31": "1166.80000", "2017-12-31": "1106.90000", "2017-09-30": "1098.20000", "2017-06-30": "1059.20000", "2017-03-31": "962.30000", "2016-12-31": "928.90000", "2016-09-30": "926.60000", "2016-06-30": "926.60000", "2016-03-31": "933.50000", "2015-12-31": "851.80000", "2015-09-30": "887.70000", "2015-06-30": "893.00000", "2015-03-31": "871.40000", "2014-12-31": "865.60000", "2014-09-30": "848.07200", "2014-06-30": "805.45200", "2014-03-31": "772.71000", "2013-12-31": "792.60000", "2013-09-30": "732.72400", "2013-06-30": "703.48900", "2013-03-31": "711.58100", "2012-12-31": "733.71800", "2012-09-30": "712.18900", "2012-06-30": "675.34200", "2012-03-31": "659.10800", "2011-12-31": "649.86200", "2011-09-30": "634.81400", "2011-06-30": "642.27300", "2011-03-31": "602.98500", "2010-12-31": "549.16900", "2010-09-30": "539.72800", "2010-06-30": "498.55200", "2010-03-31": "476.09700", "2009-12-31": "461.75000", "2009-09-30": "455.99000", "2009-06-30": "449.89400", "2009-03-31": "479.70400", "2008-12-31": "512.50700", "2008-09-30": "521.85900", "2008-06-30": "519.59300", "2008-03-31": "499.98800", "2007-12-31": "456.88200", "2007-09-30": "447.11600", "2007-06-30": "425.90300", "2007-03-31": "427.74700", "2006-12-31": "416.49900", "2006-09-30": "384.25300", "2006-06-30": "366.37800", "2006-03-31": "347.84200", "2005-12-31": "325.86500", "2005-09-30": "270.54400", "2005-06-30": "268.81100", "2005-03-31": "263.39000"}, "Pre-Paid Expenses": {"2020-12-31": "338.90000", "2020-09-30": "309.50000", "2020-06-30": "283.80000", "2020-03-31": "", "2019-12-31": "256.10000", "2019-09-30": "", "2019-06-30": "", "2019-03-31": "", "2018-12-31": "254.30000", "2018-09-30": "", "2018-06-30": "", "2018-03-31": "", "2017-12-31": "", "2017-09-30": "", "2017-06-30": "", "2017-03-31": "", "2016-12-31": "", "2016-09-30": "", "2016-06-30": "", "2016-03-31": "", "2015-12-31": "", "2015-09-30": "", "2015-06-30": "", "2015-03-31": "", "2014-12-31": "", "2014-09-30": "", "2014-06-30": "", "2014-03-31": "", "2013-12-31": "", "2013-09-30": "", "2013-06-30": "", "2013-03-31": "", "2012-12-31": "", "2012-09-30": "", "2012-06-30": "", "2012-03-31": "", "2011-12-31": "", "2011-09-30": "", "2011-06-30": "", "2011-03-31": "", "2010-12-31": "", "2010-09-30": "", "2010-06-30": "", "2010-03-31": "", "2009-12-31": "", "2009-09-30": "", "2009-06-30": "", "2009-03-31": "", "2008-12-31": "92.37100", "2008-09-30": "95.36400", "2008-06-30": "92.07200", "2008-03-31": "86.44100", "2007-12-31": "72.87400", "2007-09-30": "80.58000", "2007-06-30": "77.07600", "2007-03-31": "66.06700", "2006-12-31": "60.11300", "2006-09-30": "66.34000", "2006-06-30": "60.33500", "2006-03-31": "50.54500", "2005-12-31": "42.41300", "2005-09-30": "36.13300", "2005-06-30": "41.45900", "2005-03-31": "35.43900"}, "Other Current Assets": {"2020-12-31": "", "2020-09-30": "", "2020-06-30": "", "2020-03-31": "268.40000", "2019-12-31": "", "2019-09-30": "282.90000", "2019-06-30": "264.50000", "2019-03-31": "253.60000", "2018-12-31": "", "2018-09-30": "278.60000", "2018-06-30": "243.20000", "2018-03-31": "230.20000", "2017-12-31": "196.80000", "2017-09-30": "189.60000", "2017-06-30": "165.80000", "2017-03-31": "162.10000", "2016-12-31": "139.80000", "2016-09-30": "142.30000", "2016-06-30": "149.50000", "2016-03-31": "140.60000", "2015-12-31": "133.20000", "2015-09-30": "213.60000", "2015-06-30": "213.10000", "2015-03-31": "219.50000", "2014-12-31": "133.30000", "2014-09-30": "187.45900", "2014-06-30": "181.96200", "2014-03-31": "160.72800", "2013-12-31": "171.80000", "2013-09-30": "135.03600", "2013-06-30": "122.60600", "2013-03-31": "130.59000", "2012-12-31": "119.98300", "2012-09-30": "132.55700", "2012-06-30": "130.26400", "2012-03-31": "118.06000", "2011-12-31": "115.26000", "2011-09-30": "108.61200", "2011-06-30": "114.43400", "2011-03-31": "107.28500", "2010-12-31": "100.18700", "2010-09-30": "102.71700", "2010-06-30": "176.87900", "2010-03-31": "135.91300", "2009-12-31": "86.67100", "2009-09-30": "108.67000", "2009-06-30": "91.20900", "2009-03-31": "88.14400", "2008-12-31": "", "2008-09-30": "", "2008-06-30": "", "2008-03-31": "", "2007-12-31": "", "2007-09-30": "", "2007-06-30": "", "2007-03-31": "", "2006-12-31": "", "2006-09-30": "", "2006-06-30": "", "2006-03-31": "", "2005-12-31": "", "2005-09-30": "", "2005-06-30": "", "2005-03-31": ""}, "Total Current Assets": {"2020-12-31": "5490.80000", "2020-09-30": "5037.00000", "2020-06-30": "4618.00000", "2020-03-31": "5517.50000", "2019-12-31": "4211.20000", "2019-09-30": "4232.20000", "2019-06-30": "4222.10000", "2019-03-31": "4127.50000", "2018-12-31": "4571.60000", "2018-09-30": "4281.50000", "2018-06-30": "4021.40000", "2018-03-31": "3937.10000", "2017-12-31": "4656.00000", "2017-09-30": "4352.90000", "2017-06-30": "3992.40000", "2017-03-31": "3722.40000", "2016-12-31": "3591.20000", "2016-09-30": "3405.20000", "2016-06-30": "3158.10000", "2016-03-31": "2989.60000", "2015-12-31": "3850.00000", "2015-09-30": "3862.30000", "2015-06-30": "3592.80000", "2015-03-31": "3533.80000", "2014-12-31": "3452.20000", "2014-09-30": "3372.57200", "2014-06-30": "3462.38500", "2014-03-31": "3204.46700", "2013-12-31": "3157.60000", "2013-09-30": "3077.53500", "2013-06-30": "2874.47000", "2013-03-31": "2725.67100", "2012-12-31": "2706.91500", "2012-09-30": "2640.98100", "2012-06-30": "2426.16000", "2012-03-31": "2291.80000", "2011-12-31": "2181.23700", "2011-09-30": "2327.81200", "2011-06-30": "2246.68000", "2011-03-31": "2145.89400", "2010-12-31": "1992.13000", "2010-09-30": "1957.67600", "2010-06-30": "1757.70300", "2010-03-31": "1616.34500", "2009-12-31": "1420.39500", "2009-09-30": "1337.75000", "2009-06-30": "1206.94100", "2009-03-31": "1177.83000", "2008-12-31": "1335.86400", "2008-09-30": "1431.62700", "2008-06-30": "1355.63800", "2008-03-31": "1274.56300", "2007-12-31": "1223.80800", "2007-09-30": "1165.35300", "2007-06-30": "1041.54500", "2007-03-31": "971.43200", "2006-12-31": "934.60500", "2006-09-30": "882.93600", "2006-06-30": "809.49900", "2006-03-31": "770.79500", "2005-12-31": "709.81400", "2005-09-30": "585.78500", "2005-06-30": "568.55100", "2005-03-31": "555.60200"}, "Property, Plant, And Equipment": {"2020-12-31": "1054.60000", "2020-09-30": "1036.90000", "2020-06-30": "1001.70000", "2020-03-31": "982.40000", "2019-12-31": "999.00000", "2019-09-30": "965.20000", "2019-06-30": "970.00000", "2019-03-31": "932.00000", "2018-12-31": "875.80000", "2018-09-30": "886.40000", "2018-06-30": "888.20000", "2018-03-31": "839.30000", "2017-12-31": "816.80000", "2017-09-30": "790.10000", "2017-06-30": "769.40000", "2017-03-31": "726.90000", "2016-12-31": "711.40000", "2016-09-30": "717.60000", "2016-06-30": "692.80000", "2016-03-31": "693.30000", "2015-12-31": "609.50000", "2015-09-30": "611.70000", "2015-06-30": "609.90000", "2015-03-31": "589.50000", "2014-12-31": "590.70000", "2014-09-30": "585.35300", "2014-06-30": "558.65200", "2014-03-31": "538.71500", "2013-12-31": "532.40000", "2013-09-30": "441.79900", "2013-06-30": "424.84400", "2013-03-31": "415.94300", "2012-12-31": "417.43600", "2012-09-30": "407.58700", "2012-06-30": "396.18000", "2012-03-31": "389.87300", "2011-12-31": "380.50100", "2011-09-30": "359.51600", "2011-06-30": "379.73100", "2011-03-31": "371.49100", "2010-12-31": "366.99600", "2010-09-30": "352.31800", "2010-06-30": "325.18600", "2010-03-31": "327.21100", "2009-12-31": "332.87500", "2009-09-30": "342.92400", "2009-06-30": "345.53800", "2009-03-31": "345.60600", "2008-12-31": "344.51500", "2008-09-30": "336.41800", "2008-06-30": "338.80500", "2008-03-31": "327.00700", "2007-12-31": "316.19400", "2007-09-30": "304.39200", "2007-06-30": "291.60400", "2007-03-31": "280.57500", "2006-12-31": "274.14300", "2006-09-30": "260.73200", "2006-06-30": "257.63000", "2006-03-31": "263.96900", "2005-12-31": "253.88900", "2005-09-30": "209.98800", "2005-06-30": "207.56500", "2005-03-31": "203.16500"}, "Long-Term Investments": {"2020-12-31": "", "2020-09-30": "", "2020-06-30": "", "2020-03-31": "", "2019-12-31": "", "2019-09-30": "", "2019-06-30": "", "2019-03-31": "", "2018-12-31": "", "2018-09-30": "", "2018-06-30": "", "2018-03-31": "", "2017-12-31": "", "2017-09-30": "", "2017-06-30": "", "2017-03-31": "", "2016-12-31": "", "2016-09-30": "", "2016-06-30": "", "2016-03-31": "", "2015-12-31": "", "2015-09-30": "", "2015-06-30": "", "2015-03-31": "", "2014-12-31": "", "2014-09-30": "", "2014-06-30": "", "2014-03-31": "", "2013-12-31": "", "2013-09-30": "", "2013-06-30": "", "2013-03-31": "", "2012-12-31": "", "2012-09-30": "", "2012-06-30": "", "2012-03-31": "", "2011-12-31": "", "2011-09-30": "", "2011-06-30": "", "2011-03-31": "", "2010-12-31": "", "2010-09-30": "", "2010-06-30": "", "2010-03-31": "", "2009-12-31": "", "2009-09-30": "", "2009-06-30": "", "2009-03-31": "", "2008-12-31": "", "2008-09-30": "", "2008-06-30": "", "2008-03-31": "", "2007-12-31": "", "2007-09-30": "", "2007-06-30": "", "2007-03-31": "", "2006-12-31": "", "2006-09-30": "", "2006-06-30": "", "2006-03-31": "", "2005-12-31": "", "2005-09-30": "", "2005-06-30": "", "2005-03-31": ""}, "Goodwill And Intangible Assets": {"2020-12-31": "5429.60000", "2020-09-30": "5363.70000", "2020-06-30": "5283.20000", "2020-03-31": "5274.40000", "2019-12-31": "5309.10000", "2019-09-30": "5486.20000", "2019-06-30": "5441.90000", "2019-03-31": "5148.60000", "2018-12-31": "4501.10000", "2018-09-30": "4574.70000", "2018-06-30": "4600.70000", "2018-03-31": "4627.30000", "2017-12-31": "4531.10000", "2017-09-30": "4465.80000", "2017-06-30": "4411.10000", "2017-03-31": "4258.10000", "2016-12-31": "4196.10000", "2016-09-30": "4247.00000", "2016-06-30": "4176.10000", "2016-03-31": "4207.10000", "2015-12-31": "2998.90000", "2015-09-30": "3011.60000", "2015-06-30": "3026.00000", "2015-03-31": "2902.30000", "2014-12-31": "2943.00000", "2014-09-30": "2893.84400", "2014-06-30": "2496.26300", "2014-03-31": "2487.02100", "2013-12-31": "2478.00000", "2013-09-30": "1972.42800", "2013-06-30": "1952.25100", "2013-03-31": "1919.92900", "2012-12-31": "2091.11200", "2012-09-30": "1876.53900", "2012-06-30": "1803.71000", "2012-03-31": "1754.95100", "2011-12-31": "1746.11300", "2011-09-30": "1559.95800", "2011-06-30": "1576.98700", "2011-03-31": "1536.50600", "2010-12-31": "1533.29900", "2010-09-30": "1527.82400", "2010-06-30": "1382.36300", "2010-03-31": "1371.80000", "2009-12-31": "1368.67200", "2009-09-30": "1365.17600", "2009-06-30": "1349.70700", "2009-03-31": "1334.94800", "2008-12-31": "1232.33500", "2008-09-30": "1189.78800", "2008-06-30": "1171.49100", "2008-03-31": "1101.45300", "2007-12-31": "1091.82800", "2007-09-30": "972.52400", "2007-06-30": "946.34600", "2007-03-31": "937.70700", "2006-12-31": "926.24200", "2006-09-30": "910.56900", "2006-06-30": "910.24700", "2006-03-31": "902.58400", "2005-12-31": "886.72000", "2005-09-30": "643.82500", "2005-06-30": "640.39300", "2005-03-31": "595.06000"}, "Other Long-Term Assets": {"2020-12-31": "352.30000", "2020-09-30": "316.30000", "2020-06-30": "301.00000", "2020-03-31": "303.40000", "2019-12-31": "296.20000", "2019-09-30": "", "2019-06-30": "", "2019-03-31": "", "2018-12-31": "96.40000", "2018-09-30": "", "2018-06-30": "", "2018-03-31": "", "2017-12-31": "", "2017-09-30": "", "2017-06-30": "", "2017-03-31": "", "2016-12-31": "", "2016-09-30": "", "2016-06-30": "", "2016-03-31": "", "2015-12-31": "", "2015-09-30": "", "2015-06-30": "", "2015-03-31": "", "2014-12-31": "", "2014-09-30": "", "2014-06-30": "", "2014-03-31": "", "2013-12-31": "", "2013-09-30": "148.91900", "2013-06-30": "152.73600", "2013-03-31": "152.41800", "2012-12-31": "", "2012-09-30": "145.85800", "2012-06-30": "140.78900", "2012-03-31": "140.75600", "2011-12-31": "137.37400", "2011-09-30": "114.51000", "2011-06-30": "119.33700", "2011-03-31": "117.34200", "2010-12-31": "123.43200", "2010-09-30": "130.95300", "2010-06-30": "91.51600", "2010-03-31": "95.16000", "2009-12-31": "97.24200", "2009-09-30": "95.06100", "2009-06-30": "97.33100", "2009-03-31": "101.27700", "2008-12-31": "81.44500", "2008-09-30": "60.40500", "2008-06-30": "61.70100", "2008-03-31": "57.94600", "2007-12-31": "43.90300", "2007-09-30": "45.51600", "2007-06-30": "50.45100", "2007-03-31": "52.25500", "2006-12-31": "60.40700", "2006-09-30": "64.53400", "2006-06-30": "72.05600", "2006-03-31": "69.29000", "2005-12-31": "79.76600", "2005-09-30": "", "2005-06-30": "", "2005-03-31": ""}, "Total Long-Term Assets": {"2020-12-31": "6836.50000", "2020-09-30": "6716.90000", "2020-06-30": "6585.90000", "2020-03-31": "6560.20000", "2019-12-31": "6604.30000", "2019-09-30": "6451.40000", "2019-06-30": "6411.90000", "2019-03-31": "6080.60000", "2018-12-31": "5473.30000", "2018-09-30": "5461.10000", "2018-06-30": "5488.90000", "2018-03-31": "5466.60000", "2017-12-31": "5347.90000", "2017-09-30": "5255.90000", "2017-06-30": "5180.50000", "2017-03-31": "4985.00000", "2016-12-31": "4907.50000", "2016-09-30": "4964.60000", "2016-06-30": "4868.90000", "2016-03-31": "4900.40000", "2015-12-31": "3608.40000", "2015-09-30": "3623.30000", "2015-06-30": "3635.90000", "2015-03-31": "3491.80000", "2014-12-31": "3533.70000", "2014-09-30": "3479.19700", "2014-06-30": "3054.91500", "2014-03-31": "3025.73600", "2013-12-31": "3010.40000", "2013-09-30": "2563.14600", "2013-06-30": "2529.83100", "2013-03-31": "2488.29000", "2012-12-31": "2508.54800", "2012-09-30": "2429.98400", "2012-06-30": "2340.67900", "2012-03-31": "2285.58000", "2011-12-31": "2263.98800", "2011-09-30": "2033.98400", "2011-06-30": "2076.05500", "2011-03-31": "2025.33900", "2010-12-31": "2023.72700", "2010-09-30": "2011.09500", "2010-06-30": "1799.06500", "2010-03-31": "1794.17100", "2009-12-31": "1798.78900", "2009-09-30": "1803.16100", "2009-06-30": "1792.57600", "2009-03-31": "1781.83100", "2008-12-31": "1658.29500", "2008-09-30": "1586.61100", "2008-06-30": "1571.99700", "2008-03-31": "1486.40600", "2007-12-31": "1451.92500", "2007-09-30": "1324.83900", "2007-06-30": "1290.98900", "2007-03-31": "1273.30500", "2006-12-31": "1260.79200", "2006-09-30": "1238.69900", "2006-06-30": "1242.03700", "2006-03-31": "1238.14300", "2005-12-31": "1222.72600", "2005-09-30": "887.15500", "2005-06-30": "882.36300", "2005-03-31": "837.55690"}, "Total Assets": {"2020-12-31": "12327.30000", "2020-09-30": "11753.90000", "2020-06-30": "11203.90000", "2020-03-31": "12077.70000", "2019-12-31": "10815.50000", "2019-09-30": "10683.60000", "2019-06-30": "10634.00000", "2019-03-31": "10208.10000", "2018-12-31": "10044.90000", "2018-09-30": "9742.60000", "2018-06-30": "9510.30000", "2018-03-31": "9403.70000", "2017-12-31": "10003.90000", "2017-09-30": "9608.80000", "2017-06-30": "9172.90000", "2017-03-31": "8707.40000", "2016-12-31": "8498.70000", "2016-09-30": "8369.80000", "2016-06-30": "8027.00000", "2016-03-31": "7890.00000", "2015-12-31": "7458.40000", "2015-09-30": "7485.60000", "2015-06-30": "7228.70000", "2015-03-31": "7025.60000", "2014-12-31": "6985.90000", "2014-09-30": "6851.76900", "2014-06-30": "6517.30000", "2014-03-31": "6230.20300", "2013-12-31": "6168.00000", "2013-09-30": "5640.68100", "2013-06-30": "5404.30100", "2013-03-31": "5213.96100", "2012-12-31": "5215.46300", "2012-09-30": "5070.96500", "2012-06-30": "4766.83900", "2012-03-31": "4577.38000", "2011-12-31": "4445.22500", "2011-09-30": "4361.79600", "2011-06-30": "4322.73500", "2011-03-31": "4171.23300", "2010-12-31": "4015.85700", "2010-09-30": "3968.77100", "2010-06-30": "3556.76800", "2010-03-31": "3410.51600", "2009-12-31": "3219.18400", "2009-09-30": "3140.91100", "2009-06-30": "2999.51700", "2009-03-31": "2959.66100", "2008-12-31": "2994.15900", "2008-09-30": "3018.23800", "2008-06-30": "2927.63500", "2008-03-31": "2760.96900", "2007-12-31": "2675.73300", "2007-09-30": "2490.19200", "2007-06-30": "2332.53400", "2007-03-31": "2244.73700", "2006-12-31": "2195.39700", "2006-09-30": "2121.63500", "2006-06-30": "2051.53600", "2006-03-31": "2008.93800", "2005-12-31": "1932.54000", "2005-09-30": "1472.94000", "2005-06-30": "1450.91400", "2005-03-31": "1393.15900"}, "Total Current Liabilities": {"2020-12-31": "2304.30000", "2020-09-30": "2215.00000", "2020-06-30": "1785.20000", "2020-03-31": "2170.20000", "2019-12-31": "2132.70000", "2019-09-30": "2122.60000", "2019-06-30": "2052.90000", "2019-03-31": "1649.20000", "2018-12-31": "2451.30000", "2018-09-30": "2543.20000", "2018-06-30": "2340.80000", "2018-03-31": "2184.70000", "2017-12-31": "1579.40000", "2017-09-30": "1433.70000", "2017-06-30": "1713.90000", "2017-03-31": "1583.30000", "2016-12-31": "1635.20000", "2016-09-30": "1513.50000", "2016-06-30": "1100.00000", "2016-03-31": "1069.60000", "2015-12-31": "1008.40000", "2015-09-30": "1081.30000", "2015-06-30": "984.70000", "2015-03-31": "925.70000", "2014-12-31": "1045.60000", "2014-09-30": "1555.39700", "2014-06-30": "1711.79300", "2014-03-31": "1556.20400", "2013-12-31": "1609.90000", "2013-09-30": "893.20100", "2013-06-30": "815.55900", "2013-03-31": "815.01400", "2012-12-31": "888.51400", "2012-09-30": "864.58800", "2012-06-30": "801.65600", "2012-03-31": "744.97900", "2011-12-31": "642.41500", "2011-09-30": "662.20300", "2011-06-30": "648.37800", "2011-03-31": "682.42700", "2010-12-31": "654.99000", "2010-09-30": "687.14900", "2010-06-30": "596.91600", "2010-03-31": "592.88100", "2009-12-31": "503.15900", "2009-09-30": "497.33700", "2009-06-30": "437.59500", "2009-03-31": "469.87400", "2008-12-31": "634.83200", "2008-09-30": "614.82200", "2008-06-30": "559.28600", "2008-03-31": "491.43500", "2007-12-31": "520.48100", "2007-09-30": "448.39500", "2007-06-30": "386.91100", "2007-03-31": "385.88800", "2006-12-31": "447.65900", "2006-09-30": "432.22800", "2006-06-30": "395.82500", "2006-03-31": "370.61400", "2005-12-31": "335.93000", "2005-09-30": "289.16100", "2005-06-30": "277.55700", "2005-03-31": "285.01600"}, "Long Term Debt": {"2020-12-31": "3636.20000", "2020-09-30": "3586.00000", "2020-06-30": "3763.80000", "2020-03-31": "4591.50000", "2019-12-31": "3203.40000", "2019-09-30": "3545.40000", "2019-06-30": "3569.40000", "2019-03-31": "3554.80000", "2018-12-31": "2806.40000", "2018-09-30": "2468.30000", "2018-06-30": "2668.20000", "2018-03-31": "2489.40000", "2017-12-31": "3541.50000", "2017-09-30": "3559.70000", "2017-06-30": "3020.60000", "2017-03-31": "2862.10000", "2016-12-31": "2635.50000", "2016-09-30": "2598.00000", "2016-06-30": "2834.60000", "2016-03-31": "2866.20000", "2015-12-31": "2813.20000", "2015-09-30": "2853.00000", "2015-06-30": "2759.20000", "2015-03-31": "2757.00000", "2014-12-31": "2654.60000", "2014-09-30": "2023.17800", "2014-06-30": "1542.89100", "2014-03-31": "1522.57000", "2013-12-31": "1431.40000", "2013-09-30": "1784.53900", "2013-06-30": "1698.95100", "2013-03-31": "1596.05000", "2012-12-31": "1606.20400", "2012-09-30": "1511.29700", "2012-06-30": "1454.54500", "2012-03-31": "1316.81900", "2011-12-31": "1376.83100", "2011-09-30": "1265.02600", "2011-06-30": "1157.58900", "2011-03-31": "949.38500", "2010-12-31": "799.64000", "2010-09-30": "904.03100", "2010-06-30": "781.60400", "2010-03-31": "752.54300", "2009-12-31": "753.05000", "2009-09-30": "792.01100", "2009-06-30": "820.58100", "2009-03-31": "870.98200", "2008-12-31": "786.02000", "2008-09-30": "770.05000", "2008-06-30": "819.20200", "2008-03-31": "852.30700", "2007-12-31": "721.56100", "2007-09-30": "715.49200", "2007-06-30": "683.80200", "2007-03-31": "685.27900", "2006-12-31": "677.17300", "2006-09-30": "684.68100", "2006-06-30": "695.87100", "2006-03-31": "741.40800", "2005-12-31": "765.97000", "2005-09-30": "425.67500", "2005-06-30": "458.41200", "2005-03-31": "458.14200"}, "Other Non-Current Liabilities": {"2020-12-31": "407.20000", "2020-09-30": "404.80000", "2020-06-30": "396.60000", "2020-03-31": "411.00000", "2019-12-31": "424.00000", "2019-09-30": "397.30000", "2019-06-30": "386.20000", "2019-03-31": "391.80000", "2018-12-31": "277.20000", "2018-09-30": "303.70000", "2018-06-30": "306.90000", "2018-03-31": "327.90000", "2017-12-31": "326.40000", "2017-09-30": "221.10000", "2017-06-30": "226.00000", "2017-03-31": "222.10000", "2016-12-31": "138.80000", "2016-09-30": "", "2016-06-30": "", "2016-03-31": "", "2015-12-31": "95.90000", "2015-09-30": "", "2015-06-30": "", "2015-03-31": "", "2014-12-31": "", "2014-09-30": "", "2014-06-30": "79.07800", "2014-03-31": "71.36600", "2013-12-31": "", "2013-09-30": "45.72000", "2013-06-30": "42.15800", "2013-03-31": "39.12300", "2012-12-31": "33.99200", "2012-09-30": "50.94000", "2012-06-30": "42.18900", "2012-03-31": "43.56000", "2011-12-31": "34.14400", "2011-09-30": "37.43300", "2011-06-30": "35.75100", "2011-03-31": "43.03700", "2010-12-31": "41.87600", "2010-09-30": "43.11200", "2010-06-30": "28.01100", "2010-03-31": "26.56900", "2009-12-31": "27.92200", "2009-09-30": "32.95700", "2009-06-30": "42.91800", "2009-03-31": "38.51500", "2008-12-31": "43.06900", "2008-09-30": "83.65700", "2008-06-30": "82.74900", "2008-03-31": "83.48100", "2007-12-31": "66.97300", "2007-09-30": "58.73300", "2007-06-30": "56.66700", "2007-03-31": "57.98300", "2006-12-31": "29.25900", "2006-09-30": "32.49500", "2006-06-30": "30.21600", "2006-03-31": "23.89700", "2005-12-31": "32.58900", "2005-09-30": "31.43700", "2005-06-30": "32.02300", "2005-03-31": "21.22500"}, "Total Long Term Liabilities": {"2020-12-31": "4571.10000", "2020-09-30": "4433.70000", "2020-06-30": "4618.40000", "2020-03-31": "5461.80000", "2019-12-31": "4086.60000", "2019-09-30": "4349.90000", "2019-06-30": "4377.90000", "2019-03-31": "4388.50000", "2018-12-31": "3529.40000", "2018-09-30": "3146.10000", "2018-06-30": "3356.90000", "2018-03-31": "3251.10000", "2017-12-31": "4381.10000", "2017-09-30": "4065.80000", "2017-06-30": "3543.10000", "2017-03-31": "3373.00000", "2016-12-31": "3140.40000", "2016-09-30": "3101.60000", "2016-06-30": "3353.10000", "2016-03-31": "3396.20000", "2015-12-31": "3171.60000", "2015-09-30": "3222.90000", "2015-06-30": "3141.20000", "2015-03-31": "3120.70000", "2014-12-31": "3002.40000", "2014-09-30": "2298.71200", "2014-06-30": "1806.91800", "2014-03-31": "1778.13700", "2013-12-31": "1678.00000", "2013-09-30": "2080.96000", "2013-06-30": "1991.48200", "2013-03-31": "1881.88000", "2012-12-31": "1884.76700", "2012-09-30": "1768.15900", "2012-06-30": "1701.66600", "2012-03-31": "1567.68300", "2011-12-31": "1618.02400", "2011-09-30": "1470.04400", "2011-06-30": "1364.95300", "2011-03-31": "1162.32700", "2010-12-31": "1018.15200", "2010-09-30": "1111.45900", "2010-06-30": "978.83600", "2010-03-31": "950.19400", "2009-12-31": "953.20700", "2009-09-30": "1000.37700", "2009-06-30": "1033.19400", "2009-03-31": "1070.67400", "2008-12-31": "990.75810", "2008-09-30": "939.84400", "2008-06-30": "1012.82700", "2008-03-31": "1044.64600", "2007-12-31": "890.33800", "2007-09-30": "906.80600", "2007-06-30": "886.06700", "2007-03-31": "884.59700", "2006-12-31": "844.74400", "2006-09-30": "825.59000", "2006-06-30": "846.34100", "2006-03-31": "879.05600", "2005-12-31": "907.37490", "2005-09-30": "549.97900", "2005-06-30": "591.34900", "2005-03-31": "581.12900"}, "Total Liabilities": {"2020-12-31": "6875.40000", "2020-09-30": "6648.70000", "2020-06-30": "6403.60000", "2020-03-31": "7632.00000", "2019-12-31": "6219.30000", "2019-09-30": "6472.50000", "2019-06-30": "6430.80000", "2019-03-31": "6037.70000", "2018-12-31": "5980.70000", "2018-09-30": "5689.30000", "2018-06-30": "5697.70000", "2018-03-31": "5435.80000", "2017-12-31": "5960.50000", "2017-09-30": "5499.50000", "2017-06-30": "5257.00000", "2017-03-31": "4956.30000", "2016-12-31": "4775.60000", "2016-09-30": "4615.10000", "2016-06-30": "4453.10000", "2016-03-31": "4465.80000", "2015-12-31": "4180.00000", "2015-09-30": "4304.20000", "2015-06-30": "4125.90000", "2015-03-31": "4046.40000", "2014-12-31": "4048.00000", "2014-09-30": "3854.10900", "2014-06-30": "3518.71100", "2014-03-31": "3334.34100", "2013-12-31": "3287.90000", "2013-09-30": "2974.16100", "2013-06-30": "2807.04100", "2013-03-31": "2696.89400", "2012-12-31": "2773.28100", "2012-09-30": "2632.74700", "2012-06-30": "2503.32200", "2012-03-31": "2312.66200", "2011-12-31": "2260.43900", "2011-09-30": "2132.24700", "2011-06-30": "2013.33100", "2011-03-31": "1844.75400", "2010-12-31": "1673.14200", "2010-09-30": "1798.60800", "2010-06-30": "1575.75200", "2010-03-31": "1543.07500", "2009-12-31": "1456.36600", "2009-09-30": "1497.71400", "2009-06-30": "1470.78900", "2009-03-31": "1540.54800", "2008-12-31": "1625.59000", "2008-09-30": "1554.66600", "2008-06-30": "1572.11300", "2008-03-31": "1536.08100", "2007-12-31": "1410.81900", "2007-09-30": "1355.20100", "2007-06-30": "1272.97800", "2007-03-31": "1270.48500", "2006-12-31": "1292.40300", "2006-09-30": "1257.81800", "2006-06-30": "1242.16600", "2006-03-31": "1249.67000", "2005-12-31": "1243.30500", "2005-09-30": "839.14000", "2005-06-30": "868.90600", "2005-03-31": "866.14500"}, "Common Stock Net": {"2020-12-31": "0.30000", "2020-09-30": "0.30000", "2020-06-30": "0.30000", "2020-03-31": "0.30000", "2019-12-31": "0.30000", "2019-09-30": "0.30000", "2019-06-30": "0.30000", "2019-03-31": "0.30000", "2018-12-31": "0.30000", "2018-09-30": "0.30000", "2018-06-30": "0.30000", "2018-03-31": "0.30000", "2017-12-31": "0.30000", "2017-09-30": "0.30000", "2017-06-30": "0.30000", "2017-03-31": "0.30000", "2016-12-31": "0.30000", "2016-09-30": "0.30000", "2016-06-30": "0.30000", "2016-03-31": "0.30000", "2015-12-31": "0.30000", "2015-09-30": "0.30000", "2015-06-30": "0.30000", "2015-03-31": "0.30000", "2014-12-31": "0.30000", "2014-09-30": "0.31200", "2014-06-30": "0.15700", "2014-03-31": "0.15700", "2013-12-31": "0.30000", "2013-09-30": "0.15800", "2013-06-30": "0.16000", "2013-03-31": "0.16000", "2012-12-31": "0.16000", "2012-09-30": "0.16200", "2012-06-30": "0.16100", "2012-03-31": "0.16300", "2011-12-31": "0.16300", "2011-09-30": "0.16500", "2011-06-30": "0.17000", "2011-03-31": "0.17600", "2010-12-31": "0.17600", "2010-09-30": "0.17500", "2010-06-30": "0.17400", "2010-03-31": "0.17400", "2009-12-31": "0.17400", "2009-09-30": "0.17200", "2009-06-30": "0.17200", "2009-03-31": "0.17200", "2008-12-31": "0.17100", "2008-09-30": "0.17800", "2008-06-30": "0.17700", "2008-03-31": "0.17600", "2007-12-31": "0.18100", "2007-09-30": "0.18000", "2007-06-30": "0.18000", "2007-03-31": "0.17800", "2006-12-31": "0.17900", "2006-09-30": "0.08700", "2006-06-30": "0.08900", "2006-03-31": "0.08900", "2005-12-31": "0.08900", "2005-09-30": "0.08900", "2005-06-30": "0.08800", "2005-03-31": "0.08800"}, "Retained Earnings (Accumulated Deficit)": {"2020-12-31": "3705.40000", "2020-09-30": "3587.10000", "2020-06-30": "3419.40000", "2020-03-31": "3248.50000", "2019-12-31": "3348.40000", "2019-09-30": "3158.70000", "2019-06-30": "3104.60000", "2019-03-31": "3142.10000", "2018-12-31": "3028.70000", "2018-09-30": "2935.80000", "2018-06-30": "2723.30000", "2018-03-31": "2770.90000", "2017-12-31": "2941.50000", "2017-09-30": "3165.30000", "2017-06-30": "3101.40000", "2017-03-31": "3049.50000", "2016-12-31": "3122.70000", "2016-09-30": "3032.80000", "2016-06-30": "2972.90000", "2016-03-31": "2868.80000", "2015-12-31": "2804.40000", "2015-09-30": "2700.70000", "2015-06-30": "2591.30000", "2015-03-31": "2532.30000", "2014-12-31": "2453.50000", "2014-09-30": "2437.28100", "2014-06-30": "2444.84300", "2014-03-31": "2430.31000", "2013-12-31": "2424.40000", "2013-09-30": "2315.84100", "2013-06-30": "2302.54100", "2013-03-31": "2261.07300", "2012-12-31": "2210.12000", "2012-09-30": "2237.10900", "2012-06-30": "2135.04700", "2012-03-31": "2130.12700", "2011-12-31": "2102.49700", "2011-09-30": "2129.27400", "2011-06-30": "2170.14200", "2011-03-31": "2385.89700", "2010-12-31": "2260.58100", "2010-09-30": "2132.10100", "2010-06-30": "1997.44500", "2010-03-31": "1870.37800", "2009-12-31": "1774.62500", "2009-09-30": "1689.58300", "2009-06-30": "1611.24000", "2009-03-31": "1538.94100", "2008-12-31": "1467.09900", "2008-09-30": "1540.36000", "2008-06-30": "1430.06200", "2008-03-31": "1322.71100", "2007-12-31": "1431.63500", "2007-09-30": "1334.32700", "2007-06-30": "1245.51400", "2007-03-31": "1164.19000", "2006-12-31": "1142.53600", "2006-09-30": "1066.83800", "2006-06-30": "1090.55500", "2006-03-31": "1039.90600", "2005-12-31": "985.31700", "2005-09-30": "932.27800", "2005-06-30": "882.82500", "2005-03-31": "833.42600"}, "Comprehensive Income": {"2020-12-31": "-278.10000", "2020-09-30": "-388.40000", "2020-06-30": "-494.60000", "2020-03-31": "-525.10000", "2019-12-31": "-430.90000", "2019-09-30": "-493.70000", "2019-06-30": "-396.90000", "2019-03-31": "-384.80000", "2018-12-31": "-390.20000", "2018-09-30": "-337.30000", "2018-06-30": "-288.70000", "2018-03-31": "-139.70000", "2017-12-31": "-201.00000", "2017-09-30": "-286.20000", "2017-06-30": "-341.00000", "2017-03-31": "-402.30000", "2016-12-31": "-469.00000", "2016-09-30": "-297.30000", "2016-06-30": "-328.80000", "2016-03-31": "-297.40000", "2015-12-31": "-349.50000", "2015-09-30": "-303.60000", "2015-06-30": "-256.10000", "2015-03-31": "-271.50000", "2014-12-31": "-205.80000", "2014-09-30": "-97.09400", "2014-06-30": "-52.10500", "2014-03-31": "-69.54100", "2013-12-31": "-55.00000", "2013-09-30": "-120.68600", "2013-06-30": "-151.79800", "2013-03-31": "-141.76000", "2012-12-31": "-117.00400", "2012-09-30": "-112.97700", "2012-06-30": "-133.60700", "2012-03-31": "-103.64700", "2011-12-31": "-120.05700", "2011-09-30": "-91.95500", "2011-06-30": "-42.52100", "2011-03-31": "-61.08200", "2010-12-31": "-84.75700", "2010-09-30": "-86.29600", "2010-06-30": "-135.67700", "2010-03-31": "-100.98900", "2009-12-31": "-100.09000", "2009-09-30": "-107.22100", "2009-06-30": "-138.87600", "2009-03-31": "-166.97200", "2008-12-31": "-140.59100", "2008-09-30": "-75.65300", "2008-06-30": "-32.71900", "2008-03-31": "-38.72200", "2007-12-31": "-43.64400", "2007-09-30": "-63.77300", "2007-06-30": "-72.47200", "2007-03-31": "-78.76600", "2006-12-31": "-81.08400", "2006-09-30": "-66.08900", "2006-06-30": "-60.73800", "2006-03-31": "-69.94000", "2005-12-31": "-77.74200", "2005-09-30": "-68.09600", "2005-06-30": "-66.95500", "2005-03-31": "-59.50600"}, "Other Share Holders Equity": {"2020-12-31": "", "2020-09-30": "", "2020-06-30": "", "2020-03-31": "", "2019-12-31": "", "2019-09-30": "", "2019-06-30": "", "2019-03-31": "", "2018-12-31": "", "2018-09-30": "", "2018-06-30": "", "2018-03-31": "", "2017-12-31": "", "2017-09-30": "", "2017-06-30": "", "2017-03-31": "", "2016-12-31": "", "2016-09-30": "", "2016-06-30": "", "2016-03-31": "", "2015-12-31": "", "2015-09-30": "", "2015-06-30": "", "2015-03-31": "", "2014-12-31": "", "2014-09-30": "", "2014-06-30": "", "2014-03-31": "", "2013-12-31": "", "2013-09-30": "", "2013-06-30": "", "2013-03-31": "", "2012-12-31": "", "2012-09-30": "", "2012-06-30": "", "2012-03-31": "", "2011-12-31": "", "2011-09-30": "", "2011-06-30": "", "2011-03-31": "", "2010-12-31": "", "2010-09-30": "", "2010-06-30": "", "2010-03-31": "", "2009-12-31": "", "2009-09-30": "", "2009-06-30": "", "2009-03-31": "", "2008-12-31": "", "2008-09-30": "", "2008-06-30": "", "2008-03-31": "", "2007-12-31": "", "2007-09-30": "", "2007-06-30": "", "2007-03-31": "", "2006-12-31": "", "2006-09-30": "", "2006-06-30": "", "2006-03-31": "", "2005-12-31": "", "2005-09-30": "", "2005-06-30": "", "2005-03-31": ""}, "Share Holder Equity": {"2020-12-31": "5451.90000", "2020-09-30": "5105.20000", "2020-06-30": "4800.30000", "2020-03-31": "4445.70000", "2019-12-31": "4596.20000", "2019-09-30": "4211.10000", "2019-06-30": "4203.20000", "2019-03-31": "4170.40000", "2018-12-31": "4064.20000", "2018-09-30": "4053.30000", "2018-06-30": "3812.60000", "2018-03-31": "3967.90000", "2017-12-31": "4043.40000", "2017-09-30": "4109.30000", "2017-06-30": "3915.90000", "2017-03-31": "3751.10000", "2016-12-31": "3723.10000", "2016-09-30": "3754.70000", "2016-06-30": "3573.90000", "2016-03-31": "3424.20000", "2015-12-31": "3278.40000", "2015-09-30": "3181.40000", "2015-06-30": "3102.80000", "2015-03-31": "2979.20000", "2014-12-31": "2937.90000", "2014-09-30": "2997.66000", "2014-06-30": "2998.58900", "2014-03-31": "2895.86200", "2013-12-31": "2880.10000", "2013-09-30": "2666.52000", "2013-06-30": "2597.26000", "2013-03-31": "2517.06700", "2012-12-31": "2442.18200", "2012-09-30": "2438.21800", "2012-06-30": "2263.51700", "2012-03-31": "2264.71800", "2011-12-31": "2184.78600", "2011-09-30": "2229.54900", "2011-06-30": "2309.40400", "2011-03-31": "2326.47900", "2010-12-31": "2342.71500", "2010-09-30": "2170.16300", "2010-06-30": "1981.01600", "2010-03-31": "1867.44100", "2009-12-31": "1762.81800", "2009-09-30": "1643.19700", "2009-06-30": "1528.72800", "2009-03-31": "1419.11300", "2008-12-31": "1368.56900", "2008-09-30": "1463.57200", "2008-06-30": "1355.52200", "2008-03-31": "1224.88800", "2007-12-31": "1264.91400", "2007-09-30": "1134.99100", "2007-06-30": "1059.55600", "2007-03-31": "974.25200", "2006-12-31": "902.99400", "2006-09-30": "863.81700", "2006-06-30": "809.37000", "2006-03-31": "759.26800", "2005-12-31": "689.23500", "2005-09-30": "633.80000", "2005-06-30": "582.00800", "2005-03-31": "527.01400"}, "Total Liabilities And Share Holders Equity": {"2020-12-31": "12327.30000", "2020-09-30": "11753.90000", "2020-06-30": "11203.90000", "2020-03-31": "12077.70000", "2019-12-31": "10815.50000", "2019-09-30": "10683.60000", "2019-06-30": "10634.00000", "2019-03-31": "10208.10000", "2018-12-31": "10044.90000", "2018-09-30": "9742.60000", "2018-06-30": "9510.30000", "2018-03-31": "9403.70000", "2017-12-31": "10003.90000", "2017-09-30": "9608.80000", "2017-06-30": "9172.90000", "2017-03-31": "8707.40000", "2016-12-31": "8498.70000", "2016-09-30": "8369.80000", "2016-06-30": "8027.00000", "2016-03-31": "7890.00000", "2015-12-31": "7458.40000", "2015-09-30": "7485.60000", "2015-06-30": "7228.70000", "2015-03-31": "7025.60000", "2014-12-31": "6985.90000", "2014-09-30": "6851.76900", "2014-06-30": "6517.30000", "2014-03-31": "6230.20300", "2013-12-31": "6168.00000", "2013-09-30": "5640.68100", "2013-06-30": "5404.30100", "2013-03-31": "5213.96100", "2012-12-31": "5215.46300", "2012-09-30": "5070.96500", "2012-06-30": "4766.83900", "2012-03-31": "4577.38000", "2011-12-31": "4445.22500", "2011-09-30": "4361.79600", "2011-06-30": "4322.73500", "2011-03-31": "4171.23300", "2010-12-31": "4015.85700", "2010-09-30": "3968.77100", "2010-06-30": "3556.76800", "2010-03-31": "3410.51600", "2009-12-31": "3219.18400", "2009-09-30": "3140.91100", "2009-06-30": "2999.51700", "2009-03-31": "2959.66100", "2008-12-31": "2994.15900", "2008-09-30": "3018.23800", "2008-06-30": "2927.63500", "2008-03-31": "2760.96900", "2007-12-31": "2675.73300", "2007-09-30": "2490.19200", "2007-06-30": "2332.53400", "2007-03-31": "2244.73700", "2006-12-31": "2195.39700", "2006-09-30": "2121.63500", "2006-06-30": "2051.53600", "2006-03-31": "2008.93800", "2005-12-31": "1932.54000", "2005-09-30": "1472.94000", "2005-06-30": "1450.91400", "2005-03-31": "1393.15900"}}, "cash flow statement": {"Net Income/Loss": {"2020-12-31": "1213.30000", "2019-12-31": "1164.00000", "2018-12-31": "1216.90000", "2017-12-31": "660.70000", "2016-12-31": "832.60000", "2015-12-31": "772.30000", "2014-12-31": "715.20000", "2013-12-31": "638.70000", "2012-12-31": "559.50000", "2011-12-31": "528.84200", "2010-12-31": "502.41300", "2009-12-31": "327.21600", "2008-12-31": "429.57700", "2007-12-31": "363.71200", "2006-12-31": "255.69100", "2005-12-31": "206.33900"}, "Total Depreciation And Amortization - Cash Flow": {"2020-12-31": "308.10000", "2019-12-31": "312.10000", "2018-12-31": "299.70000", "2017-12-31": "226.80000", "2016-12-31": "217.00000", "2015-12-31": "171.60000", "2014-12-31": "168.10000", "2013-12-31": "136.50000", "2012-12-31": "121.80000", "2011-12-31": "119.43900", "2010-12-31": "102.84600", "2009-12-31": "98.52400", "2008-12-31": "91.30200", "2007-12-31": "82.34800", "2006-12-31": "73.12400", "2005-12-31": "51.64200"}, "Other Non-Cash Items": {"2020-12-31": "101.30000", "2019-12-31": "92.50000", "2018-12-31": "43.60000", "2017-12-31": "236.00000", "2016-12-31": "-26.70000", "2015-12-31": "40.90000", "2014-12-31": "9.10000", "2013-12-31": "15.10000", "2012-12-31": "9.80000", "2011-12-31": "15.25900", "2010-12-31": "10.69300", "2009-12-31": "4.15500", "2008-12-31": "-4.99100", "2007-12-31": "-11.24700", "2006-12-31": "8.98200", "2005-12-31": "5.66600"}, "Total Non-Cash Items": {"2020-12-31": "409.40000", "2019-12-31": "404.60000", "2018-12-31": "343.30000", "2017-12-31": "462.80000", "2016-12-31": "190.30000", "2015-12-31": "212.50000", "2014-12-31": "177.20000", "2013-12-31": "151.60000", "2012-12-31": "131.60000", "2011-12-31": "134.69800", "2010-12-31": "113.53900", "2009-12-31": "102.67900", "2008-12-31": "86.31100", "2007-12-31": "71.10100", "2006-12-31": "82.10600", "2005-12-31": "57.30800"}, "Change In Accounts Receivable": {"2020-12-31": "", "2019-12-31": "117.30000", "2018-12-31": "-237.90000", "2017-12-31": "-146.50000", "2016-12-31": "-165.90000", "2015-12-31": "-22.30000", "2014-12-31": "-111.50000", "2013-12-31": "-37.10000", "2012-12-31": "-123.90000", "2011-12-31": "-9.66400", "2010-12-31": "-239.65700", "2009-12-31": "93.58800", "2008-12-31": "1.41900", "2007-12-31": "-87.01300", "2006-12-31": "-60.60300", "2005-12-31": "-40.15200"}, "Change In Inventories": {"2020-12-31": "", "2019-12-31": "-3.40000", "2018-12-31": "-173.30000", "2017-12-31": "-100.40000", "2016-12-31": "-14.20000", "2015-12-31": "-5.20000", "2014-12-31": "-51.60000", "2013-12-31": "-8.00000", "2012-12-31": "-45.90000", "2011-12-31": "-88.48600", "2010-12-31": "-65.17900", "2009-12-31": "76.33200", "2008-12-31": "-47.57000", "2007-12-31": "-22.72400", "2006-12-31": "-81.87800", "2005-12-31": "-20.63600"}, "Change In Accounts Payable": {"2020-12-31": "", "2019-12-31": "-60.20000", "2018-12-31": "48.80000", "2017-12-31": "140.50000", "2016-12-31": "47.80000", "2015-12-31": "-17.50000", "2014-12-31": "66.80000", "2013-12-31": "6.90000", "2012-12-31": "99.40000", "2011-12-31": "-27.54700", "2010-12-31": "76.93200", "2009-12-31": "-31.70900", "2008-12-31": "2.69900", "2007-12-31": "43.65100", "2006-12-31": "46.38200", "2005-12-31": "25.82800"}, "Change In Assets/Liabilities": {"2020-12-31": "-30.70000", "2019-12-31": "2.10000", "2018-12-31": "-56.20000", "2017-12-31": "97.90000", "2016-12-31": "30.90000", "2015-12-31": "37.80000", "2014-12-31": "-1.00000", "2013-12-31": "-21.70000", "2012-12-31": "-7.80000", "2011-12-31": "8.69000", "2010-12-31": "6.62200", "2009-12-31": "10.23900", "2008-12-31": "-7.24000", "2007-12-31": "-8.52700", "2006-12-31": "4.37400", "2005-12-31": "7.79400"}, "Total Change In Assets/Liabilities": {"2020-12-31": "-30.70000", "2019-12-31": "-66.30000", "2018-12-31": "-447.50010", "2017-12-31": "20.70000", "2016-12-31": "54.70000", "2015-12-31": "45.70000", "2014-12-31": "-11.50000", "2013-12-31": "-21.20000", "2012-12-31": "-16.40000", "2011-12-31": "-98.33300", "2010-12-31": "-191.05900", "2009-12-31": "152.40200", "2008-12-31": "-34.36500", "2007-12-31": "-46.91400", "2006-12-31": "-48.20000", "2005-12-31": "-34.02300"}, "Cash Flow From Operating Activities": {"2020-12-31": "1592.00000", "2019-12-31": "1502.30000", "2018-12-31": "1112.70000", "2017-12-31": "1144.20000", "2016-12-31": "1077.60000", "2015-12-31": "1030.50000", "2014-12-31": "880.90000", "2013-12-31": "769.10000", "2012-12-31": "674.70000", "2011-12-31": "565.20700", "2010-12-31": "424.89300", "2009-12-31": "582.29700", "2008-12-31": "481.52300", "2007-12-31": "387.89900", "2006-12-31": "289.59700", "2005-12-31": "229.62400"}, "Net Change In Property, Plant, And Equipment": {"2020-12-31": "-264.10000", "2019-12-31": "-287.60000", "2018-12-31": "-305.60000", "2017-12-31": "-222.50000", "2016-12-31": "-183.70000", "2015-12-31": "-163.40000", "2014-12-31": "-203.50000", "2013-12-31": "-154.70000", "2012-12-31": "-124.30000", "2011-12-31": "-92.10400", "2010-12-31": "-107.60700", "2009-12-31": "-59.83400", "2008-12-31": "-107.34000", "2007-12-31": "-98.41800", "2006-12-31": "-76.50000", "2005-12-31": "-57.12100"}, "Net Change In Intangible Assets": {"2020-12-31": "", "2019-12-31": "", "2018-12-31": "", "2017-12-31": "", "2016-12-31": "", "2015-12-31": "", "2014-12-31": "", "2013-12-31": "", "2012-12-31": "", "2011-12-31": "", "2010-12-31": "", "2009-12-31": "", "2008-12-31": "", "2007-12-31": "", "2006-12-31": "", "2005-12-31": ""}, "Net Acquisitions/Divestitures": {"2020-12-31": "-50.40000", "2019-12-31": "-937.40000", "2018-12-31": "-158.90000", "2017-12-31": "-265.50000", "2016-12-31": "-1305.10000", "2015-12-31": "-199.80000", "2014-12-31": "-518.20000", "2013-12-31": "-484.90000", "2012-12-31": "-251.50000", "2011-12-31": "-303.27300", "2010-12-31": "-180.40200", "2009-12-31": "-280.01400", "2008-12-31": "-135.80700", "2007-12-31": "-138.16300", "2006-12-31": "-22.47300", "2005-12-31": "-512.30700"}, "Net Change In Short-term Investments": {"2020-12-31": "-18.40000", "2019-12-31": "-3.80000", "2018-12-31": "22.70000", "2017-12-31": "107.80000", "2016-12-31": "-123.90000", "2015-12-31": "335.90000", "2014-12-31": "-60.20000", "2013-12-31": "-53.70000", "2012-12-31": "-117.80000", "2011-12-31": "-35.50700", "2010-12-31": "-60.21600", "2009-12-31": "-33.34200", "2008-12-31": "-2.93800", "2007-12-31": "-1.36000", "2006-12-31": "", "2005-12-31": ""}, "Net Change In Long-Term Investments": {"2020-12-31": "", "2019-12-31": "", "2018-12-31": "", "2017-12-31": "", "2016-12-31": "", "2015-12-31": "", "2014-12-31": "", "2013-12-31": "", "2012-12-31": "", "2011-12-31": "", "2010-12-31": "", "2009-12-31": "", "2008-12-31": "", "2007-12-31": "", "2006-12-31": "", "2005-12-31": ""}, "Net Change In Investments - Total": {"2020-12-31": "-18.40000", "2019-12-31": "-3.80000", "2018-12-31": "22.70000", "2017-12-31": "107.80000", "2016-12-31": "-123.90000", "2015-12-31": "335.90000", "2014-12-31": "-60.20000", "2013-12-31": "-53.70000", "2012-12-31": "-117.80000", "2011-12-31": "-35.50700", "2010-12-31": "-60.21600", "2009-12-31": "-33.34200", "2008-12-31": "-2.93800", "2007-12-31": "-1.36000", "2006-12-31": "", "2005-12-31": ""}, "Investing Activities - Other": {"2020-12-31": "-0.60000", "2019-12-31": "", "2018-12-31": "", "2017-12-31": "", "2016-12-31": "", "2015-12-31": "", "2014-12-31": "", "2013-12-31": "", "2012-12-31": "", "2011-12-31": "", "2010-12-31": "", "2009-12-31": "", "2008-12-31": "", "2007-12-31": "", "2006-12-31": "", "2005-12-31": ""}, "Cash Flow From Investing Activities": {"2020-12-31": "-333.50000", "2019-12-31": "-1228.80000", "2018-12-31": "-441.80000", "2017-12-31": "-380.20000", "2016-12-31": "-1612.70000", "2015-12-31": "-27.30000", "2014-12-31": "-781.90000", "2013-12-31": "-693.30000", "2012-12-31": "-493.60000", "2011-12-31": "-430.88400", "2010-12-31": "-348.22500", "2009-12-31": "-373.19000", "2008-12-31": "-246.08500", "2007-12-31": "-237.94100", "2006-12-31": "-98.97300", "2005-12-31": "-569.42800"}, "Net Long-Term Debt": {"2020-12-31": "152.10000", "2019-12-31": "58.30010", "2018-12-31": "11.90000", "2017-12-31": "528.40000", "2016-12-31": "183.20000", "2015-12-31": "153.60000", "2014-12-31": "540.00000", "2013-12-31": "421.10000", "2012-12-31": "329.50010", "2011-12-31": "571.30000", "2010-12-31": "45.38900", "2009-12-31": "-33.05600", "2008-12-31": "61.91400", "2007-12-31": "", "2006-12-31": "", "2005-12-31": ""}, "Net Current Debt": {"2020-12-31": "-0.70000", "2019-12-31": "", "2018-12-31": "", "2017-12-31": "", "2016-12-31": "", "2015-12-31": "", "2014-12-31": "", "2013-12-31": "", "2012-12-31": "", "2011-12-31": "", "2010-12-31": "", "2009-12-31": "", "2008-12-31": "", "2007-12-31": "41.62200", "2006-12-31": "-102.55700", "2005-12-31": "331.13100"}, "Debt Issuance/Retirement Net - Total": {"2020-12-31": "151.40010", "2019-12-31": "58.30010", "2018-12-31": "11.90000", "2017-12-31": "528.40000", "2016-12-31": "183.20000", "2015-12-31": "153.60000", "2014-12-31": "540.00000", "2013-12-31": "421.10000", "2012-12-31": "329.50010", "2011-12-31": "571.30000", "2010-12-31": "45.38900", "2009-12-31": "-33.05600", "2008-12-31": "61.91400", "2007-12-31": "41.62200", "2006-12-31": "-102.55700", "2005-12-31": "331.13100"}, "Net Common Equity Issued/Repurchased": {"2020-12-31": "-255.60000", "2019-12-31": "-355.60000", "2018-12-31": "-804.50000", "2017-12-31": "-433.90000", "2016-12-31": "-178.60000", "2015-12-31": "-184.50000", "2014-12-31": "-441.60000", "2013-12-31": "-229.60000", "2012-12-31": "-284.60000", "2011-12-31": "-646.10500", "2010-12-31": "46.61600", "2009-12-31": "25.48100", "2008-12-31": "-266.54400", "2007-12-31": "-59.04400", "2006-12-31": "-50.77600", "2005-12-31": "27.74600"}, "Net Total Equity Issued/Repurchased": {"2020-12-31": "-255.60000", "2019-12-31": "-355.60000", "2018-12-31": "-804.50000", "2017-12-31": "-433.90000", "2016-12-31": "-178.60000", "2015-12-31": "-184.50000", "2014-12-31": "-441.60000", "2013-12-31": "-229.60000", "2012-12-31": "-284.60000", "2011-12-31": "-646.10500", "2010-12-31": "46.61600", "2009-12-31": "25.48100", "2008-12-31": "-266.54400", "2007-12-31": "-59.04400", "2006-12-31": "-50.77600", "2005-12-31": "27.74600"}, "Total Common And Preferred Stock Dividends Paid": {"2020-12-31": "-297.60000", "2019-12-31": "-279.50000", "2018-12-31": "-253.70000", "2017-12-31": "-205.00000", "2016-12-31": "-172.70000", "2015-12-31": "-159.30000", "2014-12-31": "-101.90000", "2013-12-31": "-96.80000", "2012-12-31": "-70.10000", "2011-12-31": "-10.28200", "2010-12-31": "-10.41300", "2009-12-31": "-10.27900", "2008-12-31": "-10.61700", "2007-12-31": "-10.71000", "2006-12-31": "-10.72400", "2005-12-31": "-8.03400"}, "Financial Activities - Other": {"2020-12-31": "-114.80000", "2019-12-31": "-71.60000", "2018-12-31": "-23.80000", "2017-12-31": "-29.60000", "2016-12-31": "34.60000", "2015-12-31": "10.10000", "2014-12-31": "17.60000", "2013-12-31": "13.80000", "2012-12-31": "12.10000", "2011-12-31": "-66.06100", "2010-12-31": "-16.87100", "2009-12-31": "-16.46800", "2008-12-31": "21.30700", "2007-12-31": "-17.44600", "2006-12-31": "8.89900", "2005-12-31": "-2.54200"}, "Cash Flow From Financial Activities": {"2020-12-31": "-516.60000", "2019-12-31": "-648.40000", "2018-12-31": "-1070.10000", "2017-12-31": "-140.10000", "2016-12-31": "-133.50000", "2015-12-31": "-180.10000", "2014-12-31": "14.10000", "2013-12-31": "108.50000", "2012-12-31": "-13.10000", "2011-12-31": "-151.14800", "2010-12-31": "64.72100", "2009-12-31": "-34.32200", "2008-12-31": "-193.94000", "2007-12-31": "-45.57800", "2006-12-31": "-155.15800", "2005-12-31": "348.30100"}, "Net Cash Flow": {"2020-12-31": "810.80000", "2019-12-31": "-388.10000", "2018-12-31": "-439.80000", "2017-12-31": "684.50000", "2016-12-31": "-702.60000", "2015-12-31": "768.30000", "2014-12-31": "82.10000", "2013-12-31": "196.00000", "2012-12-31": "175.70000", "2011-12-31": "-10.80200", "2010-12-31": "141.27500", "2009-12-31": "169.62600", "2008-12-31": "31.34600", "2007-12-31": "109.50600", "2006-12-31": "35.46600", "2005-12-31": "8.49700"}, "Stock-Based Compensation": {"2020-12-31": "70.50000", "2019-12-31": "63.00000", "2018-12-31": "55.60000", "2017-12-31": "49.70000", "2016-12-31": "47.60000", "2015-12-31": "44.20000", "2014-12-31": "41.40000", "2013-12-31": "36.10000", "2012-12-31": "31.40000", "2011-12-31": "28.67900", "2010-12-31": "25.38500", "2009-12-31": "20.24000", "2008-12-31": "16.31600", "2007-12-31": "12.44400", "2006-12-31": "9.71800", "2005-12-31": ""}, "Common Stock Dividends Paid": {"2020-12-31": "-297.60000", "2019-12-31": "-279.50000", "2018-12-31": "-253.70000", "2017-12-31": "-205.00000", "2016-12-31": "-172.70000", "2015-12-31": "-159.30000", "2014-12-31": "-101.90000", "2013-12-31": "-96.80000", "2012-12-31": "-70.10000", "2011-12-31": "-10.28200", "2010-12-31": "-10.41300", "2009-12-31": "-10.27900", "2008-12-31": "-10.61700", "2007-12-31": "-10.71000", "2006-12-31": "-10.72400", "2005-12-31": "-8.03400"}}, "cash flow statement, quarterly": {"Net Income/Loss": {"2020-12-31": 360.2, "2020-09-30": 349.4, "2020-06-30": 260.5, "2020-03-31": "243.20000", "2019-12-31": 320.8, "2019-09-30": 282.4, "2019-06-30": 290.9, "2019-03-31": "269.90000", "2018-12-31": 341.2, "2018-09-30": 319.6, "2018-06-30": 287.8, "2018-03-31": "268.30000", "2017-12-31": -100.4, "2017-09-30": 280.2, "2017-06-30": 253.6, "2017-03-31": "227.30000", "2016-12-31": 238.3, "2016-09-30": 227.1, "2016-06-30": 208.8, "2016-03-31": "158.40000", "2015-12-31": 202.6, "2015-09-30": 207.3, "2015-06-30": 180.6, "2015-03-31": "181.80000", "2014-12-31": 194.8, "2014-09-30": 184.2, "2014-06-30": 176.4, "2014-03-31": "159.80000", "2013-12-31": 168.83, "2013-09-30": 161.389, "2013-06-30": 154.868, "2013-03-31": "153.61300", "2012-12-31": 141.559, "2012-09-30": 148.8, "2012-06-30": 141.893, "2012-03-31": "127.24800", "2011-12-31": 115.005, "2011-09-30": 136.058, "2011-06-30": 148.894, "2011-03-31": "128.88500", "2010-12-31": 132.467, "2010-09-30": 138.799, "2010-06-30": 131.009, "2010-03-31": "100.13800", "2009-12-31": 89.977, "2009-09-30": 83.364, "2009-06-30": 76.825, "2009-03-31": "77.05000", "2008-12-31": 101.544, "2008-09-30": 116.482, "2008-06-30": 112.42, "2008-03-31": "99.13100", "2007-12-31": 110.511, "2007-09-30": 91.501, "2007-06-30": 83.996, "2007-03-31": "77.70400", "2006-12-31": 78.377, "2006-09-30": 66.699, "2006-06-30": 53.341, "2006-03-31": "57.27400", "2005-12-31": 55.818, "2005-09-30": 52.089, "2005-06-30": 52.056, "2005-03-31": "46.37600"}, "Total Depreciation And Amortization - Cash Flow": {"2020-12-31": 90.1, "2020-09-30": 74.4, "2020-06-30": 71.5, "2020-03-31": "72.10000", "2019-12-31": 76.7, "2019-09-30": 72, "2019-06-30": 77.8, "2019-03-31": "85.60000", "2018-12-31": 105.2, "2018-09-30": 72.3, "2018-06-30": 61.7, "2018-03-31": "60.50000", "2017-12-31": 58.3, "2017-09-30": 57.9, "2017-06-30": 56.5, "2017-03-31": "54.10000", "2016-12-31": 53.4, "2016-09-30": 51.2, "2016-06-30": 50.5, "2016-03-31": "61.90000", "2015-12-31": 43.5, "2015-09-30": 44.6, "2015-06-30": 43.4, "2015-03-31": "40.10000", "2014-12-31": 50.1, "2014-09-30": 40.4, "2014-06-30": 37.7, "2014-03-31": "39.90000", "2013-12-31": 34.969, "2013-09-30": 34.769, "2013-06-30": 34.17, "2013-03-31": "32.59200", "2012-12-31": 32.461, "2012-09-30": 30.748, "2012-06-30": 29.592, "2012-03-31": "28.99900", "2011-12-31": 31.242, "2011-09-30": 30.989, "2011-06-30": 29.851, "2011-03-31": "27.35700", "2010-12-31": 26.846, "2010-09-30": 26.507, "2010-06-30": 25.149, "2010-03-31": "24.34400", "2009-12-31": 25.601, "2009-09-30": 25.153, "2009-06-30": 24.779, "2009-03-31": "22.99100", "2008-12-31": 22.283, "2008-09-30": 23.335, "2008-06-30": 22.913, "2008-03-31": "22.77100", "2007-12-31": 21.415, "2007-09-30": 20.89, "2007-06-30": 20.979, "2007-03-31": "19.06400", "2006-12-31": 17.999, "2006-09-30": 18.383, "2006-06-30": 18.835, "2006-03-31": "17.90700", "2005-12-31": 14.209, "2005-09-30": 13.191, "2005-06-30": 13.064, "2005-03-31": "11.17800"}, "Other Non-Cash Items": {"2020-12-31": 56.1, "2020-09-30": 8.1, "2020-06-30": 8.3, "2020-03-31": "28.80000", "2019-12-31": 69.3, "2019-09-30": 17, "2019-06-30": -7.5, "2019-03-31": "13.70000", "2018-12-31": 44.7, "2018-09-30": 9.8, "2018-06-30": -23.4, "2018-03-31": "12.50000", "2017-12-31": 199.5, "2017-09-30": 6.1, "2017-06-30": 13.8, "2017-03-31": "16.60000", "2016-12-31": -29, "2016-09-30": 58.2, "2016-06-30": -17.4, "2016-03-31": "-38.50000", "2015-12-31": 25.2, "2015-09-30": 48.9, "2015-06-30": 0.4, "2015-03-31": "-33.60000", "2014-12-31": 33.6, "2014-09-30": 15.6, "2014-06-30": -36.5, "2014-03-31": "-3.60000", "2013-12-31": 31.618, "2013-09-30": 9.057, "2013-06-30": -13.003, "2013-03-31": "-12.57200", "2012-12-31": 49.227, "2012-09-30": -4.278, "2012-06-30": -47.062, "2012-03-31": "11.91300", "2011-12-31": 130.929, "2011-09-30": 10.124, "2011-06-30": -83.424, "2011-03-31": "-42.37000", "2010-12-31": 105.661, "2010-09-30": -27.935, "2010-06-30": -57.19, "2010-03-31": "-9.84300", "2009-12-31": -119.983, "2009-09-30": 38.053, "2009-06-30": 47.046, "2009-03-31": "39.03900", "2008-12-31": 74.597, "2008-09-30": -17.08, "2008-06-30": -46.822, "2008-03-31": "-15.68600", "2007-12-31": 44.719, "2007-09-30": 10.611, "2007-06-30": -23.777, "2007-03-31": "-42.80000", "2006-12-31": 33.905, "2006-09-30": -6.758, "2006-06-30": 3.263, "2006-03-31": "-21.42800", "2005-12-31": 36.556, "2005-09-30": -30.89, "2005-06-30": 0, "2005-03-31": ""}, "Total Non-Cash Items": {"2020-12-31": 146.2, "2020-09-30": 82.5, "2020-06-30": 79.8, "2020-03-31": "100.90000", "2019-12-31": 146, "2019-09-30": 89, "2019-06-30": 70.3, "2019-03-31": "99.30000", "2018-12-31": 149.9, "2018-09-30": 82.1, "2018-06-30": 38.3, "2018-03-31": "73.00000", "2017-12-31": 257.8, "2017-09-30": 64, "2017-06-30": 70.3, "2017-03-31": "70.70000", "2016-12-31": 24.4, "2016-09-30": 109.4, "2016-06-30": 33.1, "2016-03-31": "23.40000", "2015-12-31": 68.7, "2015-09-30": 93.5, "2015-06-30": 43.8, "2015-03-31": "6.50000", "2014-12-31": 83.7, "2014-09-30": 56, "2014-06-30": 1.2, "2014-03-31": "36.30000", "2013-12-31": 66.587, "2013-09-30": 43.826, "2013-06-30": 21.167, "2013-03-31": "20.02000", "2012-12-31": 81.688, "2012-09-30": 26.47, "2012-06-30": -17.47, "2012-03-31": "40.91200", "2011-12-31": 162.171, "2011-09-30": 41.113, "2011-06-30": -53.573, "2011-03-31": "-15.01300", "2010-12-31": 132.507, "2010-09-30": -1.428, "2010-06-30": -32.041, "2010-03-31": "14.50100", "2009-12-31": -94.382, "2009-09-30": 63.206, "2009-06-30": 71.825, "2009-03-31": "62.03000", "2008-12-31": 96.88, "2008-09-30": 6.255, "2008-06-30": -23.909, "2008-03-31": "7.08500", "2007-12-31": 66.134, "2007-09-30": 31.501, "2007-06-30": -2.798, "2007-03-31": "-23.73600", "2006-12-31": 51.904, "2006-09-30": 11.625, "2006-06-30": 22.098, "2006-03-31": "-3.52100", "2005-12-31": 50.765, "2005-09-30": -17.699, "2005-06-30": 13.064, "2005-03-31": "11.17800"}, "Change In Accounts Receivable": {"2020-12-31": 0, "2020-09-30": 0, "2020-06-30": 0, "2020-03-31": "", "2019-12-31": 117.3, "2019-09-30": 0, "2019-06-30": 0, "2019-03-31": "", "2018-12-31": -237.9, "2018-09-30": 0, "2018-06-30": 0, "2018-03-31": "", "2017-12-31": -146.5, "2017-09-30": 0, "2017-06-30": 0, "2017-03-31": "", "2016-12-31": -165.9, "2016-09-30": 0, "2016-06-30": 0, "2016-03-31": "", "2015-12-31": -22.3, "2015-09-30": 0, "2015-06-30": 0, "2015-03-31": "", "2014-12-31": -111.5, "2014-09-30": 0, "2014-06-30": 0, "2014-03-31": "", "2013-12-31": -37.1, "2013-09-30": 0, "2013-06-30": 0, "2013-03-31": "", "2012-12-31": -123.9, "2012-09-30": 0, "2012-06-30": 0, "2012-03-31": "", "2011-12-31": -9.664, "2011-09-30": 0, "2011-06-30": 0, "2011-03-31": "", "2010-12-31": -157.657, "2010-09-30": 0, "2010-06-30": 0, "2010-03-31": "-82.00000", "2009-12-31": 102.588, "2009-09-30": -3, "2009-06-30": -12, "2009-03-31": "6.00000", "2008-12-31": 1.419, "2008-09-30": 0, "2008-06-30": 0, "2008-03-31": "", "2007-12-31": -87.013, "2007-09-30": 0, "2007-06-30": 0, "2007-03-31": "", "2006-12-31": -60.603, "2006-09-30": 0, "2006-06-30": 0, "2006-03-31": "", "2005-12-31": -40.152, "2005-09-30": 0, "2005-06-30": 0, "2005-03-31": ""}, "Change In Inventories": {"2020-12-31": 0, "2020-09-30": 0, "2020-06-30": 0, "2020-03-31": "", "2019-12-31": -3.4, "2019-09-30": 0, "2019-06-30": 0, "2019-03-31": "", "2018-12-31": -173.3, "2018-09-30": 0, "2018-06-30": 0, "2018-03-31": "", "2017-12-31": -100.4, "2017-09-30": 0, "2017-06-30": 0, "2017-03-31": "", "2016-12-31": -14.2, "2016-09-30": 0, "2016-06-30": 0, "2016-03-31": "", "2015-12-31": -5.2, "2015-09-30": 0, "2015-06-30": 0, "2015-03-31": "", "2014-12-31": -51.6, "2014-09-30": 0, "2014-06-30": 0, "2014-03-31": "", "2013-12-31": -8, "2013-09-30": 0, "2013-06-30": 0, "2013-03-31": "", "2012-12-31": -45.9, "2012-09-30": 0, "2012-06-30": 0, "2012-03-31": "", "2011-12-31": -88.486, "2011-09-30": 0, "2011-06-30": 0, "2011-03-31": "", "2010-12-31": -65.179, "2010-09-30": 0, "2010-06-30": 0, "2010-03-31": "", "2009-12-31": 76.332, "2009-09-30": 0, "2009-06-30": 0, "2009-03-31": "", "2008-12-31": -47.57, "2008-09-30": 0, "2008-06-30": 0, "2008-03-31": "", "2007-12-31": -22.724, "2007-09-30": 0, "2007-06-30": 0, "2007-03-31": "", "2006-12-31": -81.878, "2006-09-30": 0, "2006-06-30": 0, "2006-03-31": "", "2005-12-31": -20.636, "2005-09-30": 0, "2005-06-30": 0, "2005-03-31": ""}, "Change In Accounts Payable": {"2020-12-31": 0, "2020-09-30": 0, "2020-06-30": 0, "2020-03-31": "", "2019-12-31": -60.2, "2019-09-30": 0, "2019-06-30": 0, "2019-03-31": "", "2018-12-31": 48.8, "2018-09-30": 0, "2018-06-30": 0, "2018-03-31": "", "2017-12-31": 140.5, "2017-09-30": 0, "2017-06-30": 0, "2017-03-31": "", "2016-12-31": 47.8, "2016-09-30": 0, "2016-06-30": 0, "2016-03-31": "", "2015-12-31": -17.5, "2015-09-30": 0, "2015-06-30": 0, "2015-03-31": "", "2014-12-31": 66.8, "2014-09-30": 0, "2014-06-30": 0, "2014-03-31": "", "2013-12-31": 6.9, "2013-09-30": 0, "2013-06-30": 0, "2013-03-31": "", "2012-12-31": 99.4, "2012-09-30": 0, "2012-06-30": 0, "2012-03-31": "", "2011-12-31": -27.547, "2011-09-30": 0, "2011-06-30": 0, "2011-03-31": "", "2010-12-31": 76.932, "2010-09-30": 0, "2010-06-30": 0, "2010-03-31": "", "2009-12-31": -31.709, "2009-09-30": 0, "2009-06-30": 0, "2009-03-31": "", "2008-12-31": 2.699, "2008-09-30": 0, "2008-06-30": 0, "2008-03-31": "", "2007-12-31": 43.651, "2007-09-30": 0, "2007-06-30": 0, "2007-03-31": "", "2006-12-31": 46.382, "2006-09-30": 0, "2006-06-30": 0, "2006-03-31": "", "2005-12-31": 25.828, "2005-09-30": 0, "2005-06-30": 0, "2005-03-31": ""}, "Change In Assets/Liabilities": {"2020-12-31": -65.4, "2020-09-30": -33.3, "2020-06-30": 27.8, "2020-03-31": "40.20000", "2019-12-31": 25.7, "2019-09-30": 40.8, "2019-06-30": -38.8, "2019-03-31": "-25.60000", "2018-12-31": 201.4, "2018-09-30": -64.4, "2018-06-30": -61.1, "2018-03-31": "-132.10000", "2017-12-31": 346.9, "2017-09-30": -135.7, "2017-06-30": -53.1, "2017-03-31": "-60.20000", "2016-12-31": 62.4, "2016-09-30": -45.6, "2016-06-30": 1.7, "2016-03-31": "12.40000", "2015-12-31": 43.1, "2015-09-30": -15.4, "2015-06-30": 10.1, "2015-03-31": "", "2014-12-31": 5.5, "2014-09-30": -16.1, "2014-06-30": 3, "2014-03-31": "6.60000", "2013-12-31": -24.541, "2013-09-30": -8.297, "2013-06-30": 4.517, "2013-03-31": "6.62100", "2012-12-31": -7.55, "2012-09-30": 0.728, "2012-06-30": 2.978, "2012-03-31": "-3.95600", "2011-12-31": -1.535, "2011-09-30": 7.071, "2011-06-30": 9.288, "2011-03-31": "-6.13400", "2010-12-31": 11.389, "2010-09-30": -9.031, "2010-06-30": 5.06, "2010-03-31": "-0.79600", "2009-12-31": 4.956, "2009-09-30": 2.372, "2009-06-30": 5.226, "2009-03-31": "-2.31500", "2008-12-31": -0.46, "2008-09-30": -17.868, "2008-06-30": 7.688, "2008-03-31": "3.40000", "2007-12-31": -5.235, "2007-09-30": -13.804, "2007-06-30": 2.017, "2007-03-31": "8.49500", "2006-12-31": -2.099, "2006-09-30": -7.31, "2006-06-30": 11.633, "2006-03-31": "2.15000", "2005-12-31": 10.038, "2005-09-30": 32.733, "2005-06-30": -16.019, "2005-03-31": "-18.95800"}, "Total Change In Assets/Liabilities": {"2020-12-31": -65.4, "2020-09-30": -33.3, "2020-06-30": 27.8, "2020-03-31": "40.20000", "2019-12-31": -42.7, "2019-09-30": 40.8, "2019-06-30": -38.8, "2019-03-31": "-25.60000", "2018-12-31": -112.9001, "2018-09-30": -62.5, "2018-06-30": -61, "2018-03-31": "-211.10000", "2017-12-31": 270.4, "2017-09-30": -146, "2017-06-30": -43.5, "2017-03-31": "-60.20000", "2016-12-31": 86.2, "2016-09-30": -45.6, "2016-06-30": 1.7, "2016-03-31": "12.40000", "2015-12-31": 51, "2015-09-30": -15.4, "2015-06-30": 10.1, "2015-03-31": "", "2014-12-31": -5, "2014-09-30": -16.1, "2014-06-30": 3, "2014-03-31": "6.60000", "2013-12-31": -24.041, "2013-09-30": -8.297, "2013-06-30": 4.517, "2013-03-31": "6.62100", "2012-12-31": -16.15, "2012-09-30": 0.728, "2012-06-30": 2.978, "2012-03-31": "-3.95600", "2011-12-31": -108.558, "2011-09-30": 7.071, "2011-06-30": 9.288, "2011-03-31": "-6.13400", "2010-12-31": -104.292, "2010-09-30": -9.031, "2010-06-30": 5.06, "2010-03-31": "-82.79600", "2009-12-31": 156.119, "2009-09-30": -0.628, "2009-06-30": -6.774, "2009-03-31": "3.68500", "2008-12-31": -27.585, "2008-09-30": -17.868, "2008-06-30": 7.688, "2008-03-31": "3.40000", "2007-12-31": -43.622, "2007-09-30": -13.804, "2007-06-30": 2.017, "2007-03-31": "8.49500", "2006-12-31": -54.673, "2006-09-30": -7.31, "2006-06-30": 11.633, "2006-03-31": "2.15000", "2005-12-31": -31.779, "2005-09-30": 32.733, "2005-06-30": -16.019, "2005-03-31": "-18.95800"}, "Cash Flow From Operating Activities": {"2020-12-31": 441, "2020-09-30": 398.6, "2020-06-30": 368.1, "2020-03-31": "384.30000", "2019-12-31": 424.1, "2019-09-30": 412.2, "2019-06-30": 322.4, "2019-03-31": "343.60000", "2018-12-31": 378.2, "2018-09-30": 339.2, "2018-06-30": 265.1, "2018-03-31": "130.20000", "2017-12-31": 427.8, "2017-09-30": 198.2, "2017-06-30": 280.4, "2017-03-31": "237.80000", "2016-12-31": 348.9, "2016-09-30": 290.9, "2016-06-30": 243.6, "2016-03-31": "194.20000", "2015-12-31": 322.3, "2015-09-30": 285.4, "2015-06-30": 234.5, "2015-03-31": "188.30000", "2014-12-31": 273.5, "2014-09-30": 224.1, "2014-06-30": 180.6, "2014-03-31": "202.70000", "2013-12-31": 211.376, "2013-09-30": 196.918, "2013-06-30": 180.552, "2013-03-31": "180.25400", "2012-12-31": 207.097, "2012-09-30": 175.998, "2012-06-30": 127.401, "2012-03-31": "164.20400", "2011-12-31": 168.618, "2011-09-30": 184.242, "2011-06-30": 104.609, "2011-03-31": "107.73800", "2010-12-31": 160.682, "2010-09-30": 128.34, "2010-06-30": 104.028, "2010-03-31": "31.84300", "2009-12-31": 151.714, "2009-09-30": 145.942, "2009-06-30": 141.876, "2009-03-31": "142.76500", "2008-12-31": 170.839, "2008-09-30": 104.869, "2008-06-30": 96.199, "2008-03-31": "109.61600", "2007-12-31": 133.023, "2007-09-30": 109.198, "2007-06-30": 83.215, "2007-03-31": "62.46300", "2006-12-31": 75.608, "2006-09-30": 71.014, "2006-06-30": 87.072, "2006-03-31": "55.90300", "2005-12-31": 74.804, "2005-09-30": 67.123, "2005-06-30": 49.101, "2005-03-31": "38.59600"}, "Net Change In Property, Plant, And Equipment": {"2020-12-31": -70.1, "2020-09-30": -67.6, "2020-06-30": -66.8, "2020-03-31": "-59.60000", "2019-12-31": -71.7, "2019-09-30": -71.5, "2019-06-30": -74.2, "2019-03-31": "-70.20000", "2018-12-31": -101.2, "2018-09-30": -71.8, "2018-06-30": -78.5, "2018-03-31": "-54.10000", "2017-12-31": -68.7, "2017-09-30": -54.3, "2017-06-30": -51.1, "2017-03-31": "-48.40000", "2016-12-31": -51.4, "2016-09-30": -46.6, "2016-06-30": -47.4, "2016-03-31": "-38.30000", "2015-12-31": -39.3, "2015-09-30": -41.2, "2015-06-30": -43.2, "2015-03-31": "-39.70000", "2014-12-31": -43, "2014-09-30": -56, "2014-06-30": -50.8, "2014-03-31": "-53.70000", "2013-12-31": -51.044, "2013-09-30": -39.031, "2013-06-30": -35.742, "2013-03-31": "-28.88300", "2012-12-31": -31.985, "2012-09-30": -31.197, "2012-06-30": -30.61, "2012-03-31": "-30.50800", "2011-12-31": -27.19, "2011-09-30": -19.134, "2011-06-30": -22.602, "2011-03-31": "-23.17800", "2010-12-31": -35.279, "2010-09-30": -29.242, "2010-06-30": -24.733, "2010-03-31": "-18.35300", "2009-12-31": -14.227, "2009-09-30": -14.775, "2009-06-30": -13.961, "2009-03-31": "-16.87100", "2008-12-31": -24.296, "2008-09-30": -32.541, "2008-06-30": -30.589, "2008-03-31": "-19.91400", "2007-12-31": -22.615, "2007-09-30": -24.871, "2007-06-30": -28.304, "2007-03-31": "-22.62800", "2006-12-31": -23.303, "2006-09-30": -21.11, "2006-06-30": -11.927, "2006-03-31": "-20.16000", "2005-12-31": -15.786, "2005-09-30": -13.422, "2005-06-30": -15.438, "2005-03-31": "-12.47500"}, "Net Change In Intangible Assets": {"2020-12-31": 0, "2020-09-30": 0, "2020-06-30": 0, "2020-03-31": "", "2019-12-31": 0, "2019-09-30": 0, "2019-06-30": 0, "2019-03-31": "", "2018-12-31": 0, "2018-09-30": 0, "2018-06-30": 0, "2018-03-31": "", "2017-12-31": 0, "2017-09-30": 0, "2017-06-30": 0, "2017-03-31": "", "2016-12-31": 0, "2016-09-30": 0, "2016-06-30": 0, "2016-03-31": "", "2015-12-31": 0, "2015-09-30": 0, "2015-06-30": 0, "2015-03-31": "", "2014-12-31": 0, "2014-09-30": 0, "2014-06-30": 0, "2014-03-31": "", "2013-12-31": 0, "2013-09-30": 0, "2013-06-30": 0, "2013-03-31": "", "2012-12-31": 0, "2012-09-30": 0, "2012-06-30": 0, "2012-03-31": "", "2011-12-31": 0, "2011-09-30": 0, "2011-06-30": 0, "2011-03-31": "", "2010-12-31": 0, "2010-09-30": 0, "2010-06-30": 0, "2010-03-31": "", "2009-12-31": 0, "2009-09-30": 0, "2009-06-30": 0, "2009-03-31": "", "2008-12-31": 0, "2008-09-30": 0, "2008-06-30": 0, "2008-03-31": "", "2007-12-31": 0, "2007-09-30": 0, "2007-06-30": 0, "2007-03-31": "", "2006-12-31": 0, "2006-09-30": 0, "2006-06-30": 0, "2006-03-31": "", "2005-12-31": 0, "2005-09-30": 0, "2005-06-30": 0, "2005-03-31": ""}, "Net Acquisitions/Divestitures": {"2020-12-31": -0.1, "2020-09-30": -33.8, "2020-06-30": 0, "2020-03-31": "-16.50000", "2019-12-31": -46.2, "2019-09-30": -135, "2019-06-30": -356.9, "2019-03-31": "-399.30000", "2018-12-31": 0, "2018-09-30": -0.1, "2018-06-30": -59.3, "2018-03-31": "-99.50000", "2017-12-31": -22, "2017-09-30": -44.5, "2017-06-30": -152.4, "2017-03-31": "-46.60000", "2016-12-31": -32.5, "2016-09-30": -86.8, "2016-06-30": 0, "2016-03-31": "-1185.80000", "2015-12-31": 0, "2015-09-30": -28, "2015-06-30": -95.7, "2015-03-31": "-76.10000", "2014-12-31": -50.2, "2014-09-30": -448.5, "2014-06-30": -10.5, "2014-03-31": "-9.00000", "2013-12-31": -440.864, "2013-09-30": 0, "2013-06-30": -44.237, "2013-03-31": "0.20100", "2012-12-31": -71.903, "2012-09-30": -97.248, "2012-06-30": -82.349, "2012-03-31": "", "2011-12-31": -250.28, "2011-09-30": -1.104, "2011-06-30": -51.889, "2011-03-31": "", "2010-12-31": -15.481, "2010-09-30": -151.297, "2010-06-30": -10.624, "2010-03-31": "-3.00000", "2009-12-31": -7.321, "2009-09-30": -1.115, "2009-06-30": -10.114, "2009-03-31": "-261.46400", "2008-12-31": -35.434, "2008-09-30": -0.899, "2008-06-30": -29.031, "2008-03-31": "-70.44300", "2007-12-31": -68.801, "2007-09-30": -31.783, "2007-06-30": -15.237, "2007-03-31": "-22.34200", "2006-12-31": -3.67, "2006-09-30": -3.955, "2006-06-30": 0.834, "2006-03-31": "-15.68200", "2005-12-31": -407.528, "2005-09-30": -4.601, "2005-06-30": -47.139, "2005-03-31": "-53.03900"}, "Net Change In Short-term Investments": {"2020-12-31": -0.2, "2020-09-30": -9.4, "2020-06-30": -14.5, "2020-03-31": "5.70000", "2019-12-31": 0.1, "2019-09-30": -1.4, "2019-06-30": 3.1, "2019-03-31": "-5.60000", "2018-12-31": 9.7, "2018-09-30": 4.7, "2018-06-30": -3, "2018-03-31": "11.30000", "2017-12-31": 3.5, "2017-09-30": 6.3, "2017-06-30": -5.9, "2017-03-31": "103.90000", "2016-12-31": 16.1, "2016-09-30": -132.2, "2016-06-30": -4.8, "2016-03-31": "-3.00000", "2015-12-31": -1.7, "2015-09-30": 131.4, "2015-06-30": 226.7, "2015-03-31": "-20.50000", "2014-12-31": 8.2, "2014-09-30": -5.8, "2014-06-30": -86.9, "2014-03-31": "24.30000", "2013-12-31": 88.862, "2013-09-30": 24.678, "2013-06-30": -131.984, "2013-03-31": "-35.25600", "2012-12-31": -84.303, "2012-09-30": -32.895, "2012-06-30": -12.201, "2012-03-31": "11.59900", "2011-12-31": -43.118, "2011-09-30": -5.383, "2011-06-30": 13.075, "2011-03-31": "-0.08100", "2010-12-31": 8.904, "2010-09-30": -24.529, "2010-06-30": -36.238, "2010-03-31": "-8.35300", "2009-12-31": -19.228, "2009-09-30": -13.521, "2009-06-30": -2.013, "2009-03-31": "1.42000", "2008-12-31": 11.058, "2008-09-30": -5.445, "2008-06-30": -4.389, "2008-03-31": "-4.16200", "2007-12-31": 3.274, "2007-09-30": -0.426, "2007-06-30": -2.201, "2007-03-31": "-2.00700", "2006-12-31": 0, "2006-09-30": 0, "2006-06-30": 0, "2006-03-31": "", "2005-12-31": 0, "2005-09-30": 0, "2005-06-30": 0, "2005-03-31": ""}, "Net Change In Long-Term Investments": {"2020-12-31": 0, "2020-09-30": 0, "2020-06-30": 0, "2020-03-31": "", "2019-12-31": 0, "2019-09-30": 0, "2019-06-30": 0, "2019-03-31": "", "2018-12-31": 0, "2018-09-30": 0, "2018-06-30": 0, "2018-03-31": "", "2017-12-31": 0, "2017-09-30": 0, "2017-06-30": 0, "2017-03-31": "", "2016-12-31": 0, "2016-09-30": 0, "2016-06-30": 0, "2016-03-31": "", "2015-12-31": 0, "2015-09-30": 0, "2015-06-30": 0, "2015-03-31": "", "2014-12-31": 0, "2014-09-30": 0, "2014-06-30": 0, "2014-03-31": "", "2013-12-31": 0, "2013-09-30": 0, "2013-06-30": 0, "2013-03-31": "", "2012-12-31": 0, "2012-09-30": 0, "2012-06-30": 0, "2012-03-31": "", "2011-12-31": 0, "2011-09-30": 0, "2011-06-30": 0, "2011-03-31": "", "2010-12-31": 0, "2010-09-30": 0, "2010-06-30": 0, "2010-03-31": "", "2009-12-31": 0, "2009-09-30": 0, "2009-06-30": 0, "2009-03-31": "", "2008-12-31": 0, "2008-09-30": 0, "2008-06-30": 0, "2008-03-31": "", "2007-12-31": 0, "2007-09-30": 0, "2007-06-30": 0, "2007-03-31": "", "2006-12-31": 0, "2006-09-30": 0, "2006-06-30": 0, "2006-03-31": "", "2005-12-31": 0, "2005-09-30": 0, "2005-06-30": 0, "2005-03-31": ""}, "Net Change In Investments - Total": {"2020-12-31": -0.2, "2020-09-30": -9.4, "2020-06-30": -14.5, "2020-03-31": "5.70000", "2019-12-31": 0.1, "2019-09-30": -1.4, "2019-06-30": 3.1, "2019-03-31": "-5.60000", "2018-12-31": 9.7, "2018-09-30": 4.7, "2018-06-30": -3, "2018-03-31": "11.30000", "2017-12-31": 3.5, "2017-09-30": 6.3, "2017-06-30": -5.9, "2017-03-31": "103.90000", "2016-12-31": 16.1, "2016-09-30": -132.2, "2016-06-30": -4.8, "2016-03-31": "-3.00000", "2015-12-31": -1.7, "2015-09-30": 131.4, "2015-06-30": 226.7, "2015-03-31": "-20.50000", "2014-12-31": 8.2, "2014-09-30": -5.8, "2014-06-30": -86.9, "2014-03-31": "24.30000", "2013-12-31": 88.862, "2013-09-30": 24.678, "2013-06-30": -131.984, "2013-03-31": "-35.25600", "2012-12-31": -84.303, "2012-09-30": -32.895, "2012-06-30": -12.201, "2012-03-31": "11.59900", "2011-12-31": -43.118, "2011-09-30": -5.383, "2011-06-30": 13.075, "2011-03-31": "-0.08100", "2010-12-31": 8.904, "2010-09-30": -24.529, "2010-06-30": -36.238, "2010-03-31": "-8.35300", "2009-12-31": -19.228, "2009-09-30": -13.521, "2009-06-30": -2.013, "2009-03-31": "1.42000", "2008-12-31": 11.058, "2008-09-30": -5.445, "2008-06-30": -4.389, "2008-03-31": "-4.16200", "2007-12-31": 3.274, "2007-09-30": -0.426, "2007-06-30": -2.201, "2007-03-31": "-2.00700", "2006-12-31": 0, "2006-09-30": 0, "2006-06-30": 0, "2006-03-31": "", "2005-12-31": 0, "2005-09-30": 0, "2005-06-30": 0, "2005-03-31": ""}, "Investing Activities - Other": {"2020-12-31": -0.6, "2020-09-30": 0, "2020-06-30": 0, "2020-03-31": "", "2019-12-31": 0, "2019-09-30": 0, "2019-06-30": 0, "2019-03-31": "", "2018-12-31": 0, "2018-09-30": 0, "2018-06-30": 0, "2018-03-31": "", "2017-12-31": 0, "2017-09-30": 0, "2017-06-30": 0, "2017-03-31": "", "2016-12-31": 0, "2016-09-30": 0, "2016-06-30": 0, "2016-03-31": "", "2015-12-31": 0, "2015-09-30": 0, "2015-06-30": 0, "2015-03-31": "", "2014-12-31": 0, "2014-09-30": 0, "2014-06-30": 0, "2014-03-31": "", "2013-12-31": 0, "2013-09-30": 0, "2013-06-30": 0, "2013-03-31": "", "2012-12-31": 0, "2012-09-30": 0, "2012-06-30": 0, "2012-03-31": "", "2011-12-31": 0, "2011-09-30": 0, "2011-06-30": 0, "2011-03-31": "", "2010-12-31": 0, "2010-09-30": 0, "2010-06-30": 0, "2010-03-31": "", "2009-12-31": 0, "2009-09-30": 0, "2009-06-30": 0, "2009-03-31": "", "2008-12-31": 0, "2008-09-30": 0, "2008-06-30": 0, "2008-03-31": "", "2007-12-31": 0, "2007-09-30": 0, "2007-06-30": 0, "2007-03-31": "", "2006-12-31": 0, "2006-09-30": 0, "2006-06-30": 0, "2006-03-31": "", "2005-12-31": 0, "2005-09-30": 0, "2005-06-30": 0, "2005-03-31": ""}, "Cash Flow From Investing Activities": {"2020-12-31": -71, "2020-09-30": -110.8, "2020-06-30": -81.3, "2020-03-31": "-70.40000", "2019-12-31": -117.8, "2019-09-30": -207.9, "2019-06-30": -428, "2019-03-31": "-475.10000", "2018-12-31": -91.5, "2018-09-30": -67.2, "2018-06-30": -140.8, "2018-03-31": "-142.30000", "2017-12-31": -87.2, "2017-09-30": -92.5, "2017-06-30": -209.4, "2017-03-31": "8.90000", "2016-12-31": -67.8, "2016-09-30": -265.6, "2016-06-30": -52.2, "2016-03-31": "-1227.10000", "2015-12-31": -41, "2015-09-30": 62.2, "2015-06-30": 87.8, "2015-03-31": "-136.30000", "2014-12-31": -85, "2014-09-30": -510.3, "2014-06-30": -148.2, "2014-03-31": "-38.40000", "2013-12-31": -403.046, "2013-09-30": -14.353, "2013-06-30": -211.963, "2013-03-31": "-63.93800", "2012-12-31": -188.191, "2012-09-30": -161.34, "2012-06-30": -125.16, "2012-03-31": "-18.90900", "2011-12-31": -320.588, "2011-09-30": -25.621, "2011-06-30": -61.416, "2011-03-31": "-23.25900", "2010-12-31": -41.856, "2010-09-30": -205.068, "2010-06-30": -71.595, "2010-03-31": "-29.70600", "2009-12-31": -40.776, "2009-09-30": -29.411, "2009-06-30": -26.088, "2009-03-31": "-276.91500", "2008-12-31": -48.672, "2008-09-30": -38.885, "2008-06-30": -64.009, "2008-03-31": "-94.51900", "2007-12-31": -88.142, "2007-09-30": -57.08, "2007-06-30": -45.742, "2007-03-31": "-46.97700", "2006-12-31": -26.973, "2006-09-30": -25.065, "2006-06-30": -11.093, "2006-03-31": "-35.84200", "2005-12-31": -423.314, "2005-09-30": -18.023, "2005-06-30": -62.577, "2005-03-31": "-65.51400"}, "Net Long-Term Debt": {"2020-12-31": -1.4, "2020-09-30": -2.3, "2020-06-30": 7.2, "2020-03-31": "148.60000", "2019-12-31": -366.4999, "2019-09-30": 15.6, "2019-06-30": 399.5, "2019-03-31": "9.70000", "2018-12-31": 320.7, "2018-09-30": -180.2, "2018-06-30": 176.2, "2018-03-31": "-304.80000", "2017-12-31": -19.5, "2017-09-30": -201.4, "2017-06-30": 524, "2017-03-31": "225.30000", "2016-12-31": 37.4, "2016-09-30": 127.7, "2016-06-30": -32.7, "2016-03-31": "50.80000", "2015-12-31": -26.5, "2015-09-30": 93.6, "2015-06-30": 0.9, "2015-03-31": "85.60000", "2014-12-31": 49.0999, "2014-09-30": 280.6001, "2014-06-30": 119.8, "2014-03-31": "90.50000", "2013-12-31": 421.1, "2013-09-30": 0, "2013-06-30": 0, "2013-03-31": "", "2012-12-31": -169.2299, "2012-09-30": 0, "2012-06-30": 0, "2012-03-31": "498.73000", "2011-12-31": 571.3, "2011-09-30": 0, "2011-06-30": 0, "2011-03-31": "", "2010-12-31": 45.389, "2010-09-30": 0, "2010-06-30": 0, "2010-03-31": "", "2009-12-31": -39.107, "2009-09-30": 365.97, "2009-06-30": -359.919, "2009-03-31": "", "2008-12-31": 61.914, "2008-09-30": 0, "2008-06-30": 0, "2008-03-31": "", "2007-12-31": 0, "2007-09-30": 0, "2007-06-30": 0, "2007-03-31": "", "2006-12-31": 0, "2006-09-30": 0, "2006-06-30": 0, "2006-03-31": "", "2005-12-31": 0, "2005-09-30": 0, "2005-06-30": 0, "2005-03-31": ""}, "Net Current Debt": {"2020-12-31": 0, "2020-09-30": 0, "2020-06-30": -1353.1, "2020-03-31": "1352.40000", "2019-12-31": 0, "2019-09-30": 0, "2019-06-30": 0, "2019-03-31": "", "2018-12-31": 0, "2018-09-30": 0, "2018-06-30": 0, "2018-03-31": "", "2017-12-31": 0, "2017-09-30": 364.1, "2017-06-30": -364.1, "2017-03-31": "", "2016-12-31": 0, "2016-09-30": 0, "2016-06-30": 0, "2016-03-31": "", "2015-12-31": 0, "2015-09-30": 0, "2015-06-30": 0, "2015-03-31": "", "2014-12-31": 0, "2014-09-30": 0, "2014-06-30": 0, "2014-03-31": "", "2013-12-31": -163.757, "2013-09-30": 87.016, "2013-06-30": 94.656, "2013-03-31": "-17.91500", "2012-12-31": 270.36, "2012-09-30": 61.504, "2012-06-30": 148.983, "2012-03-31": "-480.84700", "2011-12-31": -459.502, "2011-09-30": 107.123, "2011-06-30": 202.809, "2011-03-31": "149.57000", "2010-12-31": -149.786, "2010-09-30": 121.004, "2010-06-30": -19.824, "2010-03-31": "48.60600", "2009-12-31": 0, "2009-09-30": -395.2, "2009-06-30": 309.313, "2009-03-31": "85.88700", "2008-12-31": -46.111, "2008-09-30": -48.166, "2008-06-30": -32.829, "2008-03-31": "127.10600", "2007-12-31": 5.465, "2007-09-30": 30.647, "2007-06-30": -2.008, "2007-03-31": "7.51800", "2006-12-31": -8.395, "2006-09-30": -18.005, "2006-06-30": -52.125, "2006-03-31": "-24.03200", "2005-12-31": 340.409, "2005-09-30": -35.285, "2005-06-30": 2.329, "2005-03-31": "23.67800"}, "Debt Issuance/Retirement Net - Total": {"2020-12-31": -1.3999, "2020-09-30": -2.3, "2020-06-30": -1345.9, "2020-03-31": "1501.00000", "2019-12-31": -366.4999, "2019-09-30": 15.6, "2019-06-30": 399.5, "2019-03-31": "9.70000", "2018-12-31": 320.7, "2018-09-30": -180.2, "2018-06-30": 176.2, "2018-03-31": "-304.80000", "2017-12-31": -19.5, "2017-09-30": 162.7, "2017-06-30": 159.9, "2017-03-31": "225.30000", "2016-12-31": 37.4, "2016-09-30": 127.7, "2016-06-30": -32.7, "2016-03-31": "50.80000", "2015-12-31": -26.5, "2015-09-30": 93.6, "2015-06-30": 0.9, "2015-03-31": "85.60000", "2014-12-31": 49.0999, "2014-09-30": 280.6001, "2014-06-30": 119.8, "2014-03-31": "90.50000", "2013-12-31": 257.343, "2013-09-30": 87.016, "2013-06-30": 94.656, "2013-03-31": "-17.91500", "2012-12-31": 101.1301, "2012-09-30": 61.504, "2012-06-30": 148.983, "2012-03-31": "17.88300", "2011-12-31": 111.798, "2011-09-30": 107.123, "2011-06-30": 202.809, "2011-03-31": "149.57000", "2010-12-31": -104.397, "2010-09-30": 121.004, "2010-06-30": -19.824, "2010-03-31": "48.60600", "2009-12-31": -39.107, "2009-09-30": -29.23, "2009-06-30": -50.606, "2009-03-31": "85.88700", "2008-12-31": 15.803, "2008-09-30": -48.166, "2008-06-30": -32.829, "2008-03-31": "127.10600", "2007-12-31": 5.465, "2007-09-30": 30.647, "2007-06-30": -2.008, "2007-03-31": "7.51800", "2006-12-31": -8.395, "2006-09-30": -18.005, "2006-06-30": -52.125, "2006-03-31": "-24.03200", "2005-12-31": 340.409, "2005-09-30": -35.285, "2005-06-30": 2.329, "2005-03-31": "23.67800"}, "Net Common Equity Issued/Repurchased": {"2020-12-31": -53, "2020-09-30": -97.9, "2020-06-30": 122.5, "2020-03-31": "-227.20000", "2019-12-31": 56.8, "2019-09-30": -117.2, "2019-06-30": -182.7, "2019-03-31": "-112.50000", "2018-12-31": -247.3, "2018-09-30": 37.5, "2018-06-30": -233.3, "2018-03-31": "-361.40000", "2017-12-31": -12.7, "2017-09-30": -94.3, "2017-06-30": -101.4, "2017-03-31": "-225.50000", "2016-12-31": -69.8, "2016-09-30": -68.2, "2016-06-30": -6, "2016-03-31": "-34.60000", "2015-12-31": -34.7, "2015-09-30": -46.4, "2015-06-30": -57.2, "2015-03-31": "-46.20000", "2014-12-31": -129.6, "2014-09-30": -120.1, "2014-06-30": -84.5, "2014-03-31": "-107.40000", "2013-12-31": -12.212, "2013-09-30": -100.484, "2013-06-30": -62.286, "2013-03-31": "-54.61800", "2012-12-31": -128.608, "2012-09-30": 9.32, "2012-06-30": -105.845, "2012-03-31": "-59.46700", "2011-12-31": -136.36, "2011-09-30": -170.198, "2011-06-30": -162.965, "2011-03-31": "-176.58200", "2010-12-31": 25.345, "2010-09-30": 13.874, "2010-06-30": 4.224, "2010-03-31": "3.17300", "2009-12-31": 20.982, "2009-09-30": 1.484, "2009-06-30": 2.791, "2009-03-31": "0.22400", "2008-12-31": -149.76, "2008-09-30": 18.127, "2008-06-30": 8.415, "2008-03-31": "-143.32600", "2007-12-31": 2.575, "2007-09-30": -29.322, "2007-06-30": -21.289, "2007-03-31": "-11.00800", "2006-12-31": -30.573, "2006-09-30": -9.75, "2006-06-30": -14.449, "2006-03-31": "3.99600", "2005-12-31": 11.995, "2005-09-30": 3.431, "2005-06-30": 12.995, "2005-03-31": "-0.67500"}, "Net Total Equity Issued/Repurchased": {"2020-12-31": -53, "2020-09-30": -97.9, "2020-06-30": 122.5, "2020-03-31": "-227.20000", "2019-12-31": 56.8, "2019-09-30": -117.2, "2019-06-30": -182.7, "2019-03-31": "-112.50000", "2018-12-31": -247.3, "2018-09-30": 37.5, "2018-06-30": -233.3, "2018-03-31": "-361.40000", "2017-12-31": -12.7, "2017-09-30": -94.3, "2017-06-30": -101.4, "2017-03-31": "-225.50000", "2016-12-31": -69.8, "2016-09-30": -68.2, "2016-06-30": -6, "2016-03-31": "-34.60000", "2015-12-31": -34.7, "2015-09-30": -46.4, "2015-06-30": -57.2, "2015-03-31": "-46.20000", "2014-12-31": -129.6, "2014-09-30": -120.1, "2014-06-30": -84.5, "2014-03-31": "-107.40000", "2013-12-31": -12.212, "2013-09-30": -100.484, "2013-06-30": -62.286, "2013-03-31": "-54.61800", "2012-12-31": -128.608, "2012-09-30": 9.32, "2012-06-30": -105.845, "2012-03-31": "-59.46700", "2011-12-31": -136.36, "2011-09-30": -170.198, "2011-06-30": -162.965, "2011-03-31": "-176.58200", "2010-12-31": 25.345, "2010-09-30": 13.874, "2010-06-30": 4.224, "2010-03-31": "3.17300", "2009-12-31": 20.982, "2009-09-30": 1.484, "2009-06-30": 2.791, "2009-03-31": "0.22400", "2008-12-31": -149.76, "2008-09-30": 18.127, "2008-06-30": 8.415, "2008-03-31": "-143.32600", "2007-12-31": 2.575, "2007-09-30": -29.322, "2007-06-30": -21.289, "2007-03-31": "-11.00800", "2006-12-31": -30.573, "2006-09-30": -9.75, "2006-06-30": -14.449, "2006-03-31": "3.99600", "2005-12-31": 11.995, "2005-09-30": 3.431, "2005-06-30": 12.995, "2005-03-31": "-0.67500"}, "Total Common And Preferred Stock Dividends Paid": {"2020-12-31": -74.6, "2020-09-30": -74.6, "2020-06-30": -74, "2020-03-31": "-74.40000", "2019-12-31": -74, "2019-09-30": -68.3, "2019-06-30": -68.5, "2019-03-31": "-68.70000", "2018-12-31": -69.3, "2018-09-30": -68.9, "2018-06-30": -57.4, "2018-03-31": "-58.10000", "2017-12-31": -57.9, "2017-09-30": -48.9, "2017-06-30": -48.9, "2017-03-31": "-49.30000", "2016-12-31": -43.3, "2016-09-30": -43.1, "2016-06-30": -43.1, "2016-03-31": "-43.20000", "2015-12-31": -43.2, "2015-09-30": -38.6, "2015-06-30": 0, "2015-03-31": "-77.50000", "2014-12-31": 0, "2014-09-30": -70.5, "2014-06-30": -31.4, "2014-03-31": "", "2013-12-31": -63.328, "2013-09-30": -16.716, "2013-06-30": -16.756, "2013-03-31": "", "2012-12-31": -33.715, "2012-09-30": -16.885, "2012-06-30": -17.052, "2012-03-31": "-2.44800", "2011-12-31": -2.494, "2011-09-30": -2.547, "2011-06-30": -2.608, "2011-03-31": "-2.63300", "2010-12-31": -2.612, "2010-09-30": -2.604, "2010-06-30": -2.602, "2010-03-31": "-2.59500", "2009-12-31": -2.573, "2009-09-30": 0, "2009-06-30": -2.571, "2009-03-31": "-5.13500", "2008-12-31": 0, "2008-09-30": -5.3, "2008-06-30": -2.635, "2008-03-31": "-2.68200", "2007-12-31": -2.674, "2007-09-30": -2.68, "2007-06-30": -2.672, "2007-03-31": "-2.68400", "2006-12-31": -2.679, "2006-09-30": -2.681, "2006-06-30": -2.685, "2006-03-31": "-2.67900", "2005-12-31": -2.686, "2005-09-30": -2.705, "2005-06-30": -2.643, "2005-03-31": ""}, "Financial Activities - Other": {"2020-12-31": -3.4, "2020-09-30": -18, "2020-06-30": -81.4, "2020-03-31": "-12.00000", "2019-12-31": -18.3, "2019-09-30": -21.5, "2019-06-30": -21.7, "2019-03-31": "-10.10000", "2018-12-31": -5.6, "2018-09-30": -11.1, "2018-06-30": -3.2, "2018-03-31": "-3.90000", "2017-12-31": -2.3, "2017-09-30": -2.5, "2017-06-30": -20.6, "2017-03-31": "-4.20000", "2016-12-31": 10.2, "2016-09-30": 15, "2016-06-30": 12.2, "2016-03-31": "-2.80000", "2015-12-31": 6.8, "2015-09-30": -1.4, "2015-06-30": 4.3, "2015-03-31": "0.40000", "2014-12-31": 2.3, "2014-09-30": 4.6, "2014-06-30": 14.8, "2014-03-31": "-4.10000", "2013-12-31": 2.028, "2013-09-30": -2.515, "2013-06-30": 6.814, "2013-03-31": "7.47300", "2012-12-31": 3.326, "2012-09-30": 5.065, "2012-06-30": 2.595, "2012-03-31": "1.11400", "2011-12-31": -0.871, "2011-09-30": -1.456, "2011-06-30": -67.863, "2011-03-31": "4.12900", "2010-12-31": 9.001, "2010-09-30": -24.784, "2010-06-30": -0.624, "2010-03-31": "-0.46400", "2009-12-31": -12.054, "2009-09-30": -5.11, "2009-06-30": 0.589, "2009-03-31": "0.10700", "2008-12-31": 0.04, "2008-09-30": 16.286, "2008-06-30": 4.711, "2008-03-31": "0.27000", "2007-12-31": -36.319, "2007-09-30": 3.156, "2007-06-30": 14.075, "2007-03-31": "1.64200", "2006-12-31": 4.384, "2006-09-30": 1.33, "2006-06-30": 1.896, "2006-03-31": "1.28900", "2005-12-31": -0.6, "2005-09-30": -1.942, "2005-06-30": 0, "2005-03-31": ""}, "Cash Flow From Financial Activities": {"2020-12-31": -132.4, "2020-09-30": -192.8, "2020-06-30": -1378.8, "2020-03-31": "1187.40000", "2019-12-31": -402, "2019-09-30": -191.4, "2019-06-30": 126.6, "2019-03-31": "-181.60000", "2018-12-31": -1.5, "2018-09-30": -222.7, "2018-06-30": -117.7, "2018-03-31": "-728.20000", "2017-12-31": -92.4, "2017-09-30": 17, "2017-06-30": -11, "2017-03-31": "-53.70000", "2016-12-31": -65.5, "2016-09-30": 31.4, "2016-06-30": -69.6, "2016-03-31": "-29.80000", "2015-12-31": -97.6, "2015-09-30": 7.2, "2015-06-30": -52, "2015-03-31": "-37.70000", "2014-12-31": -78.2, "2014-09-30": 94.6, "2014-06-30": 18.7, "2014-03-31": "-21.00000", "2013-12-31": 183.831, "2013-09-30": -32.699, "2013-06-30": 22.428, "2013-03-31": "-65.06000", "2012-12-31": -57.867, "2012-09-30": 59.004, "2012-06-30": 28.681, "2012-03-31": "-42.91800", "2011-12-31": -27.927, "2011-09-30": -67.078, "2011-06-30": -30.627, "2011-03-31": "-25.51600", "2010-12-31": -72.663, "2010-09-30": 107.49, "2010-06-30": -18.826, "2010-03-31": "48.72000", "2009-12-31": -32.752, "2009-09-30": -32.856, "2009-06-30": -49.797, "2009-03-31": "81.08300", "2008-12-31": -133.917, "2008-09-30": -19.053, "2008-06-30": -22.338, "2008-03-31": "-18.63200", "2007-12-31": -30.953, "2007-09-30": 1.801, "2007-06-30": -11.894, "2007-03-31": "-4.53200", "2006-12-31": -37.263, "2006-09-30": -29.106, "2006-06-30": -67.363, "2006-03-31": "-21.42600", "2005-12-31": 349.118, "2005-09-30": -36.501, "2005-06-30": 12.681, "2005-03-31": "23.00300"}, "Net Cash Flow": {"2020-12-31": 281.5, "2020-09-30": 132.2, "2020-06-30": -1084, "2020-03-31": "1481.10000", "2019-12-31": -78.1, "2019-09-30": -13, "2019-06-30": 12.6, "2019-03-31": "-309.60000", "2018-12-31": 281, "2018-09-30": 33.9, "2018-06-30": -35.8, "2018-03-31": "-718.90000", "2017-12-31": 266.9, "2017-09-30": 135.3, "2017-06-30": 74, "2017-03-31": "208.30000", "2016-12-31": 181, "2016-09-30": 59.6, "2016-06-30": 107, "2016-03-31": "-1050.20000", "2015-12-31": 161.6, "2015-09-30": 332.8, "2015-06-30": 272.9, "2015-03-31": "1.00000", "2014-12-31": 95.9, "2014-09-30": -207.1, "2014-06-30": 56.8, "2014-03-31": "136.50000", "2013-12-31": -2.516, "2013-09-30": 165.707, "2013-06-30": -11.334, "2013-03-31": "44.14300", "2012-12-31": -34.76, "2012-09-30": 79.532, "2012-06-30": 25.031, "2012-03-31": "105.89700", "2011-12-31": -175.093, "2011-09-30": 78.971, "2011-06-30": 18.209, "2011-03-31": "67.11100", "2010-12-31": 45.36, "2010-09-30": 43.851, "2010-06-30": 4.958, "2010-03-31": "47.10600", "2009-12-31": 77.044, "2009-09-30": 86.804, "2009-06-30": 70.246, "2009-03-31": "-64.46800", "2008-12-31": -15.754, "2008-09-30": 41.979, "2008-06-30": 8.607, "2008-03-31": "-3.48600", "2007-12-31": 19.054, "2007-09-30": 53.919, "2007-06-30": 25.579, "2007-03-31": "10.95400", "2006-12-31": 11.372, "2006-09-30": 16.843, "2006-06-30": 8.616, "2006-03-31": "-1.36500", "2005-12-31": 0.608, "2005-09-30": 12.599, "2005-06-30": -0.795, "2005-03-31": "-3.91500"}, "Stock-Based Compensation": {"2020-12-31": 19.5, "2020-09-30": 19, "2020-06-30": 16.6, "2020-03-31": "15.40000", "2019-12-31": 16.6, "2019-09-30": 16.6, "2019-06-30": 15.4, "2019-03-31": "14.40000", "2018-12-31": 15.2, "2018-09-30": 14.4, "2018-06-30": 13.3, "2018-03-31": "12.70000", "2017-12-31": 12.6, "2017-09-30": 12.7, "2017-06-30": 12.3, "2017-03-31": "12.10000", "2016-12-31": 12.1, "2016-09-30": 12.3, "2016-06-30": 11.6, "2016-03-31": "11.60000", "2015-12-31": 12.1, "2015-09-30": 11.9, "2015-06-30": 10.1, "2015-03-31": "10.10000", "2014-12-31": 12, "2014-09-30": 10.2, "2014-06-30": 9.9, "2014-03-31": "9.30000", "2013-12-31": 9.516, "2013-09-30": 9.409, "2013-06-30": 8.892, "2013-03-31": "8.28300", "2012-12-31": 8.233, "2012-09-30": 8.066, "2012-06-30": 7.61, "2012-03-31": "7.49100", "2011-12-31": 7.668, "2011-09-30": 7.63, "2011-06-30": 7.061, "2011-03-31": "6.32000", "2010-12-31": 6.805, "2010-09-30": 6.965, "2010-06-30": 6.172, "2010-03-31": "5.44300", "2009-12-31": 4.981, "2009-09-30": 5.231, "2009-06-30": 5.244, "2009-03-31": "4.78400", "2008-12-31": 4.539, "2008-09-30": 4.581, "2008-06-30": 3.994, "2008-03-31": "3.20200", "2007-12-31": 3.179, "2007-09-30": 3.273, "2007-06-30": 3.002, "2007-03-31": "2.99000", "2006-12-31": 2.838, "2006-09-30": 2.893, "2006-06-30": 2.206, "2006-03-31": "1.78100", "2005-12-31": 0, "2005-09-30": 0, "2005-06-30": 0, "2005-03-31": ""}, "Common Stock Dividends Paid": {"2020-12-31": -74.6, "2020-09-30": -74.6, "2020-06-30": -74, "2020-03-31": "-74.40000", "2019-12-31": -74, "2019-09-30": -68.3, "2019-06-30": -68.5, "2019-03-31": "-68.70000", "2018-12-31": -69.3, "2018-09-30": -68.9, "2018-06-30": -57.4, "2018-03-31": "-58.10000", "2017-12-31": -57.9, "2017-09-30": -48.9, "2017-06-30": -48.9, "2017-03-31": "-49.30000", "2016-12-31": -43.3, "2016-09-30": -43.1, "2016-06-30": -43.1, "2016-03-31": "-43.20000", "2015-12-31": -43.2, "2015-09-30": -38.6, "2015-06-30": 0, "2015-03-31": "-77.50000", "2014-12-31": 0, "2014-09-30": -70.5, "2014-06-30": -31.4, "2014-03-31": "0.00000", "2013-12-31": -63.328, "2013-09-30": -16.716, "2013-06-30": -16.756, "2013-03-31": "", "2012-12-31": -33.715, "2012-09-30": -16.885, "2012-06-30": -17.052, "2012-03-31": "-2.44800", "2011-12-31": -2.494, "2011-09-30": -2.547, "2011-06-30": -2.608, "2011-03-31": "-2.63300", "2010-12-31": -2.612, "2010-09-30": -2.604, "2010-06-30": -2.602, "2010-03-31": "-2.59500", "2009-12-31": -2.573, "2009-09-30": 0, "2009-06-30": -2.571, "2009-03-31": "-5.13500", "2008-12-31": 0, "2008-09-30": -5.3, "2008-06-30": -2.635, "2008-03-31": "-2.68200", "2007-12-31": -2.674, "2007-09-30": -2.68, "2007-06-30": -2.672, "2007-03-31": "-2.68400", "2006-12-31": -2.679, "2006-09-30": -2.681, "2006-06-30": -2.685, "2006-03-31": "-2.67900", "2005-12-31": -2.686, "2005-09-30": -2.705, "2005-06-30": -2.643, "2005-03-31": ""}}, "financial ratios": {"Current Ratio": {"2019-12-31": "1.97460", "2018-12-31": "1.86500", "2017-12-31": "2.94800", "2016-12-31": "2.19620", "2015-12-31": "3.81790", "2014-12-31": "3.30160", "2013-12-31": "1.96140", "2012-12-31": "3.04660", "2011-12-31": "3.39540", "2010-12-31": "3.04150", "2009-12-31": "2.82300", "2008-12-31": "2.10430", "2007-12-31": "2.35130", "2006-12-31": "2.08780", "2005-12-31": "2.11300"}, "Long-term Debt / Capital": {"2019-12-31": "0.41070", "2018-12-31": "0.40850", "2017-12-31": "0.46690", "2016-12-31": "0.41450", "2015-12-31": "0.46180", "2014-12-31": "0.47470", "2013-12-31": "0.33200", "2012-12-31": "0.39680", "2011-12-31": "0.38660", "2010-12-31": "0.25450", "2009-12-31": "0.29930", "2008-12-31": "0.36480", "2007-12-31": "0.36320", "2006-12-31": "0.42850", "2005-12-31": "0.52640"}, "Debt/Equity Ratio": {"2019-12-31": "0.78470", "2018-12-31": "0.87860", "2017-12-31": "0.87610", "2016-12-31": "0.80870", "2015-12-31": "0.85820", "2014-12-31": "0.90410", "2013-12-31": "0.74050", "2012-12-31": "0.69880", "2011-12-31": "0.63030", "2010-12-31": "0.34150", "2009-12-31": "0.42740", "2008-12-31": "0.57470", "2007-12-31": "0.57130", "2006-12-31": "0.75350", "2005-12-31": "1.13310"}, "Gross Margin": {"2019-12-31": "31.80390", "2018-12-31": "32.36890", "2017-12-31": "32.94540", "2016-12-31": "32.45100", "2015-12-31": "31.95540", "2014-12-31": "31.68650", "2013-12-31": "31.43870", "2012-12-31": "31.29470", "2011-12-31": "31.56670", "2010-12-31": "32.58850", "2009-12-31": "31.43740", "2008-12-31": "32.41660", "2007-12-31": "32.62460", "2006-12-31": "31.89170", "2005-12-31": "33.20830"}, "Operating Margin": {"2019-12-31": "19.68540", "2018-12-31": "20.56690", "2017-12-31": "20.36140", "2016-12-31": "19.17150", "2015-12-31": "19.83770", "2014-12-31": "19.35460", "2013-12-31": "19.43360", "2012-12-31": "19.29830", "2011-12-31": "19.07920", "2010-12-31": "19.70560", "2009-12-31": "17.33690", "2008-12-31": "19.53480", "2007-12-31": "19.39140", "2006-12-31": "17.18000", "2005-12-31": "18.98780"}, "EBIT Margin": {"2019-12-31": "19.68540", "2018-12-31": "20.56690", "2017-12-31": "20.36140", "2016-12-31": "19.17150", "2015-12-31": "19.83770", "2014-12-31": "19.35460", "2013-12-31": "19.43360", "2012-12-31": "19.29830", "2011-12-31": "19.07920", "2010-12-31": "19.70560", "2009-12-31": "17.33690", "2008-12-31": "19.53480", "2007-12-31": "19.39140", "2006-12-31": "17.18000", "2005-12-31": "18.98780"}, "EBITDA Margin": {"2019-12-31": "23.47970", "2018-12-31": "24.22090", "2017-12-31": "23.59620", "2016-12-31": "22.62340", "2015-12-31": "22.91920", "2014-12-31": "22.49930", "2013-12-31": "22.39150", "2012-12-31": "22.13600", "2011-12-31": "22.11080", "2010-12-31": "22.59930", "2009-12-31": "20.83060", "2008-12-31": "22.35590", "2007-12-31": "22.27980", "2006-12-31": "20.13880", "2005-12-31": "21.84390"}, "Pre-Tax Profit Margin": {"2019-12-31": "18.18640", "2018-12-31": "19.36600", "2017-12-31": "19.28890", "2016-12-31": "18.15190", "2015-12-31": "18.90570", "2014-12-31": "18.19290", "2013-12-31": "18.34570", "2012-12-31": "18.14500", "2011-12-31": "18.19270", "2010-12-31": "18.67390", "2009-12-31": "15.83390", "2008-12-31": "18.30950", "2007-12-31": "17.94090", "2006-12-31": "15.10350", "2005-12-31": "17.03220"}, "Net Profit Margin": {"2019-12-31": "14.04190", "2018-12-31": "14.69150", "2017-12-31": "9.27790", "2016-12-31": "13.09020", "2015-12-31": "13.71060", "2014-12-31": "13.26540", "2013-12-31": "13.77550", "2012-12-31": "12.93770", "2011-12-31": "13.30510", "2010-12-31": "13.96710", "2009-12-31": "11.27050", "2008-12-31": "12.95090", "2007-12-31": "12.38830", "2006-12-31": "10.34590", "2005-12-31": "11.41160"}, "Asset Turnover": {"2019-12-31": "0.76050", "2018-12-31": "0.81650", "2017-12-31": "0.70090", "2016-12-31": "0.73970", "2015-12-31": "0.74660", "2014-12-31": "0.76520", "2013-12-31": "0.74820", "2012-12-31": "0.82300", "2011-12-31": "0.88630", "2010-12-31": "0.88500", "2009-12-31": "0.87600", "2008-12-31": "1.08090", "2007-12-31": "1.06550", "2006-12-31": "1.12570", "2005-12-31": "0.93560"}, "Inventory Turnover Ratio": {"2019-12-31": "4.28170", "2018-12-31": "4.49590", "2017-12-31": "4.24740", "2016-12-31": "4.57140", "2015-12-31": "4.44850", "2014-12-31": "4.21870", "2013-12-31": "3.99180", "2012-12-31": "4.01910", "2011-12-31": "4.14880", "2010-12-31": "4.36270", "2009-12-31": "4.18740", "2008-12-31": "4.26790", "2007-12-31": "4.20440", "2006-12-31": "4.04140", "2005-12-31": "3.70610"}, "Receiveable Turnover": {"2019-12-31": "4.73700", "2018-12-31": "4.57750", "2017-12-31": "4.38590", "2016-12-31": "4.65900", "2015-12-31": "5.04140", "2014-12-31": "4.75710", "2013-12-31": "4.61010", "2012-12-31": "4.71290", "2011-12-31": "5.13540", "2010-12-31": "4.94620", "2009-12-31": "6.27250", "2008-12-31": "6.27220", "2007-12-31": "5.58580", "2006-12-31": "6.43840", "2005-12-31": "5.97010"}, "Days Sales In Receivables": {"2019-12-31": "77.05230", "2018-12-31": "79.73750", "2017-12-31": "83.22120", "2016-12-31": "78.34290", "2015-12-31": "72.40090", "2014-12-31": "76.72820", "2013-12-31": "79.17420", "2012-12-31": "77.44680", "2011-12-31": "71.07520", "2010-12-31": "73.79330", "2009-12-31": "58.19040", "2008-12-31": "58.19290", "2007-12-31": "65.34460", "2006-12-31": "56.69110", "2005-12-31": "61.13800"}, "ROE - Return On Equity": {"2019-12-31": "25.32530", "2018-12-31": "29.94190", "2017-12-31": "16.34020", "2016-12-31": "22.36310", "2015-12-31": "23.55720", "2014-12-31": "24.34390", "2013-12-31": "22.17630", "2012-12-31": "22.90980", "2011-12-31": "24.20570", "2010-12-31": "21.44580", "2009-12-31": "18.56210", "2008-12-31": "31.38880", "2007-12-31": "28.75390", "2006-12-31": "28.31590", "2005-12-31": "29.93740"}, "Return On Tangible Equity": {"2019-12-31": "-163.27680", "2018-12-31": "-278.53060", "2017-12-31": "-135.47270", "2016-12-31": "-176.02540", "2015-12-31": "276.31480", "2014-12-31": "-14023.26000", "2013-12-31": "158.84100", "2012-12-31": "159.37000", "2011-12-31": "120.55490", "2010-12-31": "62.07110", "2009-12-31": "83.01900", "2008-12-31": "315.32290", "2007-12-31": "210.13380", "2006-12-31": "-1099.84200", "2005-12-31": "-104.48340"}, "ROA - Return On Assets": {"2019-12-31": "10.76230", "2018-12-31": "12.11460", "2017-12-31": "6.60440", "2016-12-31": "9.79680", "2015-12-31": "10.35480", "2014-12-31": "10.23780", "2013-12-31": "10.35510", "2012-12-31": "10.72770", "2011-12-31": "11.89690", "2010-12-31": "12.51070", "2009-12-31": "10.16460", "2008-12-31": "14.34720", "2007-12-31": "13.59300", "2006-12-31": "11.64670", "2005-12-31": "10.67710"}, "ROI - Return On Investment": {"2019-12-31": "14.92380", "2018-12-31": "17.71170", "2017-12-31": "8.71070", "2016-12-31": "13.09410", "2015-12-31": "12.67810", "2014-12-31": "12.78860", "2013-12-31": "14.81390", "2012-12-31": "13.82030", "2011-12-31": "14.84840", "2010-12-31": "15.98840", "2009-12-31": "13.00610", "2008-12-31": "19.93780", "2007-12-31": "18.30940", "2006-12-31": "16.18130", "2005-12-31": "14.17940"}, "Book Value Per Share": {"2019-12-31": "15.42870", "2018-12-31": "13.61540", "2017-12-31": "13.22670", "2016-12-31": "12.07620", "2015-12-31": "10.64420", "2014-12-31": "9.48020", "2013-12-31": "9.10240", "2012-12-31": "7.63860", "2011-12-31": "6.69680", "2010-12-31": "6.67250", "2009-12-31": "5.08870", "2008-12-31": "3.99730", "2007-12-31": "3.53640", "2006-12-31": "2.53270", "2005-12-31": "1.92930"}, "Operating Cash Flow Per Share": {"2019-12-31": 1.3197, "2018-12-31": -0.0557, "2017-12-31": 0.1964, "2016-12-31": 0.1629, "2015-12-31": 0.5065, "2014-12-31": 0.3793, "2013-12-31": 0.3124, "2012-12-31": 0.413, "2011-12-31": 0.4398, "2010-12-31": -0.4689, "2009-12-31": 0.3274, "2008-12-31": 0.2837, "2007-12-31": 0.2729, "2006-12-31": 0.1553, "2005-12-31": 0.6345}, "Free Cash Flow Per Share": {"2019-12-31": 1.3632, "2018-12-31": -0.3303, "2017-12-31": 0.0762, "2016-12-31": 0.0963, "2015-12-31": 0.6255, "2014-12-31": 0.2208, "2013-12-31": 0.2148, "2012-12-31": 0.3019, "2011-12-31": 0.477, "2010-12-31": -0.6021, "2009-12-31": 0.4555, "2008-12-31": 0.2532, "2007-12-31": 0.212, "2006-12-31": 0.1044, "2005-12-31": 0.4767}}, "financial ratios, quarterly": {"Current Ratio": {"2020-09-30": "2.27400", "2020-06-30": "2.58680", "2020-03-31": "2.54240", "2019-12-31": "1.97460", "2019-09-30": "1.99390", "2019-06-30": "2.05670", "2019-03-31": "2.50270", "2018-12-31": "1.86500", "2018-09-30": "1.68350", "2018-06-30": "1.71800", "2018-03-31": "1.80210", "2017-12-31": "2.94800", "2017-09-30": "3.03610", "2017-06-30": "2.32940", "2017-03-31": "2.35100", "2016-12-31": "2.19620", "2016-09-30": "2.24990", "2016-06-30": "2.87100", "2016-03-31": "2.79510", "2015-12-31": "3.81790", "2015-09-30": "3.57190", "2015-06-30": "3.64860", "2015-03-31": "3.81740", "2014-12-31": "3.30160", "2014-09-30": "2.16830", "2014-06-30": "2.02270", "2014-03-31": "2.05920", "2013-12-31": "1.96140", "2013-09-30": "3.44550", "2013-06-30": "3.52450", "2013-03-31": "3.34430", "2012-12-31": "3.04660", "2012-09-30": "3.05460", "2012-06-30": "3.02640", "2012-03-31": "3.07630", "2011-12-31": "3.39540", "2011-09-30": "3.51530", "2011-06-30": "3.46510", "2011-03-31": "3.14450", "2010-12-31": "3.04150", "2010-09-30": "2.84900", "2010-06-30": "2.94460", "2010-03-31": "2.72630", "2009-12-31": "2.82300", "2009-09-30": "2.68980", "2009-06-30": "2.75810", "2009-03-31": "2.50670", "2008-12-31": "2.10430", "2008-09-30": "2.32850", "2008-06-30": "2.42390", "2008-03-31": "2.59360", "2007-12-31": "2.35130", "2007-09-30": "2.59890", "2007-06-30": "2.69200", "2007-03-31": "2.51740", "2006-12-31": "2.08780", "2006-09-30": "2.04280", "2006-06-30": "2.04510", "2006-03-31": "2.07980", "2005-12-31": "2.11300", "2005-09-30": "2.02580", "2005-06-30": "2.04840", "2005-03-31": "1.94940"}, "Long-term Debt / Capital": {"2020-09-30": "0.41260", "2020-06-30": "0.43950", "2020-03-31": "0.50810", "2019-12-31": "0.41070", "2019-09-30": "0.45710", "2019-06-30": "0.45920", "2019-03-31": "0.46020", "2018-12-31": "0.40850", "2018-09-30": "0.37850", "2018-06-30": "0.41170", "2018-03-31": "0.38550", "2017-12-31": "0.46690", "2017-09-30": "0.46420", "2017-06-30": "0.43550", "2017-03-31": "0.43280", "2016-12-31": "0.41450", "2016-09-30": "0.40900", "2016-06-30": "0.44230", "2016-03-31": "0.45560", "2015-12-31": "0.46180", "2015-09-30": "0.47280", "2015-06-30": "0.47070", "2015-03-31": "0.48060", "2014-12-31": "0.47470", "2014-09-30": "0.40300", "2014-06-30": "0.33970", "2014-03-31": "0.34460", "2013-12-31": "0.33200", "2013-09-30": "0.40090", "2013-06-30": "0.39550", "2013-03-31": "0.38800", "2012-12-31": "0.39680", "2012-09-30": "0.38270", "2012-06-30": "0.39120", "2012-03-31": "0.36770", "2011-12-31": "0.38660", "2011-09-30": "0.36200", "2011-06-30": "0.33390", "2011-03-31": "0.28980", "2010-12-31": "0.25450", "2010-09-30": "0.29410", "2010-06-30": "0.28290", "2010-03-31": "0.28720", "2009-12-31": "0.29930", "2009-09-30": "0.32520", "2009-06-30": "0.34930", "2009-03-31": "0.38030", "2008-12-31": "0.36480", "2008-09-30": "0.34480", "2008-06-30": "0.37670", "2008-03-31": "0.41030", "2007-12-31": "0.36320", "2007-09-30": "0.38670", "2007-06-30": "0.39220", "2007-03-31": "0.41290", "2006-12-31": "0.42850", "2006-09-30": "0.44220", "2006-06-30": "0.46230", "2006-03-31": "0.49400", "2005-12-31": "0.52640", "2005-09-30": "0.40180", "2005-06-30": "0.44060", "2005-03-31": "0.46500"}, "Debt/Equity Ratio": {"2020-09-30": "0.74730", "2020-06-30": "0.78460", "2020-03-31": "1.14550", "2019-12-31": "0.78470", "2019-09-30": "0.93780", "2019-06-30": "0.94510", "2019-03-31": "0.85380", "2018-12-31": "0.87860", "2018-09-30": "0.80390", "2018-06-30": "0.90140", "2018-03-31": "0.81640", "2017-12-31": "0.87610", "2017-09-30": "0.86650", "2017-06-30": "0.86740", "2017-03-31": "0.86300", "2016-12-31": "0.80870", "2016-09-30": "0.79170", "2016-06-30": "0.79320", "2016-03-31": "0.83710", "2015-12-31": "0.85820", "2015-09-30": "0.89690", "2015-06-30": "0.88940", "2015-03-31": "0.92600", "2014-12-31": "0.90410", "2014-09-30": "0.87530", "2014-06-30": "0.78160", "2014-03-31": "0.76790", "2013-12-31": "0.74050", "2013-09-30": "0.70110", "2013-06-30": "0.68630", "2013-03-31": "0.67070", "2012-12-31": "0.69880", "2012-09-30": "0.65840", "2012-06-30": "0.68200", "2012-03-31": "0.61600", "2011-12-31": "0.63030", "2011-09-30": "0.56750", "2011-06-30": "0.50140", "2011-03-31": "0.40820", "2010-12-31": "0.34150", "2010-09-30": "0.41680", "2010-06-30": "0.39470", "2010-03-31": "0.42950", "2009-12-31": "0.42740", "2009-09-30": "0.48230", "2009-06-30": "0.53710", "2009-03-31": "0.61410", "2008-12-31": "0.57470", "2008-09-30": "0.52650", "2008-06-30": "0.60480", "2008-03-31": "0.69640", "2007-12-31": "0.57130", "2007-09-30": "0.63170", "2007-06-30": "0.64740", "2007-03-31": "0.70620", "2006-12-31": "0.75350", "2006-09-30": "0.79710", "2006-06-30": "0.87330", "2006-03-31": "0.99810", "2005-12-31": "1.13310", "2005-09-30": "0.69570", "2005-06-30": "0.82030", "2005-03-31": "0.90250"}, "Gross Margin": {"2020-09-30": "31.63040", "2020-06-30": "30.37990", "2020-03-31": "30.06450", "2019-12-31": "31.55280", "2019-09-30": "31.51000", "2019-06-30": "32.13420", "2019-03-31": "32.05510", "2018-12-31": "32.13920", "2018-09-30": "32.32500", "2018-06-30": "32.54260", "2018-03-31": "32.50840", "2017-12-31": "32.68170", "2017-09-30": "32.92590", "2017-06-30": "33.15930", "2017-03-31": "33.06840", "2016-12-31": "33.08100", "2016-09-30": "32.84430", "2016-06-30": "32.12120", "2016-03-31": "31.64280", "2015-12-31": "32.04470", "2015-09-30": "31.78950", "2015-06-30": "32.00150", "2015-03-31": "31.99460", "2014-12-31": "32.00140", "2014-09-30": "31.76570", "2014-06-30": "31.71510", "2014-03-31": "31.20940", "2013-12-31": "31.24760", "2013-09-30": "31.55490", "2013-06-30": "31.66960", "2013-03-31": "31.29190", "2012-12-31": "31.01530", "2012-09-30": "31.20690", "2012-06-30": "31.49170", "2012-03-31": "31.50670", "2011-12-31": "31.07770", "2011-09-30": "31.32180", "2011-06-30": "31.56240", "2011-03-31": "32.33350", "2010-12-31": "32.63760", "2010-09-30": "32.65460", "2010-06-30": "32.69660", "2010-03-31": "32.32260", "2009-12-31": "31.86510", "2009-09-30": "31.31470", "2009-06-30": "31.25440", "2009-03-31": "31.26900", "2008-12-31": "31.82990", "2008-09-30": "32.56510", "2008-06-30": "32.66230", "2008-03-31": "32.55500", "2007-12-31": "32.78230", "2007-09-30": "32.58730", "2007-06-30": "32.75440", "2007-03-31": "32.34110", "2006-12-31": "32.44210", "2006-09-30": "31.69840", "2006-06-30": "31.76730", "2006-03-31": "31.60240", "2005-12-31": "25.91700", "2005-09-30": "36.14690", "2005-06-30": "36.34030", "2005-03-31": "35.65510"}, "Operating Margin": {"2020-09-30": "20.47860", "2020-06-30": "17.98240", "2020-03-31": "17.01930", "2019-12-31": "19.98610", "2019-09-30": "19.68960", "2019-06-30": "19.82340", "2019-03-31": "19.20860", "2018-12-31": "20.56910", "2018-09-30": "20.86430", "2018-06-30": "20.60160", "2018-03-31": "20.18860", "2017-12-31": "20.54630", "2017-09-30": "20.52910", "2017-06-30": "20.17400", "2017-03-31": "20.13330", "2016-12-31": "20.54390", "2016-09-30": "19.94620", "2016-06-30": "19.39670", "2016-03-31": "16.49670", "2015-12-31": "20.20270", "2015-09-30": "20.19730", "2015-06-30": "19.28970", "2015-03-31": "19.60670", "2014-12-31": "19.55140", "2014-09-30": "19.71000", "2014-06-30": "19.46430", "2014-03-31": "18.62610", "2013-12-31": "19.37340", "2013-09-30": "19.46840", "2013-06-30": "19.71830", "2013-03-31": "19.16620", "2012-12-31": "19.29960", "2012-09-30": "19.54640", "2012-06-30": "19.43030", "2012-03-31": "18.87510", "2011-12-31": "17.35620", "2011-09-30": "18.01580", "2011-06-30": "21.11290", "2011-03-31": "19.78400", "2010-12-31": "20.06080", "2010-09-30": "19.94110", "2010-06-30": "19.84920", "2010-03-31": "18.81360", "2009-12-31": "18.25940", "2009-09-30": "17.34510", "2009-06-30": "16.85360", "2009-03-31": "16.77020", "2008-12-31": "18.85390", "2008-09-30": "19.83660", "2008-06-30": "19.86530", "2008-03-31": "19.50090", "2007-12-31": "19.74830", "2007-09-30": "19.53390", "2007-06-30": "19.36790", "2007-03-31": "18.82970", "2006-12-31": "18.90040", "2006-09-30": "17.05750", "2006-06-30": "15.33310", "2006-03-31": "17.29220", "2005-12-31": "18.47200", "2005-09-30": "19.25950", "2005-06-30": "19.39540", "2005-03-31": "18.88960"}, "EBIT Margin": {"2020-09-30": "20.47860", "2020-06-30": "17.98240", "2020-03-31": "17.01930", "2019-12-31": "19.98610", "2019-09-30": "19.68960", "2019-06-30": "19.82340", "2019-03-31": "19.20860", "2018-12-31": "20.56910", "2018-09-30": "20.86430", "2018-06-30": "20.60160", "2018-03-31": "20.18860", "2017-12-31": "20.54630", "2017-09-30": "20.52910", "2017-06-30": "20.17400", "2017-03-31": "20.13330", "2016-12-31": "20.54390", "2016-09-30": "19.94620", "2016-06-30": "19.39670", "2016-03-31": "16.49670", "2015-12-31": "20.20270", "2015-09-30": "20.19730", "2015-06-30": "19.28970", "2015-03-31": "19.60670", "2014-12-31": "19.55140", "2014-09-30": "19.71000", "2014-06-30": "19.46430", "2014-03-31": "18.62610", "2013-12-31": "19.37340", "2013-09-30": "19.46840", "2013-06-30": "19.71830", "2013-03-31": "19.16620", "2012-12-31": "19.29950", "2012-09-30": "19.54640", "2012-06-30": "19.43030", "2012-03-31": "18.87510", "2011-12-31": "17.35620", "2011-09-30": "18.01580", "2011-06-30": "21.11290", "2011-03-31": "19.78400", "2010-12-31": "20.06070", "2010-09-30": "19.94110", "2010-06-30": "19.84920", "2010-03-31": "18.81360", "2009-12-31": "18.25940", "2009-09-30": "17.34510", "2009-06-30": "16.85360", "2009-03-31": "16.77020", "2008-12-31": "18.85390", "2008-09-30": "19.83660", "2008-06-30": "19.86530", "2008-03-31": "19.50090", "2007-12-31": "19.74830", "2007-09-30": "19.53390", "2007-06-30": "19.36790", "2007-03-31": "18.82970", "2006-12-31": "18.90040", "2006-09-30": "17.05750", "2006-06-30": "15.33310", "2006-03-31": "17.29220", "2005-12-31": "18.47200", "2005-09-30": "19.25950", "2005-06-30": "19.39540", "2005-03-31": "18.88960"}, "EBITDA Margin": {"2020-09-30": "", "2020-06-30": "", "2020-03-31": "", "2019-12-31": "", "2019-09-30": "", "2019-06-30": "", "2019-03-31": "", "2018-12-31": "", "2018-09-30": "", "2018-06-30": "", "2018-03-31": "", "2017-12-31": "", "2017-09-30": "", "2017-06-30": "", "2017-03-31": "", "2016-12-31": "", "2016-09-30": "", "2016-06-30": "", "2016-03-31": "", "2015-12-31": "", "2015-09-30": "", "2015-06-30": "", "2015-03-31": "", "2014-12-31": "", "2014-09-30": "", "2014-06-30": "", "2014-03-31": "", "2013-12-31": "", "2013-09-30": "", "2013-06-30": "", "2013-03-31": "", "2012-12-31": "", "2012-09-30": "", "2012-06-30": "", "2012-03-31": "", "2011-12-31": "", "2011-09-30": "", "2011-06-30": "", "2011-03-31": "", "2010-12-31": "", "2010-09-30": "", "2010-06-30": "", "2010-03-31": "", "2009-12-31": "", "2009-09-30": "", "2009-06-30": "", "2009-03-31": "", "2008-12-31": "", "2008-09-30": "", "2008-06-30": "", "2008-03-31": "", "2007-12-31": "", "2007-09-30": "", "2007-06-30": "", "2007-03-31": "", "2006-12-31": "", "2006-09-30": "", "2006-06-30": "", "2006-03-31": "", "2005-12-31": "", "2005-09-30": "", "2005-06-30": "", "2005-03-31": ""}, "Pre-Tax Profit Margin": {"2020-09-30": "19.31650", "2020-06-30": "16.52830", "2020-03-31": "15.53170", "2019-12-31": "18.72150", "2019-09-30": "17.80920", "2019-06-30": "18.33970", "2019-03-31": "17.84530", "2018-12-31": "19.40940", "2018-09-30": "19.70880", "2018-06-30": "19.29440", "2018-03-31": "18.99940", "2017-12-31": "19.46600", "2017-09-30": "19.46980", "2017-06-30": "19.03390", "2017-03-31": "19.12700", "2016-12-31": "19.64150", "2016-09-30": "18.98040", "2016-06-30": "18.34390", "2016-03-31": "15.31840", "2015-12-31": "19.27300", "2015-09-30": "19.32040", "2015-06-30": "18.33520", "2015-03-31": "18.63460", "2014-12-31": "18.49980", "2014-09-30": "18.51030", "2014-06-30": "18.26210", "2014-03-31": "17.42240", "2013-12-31": "18.36860", "2013-09-30": "18.39100", "2013-06-30": "18.61030", "2013-03-31": "17.99260", "2012-12-31": "18.17010", "2012-09-30": "18.41080", "2012-06-30": "18.25560", "2012-03-31": "17.69730", "2011-12-31": "16.39390", "2011-09-30": "17.21770", "2011-06-30": "20.20490", "2011-03-31": "18.90030", "2010-12-31": "19.15600", "2010-09-30": "18.95880", "2010-06-30": "18.80890", "2010-03-31": "17.57430", "2009-12-31": "16.36640", "2009-09-30": "16.04640", "2009-06-30": "15.46520", "2009-03-31": "15.37430", "2008-12-31": "17.54260", "2008-09-30": "18.72580", "2008-06-30": "18.71030", "2008-03-31": "18.15390", "2007-12-31": "19.42700", "2007-09-30": "17.61950", "2007-06-30": "17.53610", "2007-03-31": "16.95730", "2006-12-31": "17.06280", "2006-09-30": "15.03080", "2006-06-30": "13.12470", "2006-03-31": "15.02360", "2005-12-31": "16.39590", "2005-09-30": "16.89480", "2005-06-30": "17.77850", "2005-03-31": "17.16340"}, "Net Profit Margin": {"2020-09-30": "14.91780", "2020-06-30": "12.96600", "2020-03-31": "13.00220", "2019-12-31": "14.82100", "2019-09-30": "13.34380", "2019-06-30": "14.31050", "2019-03-31": "13.65840", "2018-12-31": "15.19310", "2018-09-30": "14.87080", "2018-06-30": "14.37370", "2018-03-31": "14.22680", "2017-12-31": "-5.31920", "2017-09-30": "15.07500", "2017-06-30": "15.09150", "2017-03-31": "14.41570", "2016-12-31": "14.26320", "2016-09-30": "13.71110", "2016-06-30": "13.33810", "2016-03-31": "10.79110", "2015-12-31": "13.99510", "2015-09-30": "14.01070", "2015-06-30": "13.24450", "2015-03-31": "13.54830", "2014-12-31": "13.56470", "2014-09-30": "13.40990", "2014-06-30": "13.30850", "2014-03-31": "12.71970", "2013-12-31": "13.47820", "2013-09-30": "13.94530", "2013-06-30": "13.55450", "2013-03-31": "14.16990", "2012-12-31": "12.24640", "2012-09-30": "13.36350", "2012-06-30": "13.28250", "2012-03-31": "12.89350", "2011-12-31": "12.00150", "2011-09-30": "13.03530", "2011-06-30": "14.51760", "2011-03-31": "13.60410", "2010-12-31": "13.80300", "2010-09-30": "14.47270", "2010-06-30": "14.65540", "2010-03-31": "12.75730", "2009-12-31": "11.55740", "2009-09-30": "11.29190", "2009-06-30": "10.92700", "2009-03-31": "11.27400", "2008-12-31": "13.07230", "2008-09-30": "13.07870", "2008-06-30": "12.98920", "2008-03-31": "12.64650", "2007-12-31": "12.86460", "2007-09-30": "12.46860", "2007-06-30": "12.19390", "2007-03-31": "11.93460", "2006-12-31": "11.88570", "2006-09-30": "10.48040", "2006-06-30": "8.79350", "2006-03-31": "10.06590", "2005-12-31": "10.98530", "2005-09-30": "11.65320", "2005-06-30": "11.73380", "2005-03-31": "11.32790"}, "Asset Turnover": {"2020-09-30": "0.19770", "2020-06-30": "0.17740", "2020-03-31": "0.15420", "2019-12-31": "0.19890", "2019-09-30": "0.19660", "2019-06-30": "0.18950", "2019-03-31": "0.19190", "2018-12-31": "0.22150", "2018-09-30": "0.21850", "2018-06-30": "0.20830", "2018-03-31": "0.19850", "2017-12-31": "0.19430", "2017-09-30": "0.19160", "2017-06-30": "0.18170", "2017-03-31": "0.17920", "2016-12-31": "0.19430", "2016-09-30": "0.19550", "2016-06-30": "0.19290", "2016-03-31": "0.18390", "2015-12-31": "0.19180", "2015-09-30": "0.19500", "2015-06-30": "0.18700", "2015-03-31": "0.18890", "2014-12-31": "0.20420", "2014-09-30": "0.19830", "2014-06-30": "0.20160", "2014-03-31": "0.20000", "2013-12-31": "0.20200", "2013-09-30": "0.20440", "2013-06-30": "0.21020", "2013-03-31": "0.20710", "2012-12-31": "0.21970", "2012-09-30": "0.21760", "2012-06-30": "0.22260", "2012-03-31": "0.21440", "2011-12-31": "0.21340", "2011-09-30": "0.23680", "2011-06-30": "0.23540", "2011-03-31": "0.22550", "2010-12-31": "0.23650", "2010-09-30": "0.23900", "2010-06-30": "0.24880", "2010-03-31": "0.22610", "2009-12-31": "0.23560", "2009-09-30": "0.22810", "2009-06-30": "0.22840", "2009-03-31": "0.22300", "2008-12-31": "0.25230", "2008-09-30": "0.28610", "2008-06-30": "0.28920", "2008-03-31": "0.27910", "2007-12-31": "0.29050", "2007-09-30": "0.29470", "2007-06-30": "0.29530", "2007-03-31": "0.29000", "2006-12-31": "0.30040", "2006-09-30": "0.30000", "2006-06-30": "0.29570", "2006-03-31": "0.28320", "2005-12-31": "0.26290", "2005-09-30": "0.30350", "2005-06-30": "0.30580", "2005-03-31": "0.29390"}, "Inventory Turnover Ratio": {"2020-09-30": "1.14200", "2020-06-30": "1.01600", "2020-03-31": "0.98280", "2019-12-31": "1.12380", "2019-09-30": "1.12970", "2019-06-30": "1.07250", "2019-03-31": "1.08680", "2018-12-31": "1.22360", "2018-09-30": "1.15680", "2018-06-30": "1.15240", "2018-03-31": "1.07990", "2017-12-31": "1.18220", "2017-09-30": "1.12430", "2017-06-30": "1.05160", "2017-03-31": "1.08510", "2016-12-31": "1.18950", "2016-09-30": "1.18560", "2016-06-30": "1.13410", "2016-03-31": "1.06270", "2015-12-31": "1.14120", "2015-09-30": "1.12160", "2015-06-30": "1.02910", "2015-03-31": "1.03570", "2014-12-31": "1.12060", "2014-09-30": "1.09320", "2014-06-30": "1.11420", "2014-03-31": "1.10930", "2013-12-31": "1.08060", "2013-09-30": "1.07710", "2013-06-30": "1.10350", "2013-03-31": "1.04260", "2012-12-31": "1.07750", "2012-09-30": "1.06580", "2012-06-30": "1.07640", "2012-03-31": "1.02010", "2011-12-31": "1.00620", "2011-09-30": "1.11730", "2011-06-30": "1.08450", "2011-03-31": "1.05550", "2010-12-31": "1.16520", "2010-09-30": "1.18350", "2010-06-30": "1.19450", "2010-03-31": "1.09590", "2009-12-31": "1.11890", "2009-09-30": "1.07940", "2009-06-30": "1.04700", "2009-03-31": "0.94570", "2008-12-31": "1.00460", "2008-09-30": "1.11600", "2008-06-30": "1.09740", "2008-03-31": "1.03960", "2007-12-31": "1.14350", "2007-09-30": "1.10640", "2007-06-30": "1.08760", "2007-03-31": "1.02990", "2006-12-31": "1.06960", "2006-09-30": "1.13120", "2006-06-30": "1.12970", "2006-03-31": "1.11880", "2005-12-31": "1.15520", "2005-09-30": "1.05500", "2005-06-30": "1.05060", "2005-03-31": "1.00010"}, "Receiveable Turnover": {"2020-09-30": "1.23570", "2020-06-30": "1.19850", "2020-03-31": "1.20870", "2019-12-31": "1.23880", "2019-09-30": "1.24360", "2019-06-30": "1.19600", "2019-03-31": "1.17850", "2018-12-31": "1.24160", "2018-09-30": "1.22530", "2018-06-30": "1.21760", "2018-03-31": "1.23160", "2017-12-31": "1.21600", "2017-09-30": "1.16840", "2017-06-30": "1.18420", "2017-03-31": "1.18340", "2016-12-31": "1.22370", "2016-09-30": "1.23990", "2016-06-30": "1.23140", "2016-03-31": "1.20740", "2015-12-31": "1.29500", "2015-09-30": "1.25470", "2015-06-30": "1.24050", "2015-03-31": "1.21550", "2014-12-31": "1.26950", "2014-09-30": "1.24370", "2014-06-30": "1.27460", "2014-03-31": "1.28260", "2013-12-31": "1.24450", "2013-09-30": "1.24490", "2013-06-30": "1.25420", "2013-03-31": "1.25330", "2012-12-31": "1.25840", "2012-09-30": "1.22140", "2012-06-30": "1.26310", "2012-03-31": "1.27250", "2011-12-31": "1.23660", "2011-09-30": "1.28540", "2011-06-30": "1.28270", "2011-03-31": "1.26390", "2010-12-31": "1.32200", "2010-09-30": "1.30380", "2010-06-30": "1.37050", "2010-03-31": "1.34640", "2009-12-31": "1.68660", "2009-09-30": "1.53930", "2009-06-30": "1.53950", "2009-03-31": "1.43650", "2008-12-31": "1.46370", "2008-09-30": "1.47970", "2008-06-30": "1.52520", "2008-03-31": "1.51720", "2007-12-31": "1.52280", "2007-09-30": "1.55130", "2007-06-30": "1.60980", "2007-03-31": "1.65870", "2006-12-31": "1.71790", "2006-09-30": "1.72200", "2006-06-30": "1.80070", "2006-03-31": "1.69800", "2005-12-31": "1.67770", "2005-09-30": "1.85440", "2005-06-30": "1.90550", "2005-03-31": "1.77600"}, "Days Sales In Receivables": {"2020-09-30": "72.83590", "2020-06-30": "75.09280", "2020-03-31": "74.46030", "2019-12-31": "72.65270", "2019-09-30": "72.36930", "2019-06-30": "75.24930", "2019-03-31": "76.37020", "2018-12-31": "72.48710", "2018-09-30": "73.45420", "2018-06-30": "73.91590", "2018-03-31": "73.07410", "2017-12-31": "74.01310", "2017-09-30": "77.02900", "2017-06-30": "76.00180", "2017-03-31": "76.05090", "2016-12-31": "73.54920", "2016-09-30": "72.58760", "2016-06-30": "73.08940", "2016-03-31": "74.53900", "2015-12-31": "69.49600", "2015-09-30": "71.72990", "2015-06-30": "72.55270", "2015-03-31": "74.04270", "2014-12-31": "70.89590", "2014-09-30": "72.36190", "2014-06-30": "70.61060", "2014-03-31": "70.17240", "2013-12-31": "72.31690", "2013-09-30": "72.29230", "2013-06-30": "71.75990", "2013-03-31": "71.81280", "2012-12-31": "71.52100", "2012-09-30": "73.68380", "2012-06-30": "71.25400", "2012-03-31": "70.72710", "2011-12-31": "72.77920", "2011-09-30": "70.01950", "2011-06-30": "70.16310", "2011-03-31": "71.20920", "2010-12-31": "68.08080", "2010-09-30": "69.02880", "2010-06-30": "65.66870", "2010-03-31": "66.84630", "2009-12-31": "53.36070", "2009-09-30": "58.46840", "2009-06-30": "58.46100", "2009-03-31": "62.65290", "2008-12-31": "61.48690", "2008-09-30": "60.82230", "2008-06-30": "59.00800", "2008-03-31": "59.31920", "2007-12-31": "59.10040", "2007-09-30": "58.01760", "2007-06-30": "55.90710", "2007-03-31": "54.25970", "2006-12-31": "52.39010", "2006-09-30": "52.26470", "2006-06-30": "49.98030", "2006-03-31": "53.00500", "2005-12-31": "53.64540", "2005-09-30": "48.53350", "2005-06-30": "47.23110", "2005-03-31": "50.67590"}, "ROE - Return On Equity": {"2020-09-30": "6.84600", "2020-06-30": "5.42670", "2020-03-31": "5.47050", "2019-12-31": "6.98190", "2019-09-30": "6.70370", "2019-06-30": "6.92090", "2019-03-31": "6.47180", "2018-12-31": "8.39530", "2018-09-30": "7.88490", "2018-06-30": "7.54870", "2018-03-31": "6.76180", "2017-12-31": "-2.48550", "2017-09-30": "6.82110", "2017-06-30": "6.47620", "2017-03-31": "6.05960", "2016-12-31": "6.40330", "2016-09-30": "6.04840", "2016-06-30": "5.83960", "2016-03-31": "4.62590", "2015-12-31": "6.17980", "2015-09-30": "6.51600", "2015-06-30": "5.82050", "2015-03-31": "6.10230", "2014-12-31": "6.63060", "2014-09-30": "6.14480", "2014-06-30": "5.88280", "2014-03-31": "5.51820", "2013-12-31": "5.86190", "2013-09-30": "6.05240", "2013-06-30": "5.96270", "2013-03-31": "6.10290", "2012-12-31": "5.79640", "2012-09-30": "6.10280", "2012-06-30": "6.26870", "2012-03-31": "5.61870", "2011-12-31": "5.26390", "2011-09-30": "6.10250", "2011-06-30": "6.44730", "2011-03-31": "5.53990", "2010-12-31": "5.65440", "2010-09-30": "6.39580", "2010-06-30": "6.61320", "2010-03-31": "5.36230", "2009-12-31": "5.10420", "2009-09-30": "5.07330", "2009-06-30": "5.02540", "2009-03-31": "5.42940", "2008-12-31": "7.41970", "2008-09-30": "7.95870", "2008-06-30": "8.29350", "2008-03-31": "8.09310", "2007-12-31": "8.73660", "2007-09-30": "8.06180", "2007-06-30": "7.92750", "2007-03-31": "7.97580", "2006-12-31": "8.67970", "2006-09-30": "7.72140", "2006-06-30": "6.59040", "2006-03-31": "7.54330", "2005-12-31": "8.09850", "2005-09-30": "8.21850", "2005-06-30": "8.94420", "2005-03-31": "8.79980"}, "Return On Tangible Equity": {"2020-09-30": "-135.20310", "2020-06-30": "-53.94490", "2020-03-31": "-29.34720", "2019-12-31": "-45.01330", "2019-09-30": "-22.13940", "2019-06-30": "-23.48430", "2019-03-31": "-27.59150", "2018-12-31": "-78.09570", "2018-09-30": "-61.29650", "2018-06-30": "-36.51820", "2018-03-31": "-40.68860", "2017-12-31": "20.60690", "2017-09-30": "-78.62550", "2017-06-30": "-51.21170", "2017-03-31": "-44.83240", "2016-12-31": "-50.40170", "2016-09-30": "-46.13040", "2016-06-30": "-34.65630", "2016-03-31": "-20.23250", "2015-12-31": "72.48660", "2015-09-30": "122.08500", "2015-06-30": "235.15540", "2015-03-31": "236.41050", "2014-12-31": "-3819.53500", "2014-09-30": "177.42900", "2014-06-30": "35.11660", "2014-03-31": "39.08610", "2013-12-31": "41.98710", "2013-09-30": "23.25180", "2013-06-30": "24.01020", "2013-03-31": "25.72490", "2012-12-31": "40.32220", "2012-09-30": "26.49200", "2012-06-30": "30.85930", "2012-03-31": "24.96200", "2011-12-31": "26.21660", "2011-09-30": "20.31960", "2011-06-30": "20.32910", "2011-03-31": "16.31510", "2010-12-31": "16.36580", "2010-09-30": "21.60840", "2010-06-30": "21.88400", "2010-03-31": "20.20370", "2009-12-31": "22.82830", "2009-09-30": "29.98480", "2009-06-30": "42.91390", "2009-03-31": "91.54650", "2008-12-31": "74.53650", "2008-09-30": "42.54520", "2008-06-30": "61.08750", "2008-03-31": "80.31030", "2007-12-31": "63.84750", "2007-09-30": "56.31980", "2007-06-30": "74.19490", "2007-03-31": "212.62490", "2006-12-31": "-337.13460", "2006-09-30": "-142.66570", "2006-06-30": "-52.87720", "2006-03-31": "-39.96340", "2005-12-31": "-28.26440", "2005-09-30": "-519.58650", "2005-06-30": "-89.15980", "2005-03-31": "-68.15390"}, "ROA - Return On Assets": {"2020-09-30": "2.97350", "2020-06-30": "2.32510", "2020-03-31": "2.01360", "2019-12-31": "2.96700", "2019-09-30": "2.64240", "2019-06-30": "2.73560", "2019-03-31": "2.64400", "2018-12-31": "3.39670", "2018-09-30": "3.28040", "2018-06-30": "3.02620", "2018-03-31": "2.85310", "2017-12-31": "-1.00460", "2017-09-30": "2.91710", "2017-06-30": "2.76470", "2017-03-31": "2.61040", "2016-12-31": "2.80510", "2016-09-30": "2.71330", "2016-06-30": "2.60000", "2016-03-31": "2.00760", "2015-12-31": "2.71640", "2015-09-30": "2.76930", "2015-06-30": "2.49840", "2015-03-31": "2.58770", "2014-12-31": "2.78850", "2014-09-30": "2.68840", "2014-06-30": "2.70660", "2014-03-31": "2.56490", "2013-12-31": "2.73720", "2013-09-30": "2.86120", "2013-06-30": "2.86560", "2013-03-31": "2.94620", "2012-12-31": "2.71420", "2012-09-30": "2.93440", "2012-06-30": "2.97670", "2012-03-31": "2.77990", "2011-12-31": "2.58720", "2011-09-30": "3.11930", "2011-06-30": "3.44440", "2011-03-31": "3.08990", "2010-12-31": "3.29860", "2010-09-30": "3.49730", "2010-06-30": "3.68340", "2010-03-31": "2.93620", "2009-12-31": "2.79500", "2009-09-30": "2.65410", "2009-06-30": "2.56120", "2009-03-31": "2.60330", "2008-12-31": "3.39140", "2008-09-30": "3.85930", "2008-06-30": "3.84000", "2008-03-31": "3.59040", "2007-12-31": "4.13010", "2007-09-30": "3.67450", "2007-06-30": "3.60110", "2007-03-31": "3.46160", "2006-12-31": "3.57010", "2006-09-30": "3.14380", "2006-06-30": "2.60010", "2006-03-31": "2.85100", "2005-12-31": "2.88830", "2005-09-30": "3.53640", "2005-06-30": "3.58780", "2005-03-31": "3.32880"}, "ROI - Return On Investment": {"2020-09-30": "4.02130", "2020-06-30": "3.04180", "2020-03-31": "2.69110", "2019-12-31": "4.11430", "2019-09-30": "3.63950", "2019-06-30": "3.74260", "2019-03-31": "3.49380", "2018-12-31": "4.96610", "2018-09-30": "4.90060", "2018-06-30": "4.44080", "2018-03-31": "4.15500", "2017-12-31": "-1.32500", "2017-09-30": "3.65500", "2017-06-30": "3.65600", "2017-03-31": "3.43710", "2016-12-31": "3.74930", "2016-09-30": "3.57490", "2016-06-30": "3.25660", "2016-03-31": "2.51810", "2015-12-31": "3.32590", "2015-09-30": "3.43530", "2015-06-30": "3.08090", "2015-03-31": "3.16930", "2014-12-31": "3.48320", "2014-09-30": "3.66870", "2014-06-30": "3.88420", "2014-03-31": "3.61670", "2013-12-31": "3.91580", "2013-09-30": "3.62590", "2013-06-30": "3.60480", "2013-03-31": "3.73470", "2012-12-31": "3.49670", "2012-09-30": "3.76760", "2012-06-30": "3.81630", "2012-03-31": "3.55290", "2011-12-31": "3.22900", "2011-09-30": "3.89340", "2011-06-30": "4.29460", "2011-03-31": "3.93440", "2010-12-31": "4.21550", "2010-09-30": "4.51500", "2010-06-30": "4.74220", "2010-03-31": "3.82210", "2009-12-31": "3.57640", "2009-09-30": "3.42330", "2009-06-30": "3.27010", "2009-03-31": "3.36450", "2008-12-31": "4.71290", "2008-09-30": "5.21490", "2008-06-30": "5.16940", "2008-03-31": "4.77230", "2007-12-31": "5.56320", "2007-09-30": "4.94470", "2007-06-30": "4.81810", "2007-03-31": "4.68230", "2006-12-31": "4.96000", "2006-09-30": "4.30730", "2006-06-30": "3.54370", "2006-03-31": "3.81650", "2005-12-31": "3.83570", "2005-09-30": "4.91650", "2005-06-30": "5.00340", "2005-03-31": "4.70750"}, "Book Value Per Share": {"2020-09-30": "17.06540", "2020-06-30": "16.08800", "2020-03-31": "15.02460", "2019-12-31": "15.42870", "2019-09-30": "14.20310", "2019-06-30": "14.13090", "2019-03-31": "13.96030", "2018-12-31": "13.61540", "2018-09-30": "13.45150", "2018-06-30": "12.69380", "2018-03-31": "13.13440", "2017-12-31": "13.22670", "2017-09-30": "13.47310", "2017-06-30": "12.83060", "2017-03-31": "12.28260", "2016-12-31": "12.07620", "2016-09-30": "12.16290", "2016-06-30": "11.58100", "2016-03-31": "11.12840", "2015-12-31": "10.64420", "2015-09-30": "10.32250", "2015-06-30": "10.04140", "2015-03-31": "9.62900", "2014-12-31": "9.48020", "2014-09-30": "9.60790", "2014-06-30": "9.54960", "2014-03-31": "9.22250", "2013-12-31": "9.10240", "2013-09-30": "8.43840", "2013-06-30": "8.11640", "2013-03-31": "7.86580", "2012-12-31": "7.63860", "2012-09-30": "7.52540", "2012-06-30": "6.94330", "2012-03-31": "6.94700", "2011-12-31": "6.69680", "2011-09-30": "6.75620", "2011-06-30": "6.79240", "2011-03-31": "6.60930", "2010-12-31": "6.67250", "2010-09-30": "6.20050", "2010-06-30": "5.69260", "2010-03-31": "5.36620", "2009-12-31": "5.08870", "2009-09-30": "4.77670", "2009-06-30": "4.44400", "2009-03-31": "4.12530", "2008-12-31": "3.99730", "2008-09-30": "4.16310", "2008-06-30": "3.83340", "2008-03-31": "3.49240", "2007-12-31": "3.53640", "2007-09-30": "3.18330", "2007-06-30": "2.96390", "2007-03-31": "2.72260", "2006-12-31": "2.53270", "2006-09-30": "2.47170", "2006-06-30": "2.26420", "2006-03-31": "2.11880", "2005-12-31": "1.92930", "2005-09-30": "1.78280", "2005-06-30": "1.63770", "2005-03-31": "1.49370"}, "Operating Cash Flow Per Share": {"2020-09-30": 1.2596, "2020-06-30": 1.2212, "2020-03-31": "1.25380", "2019-12-31": 1.358, "2019-09-30": 1.3638, "2019-06-30": 1.044, "2019-03-31": "1.11340", "2018-12-31": 1.2083, "2018-09-30": 1.0854, "2018-06-30": 0.8538, "2018-03-31": "0.41200", "2017-12-31": 1.346, "2017-09-30": 0.6298, "2017-06-30": 0.8878, "2017-03-31": "0.75160", "2016-12-31": 1.1106, "2016-09-30": 0.9201, "2016-06-30": 0.77, "2016-03-31": "0.61810", "2015-12-31": 1.0141, "2015-09-30": 0.9076, "2015-06-30": 0.7421, "2015-03-31": "0.59210", "2014-12-31": 0.855, "2014-09-30": 0.7025, "2014-06-30": 0.5631, "2014-03-31": "0.62880", "2013-12-31": 0.6465, "2013-09-30": 0.6164, "2013-06-30": 0.5533, "2013-03-31": "0.55390", "2012-12-31": 0.6302, "2012-09-30": 0.5378, "2012-06-30": 0.3932, "2012-03-31": "0.49650", "2011-12-31": 0.4771, "2011-09-30": 0.556, "2011-06-30": 0.3087, "2011-03-31": "0.30290", "2010-12-31": 0.4553, "2010-09-30": 0.3634, "2010-06-30": 0.2955, "2010-03-31": "0.09070", "2009-12-31": 0.436, "2009-09-30": 0.4182, "2009-06-30": 0.4072, "2009-03-31": "0.41240", "2008-12-31": 0.484, "2008-09-30": 0.2888, "2008-06-30": 0.2694, "2008-03-31": "0.30420", "2007-12-31": 0.3633, "2007-09-30": 0.3007, "2007-06-30": 0.2276, "2007-03-31": "0.17110", "2006-12-31": 0.2062, "2006-09-30": 0.194, "2006-06-30": 0.2369, "2006-03-31": "0.15270", "2005-12-31": 0.2078, "2005-09-30": 0.1838, "2005-06-30": 0.1356, "2005-03-31": "0.10730"}, "Free Cash Flow Per Share": {"2020-09-30": 1.0459, "2020-06-30": 0.9998, "2020-03-31": "1.05940", "2019-12-31": 1.129, "2019-09-30": 1.1264, "2019-06-30": 0.8038, "2019-03-31": "0.88590", "2018-12-31": 0.885, "2018-09-30": 0.8557, "2018-06-30": 0.6004, "2018-03-31": "0.24080", "2017-12-31": 1.1301, "2017-09-30": 0.4575, "2017-06-30": 0.726, "2017-03-31": "0.59860", "2016-12-31": 0.9469, "2016-09-30": 0.7727, "2016-06-30": 0.6202, "2016-03-31": "0.49620", "2015-12-31": 0.8907, "2015-09-30": 0.7764, "2015-06-30": 0.6053, "2015-03-31": "0.46730", "2014-12-31": 0.7204, "2014-09-30": 0.5268, "2014-06-30": 0.4048, "2014-03-31": "0.46220", "2013-12-31": 0.4902, "2013-09-30": 0.4943, "2013-06-30": 0.4438, "2013-03-31": "0.46510", "2012-12-31": 0.5329, "2012-09-30": 0.4424, "2012-06-30": 0.299, "2012-03-31": "0.40430", "2011-12-31": 0.4002, "2011-09-30": 0.4967, "2011-06-30": 0.2421, "2011-03-31": "0.23770", "2010-12-31": 0.3553, "2010-09-30": 0.2806, "2010-06-30": 0.2254, "2010-03-31": "0.03840", "2009-12-31": 0.3951, "2009-09-30": 0.3759, "2009-06-30": 0.3672, "2009-03-31": "0.36360", "2008-12-31": 0.4144, "2008-09-30": 0.199, "2008-06-30": 0.184, "2008-03-31": "0.24890", "2007-12-31": 0.3017, "2007-09-30": 0.2321, "2007-06-30": 0.1502, "2007-03-31": "0.10910", "2006-12-31": 0.1426, "2006-09-30": 0.1363, "2006-06-30": 0.2046, "2006-03-31": "0.09760", "2005-12-31": 0.1639, "2005-09-30": 0.1472, "2005-06-30": 0.093, "2005-03-31": "0.07260"}}, "revenue": {"Amphenol Annual Revenue (Millions of US $)": {"2020": "$8,599", "2019": "$8,225", "2018": "$8,202", "2017": "$7,011", "2016": "$6,286", "2015": "$5,569", "2014": "$5,346", "2013": "$4,615", "2012": "$4,292", "2011": "$3,940", "2010": "$3,554", "2009": "$2,820", "2008": "$3,236", "2007": "$2,851", "2006": "$2,471", "2005": "$1,808"}, "Amphenol Quarterly Revenue (Millions of US $)": {"2020-12-31": "$2,426", "2020-09-30": "$2,323", "2020-06-30": "$1,988", "2020-03-31": "$1,862", "2019-12-31": "$2,151", "2019-09-30": "$2,101", "2019-06-30": "$2,015", "2019-03-31": "$1,959", "2018-12-31": "$2,225", "2018-09-30": "$2,129", "2018-06-30": "$1,981", "2018-03-31": "$1,867", "2017-12-31": "$1,944", "2017-09-30": "$1,841", "2017-06-30": "$1,667", "2017-03-31": "$1,560", "2016-12-31": "$1,651", "2016-09-30": "$1,636", "2016-06-30": "$1,548", "2016-03-31": "$1,451", "2015-12-31": "$1,431", "2015-09-30": "$1,460", "2015-06-30": "$1,352", "2015-03-31": "$1,327", "2014-12-31": "$1,427", "2014-09-30": "$1,359", "2014-06-30": "$1,314", "2014-03-31": "$1,246", "2013-12-31": "$1,246", "2013-09-30": "$1,153", "2013-06-30": "$1,136", "2013-03-31": "$1,080", "2012-12-31": "$1,146", "2012-09-30": "$1,103", "2012-06-30": "$1,061", "2012-03-31": "$982", "2011-12-31": "$949", "2011-09-30": "$1,033", "2011-06-30": "$1,018", "2011-03-31": "$941", "2010-12-31": "$950", "2010-09-30": "$948", "2010-06-30": "$885", "2010-03-31": "$771", "2009-12-31": "$758", "2009-09-30": "$717", "2009-06-30": "$685", "2009-03-31": "$660", "2008-12-31": "$755", "2008-09-30": "$864", "2008-06-30": "$847", "2008-03-31": "$771", "2007-12-31": "$777", "2007-09-30": "$734", "2007-06-30": "$689", "2007-03-31": "$651", "2006-12-31": "$659", "2006-09-30": "$636", "2006-06-30": "$607", "2006-03-31": "$569", "2005-12-31": "$508", "2005-09-30": "$447", "2005-06-30": "$444", "2005-03-31": "$409"}}, "gross-profit": {"Amphenol Annual Gross Profit (Millions of US $)": {"2020": "$2,664", "2019": "$2,616", "2018": "$2,655", "2017": "$2,310", "2016": "$2,040", "2015": "$1,780", "2014": "$1,694", "2013": "$1,451", "2012": "$1,343", "2011": "$1,244", "2010": "$1,158", "2009": "$887", "2008": "$1,049", "2007": "$930", "2006": "$788", "2005": "$600"}, "Amphenol Quarterly Gross Profit (Millions of US $)": {"2020-12-31": "$766", "2020-09-30": "$735", "2020-06-30": "$604", "2020-03-31": "$560", "2019-12-31": "$679", "2019-09-30": "$662", "2019-06-30": "$648", "2019-03-31": "$628", "2018-12-31": "$715", "2018-09-30": "$688", "2018-06-30": "$645", "2018-03-31": "$607", "2017-12-31": "$635", "2017-09-30": "$606", "2017-06-30": "$553", "2017-03-31": "$516", "2016-12-31": "$546", "2016-09-30": "$537", "2016-06-30": "$497", "2016-03-31": "$459", "2015-12-31": "$458", "2015-09-30": "$464", "2015-06-30": "$433", "2015-03-31": "$425", "2014-12-31": "$457", "2014-09-30": "$432", "2014-06-30": "$417", "2014-03-31": "$389", "2013-12-31": "$389", "2013-09-30": "$364", "2013-06-30": "$360", "2013-03-31": "$338", "2012-12-31": "$355", "2012-09-30": "$344", "2012-06-30": "$334", "2012-03-31": "$309", "2011-12-31": "$295", "2011-09-30": "$323", "2011-06-30": "$321", "2011-03-31": "$304", "2010-12-31": "$310", "2010-09-30": "$310", "2010-06-30": "$289", "2010-03-31": "$249", "2009-12-31": "$242", "2009-09-30": "$224", "2009-06-30": "$214", "2009-03-31": "$206", "2008-12-31": "$240", "2008-09-30": "$281", "2008-06-30": "$277", "2008-03-31": "$251", "2007-12-31": "$255", "2007-09-30": "$239", "2007-06-30": "$226", "2007-03-31": "$211", "2006-12-31": "$214", "2006-09-30": "$202", "2006-06-30": "$193", "2006-03-31": "$180", "2005-12-31": "$132", "2005-09-30": "$162", "2005-06-30": "$161", "2005-03-31": "$146"}}, "operating-income": {"Amphenol Annual Operating Income (Millions of US $)": {"2020": "$1,638", "2019": "$1,619", "2018": "$1,687", "2017": "$1,428", "2016": "$1,205", "2015": "$1,105", "2014": "$1,035", "2013": "$897", "2012": "$828", "2011": "$752", "2010": "$700", "2009": "$489", "2008": "$632", "2007": "$553", "2006": "$425", "2005": "$343"}, "Amphenol Quarterly Operating Income (Millions of US $)": {"2020-12-31": "$488", "2020-09-30": "$476", "2020-06-30": "$357", "2020-03-31": "$317", "2019-12-31": "$430", "2019-09-30": "$414", "2019-06-30": "$400", "2019-03-31": "$376", "2018-12-31": "$458", "2018-09-30": "$444", "2018-06-30": "$408", "2018-03-31": "$377", "2017-12-31": "$399", "2017-09-30": "$378", "2017-06-30": "$336", "2017-03-31": "$314", "2016-12-31": "$339", "2016-09-30": "$326", "2016-06-30": "$300", "2016-03-31": "$239", "2015-12-31": "$289", "2015-09-30": "$295", "2015-06-30": "$261", "2015-03-31": "$260", "2014-12-31": "$279", "2014-09-30": "$268", "2014-06-30": "$256", "2014-03-31": "$232", "2013-12-31": "$241", "2013-09-30": "$224", "2013-06-30": "$224", "2013-03-31": "$207", "2012-12-31": "$221", "2012-09-30": "$216", "2012-06-30": "$206", "2012-03-31": "$185", "2011-12-31": "$165", "2011-09-30": "$186", "2011-06-30": "$215", "2011-03-31": "$186", "2010-12-31": "$191", "2010-09-30": "$189", "2010-06-30": "$176", "2010-03-31": "$145", "2009-12-31": "$138", "2009-09-30": "$124", "2009-06-30": "$115", "2009-03-31": "$111", "2008-12-31": "$142", "2008-09-30": "$171", "2008-06-30": "$168", "2008-03-31": "$150", "2007-12-31": "$153", "2007-09-30": "$143", "2007-06-30": "$133", "2007-03-31": "$123", "2006-12-31": "$125", "2006-09-30": "$109", "2006-06-30": "$93", "2006-03-31": "$98", "2005-12-31": "$94", "2005-09-30": "$86", "2005-06-30": "$86", "2005-03-31": "$77"}}, "ebitda": {"Amphenol Annual EBITDA (Millions of US $)": {"2019": "$1,931", "2018": "$1,987", "2017": "$1,654", "2016": "$1,422", "2015": "$1,276", "2014": "$1,203", "2013": "$1,033", "2012": "$950", "2011": "$871", "2010": "$803", "2009": "$587", "2008": "$724", "2007": "$635", "2006": "$498", "2005": "$395"}, "Amphenol Quarterly EBITDA (Millions of US $)": {"2020-09-30": "$550", "2020-06-30": "$429", "2020-03-31": "$389", "2019-12-31": "$507", "2019-09-30": "$486", "2019-06-30": "$477", "2019-03-31": "$462", "2018-12-31": "$563", "2018-09-30": "$517", "2018-06-30": "$470", "2018-03-31": "$437", "2017-12-31": "$458", "2017-09-30": "$436", "2017-06-30": "$393", "2017-03-31": "$368", "2016-12-31": "$393", "2016-09-30": "$378", "2016-06-30": "$351", "2016-03-31": "$301", "2015-12-31": "$333", "2015-09-30": "$339", "2015-06-30": "$304", "2015-03-31": "$300", "2014-12-31": "$329", "2014-09-30": "$308", "2014-06-30": "$294", "2014-03-31": "$272", "2013-12-31": "$276", "2013-09-30": "$259", "2013-06-30": "$258", "2013-03-31": "$240", "2012-12-31": "$254", "2012-09-30": "$246", "2012-06-30": "$236", "2012-03-31": "$214", "2011-12-31": "$196", "2011-09-30": "$217", "2011-06-30": "$245", "2011-03-31": "$213", "2010-12-31": "$217", "2010-09-30": "$216", "2010-06-30": "$201", "2010-03-31": "$169", "2009-12-31": "$164", "2009-09-30": "$149", "2009-06-30": "$140", "2009-03-31": "$134", "2008-12-31": "$165", "2008-09-30": "$195", "2008-06-30": "$191", "2008-03-31": "$173", "2007-12-31": "$175", "2007-09-30": "$164", "2007-06-30": "$154", "2007-03-31": "$142", "2006-12-31": "$143", "2006-09-30": "$127", "2006-06-30": "$112", "2006-03-31": "$116", "2005-12-31": "$108", "2005-09-30": "$99", "2005-06-30": "$99", "2005-03-31": "$89"}}, "net-income": {"Amphenol Annual Net Income (Millions of US $)": {"2020": "$1,203", "2019": "$1,155", "2018": "$1,205", "2017": "$651", "2016": "$823", "2015": "$764", "2014": "$709", "2013": "$636", "2012": "$555", "2011": "$524", "2010": "$496", "2009": "$318", "2008": "$419", "2007": "$353", "2006": "$256", "2005": "$206"}, "Amphenol Quarterly Net Income (Millions of US $)": {"2020-12-31": "$357", "2020-09-30": "$347", "2020-06-30": "$258", "2020-03-31": "$242", "2019-12-31": "$319", "2019-09-30": "$280", "2019-06-30": "$288", "2019-03-31": "$268", "2018-12-31": "$338", "2018-09-30": "$317", "2018-06-30": "$285", "2018-03-31": "$266", "2017-12-31": "$-103", "2017-09-30": "$278", "2017-06-30": "$252", "2017-03-31": "$225", "2016-12-31": "$236", "2016-09-30": "$224", "2016-06-30": "$207", "2016-03-31": "$157", "2015-12-31": "$200", "2015-09-30": "$205", "2015-06-30": "$179", "2015-03-31": "$180", "2014-12-31": "$194", "2014-09-30": "$182", "2014-06-30": "$175", "2014-03-31": "$159", "2013-12-31": "$168", "2013-09-30": "$161", "2013-06-30": "$154", "2013-03-31": "$153", "2012-12-31": "$140", "2012-09-30": "$147", "2012-06-30": "$141", "2012-03-31": "$127", "2011-12-31": "$114", "2011-09-30": "$135", "2011-06-30": "$148", "2011-03-31": "$128", "2010-12-31": "$131", "2010-09-30": "$137", "2010-06-30": "$130", "2010-03-31": "$98", "2009-12-31": "$88", "2009-09-30": "$81", "2009-06-30": "$75", "2009-03-31": "$74", "2008-12-31": "$99", "2008-09-30": "$113", "2008-06-30": "$110", "2008-03-31": "$97", "2007-12-31": "$100", "2007-09-30": "$92", "2007-06-30": "$84", "2007-03-31": "$78", "2006-12-31": "$78", "2006-09-30": "$67", "2006-06-30": "$53", "2006-03-31": "$57", "2005-12-31": "$56", "2005-09-30": "$52", "2005-06-30": "$52", "2005-03-31": "$46"}}, "eps-earnings-per-share-diluted": {"Amphenol Annual EPS": {"2020": "$3.91", "2019": "$3.75", "2018": "$3.85", "2017": "$2.06", "2016": "$2.61", "2015": "$2.41", "2014": "$2.21", "2013": "$1.96", "2012": "$1.69", "2011": "$1.53", "2010": "$1.41", "2009": "$0.92", "2008": "$1.17", "2007": "$0.97", "2006": "$0.70", "2005": "$0.57"}, "Amphenol Quarterly EPS": {"2020-12-31": "$1.15", "2020-09-30": "$1.12", "2020-06-30": "$0.85", "2020-03-31": "$0.79", "2019-12-31": "$1.03", "2019-09-30": "$0.92", "2019-06-30": "$0.93", "2019-03-31": "$0.87", "2018-12-31": "$1.09", "2018-09-30": "$1.01", "2018-06-30": "$0.91", "2018-03-31": "$0.84", "2017-12-31": "$-0.33", "2017-09-30": "$0.88", "2017-06-30": "$0.80", "2017-03-31": "$0.71", "2016-12-31": "$0.75", "2016-09-30": "$0.71", "2016-06-30": "$0.65", "2016-03-31": "$0.50", "2015-12-31": "$0.63", "2015-09-30": "$0.65", "2015-06-30": "$0.56", "2015-03-31": "$0.57", "2014-12-31": "$0.61", "2014-09-30": "$0.57", "2014-06-30": "$0.54", "2014-03-31": "$0.49", "2013-12-31": "$0.52", "2013-09-30": "$0.50", "2013-06-30": "$0.48", "2013-03-31": "$0.47", "2012-12-31": "$0.43", "2012-09-30": "$0.45", "2012-06-30": "$0.43", "2012-03-31": "$0.39", "2011-12-31": "$0.35", "2011-09-30": "$0.40", "2011-06-30": "$0.43", "2011-03-31": "$0.36", "2010-12-31": "$0.37", "2010-09-30": "$0.39", "2010-06-30": "$0.37", "2010-03-31": "$0.28", "2009-12-31": "$0.25", "2009-09-30": "$0.24", "2009-06-30": "$0.22", "2009-03-31": "$0.22", "2008-12-31": "$0.28", "2008-09-30": "$0.32", "2008-06-30": "$0.31", "2008-03-31": "$0.27", "2007-12-31": "$0.28", "2007-09-30": "$0.25", "2007-06-30": "$0.23", "2007-03-31": "$0.22", "2006-12-31": "$0.22", "2006-09-30": "$0.18", "2006-06-30": "$0.15", "2006-03-31": "$0.16", "2005-12-31": "$0.15", "2005-09-30": "$0.14", "2005-06-30": "$0.15", "2005-03-31": "$0.13"}}, "shares-outstanding": {"Amphenol Annual Shares Outstanding (Millions of Shares)": {"2020": "308", "2019": "308", "2018": "313", "2017": "317", "2016": "315", "2015": "317", "2014": "320", "2013": "325", "2012": "328", "2011": "344", "2010": "353", "2009": "348", "2008": "358", "2007": "365", "2006": "367", "2005": "362"}, "Amphenol Quarterly Shares Outstanding (Millions of Shares)": {"2020-12-31": "311", "2020-09-30": "308", "2020-06-30": "304", "2020-03-31": "307", "2019-12-31": "308", "2019-09-30": "306", "2019-06-30": "309", "2019-03-31": "309", "2018-12-31": "313", "2018-09-30": "312", "2018-06-30": "312", "2018-03-31": "316", "2017-12-31": "317", "2017-09-30": "316", "2017-06-30": "316", "2017-03-31": "316", "2016-12-31": "315", "2016-09-30": "316", "2016-06-30": "315", "2016-03-31": "314", "2015-12-31": "317", "2015-09-30": "316", "2015-06-30": "317", "2015-03-31": "318", "2014-12-31": "320", "2014-09-30": "321", "2014-06-30": "322", "2014-03-31": "322", "2013-12-31": "325", "2013-09-30": "324", "2013-06-30": "326", "2013-03-31": "325", "2012-12-31": "328", "2012-09-30": "328", "2012-06-30": "328", "2012-03-31": "331", "2011-12-31": "344", "2011-09-30": "340", "2011-06-30": "347", "2011-03-31": "356", "2010-12-31": "353", "2010-09-30": "352", "2010-06-30": "352", "2010-03-31": "351", "2009-12-31": "348", "2009-09-30": "348", "2009-06-30": "347", "2009-03-31": "346", "2008-12-31": "358", "2008-09-30": "360", "2008-06-30": "359", "2008-03-31": "360", "2007-12-31": "365", "2007-09-30": "364", "2007-06-30": "365", "2007-03-31": "365", "2006-12-31": "367", "2006-09-30": "367", "2006-06-30": "367", "2006-03-31": "366", "2005-12-31": "362", "2005-09-30": "363", "2005-06-30": "361", "2005-03-31": "360"}}, "total-assets": {"Amphenol Annual Total Assets (Millions of US $)": {"2019": "$10,816", "2018": "$10,045", "2017": "$10,004", "2016": "$8,499", "2015": "$7,458", "2014": "$6,986", "2013": "$6,168", "2012": "$5,215", "2011": "$4,445", "2010": "$4,016", "2009": "$3,219", "2008": "$2,994", "2007": "$2,676", "2006": "$2,195", "2005": "$1,933"}, "Amphenol Quarterly Total Assets (Millions of US $)": {"2020-09-30": "$11,754", "2020-06-30": "$11,204", "2020-03-31": "$12,078", "2019-12-31": "$10,816", "2019-09-30": "$10,684", "2019-06-30": "$10,634", "2019-03-31": "$10,208", "2018-12-31": "$10,045", "2018-09-30": "$9,743", "2018-06-30": "$9,510", "2018-03-31": "$9,404", "2017-12-31": "$10,004", "2017-09-30": "$9,609", "2017-06-30": "$9,173", "2017-03-31": "$8,707", "2016-12-31": "$8,499", "2016-09-30": "$8,370", "2016-06-30": "$8,027", "2016-03-31": "$7,890", "2015-12-31": "$7,458", "2015-09-30": "$7,486", "2015-06-30": "$7,229", "2015-03-31": "$7,026", "2014-12-31": "$6,986", "2014-09-30": "$6,852", "2014-06-30": "$6,517", "2014-03-31": "$6,230", "2013-12-31": "$6,168", "2013-09-30": "$5,641", "2013-06-30": "$5,404", "2013-03-31": "$5,214", "2012-12-31": "$5,215", "2012-09-30": "$5,071", "2012-06-30": "$4,767", "2012-03-31": "$4,577", "2011-12-31": "$4,445", "2011-09-30": "$4,362", "2011-06-30": "$4,323", "2011-03-31": "$4,171", "2010-12-31": "$4,016", "2010-09-30": "$3,969", "2010-06-30": "$3,557", "2010-03-31": "$3,411", "2009-12-31": "$3,219", "2009-09-30": "$3,141", "2009-06-30": "$3,000", "2009-03-31": "$2,960", "2008-12-31": "$2,994", "2008-09-30": "$3,018", "2008-06-30": "$2,928", "2008-03-31": "$2,761", "2007-12-31": "$2,676", "2007-09-30": "$2,490", "2007-06-30": "$2,333", "2007-03-31": "$2,245", "2006-12-31": "$2,195", "2006-09-30": "$2,122", "2006-06-30": "$2,052", "2006-03-31": "$2,009", "2005-12-31": "$1,933", "2005-09-30": "$1,473", "2005-06-30": "$1,451", "2005-03-31": "$1,393"}}, "cash-on-hand": {"Amphenol Annual Cash on Hand (Millions of US $)": {"2019": "$909", "2018": "$1,292", "2017": "$1,754", "2016": "$1,173", "2015": "$1,760", "2014": "$1,330", "2013": "$1,192", "2012": "$943", "2011": "$649", "2010": "$624", "2009": "$422", "2008": "$215", "2007": "$184", "2006": "$74", "2005": "$39"}, "Amphenol Quarterly Cash on Hand (Millions of US $)": {"2020-09-30": "$1,456", "2020-06-30": "$1,314", "2020-03-31": "$2,384", "2019-12-31": "$909", "2019-09-30": "$987", "2019-06-30": "$997", "2019-03-31": "$988", "2018-12-31": "$1,292", "2018-09-30": "$1,020", "2018-06-30": "$991", "2018-03-31": "$1,024", "2017-12-31": "$1,754", "2017-09-30": "$1,490", "2017-06-30": "$1,360", "2017-03-31": "$1,280", "2016-12-31": "$1,173", "2016-09-30": "$1,017", "2016-06-30": "$825", "2016-03-31": "$714", "2015-12-31": "$1,760", "2015-09-30": "$1,598", "2015-06-30": "$1,397", "2015-03-31": "$1,351", "2014-12-31": "$1,330", "2014-09-30": "$1,245", "2014-06-30": "$1,444", "2014-03-31": "$1,299", "2013-12-31": "$1,192", "2013-09-30": "$1,284", "2013-06-30": "$1,143", "2013-03-31": "$1,022", "2012-12-31": "$943", "2012-09-30": "$893", "2012-06-30": "$780", "2012-03-31": "$743", "2011-12-31": "$649", "2011-09-30": "$781", "2011-06-30": "$697", "2011-03-31": "$691", "2010-12-31": "$624", "2010-09-30": "$588", "2010-06-30": "$437", "2010-03-31": "$432", "2009-12-31": "$422", "2009-09-30": "$308", "2009-06-30": "$221", "2009-03-31": "$151", "2008-12-31": "$215", "2008-09-30": "$231", "2008-06-30": "$189", "2008-03-31": "$180", "2007-12-31": "$184", "2007-09-30": "$165", "2007-06-30": "$111", "2007-03-31": "$85", "2006-12-31": "$74", "2006-09-30": "$63", "2006-06-30": "$46", "2006-03-31": "$37", "2005-12-31": "$39", "2005-09-30": "$38", "2005-06-30": "$25", "2005-03-31": "$26"}}, "long-term-debt": {"Amphenol Annual Long Term Debt (Millions of US $)": {"2019": "$3,203", "2018": "$2,806", "2017": "$3,542", "2016": "$2,636", "2015": "$2,813", "2014": "$2,655", "2013": "$1,431", "2012": "$1,606", "2011": "$1,377", "2010": "$800", "2009": "$753", "2008": "$786", "2007": "$722", "2006": "$677", "2005": "$766"}, "Amphenol Quarterly Long Term Debt (Millions of US $)": {"2020-09-30": "$3,586", "2020-06-30": "$3,764", "2020-03-31": "$4,592", "2019-12-31": "$3,203", "2019-09-30": "$3,545", "2019-06-30": "$3,569", "2019-03-31": "$3,555", "2018-12-31": "$2,806", "2018-09-30": "$2,468", "2018-06-30": "$2,668", "2018-03-31": "$2,489", "2017-12-31": "$3,542", "2017-09-30": "$3,560", "2017-06-30": "$3,021", "2017-03-31": "$2,862", "2016-12-31": "$2,636", "2016-09-30": "$2,598", "2016-06-30": "$2,835", "2016-03-31": "$2,866", "2015-12-31": "$2,813", "2015-09-30": "$2,853", "2015-06-30": "$2,759", "2015-03-31": "$2,757", "2014-12-31": "$2,655", "2014-09-30": "$2,023", "2014-06-30": "$1,543", "2014-03-31": "$1,523", "2013-12-31": "$1,431", "2013-09-30": "$1,785", "2013-06-30": "$1,699", "2013-03-31": "$1,596", "2012-12-31": "$1,606", "2012-09-30": "$1,511", "2012-06-30": "$1,455", "2012-03-31": "$1,317", "2011-12-31": "$1,377", "2011-09-30": "$1,265", "2011-06-30": "$1,158", "2011-03-31": "$949", "2010-12-31": "$800", "2010-09-30": "$904", "2010-06-30": "$782", "2010-03-31": "$753", "2009-12-31": "$753", "2009-09-30": "$792", "2009-06-30": "$821", "2009-03-31": "$871", "2008-12-31": "$786", "2008-09-30": "$770", "2008-06-30": "$819", "2008-03-31": "$852", "2007-12-31": "$722", "2007-09-30": "$715", "2007-06-30": "$684", "2007-03-31": "$685", "2006-12-31": "$677", "2006-09-30": "$685", "2006-06-30": "$696", "2006-03-31": "$741", "2005-12-31": "$766", "2005-09-30": "$426", "2005-06-30": "$458", "2005-03-31": "$458"}}, "total-liabilities": {"Amphenol Annual Total Liabilities (Millions of US $)": {"2019": "$6,219", "2018": "$5,981", "2017": "$5,961", "2016": "$4,776", "2015": "$4,180", "2014": "$4,048", "2013": "$3,288", "2012": "$2,773", "2011": "$2,260", "2010": "$1,673", "2009": "$1,456", "2008": "$1,626", "2007": "$1,411", "2006": "$1,292", "2005": "$1,243"}, "Amphenol Quarterly Total Liabilities (Millions of US $)": {"2020-09-30": "$6,649", "2020-06-30": "$6,404", "2020-03-31": "$7,632", "2019-12-31": "$6,219", "2019-09-30": "$6,473", "2019-06-30": "$6,431", "2019-03-31": "$6,038", "2018-12-31": "$5,981", "2018-09-30": "$5,689", "2018-06-30": "$5,698", "2018-03-31": "$5,436", "2017-12-31": "$5,961", "2017-09-30": "$5,500", "2017-06-30": "$5,257", "2017-03-31": "$4,956", "2016-12-31": "$4,776", "2016-09-30": "$4,615", "2016-06-30": "$4,453", "2016-03-31": "$4,466", "2015-12-31": "$4,180", "2015-09-30": "$4,304", "2015-06-30": "$4,126", "2015-03-31": "$4,046", "2014-12-31": "$4,048", "2014-09-30": "$3,854", "2014-06-30": "$3,519", "2014-03-31": "$3,334", "2013-12-31": "$3,288", "2013-09-30": "$2,974", "2013-06-30": "$2,807", "2013-03-31": "$2,697", "2012-12-31": "$2,773", "2012-09-30": "$2,633", "2012-06-30": "$2,503", "2012-03-31": "$2,313", "2011-12-31": "$2,260", "2011-09-30": "$2,132", "2011-06-30": "$2,013", "2011-03-31": "$1,845", "2010-12-31": "$1,673", "2010-09-30": "$1,799", "2010-06-30": "$1,576", "2010-03-31": "$1,543", "2009-12-31": "$1,456", "2009-09-30": "$1,498", "2009-06-30": "$1,471", "2009-03-31": "$1,541", "2008-12-31": "$1,626", "2008-09-30": "$1,555", "2008-06-30": "$1,572", "2008-03-31": "$1,536", "2007-12-31": "$1,411", "2007-09-30": "$1,355", "2007-06-30": "$1,273", "2007-03-31": "$1,270", "2006-12-31": "$1,292", "2006-09-30": "$1,258", "2006-06-30": "$1,242", "2006-03-31": "$1,250", "2005-12-31": "$1,243", "2005-09-30": "$839", "2005-06-30": "$869", "2005-03-31": "$866"}}, "total-share-holder-equity": {"Amphenol Annual Share Holder Equity (Millions of US $)": {"2019": "$4,596", "2018": "$4,064", "2017": "$4,043", "2016": "$3,723", "2015": "$3,278", "2014": "$2,938", "2013": "$2,880", "2012": "$2,442", "2011": "$2,185", "2010": "$2,343", "2009": "$1,763", "2008": "$1,369", "2007": "$1,265", "2006": "$903", "2005": "$689"}, "Amphenol Quarterly Share Holder Equity (Millions of US $)": {"2020-09-30": "$5,105", "2020-06-30": "$4,800", "2020-03-31": "$4,446", "2019-12-31": "$4,596", "2019-09-30": "$4,211", "2019-06-30": "$4,203", "2019-03-31": "$4,170", "2018-12-31": "$4,064", "2018-09-30": "$4,053", "2018-06-30": "$3,813", "2018-03-31": "$3,968", "2017-12-31": "$4,043", "2017-09-30": "$4,109", "2017-06-30": "$3,916", "2017-03-31": "$3,751", "2016-12-31": "$3,723", "2016-09-30": "$3,755", "2016-06-30": "$3,574", "2016-03-31": "$3,424", "2015-12-31": "$3,278", "2015-09-30": "$3,181", "2015-06-30": "$3,103", "2015-03-31": "$2,979", "2014-12-31": "$2,938", "2014-09-30": "$2,998", "2014-06-30": "$2,999", "2014-03-31": "$2,896", "2013-12-31": "$2,880", "2013-09-30": "$2,667", "2013-06-30": "$2,597", "2013-03-31": "$2,517", "2012-12-31": "$2,442", "2012-09-30": "$2,438", "2012-06-30": "$2,264", "2012-03-31": "$2,265", "2011-12-31": "$2,185", "2011-09-30": "$2,230", "2011-06-30": "$2,309", "2011-03-31": "$2,326", "2010-12-31": "$2,343", "2010-09-30": "$2,170", "2010-06-30": "$1,981", "2010-03-31": "$1,867", "2009-12-31": "$1,763", "2009-09-30": "$1,643", "2009-06-30": "$1,529", "2009-03-31": "$1,419", "2008-12-31": "$1,369", "2008-09-30": "$1,464", "2008-06-30": "$1,356", "2008-03-31": "$1,225", "2007-12-31": "$1,265", "2007-09-30": "$1,135", "2007-06-30": "$1,060", "2007-03-31": "$974", "2006-12-31": "$903", "2006-09-30": "$864", "2006-06-30": "$809", "2006-03-31": "$759", "2005-12-31": "$689", "2005-09-30": "$634", "2005-06-30": "$582", "2005-03-31": "$527"}}, "profit-margins": {"current": "13.99%"}, "gross margin": {"2020-12-31": "30.99%", "2020-09-30": "30.97%", "2020-06-30": "30.92%", "2020-03-31": "31.36%", "2019-12-31": "31.81%", "2019-09-30": "31.96%", "2019-06-30": "32.17%", "2019-03-31": "32.26%", "2018-12-31": "32.37%", "2018-09-30": "32.51%", "2018-06-30": "32.66%", "2018-03-31": "32.81%", "2017-12-31": "32.94%", "2017-09-30": "33.06%", "2017-06-30": "33.04%", "2017-03-31": "32.78%", "2016-12-31": "32.44%", "2016-09-30": "32.16%", "2016-06-30": "31.88%", "2016-03-31": "31.86%", "2015-12-31": "31.96%", "2015-09-30": "31.96%", "2015-06-30": "31.97%", "2015-03-31": "31.90%", "2014-12-31": "31.71%", "2014-09-30": "31.50%", "2014-06-30": "31.44%", "2014-03-31": "31.42%", "2013-12-31": "31.44%", "2013-09-30": "31.38%", "2013-06-30": "31.29%", "2013-03-31": "31.23%", "2012-12-31": "31.27%", "2012-09-30": "31.31%", "2012-06-30": "31.33%", "2012-03-31": "31.34%", "2011-12-31": "31.54%", "2011-09-30": "31.91%", "2011-06-30": "32.28%", "2011-03-31": "32.57%", "2010-12-31": "32.58%", "2010-09-30": "32.42%", "2010-06-30": "32.07%", "2010-03-31": "31.70%", "2009-12-31": "31.42%", "2009-09-30": "31.38%", "2009-06-30": "31.75%", "2009-03-31": "32.12%", "2008-12-31": "32.41%", "2008-09-30": "32.65%", "2008-06-30": "32.66%", "2008-03-31": "32.68%", "2007-12-31": "32.66%", "2007-09-30": "32.56%", "2007-06-30": "32.37%", "2007-03-31": "32.12%", "2006-12-31": "31.93%", "2006-09-30": "30.47%", "2006-06-30": "31.30%", "2006-03-31": "32.27%", "2005-12-31": "33.24%"}, "operating margin": {"2020-12-31": "19.05%", "2020-09-30": "18.98%", "2020-06-30": "18.74%", "2020-03-31": "19.20%", "2019-12-31": "19.69%", "2019-09-30": "19.86%", "2019-06-30": "20.15%", "2019-03-31": "20.33%", "2018-12-31": "20.57%", "2018-09-30": "20.55%", "2018-06-30": "20.46%", "2018-03-31": "20.36%", "2017-12-31": "20.35%", "2017-09-30": "20.35%", "2017-06-30": "20.19%", "2017-03-31": "20.00%", "2016-12-31": "19.15%", "2016-09-30": "19.02%", "2016-06-30": "19.07%", "2016-03-31": "19.04%", "2015-12-31": "19.84%", "2015-09-30": "19.67%", "2015-06-30": "19.54%", "2015-03-31": "19.59%", "2014-12-31": "19.36%", "2014-09-30": "19.30%", "2014-06-30": "19.22%", "2014-03-31": "19.26%", "2013-12-31": "19.41%", "2013-09-30": "19.40%", "2013-06-30": "19.44%", "2013-03-31": "19.36%", "2012-12-31": "19.29%", "2012-09-30": "18.85%", "2012-06-30": "18.43%", "2012-03-31": "18.86%", "2011-12-31": "19.08%", "2011-09-30": "19.74%", "2011-06-30": "20.25%", "2011-03-31": "19.92%", "2010-12-31": "19.72%", "2010-09-30": "19.27%", "2010-06-30": "18.62%", "2010-03-31": "17.81%", "2009-12-31": "17.30%", "2009-09-30": "17.47%", "2009-06-30": "18.18%", "2009-03-31": "18.94%", "2008-12-31": "19.49%", "2008-09-30": "19.70%", "2008-06-30": "19.62%", "2008-03-31": "19.49%", "2007-12-31": "19.36%", "2007-09-30": "19.17%", "2007-06-30": "18.60%", "2007-03-31": "17.63%", "2006-12-31": "17.20%", "2006-09-30": "16.98%", "2006-06-30": "17.41%", "2006-03-31": "18.50%", "2005-12-31": "18.97%"}, "ebitda margin": {"2020-09-30": "22.53%", "2020-06-30": "22.35%", "2020-03-31": "22.87%", "2019-12-31": "23.49%", "2019-09-30": "23.95%", "2019-06-30": "24.23%", "2019-03-31": "24.25%", "2018-12-31": "24.21%", "2018-09-30": "23.75%", "2018-06-30": "23.59%", "2018-03-31": "23.56%", "2017-12-31": "23.60%", "2017-09-30": "23.66%", "2017-06-30": "23.52%", "2017-03-31": "23.30%", "2016-12-31": "22.64%", "2016-09-30": "22.45%", "2016-06-30": "22.46%", "2016-03-31": "22.41%", "2015-12-31": "22.89%", "2015-09-30": "22.85%", "2015-06-30": "22.71%", "2015-03-31": "22.66%", "2014-12-31": "22.48%", "2014-09-30": "22.25%", "2014-06-30": "22.18%", "2014-03-31": "22.28%", "2013-12-31": "22.38%", "2013-09-30": "22.39%", "2013-06-30": "22.35%", "2013-03-31": "22.23%", "2012-12-31": "22.13%", "2012-09-30": "21.78%", "2012-06-30": "21.44%", "2012-03-31": "21.90%", "2011-12-31": "22.10%", "2011-09-30": "22.63%", "2011-06-30": "23.10%", "2011-03-31": "22.74%", "2010-12-31": "22.59%", "2010-09-30": "22.31%", "2010-06-30": "21.81%", "2010-03-31": "21.22%", "2009-12-31": "20.82%", "2009-09-30": "20.87%", "2009-06-30": "21.39%", "2009-03-31": "21.91%", "2008-12-31": "22.37%", "2008-09-30": "22.52%", "2008-06-30": "22.47%", "2008-03-31": "22.42%", "2007-12-31": "22.27%", "2007-09-30": "22.06%", "2007-06-30": "21.48%", "2007-03-31": "20.52%", "2006-12-31": "20.15%", "2006-09-30": "19.96%", "2006-06-30": "20.41%", "2006-03-31": "21.44%", "2005-12-31": "21.85%"}, "pre tax profit margin": {"2020-12-31": "17.76%", "2020-09-30": "17.66%", "2020-06-30": "17.22%", "2020-03-31": "17.67%", "2019-12-31": "18.20%", "2019-09-30": "18.39%", "2019-06-30": "18.88%", "2019-03-31": "19.10%", "2018-12-31": "19.37%", "2018-09-30": "19.38%", "2018-06-30": "19.30%", "2018-03-31": "19.24%", "2017-12-31": "19.27%", "2017-09-30": "19.30%", "2017-06-30": "19.19%", "2017-03-31": "19.03%", "2016-12-31": "18.15%", "2016-09-30": "18.02%", "2016-06-30": "18.06%", "2016-03-31": "18.05%", "2015-12-31": "18.90%", "2015-09-30": "18.70%", "2015-06-30": "18.50%", "2015-03-31": "18.48%", "2014-12-31": "18.20%", "2014-09-30": "18.16%", "2014-06-30": "18.11%", "2014-03-31": "18.18%", "2013-12-31": "18.33%", "2013-09-30": "18.27%", "2013-06-30": "18.28%", "2013-03-31": "18.20%", "2012-12-31": "18.15%", "2012-09-30": "17.75%", "2012-06-30": "17.44%", "2012-03-31": "17.93%", "2011-12-31": "18.22%", "2011-09-30": "18.87%", "2011-06-30": "19.34%", "2011-03-31": "18.96%", "2010-12-31": "18.66%", "2010-09-30": "18.00%", "2010-06-30": "17.25%", "2010-03-31": "16.38%", "2009-12-31": "15.82%", "2009-09-30": "16.12%", "2009-06-30": "16.90%", "2009-03-31": "17.69%", "2008-12-31": "18.29%", "2008-09-30": "18.75%", "2008-06-30": "18.47%", "2008-03-31": "18.21%", "2007-12-31": "17.92%", "2007-09-30": "17.31%", "2007-06-30": "16.70%", "2007-03-31": "15.63%", "2006-12-31": "15.14%", "2006-09-30": "14.83%", "2006-06-30": "15.20%", "2006-03-31": "16.41%", "2005-12-31": "17.04%"}, "net profit margin": {"2020-12-31": "14.00%", "2020-09-30": "14.01%", "2020-06-30": "13.56%", "2020-03-31": "13.89%", "2019-12-31": "14.04%", "2019-09-30": "14.14%", "2019-06-30": "14.54%", "2019-03-31": "14.56%", "2018-12-31": "14.70%", "2018-09-30": "9.66%", "2018-06-30": "9.51%", "2018-03-31": "9.47%", "2017-12-31": "9.30%", "2017-09-30": "14.75%", "2017-06-30": "14.38%", "2017-03-31": "13.95%", "2016-12-31": "13.11%", "2016-09-30": "12.99%", "2016-06-30": "13.06%", "2016-03-31": "13.01%", "2015-12-31": "13.72%", "2015-09-30": "13.62%", "2015-06-30": "13.45%", "2015-03-31": "13.47%", "2014-12-31": "13.28%", "2014-09-30": "13.24%", "2014-06-30": "13.37%", "2014-03-31": "13.43%", "2013-12-31": "13.78%", "2013-09-30": "13.47%", "2013-06-30": "13.30%", "2013-03-31": "13.23%", "2012-12-31": "12.93%", "2012-09-30": "12.92%", "2012-06-30": "12.84%", "2012-03-31": "13.16%", "2011-12-31": "13.32%", "2011-09-30": "13.75%", "2011-06-30": "14.10%", "2011-03-31": "14.12%", "2010-12-31": "13.96%", "2010-09-30": "13.47%", "2010-06-30": "12.68%", "2010-03-31": "11.67%", "2009-12-31": "11.28%", "2009-09-30": "11.68%", "2009-06-30": "12.18%", "2009-03-31": "12.67%", "2008-12-31": "12.94%", "2008-09-30": "12.89%", "2008-06-30": "12.75%", "2008-03-31": "12.55%", "2007-12-31": "12.42%", "2007-09-30": "12.15%", "2007-06-30": "11.65%", "2007-03-31": "10.81%", "2006-12-31": "10.32%", "2006-09-30": "10.04%", "2006-06-30": "10.23%", "2006-03-31": "11.03%", "2005-12-31": "11.39%"}, "pe ratio": {"current": "34.63", "2021-02-05": "46.92", "2020-12-31": "47.38", "2020-09-30": "28.50", "2020-06-30": "26.57", "2020-03-31": "19.72", "2019-12-31": "28.55", "2019-09-30": "25.00", "2019-06-30": "24.22", "2019-03-31": "23.90", "2018-12-31": "20.62", "2018-09-30": "37.95", "2018-06-30": "37.09", "2018-03-31": "38.41", "2017-12-31": "41.55", "2017-09-30": "26.10", "2017-06-30": "24.01", "2017-03-31": "24.32", "2016-12-31": "24.76", "2016-09-30": "25.01", "2016-06-30": "22.58", "2016-03-31": "23.60", "2015-12-31": "20.65", "2015-09-30": "20.26", "2015-06-30": "23.78", "2015-03-31": "24.28", "2014-12-31": "22.92", "2014-09-30": "22.11", "2014-06-30": "22.06", "2014-03-31": "21.69", "2013-12-31": "21.27", "2013-09-30": "19.30", "2013-06-30": "19.87", "2013-03-31": "19.48", "2012-12-31": "17.71", "2012-09-30": "16.94", "2012-06-30": "16.33", "2012-03-31": "17.79", "2011-12-31": "13.71", "2011-09-30": "12.11", "2011-06-30": "16.08", "2011-03-31": "16.80", "2010-12-31": "17.22", "2010-09-30": "17.46", "2010-06-30": "15.91", "2010-03-31": "19.78", "2009-12-31": "23.19", "2009-09-30": "18.31", "2009-06-30": "14.17", "2009-03-31": "11.72", "2008-12-31": "9.40", "2008-09-30": "15.72", "2008-06-30": "18.60", "2008-03-31": "16.56", "2007-12-31": "21.77", "2007-09-30": "20.05", "2007-06-30": "19.41", "2007-03-31": "19.55", "2006-12-31": "20.34"}, "price sales": {"2021-02-05": "4.63", "2020-12-31": "4.68", "2020-09-30": "3.98", "2020-06-30": "3.60", "2020-03-31": "2.74", "2019-12-31": "4.01", "2019-09-30": "3.55", "2019-06-30": "3.52", "2019-03-31": "3.48", "2018-12-31": "3.03", "2018-09-30": "3.64", "2018-06-30": "3.51", "2018-03-31": "3.62", "2017-12-31": "3.84", "2017-09-30": "3.85", "2017-06-30": "3.46", "2017-03-31": "3.39", "2016-12-31": "3.24", "2016-09-30": "3.24", "2016-06-30": "2.94", "2016-03-31": "3.06", "2015-12-31": "2.83", "2015-09-30": "2.77", "2015-06-30": "3.21", "2015-03-31": "3.29", "2014-12-31": "3.05", "2014-09-30": "2.93", "2014-06-30": "2.95", "2014-03-31": "2.91", "2013-12-31": "2.93", "2013-09-30": "2.60", "2013-06-30": "2.65", "2013-03-31": "2.58", "2012-12-31": "2.30", "2012-09-30": "2.21", "2012-06-30": "2.11", "2012-03-31": "2.36", "2011-12-31": "1.84", "2011-09-30": "1.66", "2011-06-30": "2.27", "2011-03-31": "2.37", "2010-12-31": "2.40", "2010-09-30": "2.35", "2010-06-30": "2.02", "2010-03-31": "2.31", "2009-12-31": "2.61", "2009-09-30": "2.15", "2009-06-30": "1.73", "2009-03-31": "1.49", "2008-12-31": "1.22", "2008-09-30": "2.04", "2008-06-30": "2.38", "2008-03-31": "2.09", "2007-12-31": "2.72", "2007-09-30": "2.43", "2007-06-30": "2.26", "2007-03-31": "2.12", "2006-12-31": "2.10"}, "price book": {"current": "7.11", "2021-02-05": "7.59", "2020-09-30": "6.33", "2020-06-30": "5.93", "2020-03-31": "4.82", "2019-12-31": "6.94", "2019-09-30": "6.71", "2019-06-30": "6.68", "2019-03-31": "6.64", "2018-12-31": "5.83", "2018-09-30": "6.83", "2018-06-30": "6.69", "2018-03-31": "6.37", "2017-12-31": "6.44", "2017-09-30": "6.08", "2017-06-30": "5.56", "2017-03-31": "5.58", "2016-12-31": "5.35", "2016-09-30": "5.12", "2016-06-30": "4.74", "2016-03-31": "4.96", "2015-12-31": "4.67", "2015-09-30": "4.69", "2015-06-30": "5.47", "2015-03-31": "5.79", "2014-12-31": "5.35", "2014-09-30": "4.89", "2014-06-30": "4.74", "2014-03-31": "4.66", "2013-12-31": "4.58", "2013-09-30": "4.28", "2013-06-30": "4.47", "2013-03-31": "4.41", "2012-12-31": "3.93", "2012-09-30": "3.62", "2012-06-30": "3.66", "2012-03-31": "3.97", "2011-12-31": "3.12", "2011-09-30": "2.78", "2011-06-30": "3.66", "2011-03-31": "3.79", "2010-12-31": "3.64", "2010-09-30": "3.63", "2010-06-30": "3.17", "2010-03-31": "3.61", "2009-12-31": "4.17", "2009-09-30": "3.62", "2009-06-30": "3.27", "2009-03-31": "3.17", "2008-12-31": "2.75", "2008-09-30": "4.42", "2008-06-30": "5.36", "2008-03-31": "4.88", "2007-12-31": "6.00", "2007-09-30": "5.72", "2007-06-30": "5.50", "2007-03-31": "5.42", "2006-12-31": "5.60", "2006-09-30": "5.72", "2006-06-30": "5.64", "2006-03-31": "5.62"}, "price fcf": {"2021-02-05": "", "2020-09-30": "$4.23", "2020-06-30": "$4.31", "2020-03-31": "$4.12", "2019-12-31": "$3.95", "2019-09-30": "$3.70", "2019-06-30": "$3.43", "2019-03-31": "$3.23", "2018-12-31": "$2.58", "2018-09-30": "$2.83", "2018-06-30": "$2.43", "2018-03-31": "$2.55", "2017-12-31": "$2.91", "2017-09-30": "$2.73", "2017-06-30": "$3.04", "2017-03-31": "$2.94", "2016-12-31": "$2.84", "2016-09-30": "$2.78", "2016-06-30": "$2.78", "2016-03-31": "$2.77", "2015-12-31": "$2.74", "2015-09-30": "$2.57", "2015-06-30": "$2.32", "2015-03-31": "$2.12", "2014-12-31": "$2.11", "2014-09-30": "$1.88", "2014-06-30": "$1.85", "2014-03-31": "$1.89", "2013-12-31": "$1.89", "2013-09-30": "$1.94", "2013-06-30": "$1.88", "2013-03-31": "$1.74", "2012-12-31": "$1.68", "2012-09-30": "$1.55", "2012-06-30": "$1.60", "2012-03-31": "$1.54", "2011-12-31": "$1.38", "2011-09-30": "$1.33", "2011-06-30": "$1.12", "2011-03-31": "$1.10", "2010-12-31": "$0.90", "2010-09-30": "$0.94", "2010-06-30": "$1.03", "2010-03-31": "$1.18", "2009-12-31": "$1.50", "2009-09-30": "$1.52", "2009-06-30": "$1.34", "2009-03-31": "$1.16", "2008-12-31": "$1.05", "2008-09-30": "$0.93", "2008-06-30": "$0.97", "2008-03-31": "$0.93", "2007-12-31": "$0.79", "2007-09-30": "$0.63", "2007-06-30": "$0.54", "2007-03-31": "$0.59", "2006-12-31": "$0.58"}, "net worth": {"value": "$38.74B"}, "current ratio": {"2020-12-31": "2.38", "2020-09-30": "2.27", "2020-06-30": "2.59", "2020-03-31": "2.54", "2019-12-31": "1.98", "2019-09-30": "1.99", "2019-06-30": "2.06", "2019-03-31": "2.50", "2018-12-31": "1.87", "2018-09-30": "1.68", "2018-06-30": "1.72", "2018-03-31": "1.80", "2017-12-31": "2.95", "2017-09-30": "3.04", "2017-06-30": "2.33", "2017-03-31": "2.35", "2016-12-31": "2.20", "2016-09-30": "2.25", "2016-06-30": "2.87", "2016-03-31": "2.80", "2015-12-31": "3.82", "2015-09-30": "3.57", "2015-06-30": "3.65", "2015-03-31": "3.82", "2014-12-31": "3.30", "2014-09-30": "2.17", "2014-06-30": "2.02", "2014-03-31": "2.06", "2013-12-31": "1.96", "2013-09-30": "3.45", "2013-06-30": "3.53", "2013-03-31": "3.34", "2012-12-31": "3.05", "2012-09-30": "3.06", "2012-06-30": "3.03", "2012-03-31": "3.08", "2011-12-31": "3.40", "2011-09-30": "3.52", "2011-06-30": "3.47", "2011-03-31": "3.15", "2010-12-31": "3.04", "2010-09-30": "2.85", "2010-06-30": "2.95", "2010-03-31": "2.73", "2009-12-31": "2.82", "2009-09-30": "2.69", "2009-06-30": "2.76", "2009-03-31": "2.51", "2008-12-31": "2.10", "2008-09-30": "2.33", "2008-06-30": "2.42", "2008-03-31": "2.59", "2007-12-31": "2.35", "2007-09-30": "2.60", "2007-06-30": "2.69", "2007-03-31": "2.52", "2006-12-31": "2.09", "2006-09-30": "2.04", "2006-06-30": "2.05", "2006-03-31": "2.08", "2005-12-31": "2.11", "2005-09-30": "2.03", "2005-06-30": "2.05", "2005-03-31": "1.95"}, "quick ratio": {"2020-12-31": "1.75", "2020-09-30": "1.65", "2020-06-30": "1.82", "2020-03-31": "1.93", "2019-12-31": "1.36", "2019-09-30": "1.39", "2019-06-30": "1.44", "2019-03-31": "1.76", "2018-12-31": "1.36", "2018-09-30": "1.19", "2018-06-30": "1.22", "2018-03-31": "1.27", "2017-12-31": "2.25", "2017-09-30": "2.27", "2017-06-30": "1.71", "2017-03-31": "1.74", "2016-12-31": "1.63", "2016-09-30": "1.64", "2016-06-30": "2.03", "2016-03-31": "1.92", "2015-12-31": "2.97", "2015-09-30": "2.75", "2015-06-30": "2.74", "2015-03-31": "2.88", "2014-12-31": "2.47", "2014-09-30": "1.62", "2014-06-30": "1.55", "2014-03-31": "1.56", "2013-12-31": "1.47", "2013-09-30": "2.63", "2013-06-30": "2.66", "2013-03-31": "2.47", "2012-12-31": "2.22", "2012-09-30": "2.23", "2012-06-30": "2.18", "2012-03-31": "2.19", "2011-12-31": "2.38", "2011-09-30": "2.56", "2011-06-30": "2.47", "2011-03-31": "2.26", "2010-12-31": "2.20", "2010-09-30": "2.06", "2010-06-30": "2.11", "2010-03-31": "1.92", "2009-12-31": "1.91", "2009-09-30": "1.77", "2009-06-30": "1.73", "2009-03-31": "1.49", "2008-12-31": "1.30", "2008-09-30": "1.48", "2008-06-30": "1.50", "2008-03-31": "1.58", "2007-12-31": "1.47", "2007-09-30": "1.60", "2007-06-30": "1.59", "2007-03-31": "1.41", "2006-12-31": "1.16", "2006-09-30": "1.15", "2006-06-30": "1.12", "2006-03-31": "1.14", "2005-12-31": "1.14", "2005-09-30": "1.09", "2005-06-30": "1.08", "2005-03-31": "1.03"}, "debt equity ratio": {"current": "0.67", "2020-12-31": "1.26", "2020-09-30": "1.30", "2020-06-30": "1.33", "2020-03-31": "1.72", "2019-12-31": "1.35", "2019-09-30": "1.54", "2019-06-30": "1.53", "2019-03-31": "1.45", "2018-12-31": "1.47", "2018-09-30": "1.40", "2018-06-30": "1.49", "2018-03-31": "1.37", "2017-12-31": "1.47", "2017-09-30": "1.34", "2017-06-30": "1.34", "2017-03-31": "1.32", "2016-12-31": "1.28", "2016-09-30": "1.23", "2016-06-30": "1.25", "2016-03-31": "1.30", "2015-12-31": "1.28", "2015-09-30": "1.35", "2015-06-30": "1.33", "2015-03-31": "1.36", "2014-12-31": "1.38", "2014-09-30": "1.29", "2014-06-30": "1.17", "2014-03-31": "1.15", "2013-12-31": "1.14", "2013-09-30": "1.12", "2013-06-30": "1.08", "2013-03-31": "1.07", "2012-12-31": "1.14", "2012-09-30": "1.08", "2012-06-30": "1.11", "2012-03-31": "1.02", "2011-12-31": "1.04", "2011-09-30": "0.96", "2011-06-30": "0.87", "2011-03-31": "0.79", "2010-12-31": "0.71", "2010-09-30": "0.83", "2010-06-30": "0.80", "2010-03-31": "0.83", "2009-12-31": "0.83", "2009-09-30": "0.91", "2009-06-30": "0.96", "2009-03-31": "1.09", "2008-12-31": "1.19", "2008-09-30": "1.06", "2008-06-30": "1.16", "2008-03-31": "1.25", "2007-12-31": "1.12", "2007-09-30": "1.19", "2007-06-30": "1.20", "2007-03-31": "1.30", "2006-12-31": "1.43", "2006-09-30": "1.46", "2006-06-30": "1.54", "2006-03-31": "1.65", "2005-12-31": "1.80", "2005-09-30": "1.32", "2005-06-30": "1.49", "2005-03-31": "1.64"}, "return on equity": {"2020-12-31": "24.32%", "2020-09-30": "24.62%", "2020-06-30": "24.35%", "2020-03-31": "25.87%", "2019-12-31": "26.89%", "2019-09-30": "28.21%", "2019-06-30": "29.38%", "2019-03-31": "30.01%", "2018-12-31": "30.34%", "2018-09-30": "19.27%", "2018-06-30": "18.23%", "2018-03-31": "17.29%", "2017-12-31": "16.49%", "2017-09-30": "25.58%", "2017-06-30": "24.75%", "2017-03-31": "24.10%", "2016-12-31": "22.77%", "2016-09-30": "22.46%", "2016-06-30": "22.86%", "2016-03-31": "22.82%", "2015-12-31": "24.37%", "2015-09-30": "24.85%", "2015-06-30": "24.46%", "2015-03-31": "24.54%", "2014-12-31": "24.00%", "2014-09-30": "23.24%", "2014-06-30": "23.18%", "2014-03-31": "23.26%", "2013-12-31": "23.86%", "2013-09-30": "23.79%", "2013-06-30": "23.77%", "2013-03-31": "24.06%", "2012-12-31": "23.59%", "2012-09-30": "23.12%", "2012-06-30": "23.12%", "2012-03-31": "23.32%", "2011-12-31": "23.20%", "2011-09-30": "23.54%", "2011-06-30": "23.79%", "2011-03-31": "23.85%", "2010-12-31": "23.73%", "2010-09-30": "23.29%", "2010-06-30": "21.89%", "2010-03-31": "20.11%", "2009-12-31": "20.02%", "2009-09-30": "22.08%", "2009-06-30": "24.98%", "2009-03-31": "28.25%", "2008-12-31": "30.96%", "2008-09-30": "31.64%", "2008-06-30": "32.04%", "2008-03-31": "31.85%", "2007-12-31": "31.94%", "2007-09-30": "32.61%", "2007-06-30": "32.31%", "2007-03-31": "31.10%", "2006-12-31": "30.58%", "2006-09-30": "29.86%", "2006-06-30": "30.16%", "2006-03-31": "32.58%", "2005-12-31": "33.88%"}, "return on assets": {"2020-12-31": "10.17%", "2020-09-30": "10.17%", "2020-06-30": "9.82%", "2020-03-31": "10.21%", "2019-12-31": "10.91%", "2019-09-30": "11.30%", "2019-06-30": "11.92%", "2019-03-31": "12.23%", "2018-12-31": "12.46%", "2018-09-30": "7.91%", "2018-06-30": "7.54%", "2018-03-31": "7.26%", "2017-12-31": "6.96%", "2017-09-30": "11.01%", "2017-06-30": "10.79%", "2017-03-31": "10.62%", "2016-12-31": "10.05%", "2016-09-30": "9.93%", "2016-06-30": "9.97%", "2016-03-31": "9.86%", "2015-12-31": "10.47%", "2015-09-30": "10.55%", "2015-06-30": "10.47%", "2015-03-31": "10.68%", "2014-12-31": "10.68%", "2014-09-30": "10.62%", "2014-06-30": "10.80%", "2014-03-31": "10.95%", "2013-12-31": "11.34%", "2013-09-30": "11.33%", "2013-06-30": "11.37%", "2013-03-31": "11.47%", "2012-12-31": "11.31%", "2012-09-30": "11.22%", "2012-06-30": "11.39%", "2012-03-31": "11.84%", "2011-12-31": "12.14%", "2011-09-30": "12.85%", "2011-06-30": "13.20%", "2011-03-31": "13.39%", "2010-12-31": "13.27%", "2010-09-30": "12.80%", "2010-06-30": "11.91%", "2010-03-31": "10.71%", "2009-12-31": "10.32%", "2009-09-30": "10.88%", "2009-06-30": "12.06%", "2009-03-31": "13.31%", "2008-12-31": "14.32%", "2008-09-30": "14.76%", "2008-06-30": "14.70%", "2008-03-31": "14.54%", "2007-12-31": "14.53%", "2007-09-30": "14.34%", "2007-06-30": "13.81%", "2007-03-31": "12.82%", "2006-12-31": "12.17%", "2006-09-30": "11.48%", "2006-06-30": "11.68%", "2006-03-31": "12.64%", "2005-12-31": "13.18%"}, "return on investments": {"2020-12-31": "18.52%", "2020-09-30": "18.54%", "2020-06-30": "18.31%", "2020-03-31": "19.29%", "2019-12-31": "20.87%", "2019-09-30": "21.88%", "2019-06-30": "23.23%", "2019-03-31": "24.44%", "2018-12-31": "25.63%", "2018-09-30": "24.08%", "2018-06-30": "22.16%", "2018-03-31": "20.80%", "2017-12-31": "19.82%", "2017-09-30": "19.83%", "2017-06-30": "20.03%", "2017-03-31": "19.88%", "2016-12-31": "18.95%", "2016-09-30": "18.36%", "2016-06-30": "18.09%", "2016-03-31": "17.86%", "2015-12-31": "18.63%", "2015-09-30": "18.86%", "2015-06-30": "19.23%", "2015-03-31": "20.35%", "2014-12-31": "21.15%", "2014-09-30": "21.80%", "2014-06-30": "21.51%", "2014-03-31": "21.08%", "2013-12-31": "20.87%", "2013-09-30": "20.72%", "2013-06-30": "21.16%", "2013-03-31": "21.48%", "2012-12-31": "21.65%", "2012-09-30": "20.85%", "2012-06-30": "20.67%", "2012-03-31": "21.30%", "2011-12-31": "21.80%", "2011-09-30": "23.26%", "2011-06-30": "24.11%", "2011-03-31": "24.22%", "2010-12-31": "24.17%", "2010-09-30": "23.62%", "2010-06-30": "22.57%", "2010-03-31": "21.05%", "2009-12-31": "20.35%", "2009-09-30": "21.32%", "2009-06-30": "23.88%", "2009-03-31": "26.74%", "2008-12-31": "29.21%", "2008-09-30": "30.31%", "2008-06-30": "30.37%", "2008-03-31": "30.25%", "2007-12-31": "30.50%", "2007-09-30": "30.67%", "2007-06-30": "30.01%", "2007-03-31": "28.60%", "2006-12-31": "27.71%", "2006-09-30": "26.23%", "2006-06-30": "26.88%", "2006-03-31": "28.80%", "2005-12-31": "30.23%"}, "return on tangible equity": {"2020-09-30": "-204.20%", "2020-06-30": "-133.21%", "2020-03-31": "-111.34%", "2019-12-31": "-109.87%", "2019-09-30": "-119.52%", "2019-06-30": "-152.57%", "2019-03-31": "-177.39%", "2018-12-31": "-200.58%", "2018-09-30": "-124.59%", "2018-06-30": "-126.70%", "2018-03-31": "-138.67%", "2017-12-31": "-141.20%", "2017-09-30": "-216.38%", "2017-06-30": "-190.54%", "2017-03-31": "-172.03%", "2016-12-31": "-140.26%", "2016-09-30": "-197.37%", "2016-06-30": "-328.98%", "2016-03-31": "-1157.81%", "2015-12-31": "505.96%", "2015-09-30": "950.47%", "2015-06-30": "1162.06%", "2015-03-31": "431.27%", "2014-12-31": "281.19%", "2014-09-30": "193.08%", "2014-06-30": "132.14%", "2014-03-31": "119.44%", "2013-12-31": "108.81%", "2013-09-30": "106.34%", "2013-06-30": "110.26%", "2013-03-31": "117.97%", "2012-12-31": "117.90%", "2012-09-30": "107.36%", "2012-06-30": "99.47%", "2012-03-31": "89.15%", "2011-12-31": "79.82%", "2011-09-30": "72.24%", "2011-06-30": "73.19%", "2011-03-31": "74.08%", "2010-12-31": "77.93%", "2010-09-30": "85.03%", "2010-06-30": "89.87%", "2010-03-31": "101.56%", "2009-12-31": "136.04%", "2009-09-30": "194.39%", "2009-06-30": "214.56%", "2009-03-31": "233.63%", "2008-12-31": "233.75%", "2008-09-30": "222.81%", "2008-06-30": "248.60%", "2008-03-31": "261.30%", "2007-12-31": "291.96%", "2007-09-30": "459.52%", "2007-06-30": "1535.00%", "2007-03-31": "-823.88%", "2006-12-31": "-324.84%", "2006-09-30": "-190.98%", "2006-06-30": "-193.35%", "2006-03-31": "-212.75%", "2005-12-31": "-247.45%"}, "dividend yield history": {"last payout": "$1.16", "last yield": "0.90%"}}