{"ticker": "ADI", "price": {"title": "Analog Devices Historical Annual Stock Price Data", "value": 148.76, "historical": {"2021": {"Average Stock Price": "153.6629", "Year Open": "146.0200", "Year High": "160.5400", "Year Low": "146.0200", "Year Close": "148.7600", "Annual % Change": "0.70%"}, "2020": {"Average Stock Price": "117.3032", "Year Open": "120.4300", "Year High": "147.7300", "Year Low": "82.2300", "Year Close": "147.7300", "Annual % Change": "24.31%"}, "2019": {"Average Stock Price": "108.7473", "Year Open": "85.9200", "Year High": "124.6400", "Year Low": "80.7300", "Year Close": "118.8400", "Annual % Change": "38.46%"}, "2018": {"Average Stock Price": "92.0210", "Year Open": "90.2800", "Year High": "102.1000", "Year Low": "77.8200", "Year Close": "85.8300", "Annual % Change": "-3.59%"}, "2017": {"Average Stock Price": "81.8195", "Year Open": "72.5050", "Year High": "93.0700", "Year Low": "71.3200", "Year Close": "89.0300", "Annual % Change": "22.60%"}, "2016": {"Average Stock Price": "60.2204", "Year Open": "54.4400", "Year High": "74.5300", "Year Low": "48.8400", "Year Close": "72.6200", "Annual % Change": "31.27%"}, "2015": {"Average Stock Price": "59.6605", "Year Open": "55.5400", "Year High": "68.7500", "Year Low": "50.6100", "Year Close": "55.3200", "Annual % Change": "-0.36%"}, "2014": {"Average Stock Price": "51.4150", "Year Open": "49.2800", "Year High": "57.4900", "Year Low": "43.1000", "Year Close": "55.5200", "Annual % Change": "9.01%"}, "2013": {"Average Stock Price": "46.5927", "Year Open": "44.0000", "Year High": "50.9300", "Year Low": "42.0200", "Year Close": "50.9300", "Annual % Change": "21.09%"}, "2012": {"Average Stock Price": "38.9354", "Year Open": "36.0300", "Year High": "42.3500", "Year Low": "35.0900", "Year Close": "42.0600", "Annual % Change": "17.55%"}, "2011": {"Average Stock Price": "36.8134", "Year Open": "37.9500", "Year High": "42.6000", "Year Low": "30.1800", "Year Close": "35.7800", "Annual % Change": "-5.02%"}, "2010": {"Average Stock Price": "30.7499", "Year Open": "31.6700", "Year High": "38.2300", "Year Low": "26.5000", "Year Close": "37.6700", "Annual % Change": "19.28%"}, "2009": {"Average Stock Price": "24.5499", "Year Open": "19.6700", "Year High": "31.7600", "Year Low": "17.9300", "Year Close": "31.5800", "Annual % Change": "66.04%"}, "2008": {"Average Stock Price": "27.5124", "Year Open": "30.3700", "Year High": "36.0300", "Year Low": "16.1000", "Year Close": "19.0200", "Annual % Change": "-40.00%"}, "2007": {"Average Stock Price": "35.5675", "Year Open": "32.8400", "Year High": "40.5600", "Year Low": "30.3600", "Year Close": "31.7000", "Annual % Change": "-3.56%"}, "2006": {"Average Stock Price": "33.9971", "Year Open": "36.7000", "Year High": "40.9100", "Year Low": "26.7300", "Year Close": "32.8700", "Annual % Change": "-8.36%"}, "2005": {"Average Stock Price": "36.6360", "Year Open": "36.3900", "Year High": "41.3200", "Year Low": "32.4800", "Year Close": "35.8700", "Annual % Change": "-2.84%"}, "2004": {"Average Stock Price": "42.9503", "Year Open": "45.7900", "Year High": "51.3900", "Year Low": "33.5700", "Year Close": "36.9200", "Annual % Change": "-19.12%"}, "2003": {"Average Stock Price": "36.2051", "Year Open": "25.9000", "Year High": "49.8000", "Year Low": "23.0400", "Year Close": "45.6500", "Annual % Change": "91.24%"}, "2002": {"Average Stock Price": "32.5471", "Year Open": "45.3500", "Year High": "47.9500", "Year Low": "18.2900", "Year Close": "23.8700", "Annual % Change": "-46.23%"}, "2001": {"Average Stock Price": "44.2307", "Year Open": "47.0000", "Year High": "62.6000", "Year Low": "30.9900", "Year Close": "44.3900", "Annual % Change": "-13.28%"}, "2000": {"Average Stock Price": "71.1209", "Year Open": "45.0950", "Year High": "101.4000", "Year Low": "42.2500", "Year Close": "51.1900", "Annual % Change": "10.09%"}, "1999": {"Average Stock Price": "22.7296", "Year Open": "15.0650", "Year High": "46.5000", "Year Low": "12.5300", "Year Close": "46.5000", "Annual % Change": "196.37%"}, "1998": {"Average Stock Price": "12.8110", "Year Open": "13.7800", "Year High": "19.5000", "Year Low": "6.6250", "Year Close": "15.6900", "Annual % Change": "13.33%"}, "1997": {"Average Stock Price": "14.2515", "Year Open": "12.3753", "Year High": "18.1250", "Year Low": "10.5650", "Year Close": "13.8450", "Annual % Change": "8.97%"}, "1996": {"Average Stock Price": "9.8297", "Year Open": "8.5952", "Year High": "13.1253", "Year Low": "6.6564", "Year Close": "12.7053", "Annual % Change": "43.64%"}, "1995": {"Average Stock Price": "7.7600", "Year Open": "5.5635", "Year High": "9.6877", "Year Low": "5.1876", "Year Close": "8.8452", "Annual % Change": "51.07%"}, "1994": {"Average Stock Price": "4.9239", "Year Open": "3.9368", "Year High": "6.0835", "Year Low": "3.9368", "Year Close": "5.8551", "Annual % Change": "42.63%"}, "1993": {"Average Stock Price": "3.4917", "Year Open": "2.6051", "Year High": "4.6668", "Year Low": "2.6051", "Year Close": "4.1051", "Annual % Change": "51.57%"}, "1992": {"Average Stock Price": "1.7732", "Year Open": "1.5200", "Year High": "2.7084", "Year Low": "1.4800", "Year Close": "2.7084", "Annual % Change": "71.05%"}, "1991": {"Average Stock Price": "1.5134", "Year Open": "1.1450", "Year High": "2.0634", "Year Low": "1.0834", "Year Close": "1.5834", "Annual % Change": "43.29%"}, "1990": {"Average Stock Price": "1.1912", "Year Open": "1.6050", "Year High": "1.6050", "Year Low": "0.9367", "Year Close": "1.1050", "Annual % Change": "-32.00%"}, "1989": {"Average Stock Price": "1.7475", "Year Open": "2.0834", "Year High": "2.1251", "Year Low": "1.3550", "Year Close": "1.6250", "Annual % Change": "-20.41%"}, "1988": {"Average Stock Price": "2.1057", "Year Open": "2.0201", "Year High": "2.6451", "Year Low": "1.6450", "Year Close": "2.0417", "Annual % Change": "8.89%"}, "1987": {"Average Stock Price": "3.0538", "Year Open": "2.6251", "Year High": "3.9168", "Year Low": "1.4584", "Year Close": "1.8750", "Annual % Change": "-28.03%"}, "1986": {"Average Stock Price": "3.1607", "Year Open": "3.2652", "Year High": "4.0634", "Year Low": "2.3751", "Year Close": "2.6051", "Annual % Change": "-21.00%"}, "1985": {"Average Stock Price": "2.6851", "Year Open": "2.3001", "Year High": "3.4064", "Year Low": "2.2501", "Year Close": "3.2977", "Annual % Change": "39.61%"}}}, "market cap": {"value": "$54.94B"}, "income statement": {"Revenue": {"2020-10-31": "5603.05600", "2019-10-31": "5991.06500", "2018-10-31": "6224.68900", "2017-10-31": "5246.35400", "2016-10-31": "3421.40900", "2015-10-31": "3435.09200", "2014-10-31": "2864.77300", "2013-10-31": "2633.68900", "2012-10-31": "2701.14200", "2011-10-31": "2993.32000", "2010-10-31": "2761.50300", "2009-10-31": "2014.90800", "2008-10-31": "2582.93100", "2007-10-31": "2464.72100", "2006-10-31": "2250.10000", "2005-10-31": "2134.80000"}, "Cost Of Goods Sold": {"2020-10-31": "1912.57800", "2019-10-31": "1977.31500", "2018-10-31": "1974.29300", "2017-10-31": "2078.11300", "2016-10-31": "1194.23600", "2015-10-31": "1175.83000", "2014-10-31": "1034.58500", "2013-10-31": "941.27800", "2012-10-31": "960.14100", "2011-10-31": "1006.77900", "2010-10-31": "962.08100", "2009-10-31": "896.27100", "2008-10-31": "1005.65600", "2007-10-31": "956.44500", "2006-10-31": "856.49900", "2005-10-31": "853.48500"}, "Gross Profit": {"2020-10-31": "3690.47800", "2019-10-31": "4013.75000", "2018-10-31": "4250.39600", "2017-10-31": "3168.24100", "2016-10-31": "2227.17300", "2015-10-31": "2259.26200", "2014-10-31": "1830.18800", "2013-10-31": "1692.41100", "2012-10-31": "1741.00100", "2011-10-31": "1986.54100", "2010-10-31": "1799.42200", "2009-10-31": "1118.63700", "2008-10-31": "1577.27500", "2007-10-31": "1508.27600", "2006-10-31": "1393.60100", "2005-10-31": "1281.31500"}, "Research And Development Expenses": {"2020-10-31": "1050.51900", "2019-10-31": "1130.34800", "2018-10-31": "1165.04700", "2017-10-31": "968.13300", "2016-10-31": "653.81600", "2015-10-31": "637.45900", "2014-10-31": "559.68600", "2013-10-31": "513.03500", "2012-10-31": "511.83500", "2011-10-31": "505.57000", "2010-10-31": "492.30500", "2009-10-31": "446.98000", "2008-10-31": "533.48000", "2007-10-31": "509.55300", "2006-10-31": "459.84600", "2005-10-31": "438.18300"}, "SG&A Expenses": {"2020-10-31": "659.92300", "2019-10-31": "648.09400", "2018-10-31": "695.54000", "2017-10-31": "690.53300", "2016-10-31": "461.43800", "2015-10-31": "478.97200", "2014-10-31": "454.67600", "2013-10-31": "396.23300", "2012-10-31": "396.51900", "2011-10-31": "406.70700", "2010-10-31": "390.56000", "2009-10-31": "333.18400", "2008-10-31": "415.68200", "2007-10-31": "389.50500", "2006-10-31": "384.05100", "2005-10-31": "333.09100"}, "Other Operating Income Or Expenses": {"2020-10-31": "-52.33700", "2019-10-31": "-95.65900", "2018-10-31": "-61.31800", "2017-10-31": "-49.46300", "2016-10-31": "-13.68400", "2015-10-31": "-223.67200", "2014-10-31": "-37.32200", "2013-10-31": "-29.84800", "2012-10-31": "-8.43100", "2011-10-31": "-2.23900", "2010-10-31": "-16.48300", "2009-10-31": "-53.65600", "2008-10-31": "-3.08800", "2007-10-31": "-40.49500", "2006-10-31": "-1.79000", "2005-10-31": "-31.48000"}, "Operating Expenses": {"2020-10-31": "4104.81200", "2019-10-31": "4280.45700", "2018-10-31": "4325.10000", "2017-10-31": "4083.59300", "2016-10-31": "2393.29700", "2015-10-31": "2604.25100", "2014-10-31": "2112.28900", "2013-10-31": "1880.61400", "2012-10-31": "1877.09400", "2011-10-31": "1921.29500", "2010-10-31": "1861.42900", "2009-10-31": "1730.09100", "2008-10-31": "1957.90600", "2007-10-31": "1895.99800", "2006-10-31": "1723.89700", "2005-10-31": "1656.23900"}, "Operating Income": {"2020-10-31": "1498.24400", "2019-10-31": "1710.60800", "2018-10-31": "1899.58900", "2017-10-31": "1162.76100", "2016-10-31": "1028.11200", "2015-10-31": "830.84110", "2014-10-31": "752.48390", "2013-10-31": "753.07500", "2012-10-31": "824.04800", "2011-10-31": "1072.02500", "2010-10-31": "900.07390", "2009-10-31": "284.81700", "2008-10-31": "625.02490", "2007-10-31": "568.72290", "2006-10-31": "526.20300", "2005-10-31": "478.56100"}, "Total Non-Operating Income/Expense": {"2020-10-31": "-186.62700", "2019-10-31": "-224.88000", "2018-10-31": "-244.27500", "2017-10-31": "-228.01400", "2016-10-31": "-71.19100", "2015-10-31": "-20.72700", "2014-10-31": "-23.13900", "2013-10-31": "62.24800", "2012-10-31": "-10.51500", "2011-10-31": "-10.57800", "2010-10-31": "1.59100", "2009-10-31": "12.62700", "2008-10-31": "41.07700", "2007-10-31": "92.73400", "2006-10-31": "110.58900", "2005-10-31": "71.70300"}, "Pre-Tax Income": {"2020-10-31": "1311.61700", "2019-10-31": "1485.72800", "2018-10-31": "1655.31400", "2017-10-31": "934.74700", "2016-10-31": "956.92100", "2015-10-31": "810.11400", "2014-10-31": "729.34500", "2013-10-31": "815.32300", "2012-10-31": "813.53300", "2011-10-31": "1061.44700", "2010-10-31": "901.66500", "2009-10-31": "297.44400", "2008-10-31": "666.10200", "2007-10-31": "661.45700", "2006-10-31": "636.79200", "2005-10-31": "550.26400"}, "Income Taxes": {"2020-10-31": "90.85600", "2019-10-31": "122.71700", "2018-10-31": "148.33400", "2017-10-31": "129.36800", "2016-10-31": "95.25700", "2015-10-31": "113.23600", "2014-10-31": "100.02500", "2013-10-31": "141.83600", "2012-10-31": "162.29700", "2011-10-31": "200.55300", "2010-10-31": "190.44000", "2009-10-31": "50.03600", "2008-10-31": "140.92500", "2007-10-31": "159.55300", "2006-10-31": "118.36500", "2005-10-31": "174.32000"}, "Income After Taxes": {"2020-10-31": "1220.76100", "2019-10-31": "1363.01100", "2018-10-31": "1506.98000", "2017-10-31": "805.37900", "2016-10-31": "861.66400", "2015-10-31": "696.87800", "2014-10-31": "629.31990", "2013-10-31": "673.48700", "2012-10-31": "651.23600", "2011-10-31": "860.89400", "2010-10-31": "711.22500", "2009-10-31": "247.40800", "2008-10-31": "525.17700", "2007-10-31": "501.90400", "2006-10-31": "518.42700", "2005-10-31": "375.94400"}, "Other Income": {"2020-10-31": "", "2019-10-31": "", "2018-10-31": "", "2017-10-31": "", "2016-10-31": "", "2015-10-31": "", "2014-10-31": "", "2013-10-31": "", "2012-10-31": "", "2011-10-31": "", "2010-10-31": "", "2009-10-31": "", "2008-10-31": "", "2007-10-31": "", "2006-10-31": "", "2005-10-31": ""}, "Income From Continuous Operations": {"2020-10-31": "1220.76100", "2019-10-31": "1363.01100", "2018-10-31": "1506.98000", "2017-10-31": "805.37900", "2016-10-31": "861.66400", "2015-10-31": "696.87800", "2014-10-31": "629.32000", "2013-10-31": "673.48700", "2012-10-31": "651.23600", "2011-10-31": "860.89400", "2010-10-31": "711.22500", "2009-10-31": "247.40800", "2008-10-31": "525.17700", "2007-10-31": "502.12300", "2006-10-31": "519.17500", "2005-10-31": "375.94400"}, "Income From Discontinued Operations": {"2020-10-31": "", "2019-10-31": "", "2018-10-31": "", "2017-10-31": "", "2016-10-31": "", "2015-10-31": "", "2014-10-31": "", "2013-10-31": "0.00000", "2012-10-31": "0.00000", "2011-10-31": "6.50000", "2010-10-31": "0.85900", "2009-10-31": "0.36400", "2008-10-31": "261.10700", "2007-10-31": "-5.21600", "2006-10-31": "30.30700", "2005-10-31": "38.84300"}, "Net Income": {"2020-10-31": "1220.76100", "2019-10-31": "1359.78200", "2018-10-31": "1501.07100", "2017-10-31": "805.37900", "2016-10-31": "861.66400", "2015-10-31": "696.87800", "2014-10-31": "629.32000", "2013-10-31": "673.48700", "2012-10-31": "651.23600", "2011-10-31": "867.39400", "2010-10-31": "712.08400", "2009-10-31": "247.77200", "2008-10-31": "786.28400", "2007-10-31": "496.90700", "2006-10-31": "549.48200", "2005-10-31": "414.78700"}, "EBITDA": {"2020-10-31": "2309.16700", "2019-10-31": "2521.85900", "2018-10-31": "2698.65200", "2017-10-31": "1746.82000", "2016-10-31": "1237.90200", "2015-10-31": "1053.08100", "2014-10-31": "894.45390", "2013-10-31": "863.49100", "2012-10-31": "933.88100", "2011-10-31": "1190.24400", "2010-10-31": "1020.98500", "2009-10-31": "424.68700", "2008-10-31": "778.49690", "2007-10-31": "723.50590", "2006-10-31": "698.36600", "2005-10-31": "634.12500"}, "EBIT": {"2020-10-31": "1498.24400", "2019-10-31": "1710.60800", "2018-10-31": "1899.58900", "2017-10-31": "1162.76100", "2016-10-31": "1028.11200", "2015-10-31": "830.84110", "2014-10-31": "752.48390", "2013-10-31": "753.07500", "2012-10-31": "824.04800", "2011-10-31": "1072.02500", "2010-10-31": "900.07390", "2009-10-31": "284.81700", "2008-10-31": "625.02490", "2007-10-31": "568.72290", "2006-10-31": "526.20300", "2005-10-31": "478.56100"}, "Basic Shares Outstanding": {"2020-10-31": "368.63300", "2019-10-31": "369.13300", "2018-10-31": "370.43000", "2017-10-31": "346.37100", "2016-10-31": "308.73600", "2015-10-31": "312.66000", "2014-10-31": "313.19500", "2013-10-31": "307.76300", "2012-10-31": "298.76100", "2011-10-31": "299.41700", "2010-10-31": "297.38700", "2009-10-31": "291.38500", "2008-10-31": "292.68800", "2007-10-31": "323.25500", "2006-10-31": "358.76200", "2005-10-31": "371.79100"}, "Shares Outstanding": {"2020-10-31": "371.97300", "2019-10-31": "372.87100", "2018-10-31": "374.93800", "2017-10-31": "350.48400", "2016-10-31": "312.30800", "2015-10-31": "316.87200", "2014-10-31": "318.02700", "2013-10-31": "314.04100", "2012-10-31": "306.19100", "2011-10-31": "308.23600", "2010-10-31": "305.86100", "2009-10-31": "292.69800", "2008-10-31": "297.11000", "2007-10-31": "332.30100", "2006-10-31": "370.96400", "2005-10-31": "383.47400"}, "Basic EPS": {"2020-10-31": "3.31000", "2019-10-31": "3.68000", "2018-10-31": "4.05000", "2017-10-31": "2.32000", "2016-10-31": "2.79000", "2015-10-31": "2.23000", "2014-10-31": "2.01000", "2013-10-31": "2.19000", "2012-10-31": "2.18000", "2011-10-31": "2.90000", "2010-10-31": "2.39000", "2009-10-31": "0.85000", "2008-10-31": "2.69000", "2007-10-31": "1.54000", "2006-10-31": "1.53000", "2005-10-31": "1.12000"}, "EPS - Earnings Per Share": {"2020-10-31": "3.28000", "2019-10-31": "3.65000", "2018-10-31": "4.00000", "2017-10-31": "2.29000", "2016-10-31": "2.76000", "2015-10-31": "2.20000", "2014-10-31": "1.98000", "2013-10-31": "2.14000", "2012-10-31": "2.13000", "2011-10-31": "2.81000", "2010-10-31": "2.33000", "2009-10-31": "0.85000", "2008-10-31": "2.65000", "2007-10-31": "1.50000", "2006-10-31": "1.48000", "2005-10-31": "1.08000"}}, "income statement, quarterly": {"Revenue": {"2020-10-31": "1526.29500", "2020-07-31": "1456.13600", "2020-04-30": "1317.06000", "2020-01-31": "1303.56500", "2019-10-31": "1443.21900", "2019-07-31": "1480.14300", "2019-04-30": "1526.60200", "2019-01-31": "1541.10100", "2018-10-31": "1536.12800", "2018-07-31": "1558.18900", "2018-04-30": "1563.50200", "2018-01-31": "1566.87000", "2017-10-31": "1680.02100", "2017-07-31": "1433.90200", "2017-04-30": "1147.98200", "2017-01-31": "984.44900", "2016-10-31": "1003.62300", "2016-07-31": "869.59100", "2016-04-30": "778.76600", "2016-01-31": "769.42900", "2015-10-31": "978.72200", "2015-07-31": "863.36500", "2015-04-30": "821.01900", "2015-01-31": "771.98600", "2014-10-31": "814.24700", "2014-07-31": "727.75200", "2014-04-30": "694.53600", "2014-01-31": "628.23800", "2013-10-31": "678.13300", "2013-07-31": "674.17200", "2013-04-30": "659.25000", "2013-01-31": "622.13400", "2012-10-31": "694.96410", "2012-07-31": "683.02600", "2012-04-30": "675.09400", "2012-01-31": "648.05800", "2011-10-31": "716.13390", "2011-07-31": "757.90200", "2011-04-30": "790.78000", "2011-01-31": "728.50400", "2010-10-31": "769.98990", "2010-07-31": "720.29000", "2010-04-30": "668.24000", "2010-01-31": "602.98300", "2009-10-31": "571.60000", "2009-07-31": "491.99100", "2009-04-30": "474.74800", "2009-01-31": "476.56900", "2008-10-31": "660.69570", "2008-07-31": "658.98600", "2008-04-30": "649.34000", "2008-01-31": "613.90900", "2007-10-31": "623.54190", "2007-07-31": "617.43100", "2007-04-30": "597.48300", "2007-01-31": "626.26500", "2006-10-31": "321.26620", "2006-07-31": "663.66000", "2006-04-30": "643.87200", "2006-01-31": "621.30200", "2005-10-31": "368.12200", "2005-07-31": "582.41600", "2005-04-30": "603.72600", "2005-01-31": "580.53600"}, "Cost Of Goods Sold": {"2020-10-31": "503.21100", "2020-07-31": "483.55800", "2020-04-30": "470.38600", "2020-01-31": "455.42300", "2019-10-31": "501.02790", "2019-07-31": "482.33200", "2019-04-30": "492.51000", "2019-01-31": "501.44500", "2018-10-31": "490.36300", "2018-07-31": "497.63100", "2018-04-30": "491.11200", "2018-01-31": "495.18700", "2017-10-31": "567.35100", "2017-07-31": "667.27800", "2017-04-30": "507.53900", "2017-01-31": "335.94500", "2016-10-31": "336.93590", "2016-07-31": "297.30100", "2016-04-30": "267.86300", "2016-01-31": "292.13600", "2015-10-31": "336.92590", "2015-07-31": "294.32800", "2015-04-30": "276.19700", "2015-01-31": "268.37900", "2014-10-31": "328.21000", "2014-07-31": "251.46200", "2014-04-30": "235.79300", "2014-01-31": "219.12000", "2013-10-31": "233.26300", "2013-07-31": "239.11000", "2013-04-30": "237.05500", "2013-01-31": "231.85000", "2012-10-31": "251.68200", "2012-07-31": "235.15200", "2012-04-30": "234.63900", "2012-01-31": "238.66800", "2011-10-31": "255.62000", "2011-07-31": "248.26200", "2011-04-30": "256.56600", "2011-01-31": "246.33100", "2010-10-31": "253.76100", "2010-07-31": "240.08800", "2010-04-30": "233.72500", "2010-01-31": "234.50700", "2009-10-31": "249.74600", "2009-07-31": "225.76200", "2009-04-30": "213.19600", "2009-01-31": "207.56700", "2008-10-31": "257.03900", "2008-07-31": "257.19200", "2008-04-30": "253.31900", "2008-01-31": "238.10600", "2007-10-31": "249.65000", "2007-07-31": "243.93900", "2007-04-30": "236.25500", "2007-01-31": "226.60100", "2006-10-31": "59.23300", "2006-07-31": "273.55000", "2006-04-30": "263.20100", "2006-01-31": "260.51500", "2005-10-31": "106.97200", "2005-07-31": "244.17800", "2005-04-30": "257.32700", "2005-01-31": "245.00800"}, "Gross Profit": {"2020-10-31": "1023.08400", "2020-07-31": "972.57800", "2020-04-30": "846.67410", "2020-01-31": "848.14200", "2019-10-31": "942.19100", "2019-07-31": "997.81090", "2019-04-30": "1034.09200", "2019-01-31": "1039.65600", "2018-10-31": "1045.76500", "2018-07-31": "1060.55800", "2018-04-30": "1072.39000", "2018-01-31": "1071.68300", "2017-10-31": "1112.67000", "2017-07-31": "766.62400", "2017-04-30": "640.44310", "2017-01-31": "648.50400", "2016-10-31": "666.68700", "2016-07-31": "572.29000", "2016-04-30": "510.90300", "2016-01-31": "477.29300", "2015-10-31": "641.79600", "2015-07-31": "569.03700", "2015-04-30": "544.82200", "2015-01-31": "503.60700", "2014-10-31": "486.03700", "2014-07-31": "476.29000", "2014-04-30": "458.74300", "2014-01-31": "409.11800", "2013-10-31": "444.87000", "2013-07-31": "435.06200", "2013-04-30": "422.19500", "2013-01-31": "390.28400", "2012-10-31": "443.28210", "2012-07-31": "447.87400", "2012-04-30": "440.45500", "2012-01-31": "409.39000", "2011-10-31": "460.51390", "2011-07-31": "509.64000", "2011-04-30": "534.21400", "2011-01-31": "482.17300", "2010-10-31": "516.22890", "2010-07-31": "480.20200", "2010-04-30": "434.51500", "2010-01-31": "368.47600", "2009-10-31": "321.85390", "2009-07-31": "266.22900", "2009-04-30": "261.55200", "2009-01-31": "269.00200", "2008-10-31": "403.65670", "2008-07-31": "401.79400", "2008-04-30": "396.02100", "2008-01-31": "375.80300", "2007-10-31": "373.89190", "2007-07-31": "373.49200", "2007-04-30": "361.22800", "2007-01-31": "399.66400", "2006-10-31": "262.03310", "2006-07-31": "390.11000", "2006-04-30": "380.67100", "2006-01-31": "360.78700", "2005-10-31": "261.15000", "2005-07-31": "338.23800", "2005-04-30": "346.39900", "2005-01-31": "335.52800"}, "Research And Development Expenses": {"2020-10-31": "280.23900", "2020-07-31": "260.79400", "2020-04-30": "252.41300", "2020-01-31": "257.07300", "2019-10-31": "277.01800", "2019-07-31": "280.10200", "2019-04-30": "285.84600", "2019-01-31": "287.38200", "2018-10-31": "295.33610", "2018-07-31": "291.64200", "2018-04-30": "289.47200", "2018-01-31": "288.59700", "2017-10-31": "273.27700", "2017-07-31": "275.67000", "2017-04-30": "235.23200", "2017-01-31": "183.95400", "2016-10-31": "172.92600", "2016-07-31": "163.22700", "2016-04-30": "160.23500", "2016-01-31": "157.42800", "2015-10-31": "170.73600", "2015-07-31": "160.78400", "2015-04-30": "154.23300", "2015-01-31": "151.70600", "2014-10-31": "154.79700", "2014-07-31": "140.09500", "2014-04-30": "136.20300", "2014-01-31": "128.59100", "2013-10-31": "130.86900", "2013-07-31": "128.89200", "2013-04-30": "128.11000", "2013-01-31": "125.16400", "2012-10-31": "130.22600", "2012-07-31": "129.69400", "2012-04-30": "127.53700", "2012-01-31": "124.37800", "2011-10-31": "123.88900", "2011-07-31": "128.47600", "2011-04-30": "130.46000", "2011-01-31": "122.74500", "2010-10-31": "128.14000", "2010-07-31": "126.98700", "2010-04-30": "122.78000", "2010-01-31": "114.39800", "2009-10-31": "110.12600", "2009-07-31": "107.57800", "2009-04-30": "109.44800", "2009-01-31": "119.82800", "2008-10-31": "133.45100", "2008-07-31": "135.83700", "2008-04-30": "134.65300", "2008-01-31": "129.53900", "2007-10-31": "131.68700", "2007-07-31": "128.09300", "2007-04-30": "126.69600", "2007-01-31": "123.07700", "2006-10-31": "60.64900", "2006-07-31": "136.06100", "2006-04-30": "131.84800", "2006-01-31": "131.28800", "2005-10-31": "64.79000", "2005-07-31": "119.21700", "2005-04-30": "126.64200", "2005-01-31": "127.53400"}, "SG&A Expenses": {"2020-10-31": "165.11500", "2020-07-31": "153.75300", "2020-04-30": "141.77500", "2020-01-31": "199.28000", "2019-10-31": "154.79900", "2019-07-31": "162.82500", "2019-04-30": "163.12800", "2019-01-31": "167.34200", "2018-10-31": "174.99900", "2018-07-31": "171.48700", "2018-04-30": "172.14600", "2018-01-31": "176.90800", "2017-10-31": "185.20800", "2017-07-31": "183.98000", "2017-04-30": "190.68600", "2017-01-31": "130.65900", "2016-10-31": "118.88100", "2016-07-31": "122.90900", "2016-04-30": "112.18600", "2016-01-31": "107.46200", "2015-10-31": "121.40000", "2015-07-31": "120.03000", "2015-04-30": "117.37100", "2015-01-31": "120.17100", "2014-10-31": "121.42400", "2014-07-31": "132.98900", "2014-04-30": "102.08500", "2014-01-31": "98.17800", "2013-10-31": "98.19700", "2013-07-31": "97.77300", "2013-04-30": "102.70300", "2013-01-31": "97.56000", "2012-10-31": "97.60900", "2012-07-31": "99.87300", "2012-04-30": "99.99200", "2012-01-31": "99.04500", "2011-10-31": "99.09400", "2011-07-31": "102.32300", "2011-04-30": "105.26800", "2011-01-31": "100.02200", "2010-10-31": "102.34900", "2010-07-31": "102.07000", "2010-04-30": "97.66000", "2010-01-31": "88.48100", "2009-10-31": "83.35600", "2009-07-31": "79.70600", "2009-04-30": "82.27600", "2009-01-31": "87.84600", "2008-10-31": "106.38100", "2008-07-31": "104.76700", "2008-04-30": "104.18300", "2008-01-31": "100.35100", "2007-10-31": "97.40900", "2007-07-31": "99.90600", "2007-04-30": "90.21000", "2007-01-31": "101.98000", "2006-10-31": "90.67500", "2006-07-31": "99.66300", "2006-04-30": "97.43200", "2006-01-31": "96.28100", "2005-10-31": "79.53000", "2005-07-31": "84.40700", "2005-04-30": "85.81300", "2005-01-31": "83.34100"}, "Other Operating Income Or Expenses": {"2020-10-31": "-8.05100", "2020-07-31": "-31.83000", "2020-04-30": "-1.32000", "2020-01-31": "-11.13600", "2019-10-31": "-64.78800", "2019-07-31": "-0.92700", "2019-04-30": "-8.16200", "2019-01-31": "-21.78200", "2018-10-31": "-1.84200", "2018-07-31": "-1.06900", "2018-04-30": "-1.08900", "2018-01-31": "-57.31800", "2017-10-31": "", "2017-07-31": "0.00000", "2017-04-30": "0.00000", "2017-01-31": "-49.46300", "2016-10-31": "", "2016-07-31": "0.00000", "2016-04-30": "-13.68400", "2016-01-31": "0.00000", "2015-10-31": "", "2015-07-31": "0.00000", "2015-04-30": "0.00000", "2015-01-31": "", "2014-10-31": "-34.63700", "2014-07-31": "0.00000", "2014-04-30": "0.00000", "2014-01-31": "-2.68500", "2013-10-31": "-15.77700", "2013-07-31": "0.00000", "2013-04-30": "0.00000", "2013-01-31": "-14.07100", "2012-10-31": "0.00000", "2012-07-31": "-5.83600", "2012-04-30": "", "2012-01-31": "-2.59500", "2011-10-31": "", "2011-07-31": "", "2011-04-30": "", "2011-01-31": "", "2010-10-31": "", "2010-07-31": "", "2010-04-30": "", "2010-01-31": "-16.48300", "2009-10-31": "", "2009-07-31": "", "2009-04-30": "-11.91900", "2009-01-31": "-41.73700", "2008-10-31": "", "2008-07-31": "", "2008-04-30": "", "2008-01-31": "", "2007-10-31": "-25.18300", "2007-07-31": "", "2007-04-30": "-10.11600", "2007-01-31": "-5.19600", "2006-10-31": "-0.77700", "2006-07-31": "", "2006-04-30": "", "2006-01-31": "-1.01300", "2005-10-31": "", "2005-07-31": "", "2005-04-30": "", "2005-01-31": ""}, "Operating Expenses": {"2020-10-31": "1064.62300", "2020-07-31": "1037.01200", "2020-04-30": "973.04000", "2020-01-31": "1030.13700", "2019-10-31": "1104.85800", "2019-07-31": "1033.41700", "2019-04-30": "1056.90700", "2019-01-31": "1085.27500", "2018-10-31": "1069.88600", "2018-07-31": "1069.23800", "2018-04-30": "1060.94800", "2018-01-31": "1125.02900", "2017-10-31": "1124.18400", "2017-07-31": "1239.08100", "2017-04-30": "1002.14700", "2017-01-31": "718.18100", "2016-10-31": "646.64220", "2016-07-31": "600.88400", "2016-04-30": "571.38700", "2016-01-31": "574.38400", "2015-10-31": "870.09200", "2015-07-31": "598.09600", "2015-04-30": "572.01100", "2015-01-31": "564.05200", "2014-10-31": "664.31800", "2014-07-31": "525.20600", "2014-04-30": "474.13600", "2014-01-31": "448.62900", "2013-10-31": "478.27090", "2013-07-31": "465.83000", "2013-04-30": "467.86800", "2013-01-31": "468.64500", "2012-10-31": "479.68500", "2012-07-31": "470.55500", "2012-04-30": "462.16800", "2012-01-31": "464.68600", "2011-10-31": "480.84210", "2011-07-31": "479.06100", "2011-04-30": "492.29400", "2011-01-31": "469.09800", "2010-10-31": "484.25000", "2010-07-31": "469.14500", "2010-04-30": "454.16500", "2010-01-31": "453.86900", "2009-10-31": "443.22790", "2009-07-31": "413.04600", "2009-04-30": "416.83900", "2009-01-31": "456.97800", "2008-10-31": "499.95900", "2008-07-31": "497.79600", "2008-04-30": "492.15500", "2008-01-31": "467.99600", "2007-10-31": "503.92900", "2007-07-31": "471.93800", "2007-04-30": "463.27700", "2007-01-31": "456.85400", "2006-10-31": "227.54500", "2006-07-31": "514.77400", "2006-04-30": "492.48100", "2006-01-31": "489.09700", "2005-10-31": "282.77200", "2005-07-31": "447.80200", "2005-04-30": "469.78200", "2005-01-31": "455.88300"}, "Operating Income": {"2020-10-31": "461.67190", "2020-07-31": "419.12400", "2020-04-30": "344.02010", "2020-01-31": "273.42800", "2019-10-31": "338.36080", "2019-07-31": "446.72600", "2019-04-30": "469.69510", "2019-01-31": "455.82590", "2018-10-31": "466.24240", "2018-07-31": "488.95100", "2018-04-30": "502.55410", "2018-01-31": "441.84110", "2017-10-31": "555.83730", "2017-07-31": "194.82090", "2017-04-30": "145.83510", "2017-01-31": "266.26790", "2016-10-31": "356.98070", "2016-07-31": "268.70700", "2016-04-30": "207.37900", "2016-01-31": "195.04500", "2015-10-31": "108.62990", "2015-07-31": "265.26900", "2015-04-30": "249.00800", "2015-01-31": "207.93400", "2014-10-31": "149.92900", "2014-07-31": "202.54600", "2014-04-30": "220.40000", "2014-01-31": "179.60900", "2013-10-31": "199.86210", "2013-07-31": "208.34200", "2013-04-30": "191.38200", "2013-01-31": "153.48900", "2012-10-31": "215.27910", "2012-07-31": "212.47100", "2012-04-30": "212.92600", "2012-01-31": "183.37200", "2011-10-31": "235.29180", "2011-07-31": "278.84100", "2011-04-30": "298.48600", "2011-01-31": "259.40600", "2010-10-31": "285.73990", "2010-07-31": "251.14500", "2010-04-30": "214.07500", "2010-01-31": "149.11400", "2009-10-31": "128.37210", "2009-07-31": "78.94500", "2009-04-30": "57.90900", "2009-01-31": "19.59100", "2008-10-31": "160.73680", "2008-07-31": "161.19000", "2008-04-30": "157.18510", "2008-01-31": "145.91300", "2007-10-31": "119.61280", "2007-07-31": "145.49300", "2007-04-30": "134.20600", "2007-01-31": "169.41100", "2006-10-31": "93.72120", "2006-07-31": "148.88600", "2006-04-30": "151.39100", "2006-01-31": "132.20500", "2005-10-31": "85.35000", "2005-07-31": "134.61400", "2005-04-30": "133.94400", "2005-01-31": "124.65300"}, "Total Non-Operating Income/Expense": {"2020-10-31": "-44.36200", "2020-07-31": "-46.09500", "2020-04-30": "-48.95900", "2020-01-31": "-47.21100", "2019-10-31": "-50.53400", "2019-07-31": "-57.16800", "2019-04-30": "-61.29800", "2019-01-31": "-55.88000", "2018-10-31": "-56.90700", "2018-07-31": "-58.44500", "2018-04-30": "-62.42900", "2018-01-31": "-66.49400", "2017-10-31": "-67.91100", "2017-07-31": "-68.02300", "2017-04-30": "-59.12100", "2017-01-31": "-32.95900", "2016-10-31": "-33.54700", "2016-07-31": "-12.30700", "2016-04-30": "-12.46900", "2016-01-31": "-12.86800", "2015-10-31": "-3.95300", "2015-07-31": "-5.79100", "2015-04-30": "-3.81900", "2015-01-31": "-7.16400", "2014-10-31": "-11.23100", "2014-07-31": "-5.15800", "2014-04-30": "-3.03200", "2014-01-31": "-3.71800", "2013-10-31": "82.65000", "2013-07-31": "-13.30100", "2013-04-30": "-3.72100", "2013-01-31": "-3.38000", "2012-10-31": "-2.75500", "2012-07-31": "-3.00200", "2012-04-30": "-1.47200", "2012-01-31": "-3.28600", "2011-10-31": "-4.29200", "2011-07-31": "-3.97000", "2011-04-30": "-1.73000", "2011-01-31": "-0.58600", "2010-10-31": "2.31700", "2010-07-31": "0.17600", "2010-04-30": "-0.05500", "2010-01-31": "-0.84700", "2009-10-31": "-1.14600", "2009-07-31": "1.08200", "2009-04-30": "4.32400", "2009-01-31": "8.36700", "2008-10-31": "10.62800", "2008-07-31": "7.54100", "2008-04-30": "10.55500", "2008-01-31": "12.35300", "2007-10-31": "12.89100", "2007-07-31": "16.44900", "2007-04-30": "31.09200", "2007-01-31": "32.30200", "2006-10-31": "24.49500", "2006-07-31": "26.27700", "2006-04-30": "39.22500", "2006-01-31": "20.59200", "2005-10-31": "21.89000", "2005-07-31": "19.06200", "2005-04-30": "16.76800", "2005-01-31": "13.98300"}, "Pre-Tax Income": {"2020-10-31": "417.31000", "2020-07-31": "373.02900", "2020-04-30": "295.06100", "2020-01-31": "226.21700", "2019-10-31": "287.82710", "2019-07-31": "389.55800", "2019-04-30": "408.39700", "2019-01-31": "399.94600", "2018-10-31": "409.33600", "2018-07-31": "430.50600", "2018-04-30": "440.12500", "2018-01-31": "375.34700", "2017-10-31": "487.92600", "2017-07-31": "126.79800", "2017-04-30": "86.71400", "2017-01-31": "233.30900", "2016-10-31": "323.43400", "2016-07-31": "256.40000", "2016-04-30": "194.91000", "2016-01-31": "182.17700", "2015-10-31": "104.67700", "2015-07-31": "259.47800", "2015-04-30": "245.18900", "2015-01-31": "200.77000", "2014-10-31": "138.69800", "2014-07-31": "197.38800", "2014-04-30": "217.36800", "2014-01-31": "175.89100", "2013-10-31": "282.51200", "2013-07-31": "195.04100", "2013-04-30": "187.66100", "2013-01-31": "150.10900", "2012-10-31": "212.52400", "2012-07-31": "209.46900", "2012-04-30": "211.45400", "2012-01-31": "180.08600", "2011-10-31": "231.00000", "2011-07-31": "274.87100", "2011-04-30": "296.75600", "2011-01-31": "258.82000", "2010-10-31": "288.05700", "2010-07-31": "251.32100", "2010-04-30": "214.02000", "2010-01-31": "148.26700", "2009-10-31": "127.22600", "2009-07-31": "80.02700", "2009-04-30": "62.23300", "2009-01-31": "27.95800", "2008-10-31": "171.36500", "2008-07-31": "168.73100", "2008-04-30": "167.74000", "2008-01-31": "158.26600", "2007-10-31": "132.50400", "2007-07-31": "161.94200", "2007-04-30": "165.29800", "2007-01-31": "201.71300", "2006-10-31": "118.21600", "2006-07-31": "175.16300", "2006-04-30": "190.61600", "2006-01-31": "152.79700", "2005-10-31": "107.24000", "2005-07-31": "153.67600", "2005-04-30": "150.71200", "2005-01-31": "138.63600"}, "Income Taxes": {"2020-10-31": "30.78400", "2020-07-31": "10.36400", "2020-04-30": "27.36500", "2020-01-31": "22.34300", "2019-10-31": "10.13300", "2019-07-31": "27.18400", "2019-04-30": "40.46000", "2019-01-31": "44.94000", "2018-10-31": "4.48100", "2018-07-31": "21.94900", "2018-04-30": "39.79700", "2018-01-31": "82.10700", "2017-10-31": "62.15600", "2017-07-31": "57.88200", "2017-04-30": "-6.85000", "2017-01-31": "16.18000", "2016-10-31": "27.27700", "2016-07-31": "25.97000", "2016-04-30": "24.33700", "2016-01-31": "17.67300", "2015-10-31": "8.37200", "2015-07-31": "43.00000", "2015-04-30": "39.85100", "2015-01-31": "22.01300", "2014-10-31": "30.00300", "2014-07-31": "16.78200", "2014-04-30": "29.93500", "2014-01-31": "23.30500", "2013-10-31": "80.95800", "2013-07-31": "18.80200", "2013-04-30": "23.18900", "2013-01-31": "18.88700", "2012-10-31": "33.33700", "2012-07-31": "39.70100", "2012-04-30": "48.55500", "2012-01-31": "40.70400", "2011-10-31": "47.47300", "2011-07-31": "54.93600", "2011-04-30": "54.93000", "2011-01-31": "43.21400", "2010-10-31": "63.06300", "2010-07-31": "51.83000", "2010-04-30": "46.88000", "2010-01-31": "28.66700", "2009-10-31": "21.61700", "2009-07-31": "14.56700", "2009-04-30": "10.47900", "2009-01-31": "3.37300", "2008-10-31": "27.12300", "2008-07-31": "39.53600", "2008-04-30": "37.84800", "2008-01-31": "36.41800", "2007-10-31": "37.81800", "2007-07-31": "36.53600", "2007-04-30": "39.72000", "2007-01-31": "45.47900", "2006-10-31": "10.85200", "2006-07-31": "30.47800", "2006-04-30": "44.79500", "2006-01-31": "32.24000", "2005-10-31": "77.74200", "2005-07-31": "32.27200", "2005-04-30": "33.11300", "2005-01-31": "31.19300"}, "Income After Taxes": {"2020-10-31": "386.52600", "2020-07-31": "362.66500", "2020-04-30": "267.69600", "2020-01-31": "203.87400", "2019-10-31": "277.69390", "2019-07-31": "362.37400", "2019-04-30": "367.93700", "2019-01-31": "355.00600", "2018-10-31": "404.85500", "2018-07-31": "408.55700", "2018-04-30": "400.32800", "2018-01-31": "293.24000", "2017-10-31": "425.77010", "2017-07-31": "68.91600", "2017-04-30": "93.56400", "2017-01-31": "217.12900", "2016-10-31": "296.15700", "2016-07-31": "230.43000", "2016-04-30": "170.57300", "2016-01-31": "164.50400", "2015-10-31": "96.30500", "2015-07-31": "216.47800", "2015-04-30": "205.33800", "2015-01-31": "178.75700", "2014-10-31": "108.69490", "2014-07-31": "180.60600", "2014-04-30": "187.43300", "2014-01-31": "152.58600", "2013-10-31": "201.55400", "2013-07-31": "176.23900", "2013-04-30": "164.47200", "2013-01-31": "131.22200", "2012-10-31": "179.18700", "2012-07-31": "169.76800", "2012-04-30": "162.89900", "2012-01-31": "139.38200", "2011-10-31": "183.52700", "2011-07-31": "219.93500", "2011-04-30": "241.82600", "2011-01-31": "215.60600", "2010-10-31": "224.99400", "2010-07-31": "199.49100", "2010-04-30": "167.14000", "2010-01-31": "119.60000", "2009-10-31": "105.60900", "2009-07-31": "65.46000", "2009-04-30": "51.75400", "2009-01-31": "24.58500", "2008-10-31": "144.24200", "2008-07-31": "129.19500", "2008-04-30": "129.89200", "2008-01-31": "121.84800", "2007-10-31": "94.68600", "2007-07-31": "125.40600", "2007-04-30": "125.57800", "2007-01-31": "156.23400", "2006-10-31": "107.36400", "2006-07-31": "144.68500", "2006-04-30": "145.82100", "2006-01-31": "120.55700", "2005-10-31": "29.49800", "2005-07-31": "121.40400", "2005-04-30": "117.59900", "2005-01-31": "107.44300"}, "Other Income": {"2020-10-31": "", "2020-07-31": "", "2020-04-30": "", "2020-01-31": "", "2019-10-31": "", "2019-07-31": "", "2019-04-30": "", "2019-01-31": "", "2018-10-31": "", "2018-07-31": "", "2018-04-30": "", "2018-01-31": "", "2017-10-31": "", "2017-07-31": "", "2017-04-30": "", "2017-01-31": "", "2016-10-31": "", "2016-07-31": "", "2016-04-30": "", "2016-01-31": "", "2015-10-31": "", "2015-07-31": "", "2015-04-30": "", "2015-01-31": "", "2014-10-31": "", "2014-07-31": "", "2014-04-30": "", "2014-01-31": "", "2013-10-31": "", "2013-07-31": "", "2013-04-30": "", "2013-01-31": "", "2012-10-31": "", "2012-07-31": "", "2012-04-30": "", "2012-01-31": "", "2011-10-31": "", "2011-07-31": "", "2011-04-30": "", "2011-01-31": "", "2010-10-31": "", "2010-07-31": "", "2010-04-30": "", "2010-01-31": "", "2009-10-31": "", "2009-07-31": "", "2009-04-30": "", "2009-01-31": "", "2008-10-31": "", "2008-07-31": "", "2008-04-30": "", "2008-01-31": "", "2007-10-31": "", "2007-07-31": "", "2007-04-30": "", "2007-01-31": "", "2006-10-31": "", "2006-07-31": "", "2006-04-30": "", "2006-01-31": "", "2005-10-31": "", "2005-07-31": "", "2005-04-30": "", "2005-01-31": ""}, "Income From Continuous Operations": {"2020-10-31": "386.52600", "2020-07-31": "362.66500", "2020-04-30": "267.69600", "2020-01-31": "203.87400", "2019-10-31": "277.69390", "2019-07-31": "362.37400", "2019-04-30": "367.93700", "2019-01-31": "355.00600", "2018-10-31": "404.85500", "2018-07-31": "408.55700", "2018-04-30": "400.32800", "2018-01-31": "293.24000", "2017-10-31": "425.77010", "2017-07-31": "68.91600", "2017-04-30": "93.56400", "2017-01-31": "217.12900", "2016-10-31": "296.15700", "2016-07-31": "230.43000", "2016-04-30": "170.57300", "2016-01-31": "164.50400", "2015-10-31": "96.30500", "2015-07-31": "216.47800", "2015-04-30": "205.33800", "2015-01-31": "178.75700", "2014-10-31": "108.69500", "2014-07-31": "180.60600", "2014-04-30": "187.43300", "2014-01-31": "152.58600", "2013-10-31": "201.55400", "2013-07-31": "176.23900", "2013-04-30": "164.47200", "2013-01-31": "131.22200", "2012-10-31": "179.18700", "2012-07-31": "169.76800", "2012-04-30": "162.89900", "2012-01-31": "139.38200", "2011-10-31": "183.52700", "2011-07-31": "219.93500", "2011-04-30": "241.82600", "2011-01-31": "215.60600", "2010-10-31": "224.99400", "2010-07-31": "199.49100", "2010-04-30": "167.14000", "2010-01-31": "119.60000", "2009-10-31": "105.60900", "2009-07-31": "65.46000", "2009-04-30": "51.75400", "2009-01-31": "24.58500", "2008-10-31": "144.24200", "2008-07-31": "129.19500", "2008-04-30": "129.89200", "2008-01-31": "121.84800", "2007-10-31": "94.68600", "2007-07-31": "125.40600", "2007-04-30": "125.57800", "2007-01-31": "156.45300", "2006-10-31": "108.11200", "2006-07-31": "144.68500", "2006-04-30": "145.82100", "2006-01-31": "120.55700", "2005-10-31": "29.49800", "2005-07-31": "121.40400", "2005-04-30": "117.59900", "2005-01-31": "107.44300"}, "Income From Discontinued Operations": {"2020-10-31": "", "2020-07-31": "", "2020-04-30": "", "2020-01-31": "", "2019-10-31": "", "2019-07-31": "", "2019-04-30": "", "2019-01-31": "", "2018-10-31": "", "2018-07-31": "", "2018-04-30": "", "2018-01-31": "", "2017-10-31": "", "2017-07-31": "", "2017-04-30": "", "2017-01-31": "", "2016-10-31": "", "2016-07-31": "", "2016-04-30": "", "2016-01-31": "", "2015-10-31": "", "2015-07-31": "", "2015-04-30": "", "2015-01-31": "", "2014-10-31": "", "2014-07-31": "", "2014-04-30": "", "2014-01-31": "", "2013-10-31": "", "2013-07-31": "", "2013-04-30": "", "2013-01-31": "", "2012-10-31": "", "2012-07-31": "", "2012-04-30": "", "2012-01-31": "", "2011-10-31": "", "2011-07-31": "", "2011-04-30": "", "2011-01-31": "6.50000", "2010-10-31": "", "2010-07-31": "0.00000", "2010-04-30": "", "2010-01-31": "0.85900", "2009-10-31": "", "2009-07-31": "", "2009-04-30": "", "2009-01-31": "0.36400", "2008-10-31": "-0.37100", "2008-07-31": "9.41300", "2008-04-30": "3.19400", "2008-01-31": "248.87100", "2007-10-31": "3.20300", "2007-07-31": "-4.97100", "2007-04-30": "-0.22200", "2007-01-31": "-3.22600", "2006-10-31": "", "2006-07-31": "", "2006-04-30": "", "2006-01-31": "", "2005-10-31": "", "2005-07-31": "", "2005-04-30": "", "2005-01-31": ""}, "Net Income": {"2020-10-31": "386.52590", "2020-07-31": "362.66500", "2020-04-30": "267.69600", "2020-01-31": "203.87400", "2019-10-31": "274.46490", "2019-07-31": "362.37400", "2019-04-30": "367.93700", "2019-01-31": "355.00600", "2018-10-31": "398.94600", "2018-07-31": "408.55700", "2018-04-30": "400.32800", "2018-01-31": "293.24000", "2017-10-31": "425.77000", "2017-07-31": "68.91600", "2017-04-30": "93.56400", "2017-01-31": "217.12900", "2016-10-31": "296.15700", "2016-07-31": "230.43000", "2016-04-30": "170.57300", "2016-01-31": "164.50400", "2015-10-31": "96.30500", "2015-07-31": "216.47800", "2015-04-30": "205.33800", "2015-01-31": "178.75700", "2014-10-31": "108.69500", "2014-07-31": "180.60600", "2014-04-30": "187.43300", "2014-01-31": "152.58600", "2013-10-31": "201.55400", "2013-07-31": "176.23900", "2013-04-30": "164.47200", "2013-01-31": "131.22200", "2012-10-31": "179.18700", "2012-07-31": "169.76800", "2012-04-30": "162.89900", "2012-01-31": "139.38200", "2011-10-31": "183.52700", "2011-07-31": "219.93500", "2011-04-30": "241.82600", "2011-01-31": "222.10600", "2010-10-31": "224.99400", "2010-07-31": "199.49100", "2010-04-30": "167.14000", "2010-01-31": "120.45900", "2009-10-31": "105.60900", "2009-07-31": "65.46000", "2009-04-30": "51.75400", "2009-01-31": "24.94900", "2008-10-31": "143.87100", "2008-07-31": "138.60800", "2008-04-30": "133.08600", "2008-01-31": "370.71900", "2007-10-31": "97.88900", "2007-07-31": "120.43500", "2007-04-30": "125.35600", "2007-01-31": "153.22700", "2006-10-31": "138.41900", "2006-07-31": "144.68500", "2006-04-30": "145.82100", "2006-01-31": "120.55700", "2005-10-31": "68.34100", "2005-07-31": "121.40400", "2005-04-30": "117.59900", "2005-01-31": "107.44300"}, "EBITDA": {"2020-10-31": "663.88790", "2020-07-31": "620.58700", "2020-04-30": "547.33200", "2020-01-31": "477.36000", "2019-10-31": "543.52480", "2019-07-31": "650.85290", "2019-04-30": "671.07010", "2019-01-31": "656.41090", "2018-10-31": "667.43240", "2018-07-31": "688.81600", "2018-04-30": "702.09700", "2018-01-31": "640.30600", "2017-10-31": "745.57330", "2017-07-31": "397.27590", "2017-04-30": "283.37710", "2017-01-31": "320.59390", "2016-10-31": "410.64370", "2016-07-31": "321.35500", "2016-04-30": "259.30200", "2016-01-31": "246.60100", "2015-10-31": "159.61990", "2015-07-31": "322.81700", "2015-04-30": "306.19800", "2015-01-31": "264.44600", "2014-10-31": "207.03200", "2014-07-31": "232.50900", "2014-04-30": "247.91400", "2014-01-31": "206.99900", "2013-10-31": "227.43210", "2013-07-31": "235.84500", "2013-04-30": "218.91500", "2013-01-31": "181.29900", "2012-10-31": "242.81710", "2012-07-31": "239.63400", "2012-04-30": "239.81500", "2012-01-31": "211.61500", "2011-10-31": "264.33980", "2011-07-31": "308.32100", "2011-04-30": "328.29200", "2011-01-31": "289.29100", "2010-10-31": "315.68590", "2010-07-31": "280.33600", "2010-04-30": "244.76700", "2010-01-31": "180.19600", "2009-10-31": "160.52010", "2009-07-31": "110.92400", "2009-04-30": "92.94000", "2009-01-31": "60.30300", "2008-10-31": "198.67180", "2008-07-31": "199.87200", "2008-04-30": "196.06610", "2008-01-31": "183.88700", "2007-10-31": "157.28980", "2007-07-31": "184.40200", "2007-04-30": "173.18000", "2007-01-31": "208.63400", "2006-10-31": "135.98420", "2006-07-31": "192.21200", "2006-04-30": "194.48200", "2006-01-31": "175.68800", "2005-10-31": "123.74600", "2005-07-31": "173.08700", "2005-04-30": "173.64200", "2005-01-31": "163.65000"}, "EBIT": {"2020-10-31": "461.67210", "2020-07-31": "419.12400", "2020-04-30": "344.02010", "2020-01-31": "273.42800", "2019-10-31": "338.36100", "2019-07-31": "446.72600", "2019-04-30": "469.69510", "2019-01-31": "455.82590", "2018-10-31": "466.24270", "2018-07-31": "488.95100", "2018-04-30": "502.55410", "2018-01-31": "441.84110", "2017-10-31": "555.83700", "2017-07-31": "194.82090", "2017-04-30": "145.83510", "2017-01-31": "266.26790", "2016-10-31": "356.98080", "2016-07-31": "268.70700", "2016-04-30": "207.37900", "2016-01-31": "195.04500", "2015-10-31": "108.63010", "2015-07-31": "265.26900", "2015-04-30": "249.00800", "2015-01-31": "207.93400", "2014-10-31": "149.92890", "2014-07-31": "202.54600", "2014-04-30": "220.40000", "2014-01-31": "179.60900", "2013-10-31": "199.86200", "2013-07-31": "208.34200", "2013-04-30": "191.38200", "2013-01-31": "153.48900", "2012-10-31": "215.27900", "2012-07-31": "212.47100", "2012-04-30": "212.92600", "2012-01-31": "183.37200", "2011-10-31": "235.29200", "2011-07-31": "278.84100", "2011-04-30": "298.48600", "2011-01-31": "259.40600", "2010-10-31": "285.73990", "2010-07-31": "251.14500", "2010-04-30": "214.07500", "2010-01-31": "149.11400", "2009-10-31": "128.37200", "2009-07-31": "78.94500", "2009-04-30": "57.90900", "2009-01-31": "19.59100", "2008-10-31": "160.73680", "2008-07-31": "161.19000", "2008-04-30": "157.18510", "2008-01-31": "145.91300", "2007-10-31": "119.61290", "2007-07-31": "145.49300", "2007-04-30": "134.20600", "2007-01-31": "169.41100", "2006-10-31": "93.72100", "2006-07-31": "148.88600", "2006-04-30": "151.39100", "2006-01-31": "132.20500", "2005-10-31": "85.35000", "2005-07-31": "134.61400", "2005-04-30": "133.94400", "2005-01-31": "124.65300"}, "Basic Shares Outstanding": {"2020-10-31": "368.63300", "2020-07-31": "368.79100", "2020-04-30": "368.21700", "2020-01-31": "368.24100", "2019-10-31": "369.13300", "2019-07-31": "369.53300", "2019-04-30": "369.24600", "2019-01-31": "368.70300", "2018-10-31": "370.43000", "2018-07-31": "371.31500", "2018-04-30": "370.38400", "2018-01-31": "369.09300", "2017-10-31": "346.37100", "2017-07-31": "367.31500", "2017-04-30": "341.31600", "2017-01-31": "308.78600", "2016-10-31": "308.73600", "2016-07-31": "307.13500", "2016-04-30": "308.79000", "2016-01-31": "311.16600", "2015-10-31": "312.66000", "2015-07-31": "313.87700", "2015-04-30": "312.66000", "2015-01-31": "311.27400", "2014-10-31": "313.19500", "2014-07-31": "314.19000", "2014-04-30": "313.48800", "2014-01-31": "312.28600", "2013-10-31": "307.76300", "2013-07-31": "309.11700", "2013-04-30": "307.44400", "2013-01-31": "303.48400", "2012-10-31": "298.76100", "2012-07-31": "298.44500", "2012-04-30": "298.13000", "2012-01-31": "297.78800", "2011-10-31": "299.41700", "2011-07-31": "299.61600", "2011-04-30": "299.92300", "2011-01-31": "299.21800", "2010-10-31": "297.38700", "2010-07-31": "298.02700", "2010-04-30": "297.82500", "2010-01-31": "295.46900", "2009-10-31": "291.38500", "2009-07-31": "291.38700", "2009-04-30": "291.22700", "2009-01-31": "291.18700", "2008-10-31": "292.68800", "2008-07-31": "290.37600", "2008-04-30": "290.38900", "2008-01-31": "299.14100", "2007-10-31": "323.25500", "2007-07-31": "318.46500", "2007-04-30": "329.98800", "2007-01-31": "338.69800", "2006-10-31": "358.76200", "2006-07-31": "357.88700", "2006-04-30": "364.22500", "2006-01-31": "366.13500", "2005-10-31": "371.79100", "2005-07-31": "370.98500", "2005-04-30": "370.67400", "2005-01-31": "375.56100"}, "Shares Outstanding": {"2020-10-31": "371.97300", "2020-07-31": "372.00300", "2020-04-30": "371.30500", "2020-01-31": "372.26400", "2019-10-31": "372.87100", "2019-07-31": "373.07700", "2019-04-30": "373.34200", "2019-01-31": "372.50600", "2018-10-31": "374.93800", "2018-07-31": "375.81500", "2018-04-30": "374.77800", "2018-01-31": "374.18900", "2017-10-31": "350.48400", "2017-07-31": "371.15900", "2017-04-30": "345.65400", "2017-01-31": "313.07600", "2016-10-31": "312.30800", "2016-07-31": "310.55800", "2016-04-30": "312.25000", "2016-01-31": "314.79300", "2015-10-31": "316.87200", "2015-07-31": "318.18700", "2015-04-30": "317.04700", "2015-01-31": "315.68400", "2014-10-31": "318.02700", "2014-07-31": "318.87600", "2014-04-30": "318.34700", "2014-01-31": "318.01700", "2013-10-31": "314.04100", "2013-07-31": "315.30700", "2013-04-30": "313.36800", "2013-01-31": "310.27500", "2012-10-31": "306.19100", "2012-07-31": "305.35900", "2012-04-30": "305.92100", "2012-01-31": "305.53100", "2011-10-31": "308.23600", "2011-07-31": "308.74400", "2011-04-30": "309.61900", "2011-01-31": "308.84800", "2010-10-31": "305.86100", "2010-07-31": "306.16800", "2010-04-30": "305.83600", "2010-01-31": "304.73000", "2009-10-31": "292.69800", "2009-07-31": "293.08400", "2009-04-30": "292.44600", "2009-01-31": "291.24800", "2008-10-31": "297.11000", "2008-07-31": "295.00100", "2008-04-30": "295.36000", "2008-01-31": "304.26000", "2007-10-31": "332.30100", "2007-07-31": "327.33100", "2007-04-30": "338.84000", "2007-01-31": "349.20800", "2006-10-31": "370.96400", "2006-07-31": "369.54200", "2006-04-30": "376.81100", "2006-01-31": "380.33700", "2005-10-31": "383.47400", "2005-07-31": "382.83000", "2005-04-30": "382.33700", "2005-01-31": "388.10700"}, "Basic EPS": {"2020-10-31": "1.05000", "2020-07-31": "0.98000", "2020-04-30": "0.73000", "2020-01-31": "0.55000", "2019-10-31": "0.75000", "2019-07-31": "0.98000", "2019-04-30": "0.99000", "2019-01-31": "0.96000", "2018-10-31": "1.08000", "2018-07-31": "1.10000", "2018-04-30": "1.08000", "2018-01-31": "0.79000", "2017-10-31": "1.17000", "2017-07-31": "0.18000", "2017-04-30": "0.27000", "2017-01-31": "0.70000", "2016-10-31": "0.96000", "2016-07-31": "0.75000", "2016-04-30": "0.55000", "2016-01-31": "0.53000", "2015-10-31": "0.31000", "2015-07-31": "0.69000", "2015-04-30": "0.66000", "2015-01-31": "0.57000", "2014-10-31": "0.35000", "2014-07-31": "0.57000", "2014-04-30": "0.60000", "2014-01-31": "0.49000", "2013-10-31": "0.66000", "2013-07-31": "0.57000", "2013-04-30": "0.53000", "2013-01-31": "0.43000", "2012-10-31": "0.59000", "2012-07-31": "0.57000", "2012-04-30": "0.55000", "2012-01-31": "0.47000", "2011-10-31": "0.62000", "2011-07-31": "0.73000", "2011-04-30": "0.81000", "2011-01-31": "0.74000", "2010-10-31": "0.75000", "2010-07-31": "0.67000", "2010-04-30": "0.56000", "2010-01-31": "0.41000", "2009-10-31": "0.36000", "2009-07-31": "0.22000", "2009-04-30": "0.18000", "2009-01-31": "0.09000", "2008-10-31": "0.51000", "2008-07-31": "0.48000", "2008-04-30": "0.46000", "2008-01-31": "1.24000", "2007-10-31": "0.33000", "2007-07-31": "0.38000", "2007-04-30": "0.38000", "2007-01-31": "0.45000", "2006-10-31": "0.40000", "2006-07-31": "0.40000", "2006-04-30": "0.40000", "2006-01-31": "0.33000", "2005-10-31": "0.18000", "2005-07-31": "0.33000", "2005-04-30": "0.32000", "2005-01-31": "0.29000"}, "EPS - Earnings Per Share": {"2020-10-31": "1.04000", "2020-07-31": "0.97000", "2020-04-30": "0.72000", "2020-01-31": "0.55000", "2019-10-31": "0.75000", "2019-07-31": "0.97000", "2019-04-30": "0.98000", "2019-01-31": "0.95000", "2018-10-31": "1.08000", "2018-07-31": "1.08000", "2018-04-30": "1.06000", "2018-01-31": "0.78000", "2017-10-31": "1.15000", "2017-07-31": "0.18000", "2017-04-30": "0.27000", "2017-01-31": "0.69000", "2016-10-31": "0.95000", "2016-07-31": "0.74000", "2016-04-30": "0.55000", "2016-01-31": "0.52000", "2015-10-31": "0.30000", "2015-07-31": "0.68000", "2015-04-30": "0.65000", "2015-01-31": "0.57000", "2014-10-31": "0.34000", "2014-07-31": "0.57000", "2014-04-30": "0.59000", "2014-01-31": "0.48000", "2013-10-31": "0.64000", "2013-07-31": "0.56000", "2013-04-30": "0.52000", "2013-01-31": "0.42000", "2012-10-31": "0.58000", "2012-07-31": "0.56000", "2012-04-30": "0.53000", "2012-01-31": "0.46000", "2011-10-31": "0.60000", "2011-07-31": "0.71000", "2011-04-30": "0.78000", "2011-01-31": "0.72000", "2010-10-31": "0.73000", "2010-07-31": "0.65000", "2010-04-30": "0.55000", "2010-01-31": "0.40000", "2009-10-31": "0.36000", "2009-07-31": "0.22000", "2009-04-30": "0.18000", "2009-01-31": "0.09000", "2008-10-31": "0.51000", "2008-07-31": "0.47000", "2008-04-30": "0.45000", "2008-01-31": "1.22000", "2007-10-31": "0.32000", "2007-07-31": "0.37000", "2007-04-30": "0.37000", "2007-01-31": "0.44000", "2006-10-31": "0.38000", "2006-07-31": "0.39000", "2006-04-30": "0.39000", "2006-01-31": "0.32000", "2005-10-31": "0.17000", "2005-07-31": "0.32000", "2005-04-30": "0.31000", "2005-01-31": "0.28000"}}, "balance sheet": {"Cash On Hand": {"2020-10-31": "1055.86000", "2019-10-31": "648.32200", "2018-10-31": "816.59100", "2017-10-31": "1047.83800", "2016-10-31": "4055.79300", "2015-10-31": "3028.92800", "2014-10-31": "2866.46800", "2013-10-31": "4682.91200", "2012-10-31": "3900.37800", "2011-10-31": "3592.46200", "2010-10-31": "2687.76800", "2009-10-31": "1815.97300", "2008-10-31": "1309.68600", "2007-10-31": "1081.20700", "2006-10-31": "2128.33400", "2005-10-31": "2705.94200"}, "Receivables": {"2020-10-31": "737.53600", "2019-10-31": "635.13600", "2018-10-31": "639.71700", "2017-10-31": "688.95300", "2016-10-31": "477.60900", "2015-10-31": "466.52700", "2014-10-31": "396.60500", "2013-10-31": "325.14400", "2012-10-31": "339.88100", "2011-10-31": "348.41600", "2010-10-31": "387.16900", "2009-10-31": "301.03600", "2008-10-31": "315.29000", "2007-10-31": "323.77700", "2006-10-31": "305.76100", "2005-10-31": "320.52300"}, "Inventory": {"2020-10-31": "608.26000", "2019-10-31": "609.88600", "2018-10-31": "586.76000", "2017-10-31": "550.81600", "2016-10-31": "376.55500", "2015-10-31": "412.31400", "2014-10-31": "367.92700", "2013-10-31": "283.33700", "2012-10-31": "313.72300", "2011-10-31": "295.08100", "2010-10-31": "277.47800", "2009-10-31": "253.16100", "2008-10-31": "314.62900", "2007-10-31": "324.37300", "2006-10-31": "362.94500", "2005-10-31": "325.60500"}, "Pre-Paid Expenses": {"2020-10-31": "116.03200", "2019-10-31": "91.78200", "2018-10-31": "69.05800", "2017-10-31": "63.73100", "2016-10-31": "64.90600", "2015-10-31": "42.53800", "2014-10-31": "51.95200", "2013-10-31": "44.73300", "2012-10-31": "51.86800", "2011-10-31": "68.21800", "2010-10-31": "51.87400", "2009-10-31": "40.36300", "2008-10-31": "40.46000", "2007-10-31": "50.13000", "2006-10-31": "82.77000", "2005-10-31": "59.58000"}, "Other Current Assets": {"2020-10-31": "", "2019-10-31": "", "2018-10-31": "", "2017-10-31": "", "2016-10-31": "", "2015-10-31": "", "2014-10-31": "", "2013-10-31": "", "2012-10-31": "", "2011-10-31": "", "2010-10-31": "", "2009-10-31": "", "2008-10-31": "", "2007-10-31": "", "2006-10-31": "", "2005-10-31": ""}, "Total Current Assets": {"2020-10-31": "2517.68800", "2019-10-31": "1985.12600", "2018-10-31": "2112.12600", "2017-10-31": "2351.33800", "2016-10-31": "4974.86300", "2015-10-31": "4079.54800", "2014-10-31": "3811.88600", "2013-10-31": "5472.42500", "2012-10-31": "4696.18500", "2011-10-31": "4386.34800", "2010-10-31": "3478.99900", "2009-10-31": "2490.63600", "2008-10-31": "2089.57700", "2007-10-31": "1978.85200", "2006-10-31": "3011.30200", "2005-10-31": "3732.45600"}, "Property, Plant, And Equipment": {"2020-10-31": "1120.56100", "2019-10-31": "1219.98900", "2018-10-31": "1154.32800", "2017-10-31": "1107.30400", "2016-10-31": "636.11600", "2015-10-31": "644.11000", "2014-10-31": "622.42200", "2013-10-31": "508.17100", "2012-10-31": "500.86700", "2011-10-31": "478.83900", "2010-10-31": "472.66500", "2009-10-31": "476.51600", "2008-10-31": "567.43900", "2007-10-31": "556.07500", "2006-10-31": "554.94100", "2005-10-31": "599.90600"}, "Long-Term Investments": {"2020-10-31": "86.72900", "2019-10-31": "77.32400", "2018-10-31": "28.73000", "2017-10-31": "24.83800", "2016-10-31": "21.93700", "2015-10-31": "17.48200", "2014-10-31": "13.39700", "2013-10-31": "3.81600", "2012-10-31": "1.81600", "2011-10-31": "2.95100", "2010-10-31": "1.31700", "2009-10-31": "1.48500", "2008-10-31": "0.95500", "2007-10-31": "1.69200", "2006-10-31": "0.85000", "2005-10-31": "2.42400"}, "Goodwill And Intangible Assets": {"2020-10-31": "15928.71000", "2019-10-31": "16474.10000", "2018-10-31": "17030.79000", "2017-10-31": "17536.88000", "2016-10-31": "2228.48400", "2015-10-31": "2220.04300", "2014-10-31": "2313.84000", "2013-10-31": "312.66400", "2012-10-31": "312.60500", "2011-10-31": "287.28700", "2010-10-31": "256.92300", "2009-10-31": "257.73600", "2008-10-31": "247.47500", "2007-10-31": "303.62200", "2006-10-31": "287.65000", "2005-10-31": "167.57600"}, "Other Long-Term Assets": {"2020-10-31": "311.85600", "2019-10-31": "53.71600", "2018-10-31": "62.86800", "2017-10-31": "56.04000", "2016-10-31": "46.72100", "2015-10-31": "40.56100", "2014-10-31": "49.78600", "2013-10-31": "41.08400", "2012-10-31": "36.91700", "2011-10-31": "58.15500", "2010-10-31": "57.47200", "2009-10-31": "35.65800", "2008-10-31": "26.46100", "2007-10-31": "43.00000", "2006-10-31": "27.74400", "2005-10-31": "24.58000"}, "Total Long-Term Assets": {"2020-10-31": "18950.92000", "2019-10-31": "19407.52000", "2018-10-31": "18326.24000", "2017-10-31": "18789.96000", "2016-10-31": "2995.41500", "2015-10-31": "2979.22900", "2014-10-31": "3047.80400", "2013-10-31": "909.32500", "2012-10-31": "924.16200", "2011-10-31": "891.28700", "2010-10-31": "849.83200", "2009-10-31": "878.77090", "2008-10-31": "1001.41500", "2007-10-31": "992.09010", "2006-10-31": "975.54900", "2005-10-31": "850.75500"}, "Total Assets": {"2020-10-31": "21468.60000", "2019-10-31": "21392.64000", "2018-10-31": "20438.37000", "2017-10-31": "21141.29000", "2016-10-31": "7970.27800", "2015-10-31": "7058.77700", "2014-10-31": "6859.69000", "2013-10-31": "6381.75000", "2012-10-31": "5620.34700", "2011-10-31": "5277.63500", "2010-10-31": "4328.83100", "2009-10-31": "3369.40700", "2008-10-31": "3090.99200", "2007-10-31": "2970.94200", "2006-10-31": "3986.85100", "2005-10-31": "4583.21100"}, "Total Current Liabilities": {"2020-10-31": "1364.98600", "2019-10-31": "1508.63200", "2018-10-31": "1051.74800", "2017-10-31": "1596.33200", "2016-10-31": "782.93400", "2015-10-31": "1113.58500", "2014-10-31": "709.05600", "2013-10-31": "570.51200", "2012-10-31": "525.07900", "2011-10-31": "525.00500", "2010-10-31": "643.46700", "2009-10-31": "386.61300", "2008-10-31": "569.05800", "2007-10-31": "548.05100", "2006-10-31": "490.94300", "2005-10-31": "818.92300"}, "Long Term Debt": {"2020-10-31": "5145.10200", "2019-10-31": "5192.25200", "2018-10-31": "6265.67400", "2017-10-31": "7551.08400", "2016-10-31": "1732.17700", "2015-10-31": "495.34100", "2014-10-31": "872.78900", "2013-10-31": "872.24100", "2012-10-31": "807.09800", "2011-10-31": "871.87600", "2010-10-31": "400.63500", "2009-10-31": "379.62600", "2008-10-31": "", "2007-10-31": "", "2006-10-31": "", "2005-10-31": ""}, "Other Non-Current Liabilities": {"2020-10-31": "1040.97500", "2019-10-31": "894.35700", "2018-10-31": "822.51600", "2017-10-31": "125.08300", "2016-10-31": "153.46600", "2015-10-31": "125.76300", "2014-10-31": "263.04700", "2013-10-31": "176.02000", "2012-10-31": "93.25500", "2011-10-31": "57.65300", "2010-10-31": "74.52200", "2009-10-31": "66.09700", "2008-10-31": "55.56100", "2007-10-31": "40.29100", "2006-10-31": "25.85100", "2005-10-31": "26.39500"}, "Total Long Term Liabilities": {"2020-10-31": "8105.67200", "2019-10-31": "8174.82100", "2018-10-31": "8118.44500", "2017-10-31": "9383.42200", "2016-10-31": "2021.72600", "2015-10-31": "872.23300", "2014-10-31": "1392.73700", "2013-10-31": "1071.66200", "2012-10-31": "929.90910", "2011-10-31": "957.21700", "2010-10-31": "485.64700", "2009-10-31": "453.64500", "2008-10-31": "101.67100", "2007-10-31": "85.75700", "2006-10-31": "60.11500", "2005-10-31": "72.78700"}, "Total Liabilities": {"2020-10-31": "9470.65800", "2019-10-31": "9683.45300", "2018-10-31": "9170.19300", "2017-10-31": "10979.75000", "2016-10-31": "2804.66000", "2015-10-31": "1985.81800", "2014-10-31": "2101.79300", "2013-10-31": "1642.17400", "2012-10-31": "1454.98800", "2011-10-31": "1482.22200", "2010-10-31": "1129.11400", "2009-10-31": "840.25800", "2008-10-31": "670.72900", "2007-10-31": "633.80800", "2006-10-31": "551.05800", "2005-10-31": "891.71000"}, "Common Stock Net": {"2020-10-31": "61.58200", "2019-10-31": "61.38500", "2018-10-31": "61.69400", "2017-10-31": "61.44100", "2016-10-31": "51.36300", "2015-10-31": "52.01100", "2014-10-31": "51.86900", "2013-10-31": "51.84200", "2012-10-31": "50.23300", "2011-10-31": "49.66100", "2010-10-31": "49.77700", "2009-10-31": "48.64500", "2008-10-31": "48.53300", "2007-10-31": "50.56000", "2006-10-31": "57.00100", "2005-10-31": "61.13900"}, "Retained Earnings (Accumulated Deficit)": {"2020-10-31": "7236.23800", "2019-10-31": "6899.25300", "2018-10-31": "5982.69700", "2017-10-31": "4910.93900", "2016-10-31": "4785.79900", "2015-10-31": "4437.31500", "2014-10-31": "4231.49600", "2013-10-31": "4056.40100", "2012-10-31": "3788.86900", "2011-10-31": "3482.33400", "2010-10-31": "2896.56600", "2009-10-31": "2434.44600", "2008-10-31": "2419.90800", "2007-10-31": "2253.48300", "2006-10-31": "3378.99900", "2005-10-31": "3269.42000"}, "Comprehensive Income": {"2020-10-31": "-249.46100", "2019-10-31": "-187.79900", "2018-10-31": "-58.44000", "2017-10-31": "-61.35900", "2016-10-31": "-73.81400", "2015-10-31": "-50.85100", "2014-10-31": "-168.52600", "2013-10-31": "-80.54600", "2012-10-31": "-64.39400", "2011-10-31": "-26.16900", "2010-10-31": "-33.59500", "2009-10-31": "-10.24800", "2008-10-31": "-48.17800", "2007-10-31": "33.09100", "2006-10-31": "-0.20700", "2005-10-31": "-19.26400"}, "Other Share Holders Equity": {"2020-10-31": "", "2019-10-31": "", "2018-10-31": "", "2017-10-31": "", "2016-10-31": "", "2015-10-31": "", "2014-10-31": "", "2013-10-31": "", "2012-10-31": "", "2011-10-31": "", "2010-10-31": "", "2009-10-31": "", "2008-10-31": "", "2007-10-31": "", "2006-10-31": "", "2005-10-31": ""}, "Share Holder Equity": {"2020-10-31": "11997.95000", "2019-10-31": "11709.19000", "2018-10-31": "11268.17000", "2017-10-31": "10161.54000", "2016-10-31": "5165.61800", "2015-10-31": "5072.95900", "2014-10-31": "4757.89700", "2013-10-31": "4739.57600", "2012-10-31": "4165.35900", "2011-10-31": "3795.41300", "2010-10-31": "3199.71700", "2009-10-31": "2529.14900", "2008-10-31": "2420.26300", "2007-10-31": "2337.13400", "2006-10-31": "3435.79300", "2005-10-31": "3691.50100"}, "Total Liabilities And Share Holders Equity": {"2020-10-31": "21468.60000", "2019-10-31": "21392.64000", "2018-10-31": "20438.37000", "2017-10-31": "21141.29000", "2016-10-31": "7970.27800", "2015-10-31": "7058.77700", "2014-10-31": "6859.69000", "2013-10-31": "6381.75000", "2012-10-31": "5620.34700", "2011-10-31": "5277.63500", "2010-10-31": "4328.83100", "2009-10-31": "3369.40700", "2008-10-31": "3090.99200", "2007-10-31": "2970.94200", "2006-10-31": "3986.85100", "2005-10-31": "4583.21100"}}, "balance sheet, quarterly": {"Cash On Hand": {"2020-10-31": "1055.86000", "2020-07-31": "1090.26400", "2020-04-30": "784.93700", "2020-01-31": "654.40800", "2019-10-31": "648.32200", "2019-07-31": "612.16400", "2019-04-30": "713.60100", "2019-01-31": "605.86400", "2018-10-31": "816.59100", "2018-07-31": "772.57500", "2018-04-30": "806.51700", "2018-01-31": "827.55000", "2017-10-31": "1047.83800", "2017-07-31": "908.56900", "2017-04-30": "6188.37200", "2017-01-31": "6317.06600", "2016-10-31": "4055.79300", "2016-07-31": "3803.43400", "2016-04-30": "3754.08100", "2016-01-31": "3789.46800", "2015-10-31": "3028.92800", "2015-07-31": "3099.96100", "2015-04-30": "3074.77800", "2015-01-31": "2873.28100", "2014-10-31": "2866.46800", "2014-07-31": "4932.25900", "2014-04-30": "4807.22500", "2014-01-31": "4701.10900", "2013-10-31": "4682.91200", "2013-07-31": "4450.29300", "2013-04-30": "4172.14100", "2013-01-31": "3986.97900", "2012-10-31": "3900.37800", "2012-07-31": "3765.04500", "2012-04-30": "3752.62500", "2012-01-31": "3667.39800", "2011-10-31": "3592.46200", "2011-07-31": "3514.53800", "2011-04-30": "3431.36500", "2011-01-31": "2961.11600", "2010-10-31": "2687.76800", "2010-07-31": "2508.31500", "2010-04-30": "2386.73900", "2010-01-31": "2178.96400", "2009-10-31": "1815.97300", "2009-07-31": "1724.44400", "2009-04-30": "1285.47800", "2009-01-31": "1283.13100", "2008-10-31": "1309.68600", "2008-07-31": "1277.64400", "2008-04-30": "1185.17900", "2008-01-31": "1271.76600", "2007-10-31": "1081.20700", "2007-07-31": "1283.59000", "2007-04-30": "1794.67200", "2007-01-31": "1953.82100", "2006-10-31": "2128.33400", "2006-07-31": "2516.06100", "2006-04-30": "2692.79600", "2006-01-31": "2735.11400", "2005-10-31": "2705.94200", "2005-07-31": "2783.88600", "2005-04-30": "2617.25900", "2005-01-31": "2598.37200"}, "Receivables": {"2020-10-31": "737.53600", "2020-07-31": "681.72800", "2020-04-30": "588.24400", "2020-01-31": "584.36600", "2019-10-31": "635.13600", "2019-07-31": "689.97600", "2019-04-30": "685.97800", "2019-01-31": "713.73000", "2018-10-31": "639.71700", "2018-07-31": "710.75300", "2018-04-30": "759.55700", "2018-01-31": "709.76100", "2017-10-31": "688.95300", "2017-07-31": "692.55200", "2017-04-30": "630.35300", "2017-01-31": "472.51100", "2016-10-31": "477.60900", "2016-07-31": "452.94400", "2016-04-30": "398.97900", "2016-01-31": "375.08700", "2015-10-31": "466.52700", "2015-07-31": "451.51100", "2015-04-30": "408.51000", "2015-01-31": "402.35000", "2014-10-31": "396.60500", "2014-07-31": "394.76200", "2014-04-30": "360.84700", "2014-01-31": "328.78700", "2013-10-31": "325.14400", "2013-07-31": "345.43700", "2013-04-30": "333.92400", "2013-01-31": "329.57800", "2012-10-31": "339.88100", "2012-07-31": "345.79500", "2012-04-30": "330.28200", "2012-01-31": "301.99900", "2011-10-31": "348.41600", "2011-07-31": "375.01100", "2011-04-30": "414.57900", "2011-01-31": "384.27600", "2010-10-31": "387.16900", "2010-07-31": "357.47900", "2010-04-30": "332.15700", "2010-01-31": "313.28800", "2009-10-31": "301.03600", "2009-07-31": "244.02500", "2009-04-30": "228.52000", "2009-01-31": "235.35200", "2008-10-31": "315.29000", "2008-07-31": "326.45600", "2008-04-30": "332.28800", "2008-01-31": "340.08000", "2007-10-31": "323.77700", "2007-07-31": "350.86800", "2007-04-30": "332.11600", "2007-01-31": "344.78300", "2006-10-31": "305.76100", "2006-07-31": "359.77400", "2006-04-30": "357.88000", "2006-01-31": "317.73000", "2005-10-31": "320.52300", "2005-07-31": "296.08000", "2005-04-30": "320.36600", "2005-01-31": "324.03300"}, "Inventory": {"2020-10-31": "608.26000", "2020-07-31": "612.64600", "2020-04-30": "590.26800", "2020-01-31": "588.50300", "2019-10-31": "609.88600", "2019-07-31": "638.30500", "2019-04-30": "608.08500", "2019-01-31": "593.21100", "2018-10-31": "586.76000", "2018-07-31": "563.64500", "2018-04-30": "551.22000", "2018-01-31": "559.72000", "2017-10-31": "550.81600", "2017-07-31": "519.69500", "2017-04-30": "647.85800", "2017-01-31": "365.58600", "2016-10-31": "376.55500", "2016-07-31": "392.30300", "2016-04-30": "399.45900", "2016-01-31": "404.85200", "2015-10-31": "412.31400", "2015-07-31": "424.47500", "2015-04-30": "394.49400", "2015-01-31": "367.23800", "2014-10-31": "367.92700", "2014-07-31": "415.09800", "2014-04-30": "298.43200", "2014-01-31": "289.93500", "2013-10-31": "283.33700", "2013-07-31": "284.34200", "2013-04-30": "298.96700", "2013-01-31": "307.26300", "2012-10-31": "313.72300", "2012-07-31": "312.07900", "2012-04-30": "303.74200", "2012-01-31": "297.16000", "2011-10-31": "295.08100", "2011-07-31": "299.33200", "2011-04-30": "293.78000", "2011-01-31": "282.98000", "2010-10-31": "277.47800", "2010-07-31": "265.26600", "2010-04-30": "247.66200", "2010-01-31": "243.27500", "2009-10-31": "253.16100", "2009-07-31": "276.07200", "2009-04-30": "304.83400", "2009-01-31": "320.96700", "2008-10-31": "314.62900", "2008-07-31": "309.87000", "2008-04-30": "319.42100", "2008-01-31": "330.19600", "2007-10-31": "324.37300", "2007-07-31": "371.77300", "2007-04-30": "382.17700", "2007-01-31": "385.76600", "2006-10-31": "362.94500", "2006-07-31": "377.43400", "2006-04-30": "359.42000", "2006-01-31": "337.83500", "2005-10-31": "325.60500", "2005-07-31": "343.68800", "2005-04-30": "348.44600", "2005-01-31": "353.29100"}, "Pre-Paid Expenses": {"2020-10-31": "116.03200", "2020-07-31": "100.59900", "2020-04-30": "87.84400", "2020-01-31": "83.90200", "2019-10-31": "91.78200", "2019-07-31": "66.61300", "2019-04-30": "72.82500", "2019-01-31": "72.37500", "2018-10-31": "69.05800", "2018-07-31": "69.58400", "2018-04-30": "70.98000", "2018-01-31": "80.71500", "2017-10-31": "63.73100", "2017-07-31": "67.82700", "2017-04-30": "68.88400", "2017-01-31": "78.57000", "2016-10-31": "64.90600", "2016-07-31": "79.20700", "2016-04-30": "75.35500", "2016-01-31": "74.72700", "2015-10-31": "42.53800", "2015-07-31": "47.08900", "2015-04-30": "50.92400", "2015-01-31": "63.57800", "2014-10-31": "51.95200", "2014-07-31": "47.08100", "2014-04-30": "52.18100", "2014-01-31": "39.02200", "2013-10-31": "44.73300", "2013-07-31": "59.98800", "2013-04-30": "59.97600", "2013-01-31": "106.09600", "2012-10-31": "51.86800", "2012-07-31": "54.44700", "2012-04-30": "55.98200", "2012-01-31": "61.02000", "2011-10-31": "68.21800", "2011-07-31": "66.58000", "2011-04-30": "74.13200", "2011-01-31": "39.38200", "2010-10-31": "51.87400", "2010-07-31": "32.69600", "2010-04-30": "38.46600", "2010-01-31": "29.95100", "2009-10-31": "40.36300", "2009-07-31": "37.12700", "2009-04-30": "39.33600", "2009-01-31": "34.72300", "2008-10-31": "40.46000", "2008-07-31": "38.87600", "2008-04-30": "53.10900", "2008-01-31": "53.81100", "2007-10-31": "50.13000", "2007-07-31": "54.33100", "2007-04-30": "73.16600", "2007-01-31": "74.31000", "2006-10-31": "82.77000", "2006-07-31": "94.61900", "2006-04-30": "64.48000", "2006-01-31": "64.53400", "2005-10-31": "59.58000", "2005-07-31": "62.70400", "2005-04-30": "53.61100", "2005-01-31": "56.79600"}, "Other Current Assets": {"2020-10-31": "", "2020-07-31": "", "2020-04-30": "", "2020-01-31": "", "2019-10-31": "", "2019-07-31": "", "2019-04-30": "", "2019-01-31": "", "2018-10-31": "", "2018-07-31": "", "2018-04-30": "", "2018-01-31": "", "2017-10-31": "", "2017-07-31": "", "2017-04-30": "", "2017-01-31": "", "2016-10-31": "", "2016-07-31": "", "2016-04-30": "", "2016-01-31": "", "2015-10-31": "", "2015-07-31": "", "2015-04-30": "", "2015-01-31": "", "2014-10-31": "", "2014-07-31": "", "2014-04-30": "", "2014-01-31": "", "2013-10-31": "", "2013-07-31": "", "2013-04-30": "", "2013-01-31": "", "2012-10-31": "", "2012-07-31": "", "2012-04-30": "", "2012-01-31": "", "2011-10-31": "", "2011-07-31": "", "2011-04-30": "", "2011-01-31": "", "2010-10-31": "", "2010-07-31": "", "2010-04-30": "", "2010-01-31": "", "2009-10-31": "", "2009-07-31": "", "2009-04-30": "", "2009-01-31": "", "2008-10-31": "", "2008-07-31": "", "2008-04-30": "", "2008-01-31": "", "2007-10-31": "", "2007-07-31": "", "2007-04-30": "", "2007-01-31": "", "2006-10-31": "", "2006-07-31": "", "2006-04-30": "", "2006-01-31": "", "2005-10-31": "", "2005-07-31": "", "2005-04-30": "", "2005-01-31": ""}, "Total Current Assets": {"2020-10-31": "2517.68800", "2020-07-31": "2485.23700", "2020-04-30": "2051.29300", "2020-01-31": "1911.17900", "2019-10-31": "1985.12600", "2019-07-31": "2007.05800", "2019-04-30": "2080.48900", "2019-01-31": "1985.18000", "2018-10-31": "2112.12600", "2018-07-31": "2116.55700", "2018-04-30": "2188.27400", "2018-01-31": "2177.74600", "2017-10-31": "2351.33800", "2017-07-31": "2188.64300", "2017-04-30": "7535.46700", "2017-01-31": "7233.73300", "2016-10-31": "4974.86300", "2016-07-31": "4727.88800", "2016-04-30": "4627.87400", "2016-01-31": "4644.13400", "2015-10-31": "4079.54800", "2015-07-31": "4149.89200", "2015-04-30": "4045.76100", "2015-01-31": "3803.03700", "2014-10-31": "3811.88600", "2014-07-31": "5923.88400", "2014-04-30": "5638.03200", "2014-01-31": "5470.95900", "2013-10-31": "5472.42500", "2013-07-31": "5244.49000", "2013-04-30": "4963.21200", "2013-01-31": "4813.93500", "2012-10-31": "4696.18500", "2012-07-31": "4561.28500", "2012-04-30": "4522.52900", "2012-01-31": "4395.16800", "2011-10-31": "4386.34800", "2011-07-31": "4339.13100", "2011-04-30": "4292.73800", "2011-01-31": "3737.02900", "2010-10-31": "3478.99900", "2010-07-31": "3234.53800", "2010-04-30": "3078.30800", "2010-01-31": "2840.95500", "2009-10-31": "2490.63600", "2009-07-31": "2359.63300", "2009-04-30": "1942.21300", "2009-01-31": "1974.34200", "2008-10-31": "2089.57700", "2008-07-31": "2056.50200", "2008-04-30": "1988.36900", "2008-01-31": "2099.40500", "2007-10-31": "1978.85200", "2007-07-31": "2172.41400", "2007-04-30": "2689.72000", "2007-01-31": "2837.19100", "2006-10-31": "3011.30200", "2006-07-31": "3432.92800", "2006-04-30": "3557.47600", "2006-01-31": "3541.98100", "2005-10-31": "3732.45600", "2005-07-31": "3594.35800", "2005-04-30": "3446.68200", "2005-01-31": "3440.49200"}, "Property, Plant, And Equipment": {"2020-10-31": "1120.56100", "2020-07-31": "1134.23600", "2020-04-30": "1189.33200", "2020-01-31": "1206.76900", "2019-10-31": "1219.98900", "2019-07-31": "1221.19200", "2019-04-30": "1211.46700", "2019-01-31": "1181.73500", "2018-10-31": "1154.32800", "2018-07-31": "1107.99100", "2018-04-30": "1114.57900", "2018-01-31": "1115.41700", "2017-10-31": "1107.30400", "2017-07-31": "1098.84800", "2017-04-30": "1089.31900", "2017-01-31": "628.92400", "2016-10-31": "636.11600", "2016-07-31": "629.09400", "2016-04-30": "626.16200", "2016-01-31": "633.36200", "2015-10-31": "644.11000", "2015-07-31": "631.26900", "2015-04-30": "629.66500", "2015-01-31": "612.47200", "2014-10-31": "622.42200", "2014-07-31": "609.93700", "2014-04-30": "545.48500", "2014-01-31": "529.01000", "2013-10-31": "508.17100", "2013-07-31": "492.42100", "2013-04-30": "490.04700", "2013-01-31": "491.43100", "2012-10-31": "500.86700", "2012-07-31": "490.58100", "2012-04-30": "478.95900", "2012-01-31": "475.68900", "2011-10-31": "478.83900", "2011-07-31": "481.59600", "2011-04-30": "473.66200", "2011-01-31": "468.54100", "2010-10-31": "472.66500", "2010-07-31": "463.75100", "2010-04-30": "453.34400", "2010-01-31": "464.45600", "2009-10-31": "476.51600", "2009-07-31": "491.56400", "2009-04-30": "515.93700", "2009-01-31": "537.19800", "2008-10-31": "567.43900", "2008-07-31": "558.31200", "2008-04-30": "555.43000", "2008-01-31": "561.29500", "2007-10-31": "556.07500", "2007-07-31": "564.96000", "2007-04-30": "569.31800", "2007-01-31": "564.97100", "2006-10-31": "554.94100", "2006-07-31": "558.05400", "2006-04-30": "561.53800", "2006-01-31": "576.79800", "2005-10-31": "599.90600", "2005-07-31": "617.03800", "2005-04-30": "636.24900", "2005-01-31": "653.60800"}, "Long-Term Investments": {"2020-10-31": "86.72900", "2020-07-31": "82.95300", "2020-04-30": "76.02500", "2020-01-31": "30.23200", "2019-10-31": "77.32400", "2019-07-31": "32.29000", "2019-04-30": "31.61600", "2019-01-31": "34.75700", "2018-10-31": "28.73000", "2018-07-31": "28.54000", "2018-04-30": "26.99400", "2018-01-31": "26.24600", "2017-10-31": "24.83800", "2017-07-31": "28.95800", "2017-04-30": "28.49200", "2017-01-31": "22.99100", "2016-10-31": "21.93700", "2016-07-31": "27.89900", "2016-04-30": "26.06800", "2016-01-31": "22.99200", "2015-10-31": "17.48200", "2015-07-31": "16.24900", "2015-04-30": "17.52400", "2015-01-31": "13.70300", "2014-10-31": "13.39700", "2014-07-31": "12.01900", "2014-04-30": "11.21300", "2014-01-31": "5.31600", "2013-10-31": "3.81600", "2013-07-31": "3.81600", "2013-04-30": "3.81600", "2013-01-31": "3.81600", "2012-10-31": "1.81600", "2012-07-31": "1.81600", "2012-04-30": "1.81600", "2012-01-31": "3.23000", "2011-10-31": "2.95100", "2011-07-31": "3.31900", "2011-04-30": "3.56100", "2011-01-31": "3.28300", "2010-10-31": "1.31700", "2010-07-31": "1.14000", "2010-04-30": "1.64000", "2010-01-31": "1.45900", "2009-10-31": "1.48500", "2009-07-31": "1.67700", "2009-04-30": "1.14900", "2009-01-31": "0.76100", "2008-10-31": "0.95500", "2008-07-31": "1.31700", "2008-04-30": "3.12600", "2008-01-31": "0.13700", "2007-10-31": "1.69200", "2007-07-31": "0.68600", "2007-04-30": "0.52100", "2007-01-31": "0.59200", "2006-10-31": "0.85000", "2006-07-31": "1.11400", "2006-04-30": "1.29000", "2006-01-31": "2.14600", "2005-10-31": "2.42400", "2005-07-31": "3.01200", "2005-04-30": "3.01000", "2005-01-31": "3.39800"}, "Goodwill And Intangible Assets": {"2020-10-31": "15928.71000", "2020-07-31": "16070.73000", "2020-04-30": "16182.57000", "2020-01-31": "16330.14000", "2019-10-31": "16474.10000", "2019-07-31": "16594.27000", "2019-04-30": "16739.55000", "2019-01-31": "16885.59000", "2018-10-31": "17030.79000", "2018-07-31": "17174.90000", "2018-04-30": "17324.38000", "2018-01-31": "17406.50000", "2017-10-31": "17536.88000", "2017-07-31": "17682.51000", "2017-04-30": "17857.36000", "2017-01-31": "2206.91500", "2016-10-31": "2228.48400", "2016-07-31": "2168.06800", "2016-04-30": "2187.53900", "2016-01-31": "2196.07200", "2015-10-31": "2220.04300", "2015-07-31": "2242.26300", "2015-04-30": "2264.89100", "2015-01-31": "2288.19300", "2014-10-31": "2313.84000", "2014-07-31": "2327.72200", "2014-04-30": "315.78300", "2014-01-31": "311.66400", "2013-10-31": "312.66400", "2013-07-31": "309.19800", "2013-04-30": "311.58700", "2013-01-31": "313.08400", "2012-10-31": "312.60500", "2012-07-31": "308.19000", "2012-04-30": "309.09200", "2012-01-31": "286.33900", "2011-10-31": "287.28700", "2011-07-31": "293.34300", "2011-04-30": "261.28300", "2011-01-31": "257.16400", "2010-10-31": "256.92300", "2010-07-31": "252.72500", "2010-04-30": "258.11800", "2010-01-31": "257.97500", "2009-10-31": "257.73600", "2009-07-31": "256.16300", "2009-04-30": "251.80300", "2009-01-31": "244.71200", "2008-10-31": "247.47500", "2008-07-31": "277.52400", "2008-04-30": "277.21500", "2008-01-31": "283.60200", "2007-10-31": "303.62200", "2007-07-31": "310.86500", "2007-04-30": "310.23000", "2007-01-31": "302.86000", "2006-10-31": "287.65000", "2006-07-31": "180.93300", "2006-04-30": "166.79500", "2006-01-31": "167.18600", "2005-10-31": "167.57600", "2005-07-31": "167.40400", "2005-04-30": "168.06300", "2005-01-31": "168.72300"}, "Other Long-Term Assets": {"2020-10-31": "311.85600", "2020-07-31": "303.63900", "2020-04-30": "297.81400", "2020-01-31": "282.98800", "2019-10-31": "53.71600", "2019-07-31": "59.80000", "2019-04-30": "60.43100", "2019-01-31": "62.92900", "2018-10-31": "62.86800", "2018-07-31": "54.85000", "2018-04-30": "55.20300", "2018-01-31": "57.56300", "2017-10-31": "56.04000", "2017-07-31": "54.33300", "2017-04-30": "52.00800", "2017-01-31": "50.94300", "2016-10-31": "46.72100", "2016-07-31": "72.26500", "2016-04-30": "42.12500", "2016-01-31": "41.27400", "2015-10-31": "40.56100", "2015-07-31": "40.29700", "2015-04-30": "42.20800", "2015-01-31": "48.10000", "2014-10-31": "49.78600", "2014-07-31": "50.34600", "2014-04-30": "42.61700", "2014-01-31": "42.24300", "2013-10-31": "41.08400", "2013-07-31": "41.84700", "2013-04-30": "37.14000", "2013-01-31": "38.08200", "2012-10-31": "36.91700", "2012-07-31": "35.47100", "2012-04-30": "36.33700", "2012-01-31": "56.57900", "2011-10-31": "58.15500", "2011-07-31": "60.12000", "2011-04-30": "56.31500", "2011-01-31": "51.47000", "2010-10-31": "57.47200", "2010-07-31": "60.64800", "2010-04-30": "49.35900", "2010-01-31": "49.48100", "2009-10-31": "35.65800", "2009-07-31": "30.75000", "2009-04-30": "26.50900", "2009-01-31": "27.61000", "2008-10-31": "26.46100", "2008-07-31": "41.87600", "2008-04-30": "40.64500", "2008-01-31": "40.99700", "2007-10-31": "43.00000", "2007-07-31": "28.94400", "2007-04-30": "28.95100", "2007-01-31": "27.97600", "2006-10-31": "27.74400", "2006-07-31": "20.78100", "2006-04-30": "21.24500", "2006-01-31": "22.42400", "2005-10-31": "24.58000", "2005-07-31": "29.09200", "2005-04-30": "30.47000", "2005-01-31": "30.49900"}, "Total Long-Term Assets": {"2020-10-31": "18950.92000", "2020-07-31": "19114.33000", "2020-04-30": "19299.65000", "2020-01-31": "19465.65000", "2019-10-31": "19407.52000", "2019-07-31": "19559.59000", "2019-04-30": "19695.84000", "2019-01-31": "19843.10000", "2018-10-31": "18326.24000", "2018-07-31": "18432.06000", "2018-04-30": "18588.18000", "2018-01-31": "18675.57000", "2017-10-31": "18789.96000", "2017-07-31": "18926.35000", "2017-04-30": "19087.21000", "2017-01-31": "2969.63800", "2016-10-31": "2995.41500", "2016-07-31": "2957.16500", "2016-04-30": "2942.41800", "2016-01-31": "2953.94700", "2015-10-31": "2979.22900", "2015-07-31": "2984.80900", "2015-04-30": "3002.71400", "2015-01-31": "3018.11900", "2014-10-31": "3047.80400", "2014-07-31": "3049.58100", "2014-04-30": "956.91890", "2014-01-31": "928.50900", "2013-10-31": "909.32500", "2013-07-31": "894.13600", "2013-04-30": "877.82400", "2013-01-31": "902.87300", "2012-10-31": "924.16200", "2012-07-31": "895.33700", "2012-04-30": "889.96100", "2012-01-31": "882.66600", "2011-10-31": "891.28700", "2011-07-31": "912.25010", "2011-04-30": "867.66100", "2011-01-31": "859.87600", "2010-10-31": "849.83200", "2010-07-31": "869.53000", "2010-04-30": "849.78900", "2010-01-31": "857.21500", "2009-10-31": "878.77090", "2009-07-31": "920.51800", "2009-04-30": "933.12590", "2009-01-31": "944.84800", "2008-10-31": "1001.41500", "2008-07-31": "1035.62300", "2008-04-30": "1027.81800", "2008-01-31": "1035.53800", "2007-10-31": "992.09010", "2007-07-31": "993.95300", "2007-04-30": "996.95590", "2007-01-31": "986.62600", "2006-10-31": "975.54900", "2006-07-31": "859.31900", "2006-04-30": "845.87100", "2006-01-31": "832.19700", "2005-10-31": "850.75500", "2005-07-31": "1097.14700", "2005-04-30": "1138.58800", "2005-01-31": "1171.64300"}, "Total Assets": {"2020-10-31": "21468.60000", "2020-07-31": "21599.57000", "2020-04-30": "21350.94000", "2020-01-31": "21376.83000", "2019-10-31": "21392.64000", "2019-07-31": "21566.65000", "2019-04-30": "21776.32000", "2019-01-31": "21828.28000", "2018-10-31": "20438.37000", "2018-07-31": "20548.62000", "2018-04-30": "20776.45000", "2018-01-31": "20853.31000", "2017-10-31": "21141.29000", "2017-07-31": "21114.99000", "2017-04-30": "26622.68000", "2017-01-31": "10203.37000", "2016-10-31": "7970.27800", "2016-07-31": "7685.05300", "2016-04-30": "7570.29200", "2016-01-31": "7598.08100", "2015-10-31": "7058.77700", "2015-07-31": "7134.70100", "2015-04-30": "7048.47500", "2015-01-31": "6821.15600", "2014-10-31": "6859.69000", "2014-07-31": "8973.46500", "2014-04-30": "6594.95100", "2014-01-31": "6399.46800", "2013-10-31": "6381.75000", "2013-07-31": "6138.62600", "2013-04-30": "5841.03600", "2013-01-31": "5716.80800", "2012-10-31": "5620.34700", "2012-07-31": "5456.62200", "2012-04-30": "5412.49000", "2012-01-31": "5277.83400", "2011-10-31": "5277.63500", "2011-07-31": "5251.38100", "2011-04-30": "5160.39900", "2011-01-31": "4596.90500", "2010-10-31": "4328.83100", "2010-07-31": "4104.06800", "2010-04-30": "3928.09700", "2010-01-31": "3698.17000", "2009-10-31": "3369.40700", "2009-07-31": "3280.15100", "2009-04-30": "2875.33900", "2009-01-31": "2919.19000", "2008-10-31": "3090.99200", "2008-07-31": "3092.12500", "2008-04-30": "3016.18700", "2008-01-31": "3134.94300", "2007-10-31": "2970.94200", "2007-07-31": "3166.36700", "2007-04-30": "3686.67600", "2007-01-31": "3823.81700", "2006-10-31": "3986.85100", "2006-07-31": "4292.24700", "2006-04-30": "4403.34700", "2006-01-31": "4374.17800", "2005-10-31": "4583.21100", "2005-07-31": "4691.50500", "2005-04-30": "4585.27000", "2005-01-31": "4612.13500"}, "Total Current Liabilities": {"2020-10-31": "1364.98600", "2020-07-31": "1687.77600", "2020-04-30": "1582.00200", "2020-01-31": "1770.54200", "2019-10-31": "1508.63200", "2019-07-31": "1483.68000", "2019-04-30": "1365.03500", "2019-01-31": "849.95500", "2018-10-31": "1051.74800", "2018-07-31": "1338.88300", "2018-04-30": "1432.86300", "2018-01-31": "1236.54800", "2017-10-31": "1596.33200", "2017-07-31": "1101.07700", "2017-04-30": "5449.28200", "2017-01-31": "811.62600", "2016-10-31": "782.93400", "2016-07-31": "678.69300", "2016-04-30": "684.60000", "2016-01-31": "594.10500", "2015-10-31": "1113.58500", "2015-07-31": "1057.77000", "2015-04-30": "1068.21900", "2015-01-31": "632.90900", "2014-10-31": "709.05600", "2014-07-31": "2622.52600", "2014-04-30": "571.20200", "2014-01-31": "519.49400", "2013-10-31": "570.51200", "2013-07-31": "491.80900", "2013-04-30": "509.16200", "2013-01-31": "508.53500", "2012-10-31": "525.07900", "2012-07-31": "508.54200", "2012-04-30": "558.57400", "2012-01-31": "498.05500", "2011-10-31": "525.00500", "2011-07-31": "556.28700", "2011-04-30": "588.15800", "2011-01-31": "608.49100", "2010-10-31": "643.46700", "2010-07-31": "588.37900", "2010-04-30": "564.71700", "2010-01-31": "451.43100", "2009-10-31": "386.61300", "2009-07-31": "353.92600", "2009-04-30": "365.04800", "2009-01-31": "440.25400", "2008-10-31": "569.05800", "2008-07-31": "613.31300", "2008-04-30": "622.95700", "2008-01-31": "711.42500", "2007-10-31": "548.05100", "2007-07-31": "559.85500", "2007-04-30": "548.12500", "2007-01-31": "488.50500", "2006-10-31": "490.94300", "2006-07-31": "585.16400", "2006-04-30": "695.68400", "2006-01-31": "604.18300", "2005-10-31": "818.92300", "2005-07-31": "542.33300", "2005-04-30": "536.36700", "2005-01-31": "533.13000"}, "Long Term Debt": {"2020-10-31": "5145.10200", "2020-07-31": "5143.65300", "2020-04-30": "5142.22300", "2020-01-31": "4745.30200", "2019-10-31": "5192.25200", "2019-07-31": "5278.64300", "2019-04-30": "5612.36500", "2019-01-31": "6234.51700", "2018-10-31": "6265.67400", "2018-07-31": "6532.74600", "2018-04-30": "6926.44100", "2018-01-31": "7384.85600", "2017-10-31": "7551.08400", "2017-07-31": "8199.23000", "2017-04-30": "8572.36400", "2017-01-31": "3805.40000", "2016-10-31": "1732.17700", "2016-07-31": "1731.75800", "2016-04-30": "1731.33600", "2016-01-31": "1730.94800", "2015-10-31": "495.34100", "2015-07-31": "498.44800", "2015-04-30": "498.39900", "2015-01-31": "872.92600", "2014-10-31": "872.78900", "2014-07-31": "872.65200", "2014-04-30": "872.51500", "2014-01-31": "872.37800", "2013-10-31": "872.24100", "2013-07-31": "872.10400", "2013-04-30": "757.85500", "2013-01-31": "759.67200", "2012-10-31": "807.09800", "2012-07-31": "842.54000", "2012-04-30": "847.98300", "2012-01-31": "855.66200", "2011-10-31": "871.87600", "2011-07-31": "875.76600", "2011-04-30": "892.43200", "2011-01-31": "523.04600", "2010-10-31": "400.63500", "2010-07-31": "395.75600", "2010-04-30": "383.30600", "2010-01-31": "381.42500", "2009-10-31": "379.62600", "2009-07-31": "374.92600", "2009-04-30": "", "2009-01-31": "", "2008-10-31": "", "2008-07-31": "", "2008-04-30": "", "2008-01-31": "", "2007-10-31": "", "2007-07-31": "", "2007-04-30": "", "2007-01-31": "", "2006-10-31": "", "2006-07-31": "", "2006-04-30": "", "2006-01-31": "", "2005-10-31": "", "2005-07-31": "", "2005-04-30": "", "2005-01-31": ""}, "Other Non-Current Liabilities": {"2020-10-31": "1040.97500", "2020-07-31": "1029.57000", "2020-04-30": "1035.21100", "2020-01-31": "1068.37000", "2019-10-31": "894.35700", "2019-07-31": "797.28300", "2019-04-30": "785.18400", "2019-01-31": "826.42000", "2018-10-31": "822.51600", "2018-07-31": "846.99700", "2018-04-30": "851.31100", "2018-01-31": "863.41900", "2017-10-31": "125.08300", "2017-07-31": "130.02900", "2017-04-30": "175.70900", "2017-01-31": "150.97100", "2016-10-31": "153.46600", "2016-07-31": "131.67900", "2016-04-30": "130.84700", "2016-01-31": "126.26500", "2015-10-31": "125.76300", "2015-07-31": "245.98400", "2015-04-30": "248.62000", "2015-01-31": "246.45800", "2014-10-31": "263.04700", "2014-07-31": "174.85300", "2014-04-30": "179.64100", "2014-01-31": "176.40800", "2013-10-31": "176.02000", "2013-07-31": "95.77700", "2013-04-30": "94.06900", "2013-01-31": "94.77100", "2012-10-31": "93.25500", "2012-07-31": "47.61100", "2012-04-30": "50.85300", "2012-01-31": "52.24500", "2011-10-31": "57.65300", "2011-07-31": "75.44000", "2011-04-30": "70.35000", "2011-01-31": "74.49200", "2010-10-31": "74.52200", "2010-07-31": "48.71100", "2010-04-30": "48.33300", "2010-01-31": "48.04800", "2009-10-31": "66.09700", "2009-07-31": "65.03100", "2009-04-30": "61.04800", "2009-01-31": "58.80300", "2008-10-31": "55.56100", "2008-07-31": "42.47900", "2008-04-30": "41.56500", "2008-01-31": "38.68200", "2007-10-31": "40.29100", "2007-07-31": "28.54100", "2007-04-30": "27.51300", "2007-01-31": "26.24000", "2006-10-31": "25.85100", "2006-07-31": "26.72000", "2006-04-30": "27.07600", "2006-01-31": "26.73600", "2005-10-31": "26.39500", "2005-07-31": "21.82500", "2005-04-30": "21.67100", "2005-01-31": "21.56200"}, "Total Long Term Liabilities": {"2020-10-31": "8105.67200", "2020-07-31": "8134.23200", "2020-04-30": "8178.07800", "2020-01-31": "7916.76800", "2019-10-31": "8174.82100", "2019-07-31": "8292.73300", "2019-04-30": "8669.03200", "2019-01-31": "9392.88600", "2018-10-31": "8118.44500", "2018-07-31": "8353.51600", "2018-04-30": "8758.23600", "2018-01-31": "9268.98800", "2017-10-31": "9383.42200", "2017-07-31": "10091.02000", "2017-04-30": "11206.81000", "2017-01-31": "4085.31400", "2016-10-31": "2021.72600", "2016-07-31": "2023.02700", "2016-04-30": "2011.99100", "2016-01-31": "2009.11400", "2015-10-31": "872.23300", "2015-07-31": "1011.77000", "2015-04-30": "1016.04800", "2015-01-31": "1382.03700", "2014-10-31": "1392.73700", "2014-07-31": "1343.74200", "2014-04-30": "1092.22600", "2014-01-31": "1084.33900", "2013-10-31": "1071.66200", "2013-07-31": "1003.58100", "2013-04-30": "871.28390", "2013-01-31": "884.47600", "2012-10-31": "929.90910", "2012-07-31": "919.47400", "2012-04-30": "928.77600", "2012-01-31": "937.34400", "2011-10-31": "957.21700", "2011-07-31": "979.37700", "2011-04-30": "990.24300", "2011-01-31": "623.98700", "2010-10-31": "485.64700", "2010-07-31": "481.21400", "2010-04-30": "473.13000", "2010-01-31": "482.58600", "2009-10-31": "453.64500", "2009-07-31": "467.86000", "2009-04-30": "90.04000", "2009-01-31": "76.87100", "2008-10-31": "101.67100", "2008-07-31": "88.45400", "2008-04-30": "89.34800", "2008-01-31": "84.26500", "2007-10-31": "85.75700", "2007-07-31": "69.90600", "2007-04-30": "74.23800", "2007-01-31": "74.10500", "2006-10-31": "60.11500", "2006-07-31": "59.64900", "2006-04-30": "64.73200", "2006-01-31": "60.36600", "2005-10-31": "72.78700", "2005-07-31": "314.45300", "2005-04-30": "333.03500", "2005-01-31": "344.57500"}, "Total Liabilities": {"2020-10-31": "9470.65800", "2020-07-31": "9822.00800", "2020-04-30": "9760.08000", "2020-01-31": "9687.31000", "2019-10-31": "9683.45300", "2019-07-31": "9776.41300", "2019-04-30": "10034.07000", "2019-01-31": "10242.84000", "2018-10-31": "9170.19300", "2018-07-31": "9692.39900", "2018-04-30": "10191.10000", "2018-01-31": "10505.54000", "2017-10-31": "10979.75000", "2017-07-31": "11192.09000", "2017-04-30": "16656.09000", "2017-01-31": "4896.94000", "2016-10-31": "2804.66000", "2016-07-31": "2701.72000", "2016-04-30": "2696.59100", "2016-01-31": "2603.21900", "2015-10-31": "1985.81800", "2015-07-31": "2069.54000", "2015-04-30": "2084.26700", "2015-01-31": "2014.94600", "2014-10-31": "2101.79300", "2014-07-31": "3966.26800", "2014-04-30": "1663.42800", "2014-01-31": "1603.83300", "2013-10-31": "1642.17400", "2013-07-31": "1495.39000", "2013-04-30": "1380.44600", "2013-01-31": "1393.01100", "2012-10-31": "1454.98800", "2012-07-31": "1428.01600", "2012-04-30": "1487.35000", "2012-01-31": "1435.39900", "2011-10-31": "1482.22200", "2011-07-31": "1535.66400", "2011-04-30": "1578.40100", "2011-01-31": "1232.47800", "2010-10-31": "1129.11400", "2010-07-31": "1069.59300", "2010-04-30": "1037.84700", "2010-01-31": "934.01700", "2009-10-31": "840.25800", "2009-07-31": "821.78600", "2009-04-30": "455.08800", "2009-01-31": "517.12500", "2008-10-31": "670.72900", "2008-07-31": "701.76700", "2008-04-30": "712.30500", "2008-01-31": "795.69000", "2007-10-31": "633.80800", "2007-07-31": "629.76100", "2007-04-30": "622.36300", "2007-01-31": "562.61000", "2006-10-31": "551.05800", "2006-07-31": "644.81300", "2006-04-30": "760.41600", "2006-01-31": "664.54900", "2005-10-31": "891.71000", "2005-07-31": "856.78600", "2005-04-30": "869.40200", "2005-01-31": "877.70500"}, "Common Stock Net": {"2020-10-31": "61.58200", "2020-07-31": "61.52900", "2020-04-30": "61.40500", "2020-01-31": "61.37100", "2019-10-31": "61.38500", "2019-07-31": "61.56900", "2019-04-30": "61.62800", "2019-01-31": "61.38700", "2018-10-31": "61.69400", "2018-07-31": "61.94600", "2018-04-30": "61.81700", "2018-01-31": "61.63500", "2017-10-31": "61.44100", "2017-07-31": "61.27900", "2017-04-30": "61.17000", "2017-01-31": "51.53500", "2016-10-31": "51.36300", "2016-07-31": "51.24700", "2016-04-30": "51.22600", "2016-01-31": "51.67100", "2015-10-31": "52.01100", "2015-07-31": "52.28000", "2015-04-30": "52.25800", "2015-01-31": "51.93900", "2014-10-31": "51.86900", "2014-07-31": "52.37000", "2014-04-30": "52.35900", "2014-01-31": "52.08900", "2013-10-31": "51.84200", "2013-07-31": "51.78300", "2013-04-30": "51.36200", "2013-01-31": "50.99800", "2012-10-31": "50.23300", "2012-07-31": "49.81900", "2012-04-30": "49.72400", "2012-01-31": "49.64000", "2011-10-31": "49.66100", "2011-07-31": "49.90700", "2011-04-30": "49.94000", "2011-01-31": "49.93600", "2010-10-31": "49.77700", "2010-07-31": "49.68300", "2010-04-30": "49.66500", "2010-01-31": "49.61600", "2009-10-31": "48.64500", "2009-07-31": "48.59200", "2009-04-30": "48.54200", "2009-01-31": "48.53900", "2008-10-31": "48.53300", "2008-07-31": "48.40900", "2008-04-30": "48.35400", "2008-01-31": "48.99000", "2007-10-31": "50.56000", "2007-07-31": "51.86500", "2007-04-30": "54.51800", "2007-01-31": "55.62100", "2006-10-31": "57.00100", "2006-07-31": "58.81000", "2006-04-30": "60.19400", "2006-01-31": "61.02500", "2005-10-31": "61.13900", "2005-07-31": "62.06800", "2005-04-30": "61.66800", "2005-01-31": "62.08700"}, "Retained Earnings (Accumulated Deficit)": {"2020-10-31": "7236.23800", "2020-07-31": "7079.30900", "2020-04-30": "6945.44200", "2020-01-31": "6906.34600", "2019-10-31": "6899.25300", "2019-07-31": "6821.75500", "2019-04-30": "6659.44900", "2019-01-31": "6491.01300", "2018-10-31": "5982.69700", "2018-07-31": "5449.51500", "2018-04-30": "5213.94100", "2018-01-31": "5012.39200", "2017-10-31": "4910.93900", "2017-07-31": "4730.14600", "2017-04-30": "4827.49500", "2017-01-31": "4873.24500", "2016-10-31": "4785.79900", "2016-07-31": "4619.28500", "2016-04-30": "4517.80900", "2016-01-31": "4477.16100", "2015-10-31": "4437.31500", "2015-07-31": "4466.59200", "2015-04-30": "4375.62500", "2015-01-31": "4295.16900", "2014-10-31": "4231.49600", "2014-07-31": "4239.10900", "2014-04-30": "4174.60100", "2014-01-31": "4102.96300", "2013-10-31": "4056.40100", "2013-07-31": "3960.78500", "2013-04-30": "3889.46900", "2013-01-31": "3829.41200", "2012-10-31": "3788.86900", "2012-07-31": "3701.05400", "2012-04-30": "3620.79700", "2012-01-31": "3547.30000", "2011-10-31": "3482.33400", "2011-07-31": "3373.63100", "2011-04-30": "3228.68900", "2011-01-31": "3052.86200", "2010-10-31": "2896.56600", "2010-07-31": "2737.16100", "2010-04-30": "2603.61900", "2010-01-31": "2496.03500", "2009-10-31": "2434.44600", "2009-07-31": "2426.58000", "2009-04-30": "2401.87500", "2009-01-31": "2397.77900", "2008-10-31": "2419.90800", "2008-07-31": "2320.46200", "2008-04-30": "2228.42700", "2008-01-31": "2258.81100", "2007-10-31": "2253.48300", "2007-07-31": "2471.62700", "2007-04-30": "2997.56000", "2007-01-31": "3200.39500", "2006-10-31": "3378.99900", "2006-07-31": "3534.67500", "2006-04-30": "3447.51300", "2006-01-31": "3345.88300", "2005-10-31": "3269.42000", "2005-07-31": "3238.20700", "2005-04-30": "3153.83700", "2005-01-31": "3058.49500"}, "Comprehensive Income": {"2020-10-31": "-249.46100", "2020-07-31": "-272.92900", "2020-04-30": "-277.00200", "2020-01-31": "-202.14700", "2019-10-31": "-187.79900", "2019-07-31": "-153.67300", "2019-04-30": "-96.02100", "2019-01-31": "-78.02100", "2018-10-31": "-58.44000", "2018-07-31": "-65.46600", "2018-04-30": "-53.01100", "2018-01-31": "-44.35700", "2017-10-31": "-61.35900", "2017-07-31": "-58.74200", "2017-04-30": "-66.70600", "2017-01-31": "-76.29300", "2016-10-31": "-73.81400", "2016-07-31": "-49.55600", "2016-04-30": "-43.72500", "2016-01-31": "-59.80700", "2015-10-31": "-50.85100", "2015-07-31": "-172.76100", "2015-04-30": "-170.85500", "2015-01-31": "-192.42100", "2014-10-31": "-168.52600", "2014-07-31": "-77.25300", "2014-04-30": "-76.44800", "2014-01-31": "-82.93700", "2013-10-31": "-80.54600", "2013-07-31": "-63.90900", "2013-04-30": "-67.03200", "2013-01-31": "-63.69500", "2012-10-31": "-64.39400", "2012-07-31": "-34.75400", "2012-04-30": "-33.22100", "2012-01-31": "-31.41800", "2011-10-31": "-26.16900", "2011-07-31": "-29.66000", "2011-04-30": "-26.70900", "2011-01-31": "-35.49700", "2010-10-31": "-33.59500", "2010-07-31": "-17.92700", "2010-04-30": "-14.71600", "2010-01-31": "-14.80100", "2009-10-31": "-10.24800", "2009-07-31": "-16.80700", "2009-04-30": "-30.16600", "2009-01-31": "-44.25300", "2008-10-31": "-48.17800", "2008-07-31": "21.48700", "2008-04-30": "27.10100", "2008-01-31": "31.45200", "2007-10-31": "33.09100", "2007-07-31": "13.11400", "2007-04-30": "12.23500", "2007-01-31": "5.19100", "2006-10-31": "-0.20700", "2006-07-31": "-6.29500", "2006-04-30": "-8.82100", "2006-01-31": "-14.83700", "2005-10-31": "-19.26400", "2005-07-31": "-17.40300", "2005-04-30": "-6.74800", "2005-01-31": "-0.86800"}, "Other Share Holders Equity": {"2020-10-31": "", "2020-07-31": "", "2020-04-30": "", "2020-01-31": "", "2019-10-31": "", "2019-07-31": "", "2019-04-30": "", "2019-01-31": "", "2018-10-31": "", "2018-07-31": "", "2018-04-30": "", "2018-01-31": "", "2017-10-31": "", "2017-07-31": "", "2017-04-30": "", "2017-01-31": "", "2016-10-31": "", "2016-07-31": "", "2016-04-30": "", "2016-01-31": "", "2015-10-31": "", "2015-07-31": "", "2015-04-30": "", "2015-01-31": "", "2014-10-31": "", "2014-07-31": "", "2014-04-30": "", "2014-01-31": "", "2013-10-31": "", "2013-07-31": "", "2013-04-30": "", "2013-01-31": "", "2012-10-31": "", "2012-07-31": "", "2012-04-30": "", "2012-01-31": "", "2011-10-31": "", "2011-07-31": "", "2011-04-30": "", "2011-01-31": "", "2010-10-31": "", "2010-07-31": "", "2010-04-30": "", "2010-01-31": "", "2009-10-31": "", "2009-07-31": "", "2009-04-30": "", "2009-01-31": "", "2008-10-31": "", "2008-07-31": "", "2008-04-30": "", "2008-01-31": "", "2007-10-31": "", "2007-07-31": "", "2007-04-30": "", "2007-01-31": "", "2006-10-31": "", "2006-07-31": "", "2006-04-30": "", "2006-01-31": "", "2005-10-31": "", "2005-07-31": "", "2005-04-30": "", "2005-01-31": ""}, "Share Holder Equity": {"2020-10-31": "11997.95000", "2020-07-31": "11777.56000", "2020-04-30": "11590.86000", "2020-01-31": "11689.52000", "2019-10-31": "11709.19000", "2019-07-31": "11790.24000", "2019-04-30": "11742.26000", "2019-01-31": "11585.44000", "2018-10-31": "11268.17000", "2018-07-31": "10856.22000", "2018-04-30": "10585.36000", "2018-01-31": "10347.78000", "2017-10-31": "10161.54000", "2017-07-31": "9922.90000", "2017-04-30": "9966.59500", "2017-01-31": "5306.43100", "2016-10-31": "5165.61800", "2016-07-31": "4983.33300", "2016-04-30": "4873.70100", "2016-01-31": "4994.86200", "2015-10-31": "5072.95900", "2015-07-31": "5065.16100", "2015-04-30": "4964.20800", "2015-01-31": "4806.21000", "2014-10-31": "4757.89700", "2014-07-31": "5007.19700", "2014-04-30": "4931.52300", "2014-01-31": "4795.63500", "2013-10-31": "4739.57600", "2013-07-31": "4643.23600", "2013-04-30": "4460.59000", "2013-01-31": "4323.79700", "2012-10-31": "4165.35900", "2012-07-31": "4028.60600", "2012-04-30": "3925.14000", "2012-01-31": "3842.43500", "2011-10-31": "3795.41300", "2011-07-31": "3715.71700", "2011-04-30": "3581.99800", "2011-01-31": "3364.42700", "2010-10-31": "3199.71700", "2010-07-31": "3034.47500", "2010-04-30": "2890.25000", "2010-01-31": "2764.15300", "2009-10-31": "2529.14900", "2009-07-31": "2458.36500", "2009-04-30": "2420.25100", "2009-01-31": "2402.06500", "2008-10-31": "2420.26300", "2008-07-31": "2390.35800", "2008-04-30": "2303.88200", "2008-01-31": "2339.25300", "2007-10-31": "2337.13400", "2007-07-31": "2536.60600", "2007-04-30": "3064.31300", "2007-01-31": "3261.20700", "2006-10-31": "3435.79300", "2006-07-31": "3647.43400", "2006-04-30": "3642.93100", "2006-01-31": "3709.62900", "2005-10-31": "3691.50100", "2005-07-31": "3834.71900", "2005-04-30": "3715.86800", "2005-01-31": "3734.43000"}, "Total Liabilities And Share Holders Equity": {"2020-10-31": "21468.60000", "2020-07-31": "21599.57000", "2020-04-30": "21350.94000", "2020-01-31": "21376.83000", "2019-10-31": "21392.64000", "2019-07-31": "21566.65000", "2019-04-30": "21776.32000", "2019-01-31": "21828.28000", "2018-10-31": "20438.37000", "2018-07-31": "20548.62000", "2018-04-30": "20776.45000", "2018-01-31": "20853.31000", "2017-10-31": "21141.29000", "2017-07-31": "21114.99000", "2017-04-30": "26622.68000", "2017-01-31": "10203.37000", "2016-10-31": "7970.27800", "2016-07-31": "7685.05300", "2016-04-30": "7570.29200", "2016-01-31": "7598.08100", "2015-10-31": "7058.77700", "2015-07-31": "7134.70100", "2015-04-30": "7048.47500", "2015-01-31": "6821.15600", "2014-10-31": "6859.69000", "2014-07-31": "8973.46500", "2014-04-30": "6594.95100", "2014-01-31": "6399.46800", "2013-10-31": "6381.75000", "2013-07-31": "6138.62600", "2013-04-30": "5841.03600", "2013-01-31": "5716.80800", "2012-10-31": "5620.34700", "2012-07-31": "5456.62200", "2012-04-30": "5412.49000", "2012-01-31": "5277.83400", "2011-10-31": "5277.63500", "2011-07-31": "5251.38100", "2011-04-30": "5160.39900", "2011-01-31": "4596.90500", "2010-10-31": "4328.83100", "2010-07-31": "4104.06800", "2010-04-30": "3928.09700", "2010-01-31": "3698.17000", "2009-10-31": "3369.40700", "2009-07-31": "3280.15100", "2009-04-30": "2875.33900", "2009-01-31": "2919.19000", "2008-10-31": "3090.99200", "2008-07-31": "3092.12500", "2008-04-30": "3016.18700", "2008-01-31": "3134.94300", "2007-10-31": "2970.94200", "2007-07-31": "3166.36700", "2007-04-30": "3686.67600", "2007-01-31": "3823.81700", "2006-10-31": "3986.85100", "2006-07-31": "4292.24700", "2006-04-30": "4403.34700", "2006-01-31": "4374.17800", "2005-10-31": "4583.21100", "2005-07-31": "4691.50500", "2005-04-30": "4585.27000", "2005-01-31": "4612.13500"}}, "cash flow statement": {"Net Income/Loss": {"2020-10-31": "1220.76100", "2019-10-31": "1363.01100", "2018-10-31": "1506.98000", "2017-10-31": "805.37900", "2016-10-31": "861.66400", "2015-10-31": "696.87800", "2014-10-31": "629.32000", "2013-10-31": "673.48700", "2012-10-31": "651.23600", "2011-10-31": "867.39400", "2010-10-31": "712.08400", "2009-10-31": "247.77200", "2008-10-31": "786.28400", "2007-10-31": "496.90700", "2006-10-31": "549.48200", "2005-10-31": "414.78700"}, "Total Depreciation And Amortization - Cash Flow": {"2020-10-31": "810.92300", "2019-10-31": "811.25100", "2018-10-31": "799.06300", "2017-10-31": "584.05900", "2016-10-31": "209.79000", "2015-10-31": "222.24000", "2014-10-31": "141.97000", "2013-10-31": "110.41600", "2012-10-31": "109.83300", "2011-10-31": "118.21900", "2010-10-31": "120.91100", "2009-10-31": "139.87000", "2008-10-31": "153.47200", "2007-10-31": "154.78300", "2006-10-31": "172.16300", "2005-10-31": "155.56400"}, "Other Non-Cash Items": {"2020-10-31": "80.98800", "2019-10-31": "114.12100", "2018-10-31": "-542.64200", "2017-10-31": "-358.35700", "2016-10-31": "99.40500", "2015-10-31": "-1.36600", "2014-10-31": "-44.70700", "2013-10-31": "-52.40800", "2012-10-31": "27.27000", "2011-10-31": "3.45900", "2010-10-31": "42.85900", "2009-10-31": "77.31900", "2008-10-31": "-227.72600", "2007-10-31": "22.08400", "2006-10-31": "-146.73500", "2005-10-31": "71.67000"}, "Total Non-Cash Items": {"2020-10-31": "891.91100", "2019-10-31": "925.37190", "2018-10-31": "256.42100", "2017-10-31": "225.70200", "2016-10-31": "309.19500", "2015-10-31": "220.87400", "2014-10-31": "97.26300", "2013-10-31": "58.00800", "2012-10-31": "137.10300", "2011-10-31": "121.67800", "2010-10-31": "163.77000", "2009-10-31": "217.18900", "2008-10-31": "-74.25400", "2007-10-31": "176.86700", "2006-10-31": "25.42800", "2005-10-31": "227.23400"}, "Change In Accounts Receivable": {"2020-10-31": "-101.62600", "2019-10-31": "5.89000", "2018-10-31": "45.97900", "2017-10-31": "-65.66900", "2016-10-31": "-9.39200", "2015-10-31": "-71.19800", "2014-10-31": "-36.46000", "2013-10-31": "12.37700", "2012-10-31": "5.77400", "2011-10-31": "40.02500", "2010-10-31": "-82.38000", "2009-10-31": "16.56100", "2008-10-31": "48.90300", "2007-10-31": "-27.01100", "2006-10-31": "-6.70500", "2005-10-31": "5.29800"}, "Change In Inventories": {"2020-10-31": "1.76000", "2019-10-31": "-42.77100", "2018-10-31": "-34.63600", "2017-10-31": "-47.35400", "2016-10-31": "38.22100", "2015-10-31": "-35.55700", "2014-10-31": "24.64200", "2013-10-31": "28.52700", "2012-10-31": "-18.59200", "2011-10-31": "-17.60300", "2010-10-31": "-24.27400", "2009-10-31": "67.34700", "2008-10-31": "16.78400", "2007-10-31": "16.54900", "2006-10-31": "-52.04300", "2005-10-31": "22.79700"}, "Change In Accounts Payable": {"2020-10-31": "", "2019-10-31": "", "2018-10-31": "", "2017-10-31": "", "2016-10-31": "", "2015-10-31": "", "2014-10-31": "", "2013-10-31": "", "2012-10-31": "", "2011-10-31": "", "2010-10-31": "", "2009-10-31": "", "2008-10-31": "", "2007-10-31": "", "2006-10-31": "", "2005-10-31": ""}, "Change In Assets/Liabilities": {"2020-10-31": "-136.86400", "2019-10-31": "-67.02400", "2018-10-31": "694.52000", "2017-10-31": "15.35200", "2016-10-31": "0.52300", "2015-10-31": "10.58100", "2014-10-31": "-8.57100", "2013-10-31": "65.63000", "2012-10-31": "-0.28800", "2011-10-31": "-4.85400", "2010-10-31": "-30.05200", "2009-10-31": "12.35700", "2008-10-31": "21.34500", "2007-10-31": "50.24100", "2006-10-31": "2.92200", "2005-10-31": "-6.47800"}, "Total Change In Assets/Liabilities": {"2020-10-31": "-104.18500", "2019-10-31": "-35.28300", "2018-10-31": "678.96000", "2017-10-31": "123.28400", "2016-10-31": "120.48900", "2015-10-31": "-9.95400", "2014-10-31": "145.01900", "2013-10-31": "180.85000", "2012-10-31": "26.20300", "2011-10-31": "-88.54300", "2010-10-31": "115.32100", "2009-10-31": "-32.81300", "2008-10-31": "-42.66200", "2007-10-31": "146.59100", "2006-10-31": "46.19200", "2005-10-31": "30.68300"}, "Cash Flow From Operating Activities": {"2020-10-31": "2008.48700", "2019-10-31": "2253.10000", "2018-10-31": "2442.36100", "2017-10-31": "1154.36500", "2016-10-31": "1291.34800", "2015-10-31": "907.79800", "2014-10-31": "871.60200", "2013-10-31": "912.34500", "2012-10-31": "814.54200", "2011-10-31": "900.52900", "2010-10-31": "991.17500", "2009-10-31": "432.14800", "2008-10-31": "669.36800", "2007-10-31": "820.36500", "2006-10-31": "621.10200", "2005-10-31": "672.70400"}, "Net Change In Property, Plant, And Equipment": {"2020-10-31": "-165.69200", "2019-10-31": "-275.37200", "2018-10-31": "-254.87600", "2017-10-31": "-204.09800", "2016-10-31": "-127.39700", "2015-10-31": "-153.96000", "2014-10-31": "-177.91300", "2013-10-31": "-123.07400", "2012-10-31": "-132.17600", "2011-10-31": "-122.99600", "2010-10-31": "-111.55700", "2009-10-31": "-56.09500", "2008-10-31": "-157.40800", "2007-10-31": "-141.81000", "2006-10-31": "-127.56200", "2005-10-31": "-85.45700"}, "Net Change In Intangible Assets": {"2020-10-31": "", "2019-10-31": "", "2018-10-31": "", "2017-10-31": "", "2016-10-31": "", "2015-10-31": "", "2014-10-31": "", "2013-10-31": "", "2012-10-31": "", "2011-10-31": "", "2010-10-31": "", "2009-10-31": "", "2008-10-31": "", "2007-10-31": "", "2006-10-31": "", "2005-10-31": ""}, "Net Acquisitions/Divestitures": {"2020-10-31": "-14.19600", "2019-10-31": "-11.17000", "2018-10-31": "-52.83900", "2017-10-31": "-9632.56800", "2016-10-31": "-83.17000", "2015-10-31": "-7.06500", "2014-10-31": "-1945.88700", "2013-10-31": "97.52500", "2012-10-31": "-24.15800", "2011-10-31": "-3.98800", "2010-10-31": "63.03600", "2009-10-31": "-10.01300", "2008-10-31": "400.03500", "2007-10-31": "-9.16000", "2006-10-31": "-133.94700", "2005-10-31": ""}, "Net Change In Short-term Investments": {"2020-10-31": "", "2019-10-31": "", "2018-10-31": "", "2017-10-31": "3234.49400", "2016-10-31": "-989.18280", "2015-10-31": "152.17500", "2014-10-31": "2021.10400", "2013-10-31": "-918.72000", "2012-10-31": "-1183.50000", "2011-10-31": "-570.15920", "2010-10-31": "-441.57990", "2009-10-31": "-462.96000", "2008-10-31": "-156.70610", "2007-10-31": "1135.99200", "2006-10-31": "305.59400", "2005-10-31": "69.85390"}, "Net Change In Long-Term Investments": {"2020-10-31": "", "2019-10-31": "", "2018-10-31": "", "2017-10-31": "", "2016-10-31": "", "2015-10-31": "", "2014-10-31": "", "2013-10-31": "", "2012-10-31": "1.50600", "2011-10-31": "", "2010-10-31": "", "2009-10-31": "", "2008-10-31": "99.73400", "2007-10-31": "8.00300", "2006-10-31": "", "2005-10-31": ""}, "Net Change In Investments - Total": {"2020-10-31": "", "2019-10-31": "", "2018-10-31": "", "2017-10-31": "3234.49400", "2016-10-31": "-989.18280", "2015-10-31": "152.17500", "2014-10-31": "2021.10400", "2013-10-31": "-918.72000", "2012-10-31": "-1181.99400", "2011-10-31": "-570.15920", "2010-10-31": "-441.57990", "2009-10-31": "-462.96000", "2008-10-31": "-56.97210", "2007-10-31": "1143.99500", "2006-10-31": "305.59400", "2005-10-31": "69.85390"}, "Investing Activities - Other": {"2020-10-31": "-0.63500", "2019-10-31": "-6.64400", "2018-10-31": "-6.28300", "2017-10-31": "-15.84200", "2016-10-31": "-18.52000", "2015-10-31": "-8.27500", "2014-10-31": "-12.05500", "2013-10-31": "-5.65700", "2012-10-31": "-1.36200", "2011-10-31": "-6.59500", "2010-10-31": "4.27600", "2009-10-31": "-5.66100", "2008-10-31": "2.70800", "2007-10-31": "-8.43800", "2006-10-31": "0.72300", "2005-10-31": "5.64400"}, "Cash Flow From Investing Activities": {"2020-10-31": "-180.52300", "2019-10-31": "-293.18600", "2018-10-31": "-313.99800", "2017-10-31": "-6618.01400", "2016-10-31": "-1218.27000", "2015-10-31": "-17.12500", "2014-10-31": "-114.75100", "2013-10-31": "-949.92600", "2012-10-31": "-1339.69000", "2011-10-31": "-703.73800", "2010-10-31": "-485.82500", "2009-10-31": "-534.72900", "2008-10-31": "188.36300", "2007-10-31": "984.58700", "2006-10-31": "44.80800", "2005-10-31": "-9.95900"}, "Net Long-Term Debt": {"2020-10-31": "-354.35400", "2019-10-31": "-850.00000", "2018-10-31": "-1531.22200", "2017-10-31": "6106.16400", "2016-10-31": "857.17500", "2015-10-31": "", "2014-10-31": "1995.39800", "2013-10-31": "101.09000", "2012-10-31": "", "2011-10-31": "515.50700", "2010-10-31": "", "2009-10-31": "370.35000", "2008-10-31": "", "2007-10-31": "", "2006-10-31": "", "2005-10-31": ""}, "Net Current Debt": {"2020-10-31": "", "2019-10-31": "", "2018-10-31": "", "2017-10-31": "", "2016-10-31": "", "2015-10-31": "", "2014-10-31": "", "2013-10-31": "", "2012-10-31": "", "2011-10-31": "", "2010-10-31": "", "2009-10-31": "", "2008-10-31": "", "2007-10-31": "", "2006-10-31": "", "2005-10-31": ""}, "Debt Issuance/Retirement Net - Total": {"2020-10-31": "-354.35400", "2019-10-31": "-850.00000", "2018-10-31": "-1531.22200", "2017-10-31": "6106.16400", "2016-10-31": "857.17500", "2015-10-31": "", "2014-10-31": "1995.39800", "2013-10-31": "101.09000", "2012-10-31": "", "2011-10-31": "515.50700", "2010-10-31": "", "2009-10-31": "370.35000", "2008-10-31": "", "2007-10-31": "", "2006-10-31": "", "2005-10-31": ""}, "Net Common Equity Issued/Repurchased": {"2020-10-31": "-176.08400", "2019-10-31": "-496.48200", "2018-10-31": "-126.95000", "2017-10-31": "86.76900", "2016-10-31": "-308.56500", "2015-10-31": "-104.32200", "2014-10-31": "-156.23200", "2013-10-31": "245.74800", "2012-10-31": "30.68400", "2011-10-31": "-113.09200", "2010-10-31": "176.29900", "2009-10-31": "8.61500", "2008-10-31": "-475.69800", "2007-10-31": "-1538.06300", "2006-10-31": "-930.59010", "2005-10-31": "-436.09100"}, "Net Total Equity Issued/Repurchased": {"2020-10-31": "-176.08400", "2019-10-31": "-496.48200", "2018-10-31": "-126.95000", "2017-10-31": "86.76900", "2016-10-31": "-308.56500", "2015-10-31": "-104.32200", "2014-10-31": "-156.23200", "2013-10-31": "245.74800", "2012-10-31": "30.68400", "2011-10-31": "-113.09200", "2010-10-31": "176.29900", "2009-10-31": "8.61500", "2008-10-31": "-475.69800", "2007-10-31": "-1538.06300", "2006-10-31": "-930.59010", "2005-10-31": "-436.09100"}, "Total Common And Preferred Stock Dividends Paid": {"2020-10-31": "-886.15500", "2019-10-31": "-777.48100", "2018-10-31": "-703.30700", "2017-10-31": "-602.11900", "2016-10-31": "-513.18000", "2015-10-31": "-491.05900", "2014-10-31": "-454.22500", "2013-10-31": "-405.95500", "2012-10-31": "-344.70100", "2011-10-31": "-281.62600", "2010-10-31": "-249.96400", "2009-10-31": "-232.98800", "2008-10-31": "-222.53000", "2007-10-31": "-228.28100", "2006-10-31": "-201.45100", "2005-10-31": "-118.99800"}, "Financial Activities - Other": {"2020-10-31": "-4.01500", "2019-10-31": "-2.83100", "2018-10-31": "3.43700", "2017-10-31": "-4.00900", "2016-10-31": "-68.80000", "2015-10-31": "23.77800", "2014-10-31": "-1961.55100", "2013-10-31": "-41.44000", "2012-10-31": "-35.61000", "2011-10-31": "17.82300", "2010-10-31": "1.02700", "2009-10-31": "0.02000", "2008-10-31": "18.22000", "2007-10-31": "40.87100", "2006-10-31": "181.17800", "2005-10-31": ""}, "Cash Flow From Financial Activities": {"2020-10-31": "-1420.60800", "2019-10-31": "-2126.79400", "2018-10-31": "-2358.04200", "2017-10-31": "5586.80500", "2016-10-31": "-33.37000", "2015-10-31": "-571.60300", "2014-10-31": "-576.61000", "2013-10-31": "-100.55700", "2012-10-31": "-349.62700", "2011-10-31": "138.61200", "2010-10-31": "-72.63800", "2009-10-31": "145.99700", "2008-10-31": "-680.00800", "2007-10-31": "-1725.47300", "2006-10-31": "-950.86300", "2005-10-31": "-555.08900"}, "Net Cash Flow": {"2020-10-31": "407.53800", "2019-10-31": "-168.26900", "2018-10-31": "-231.24700", "2017-10-31": "126.70600", "2016-10-31": "36.77900", "2015-10-31": "315.12000", "2014-10-31": "177.14400", "2013-10-31": "-136.74400", "2012-10-31": "-876.26700", "2011-10-31": "335.10000", "2010-10-31": "430.27100", "2009-10-31": "46.13000", "2008-10-31": "168.62700", "2007-10-31": "81.02500", "2006-10-31": "-283.64400", "2005-10-31": "108.65100"}, "Stock-Based Compensation": {"2020-10-31": "149.51800", "2019-10-31": "150.30000", "2018-10-31": "151.16500", "2017-10-31": "104.18800", "2016-10-31": "63.42100", "2015-10-31": "68.91900", "2014-10-31": "50.81200", "2013-10-31": "56.88600", "2012-10-31": "53.50000", "2011-10-31": "52.35800", "2010-10-31": "51.75200", "2009-10-31": "48.61300", "2008-10-31": "50.24700", "2007-10-31": "72.65200", "2006-10-31": "75.42900", "2005-10-31": "4.87000"}, "Common Stock Dividends Paid": {"2020-10-31": "-886.15500", "2019-10-31": "-777.48100", "2018-10-31": "-703.30700", "2017-10-31": "-602.11900", "2016-10-31": "-513.18000", "2015-10-31": "-491.05900", "2014-10-31": "-454.22500", "2013-10-31": "-405.95500", "2012-10-31": "-344.70100", "2011-10-31": "-281.62600", "2010-10-31": "-249.96400", "2009-10-31": "-232.98800", "2008-10-31": "-222.53000", "2007-10-31": "-228.28100", "2006-10-31": "-201.45100", "2005-10-31": "-118.99800"}}, "cash flow statement, quarterly": {"Net Income/Loss": {"2020-10-31": 386.526, "2020-07-31": 362.665, "2020-04-30": 267.696, "2020-01-31": "203.87400", "2019-10-31": 277.694, "2019-07-31": 362.374, "2019-04-30": 367.937, "2019-01-31": "355.00600", "2018-10-31": 404.855, "2018-07-31": 408.557, "2018-04-30": 400.328, "2018-01-31": "293.24000", "2017-10-31": 425.77, "2017-07-31": 68.916, "2017-04-30": 93.564, "2017-01-31": "217.12900", "2016-10-31": 296.157, "2016-07-31": 230.43, "2016-04-30": 170.573, "2016-01-31": "164.50400", "2015-10-31": 96.305, "2015-07-31": 216.478, "2015-04-30": 205.338, "2015-01-31": "178.75700", "2014-10-31": 108.695, "2014-07-31": 180.606, "2014-04-30": 187.433, "2014-01-31": "152.58600", "2013-10-31": 201.554, "2013-07-31": 176.239, "2013-04-30": 164.472, "2013-01-31": "131.22200", "2012-10-31": 179.187, "2012-07-31": 169.768, "2012-04-30": 162.899, "2012-01-31": "139.38200", "2011-10-31": 183.527, "2011-07-31": 219.935, "2011-04-30": 241.826, "2011-01-31": "222.10600", "2010-10-31": 224.994, "2010-07-31": 199.491, "2010-04-30": 167.14, "2010-01-31": "120.45900", "2009-10-31": 105.609, "2009-07-31": 65.46, "2009-04-30": 51.754, "2009-01-31": "24.94900", "2008-10-31": 143.871, "2008-07-31": 138.608, "2008-04-30": 133.086, "2008-01-31": "370.71900", "2007-10-31": 97.889, "2007-07-31": 120.435, "2007-04-30": 125.356, "2007-01-31": "153.22700", "2006-10-31": 138.419, "2006-07-31": 144.685, "2006-04-30": 145.821, "2006-01-31": "120.55700", "2005-10-31": 68.341, "2005-07-31": 121.404, "2005-04-30": 117.599, "2005-01-31": "107.44300"}, "Total Depreciation And Amortization - Cash Flow": {"2020-10-31": 202.216, "2020-07-31": 201.463, "2020-04-30": 203.312, "2020-01-31": "203.93200", "2019-10-31": 205.164, "2019-07-31": 204.127, "2019-04-30": 201.375, "2019-01-31": "200.58500", "2018-10-31": 201.19, "2018-07-31": 199.865, "2018-04-30": 199.543, "2018-01-31": "198.46500", "2017-10-31": 189.736, "2017-07-31": 202.455, "2017-04-30": 137.542, "2017-01-31": "54.32600", "2016-10-31": 53.663, "2016-07-31": 52.648, "2016-04-30": 51.923, "2016-01-31": "51.55600", "2015-10-31": 50.99, "2015-07-31": 57.548, "2015-04-30": 57.19, "2015-01-31": "56.51200", "2014-10-31": 57.103, "2014-07-31": 29.963, "2014-04-30": 27.514, "2014-01-31": "27.39000", "2013-10-31": 27.57, "2013-07-31": 27.503, "2013-04-30": 27.533, "2013-01-31": "27.81000", "2012-10-31": 27.538, "2012-07-31": 27.163, "2012-04-30": 26.889, "2012-01-31": "28.24300", "2011-10-31": 29.048, "2011-07-31": 29.48, "2011-04-30": 29.806, "2011-01-31": "29.88500", "2010-10-31": 29.946, "2010-07-31": 29.191, "2010-04-30": 30.692, "2010-01-31": "31.08200", "2009-10-31": 32.148, "2009-07-31": 31.979, "2009-04-30": 35.031, "2009-01-31": "40.71200", "2008-10-31": 37.935, "2008-07-31": 38.682, "2008-04-30": 38.881, "2008-01-31": "37.97400", "2007-10-31": 37.677, "2007-07-31": 38.909, "2007-04-30": 38.974, "2007-01-31": "39.22300", "2006-10-31": 42.263, "2006-07-31": 43.326, "2006-04-30": 43.091, "2006-01-31": "43.48300", "2005-10-31": 38.396, "2005-07-31": 38.473, "2005-04-30": 39.698, "2005-01-31": "38.99700"}, "Other Non-Cash Items": {"2020-10-31": -34.846, "2020-07-31": 34.022, "2020-04-30": 15.961, "2020-01-31": "65.85100", "2019-10-31": 25.777, "2019-07-31": 10.769, "2019-04-30": 14.47, "2019-01-31": "63.10500", "2018-10-31": 33.112, "2018-07-31": 42.966, "2018-04-30": 14.219, "2018-01-31": "-632.93900", "2017-10-31": 35.264, "2017-07-31": -490.863, "2017-04-30": 74.697, "2017-01-31": "22.54500", "2016-10-31": 47.665, "2016-07-31": 27.014, "2016-04-30": 13.786, "2016-01-31": "10.94000", "2015-10-31": -14.89, "2015-07-31": -3.35, "2015-04-30": 0.31, "2015-01-31": "16.56400", "2014-10-31": -54.295, "2014-07-31": -1.226, "2014-04-30": 8.587, "2014-01-31": "2.22700", "2013-10-31": -79.091, "2013-07-31": 16.258, "2013-04-30": 14.336, "2013-01-31": "-3.91100", "2012-10-31": 4.486, "2012-07-31": 7.61, "2012-04-30": -0.476, "2012-01-31": "15.65000", "2011-10-31": 14.253, "2011-07-31": 17.163, "2011-04-30": -28.311, "2011-01-31": "0.35400", "2010-10-31": 19.931, "2010-07-31": 6.464, "2010-04-30": -0.721, "2010-01-31": "17.18500", "2009-10-31": 26.486, "2009-07-31": 14.498, "2009-04-30": 26.949, "2009-01-31": "9.38600", "2008-10-31": 5.485, "2008-07-31": 3.027, "2008-04-30": 6.915, "2008-01-31": "-243.15300", "2007-10-31": 10.388, "2007-07-31": 8.687, "2007-04-30": -5.01, "2007-01-31": "8.01900", "2006-10-31": -4.319, "2006-07-31": -133.815, "2006-04-30": -15.299, "2006-01-31": "6.69800", "2005-10-31": 57.922, "2005-07-31": 3.212, "2005-04-30": 7.242, "2005-01-31": "3.29400"}, "Total Non-Cash Items": {"2020-10-31": 167.37, "2020-07-31": 235.485, "2020-04-30": 219.273, "2020-01-31": "269.78300", "2019-10-31": 230.9409, "2019-07-31": 214.896, "2019-04-30": 215.845, "2019-01-31": "263.69000", "2018-10-31": 234.302, "2018-07-31": 242.831, "2018-04-30": 213.762, "2018-01-31": "-434.47400", "2017-10-31": 225, "2017-07-31": -288.408, "2017-04-30": 212.239, "2017-01-31": "76.87100", "2016-10-31": 101.328, "2016-07-31": 79.662, "2016-04-30": 65.709, "2016-01-31": "62.49600", "2015-10-31": 36.1, "2015-07-31": 54.198, "2015-04-30": 57.5, "2015-01-31": "73.07600", "2014-10-31": 2.808, "2014-07-31": 28.737, "2014-04-30": 36.101, "2014-01-31": "29.61700", "2013-10-31": -51.521, "2013-07-31": 43.761, "2013-04-30": 41.869, "2013-01-31": "23.89900", "2012-10-31": 32.024, "2012-07-31": 34.773, "2012-04-30": 26.413, "2012-01-31": "43.89300", "2011-10-31": 43.301, "2011-07-31": 46.643, "2011-04-30": 1.495, "2011-01-31": "30.23900", "2010-10-31": 49.877, "2010-07-31": 35.655, "2010-04-30": 29.971, "2010-01-31": "48.26700", "2009-10-31": 58.634, "2009-07-31": 46.477, "2009-04-30": 61.98, "2009-01-31": "50.09800", "2008-10-31": 43.42, "2008-07-31": 41.709, "2008-04-30": 45.796, "2008-01-31": "-205.17900", "2007-10-31": 48.065, "2007-07-31": 47.596, "2007-04-30": 33.964, "2007-01-31": "47.24200", "2006-10-31": 37.944, "2006-07-31": -90.489, "2006-04-30": 27.792, "2006-01-31": "50.18100", "2005-10-31": 96.318, "2005-07-31": 41.685, "2005-04-30": 46.94, "2005-01-31": "42.29100"}, "Change In Accounts Receivable": {"2020-10-31": -101.626, "2020-07-31": 0, "2020-04-30": 0, "2020-01-31": "", "2019-10-31": 5.89, "2019-07-31": 0, "2019-04-30": 0, "2019-01-31": "", "2018-10-31": 45.979, "2018-07-31": 0, "2018-04-30": 0, "2018-01-31": "", "2017-10-31": -65.669, "2017-07-31": 0, "2017-04-30": 0, "2017-01-31": "", "2016-10-31": -9.392, "2016-07-31": 0, "2016-04-30": 0, "2016-01-31": "", "2015-10-31": -71.198, "2015-07-31": 0, "2015-04-30": 0, "2015-01-31": "", "2014-10-31": -36.46, "2014-07-31": 0, "2014-04-30": 0, "2014-01-31": "", "2013-10-31": 12.377, "2013-07-31": 0, "2013-04-30": 0, "2013-01-31": "", "2012-10-31": 5.774, "2012-07-31": 0, "2012-04-30": 0, "2012-01-31": "", "2011-10-31": 40.025, "2011-07-31": 0, "2011-04-30": 0, "2011-01-31": "", "2010-10-31": -82.38, "2010-07-31": 0, "2010-04-30": 0, "2010-01-31": "", "2009-10-31": 16.561, "2009-07-31": 0, "2009-04-30": 0, "2009-01-31": "", "2008-10-31": 48.903, "2008-07-31": 0, "2008-04-30": 0, "2008-01-31": "", "2007-10-31": -27.011, "2007-07-31": 0, "2007-04-30": 0, "2007-01-31": "", "2006-10-31": -6.705, "2006-07-31": 0, "2006-04-30": 0, "2006-01-31": "", "2005-10-31": 5.298, "2005-07-31": 0, "2005-04-30": 0, "2005-01-31": ""}, "Change In Inventories": {"2020-10-31": 1.76, "2020-07-31": 0, "2020-04-30": 0, "2020-01-31": "", "2019-10-31": -42.771, "2019-07-31": 0, "2019-04-30": 0, "2019-01-31": "", "2018-10-31": -34.636, "2018-07-31": 0, "2018-04-30": 0, "2018-01-31": "", "2017-10-31": -47.354, "2017-07-31": 0, "2017-04-30": 0, "2017-01-31": "", "2016-10-31": 38.221, "2016-07-31": 0, "2016-04-30": 0, "2016-01-31": "", "2015-10-31": -35.557, "2015-07-31": 0, "2015-04-30": 0, "2015-01-31": "", "2014-10-31": 24.642, "2014-07-31": 0, "2014-04-30": 0, "2014-01-31": "", "2013-10-31": 28.527, "2013-07-31": 0, "2013-04-30": 0, "2013-01-31": "", "2012-10-31": -18.592, "2012-07-31": 0, "2012-04-30": 0, "2012-01-31": "", "2011-10-31": -17.603, "2011-07-31": 0, "2011-04-30": 0, "2011-01-31": "", "2010-10-31": -24.274, "2010-07-31": 0, "2010-04-30": 0, "2010-01-31": "", "2009-10-31": 67.347, "2009-07-31": 0, "2009-04-30": 0, "2009-01-31": "", "2008-10-31": 16.784, "2008-07-31": 0, "2008-04-30": 0, "2008-01-31": "", "2007-10-31": 16.549, "2007-07-31": 0, "2007-04-30": 0, "2007-01-31": "", "2006-10-31": -52.043, "2006-07-31": 0, "2006-04-30": 0, "2006-01-31": "", "2005-10-31": 22.797, "2005-07-31": 0, "2005-04-30": 0, "2005-01-31": ""}, "Change In Accounts Payable": {"2020-10-31": 0, "2020-07-31": 0, "2020-04-30": 0, "2020-01-31": "", "2019-10-31": 0, "2019-07-31": 0, "2019-04-30": 0, "2019-01-31": "", "2018-10-31": 0, "2018-07-31": 0, "2018-04-30": 0, "2018-01-31": "", "2017-10-31": 0, "2017-07-31": 0, "2017-04-30": 0, "2017-01-31": "", "2016-10-31": 0, "2016-07-31": 0, "2016-04-30": 0, "2016-01-31": "", "2015-10-31": 0, "2015-07-31": 0, "2015-04-30": 0, "2015-01-31": "", "2014-10-31": 0, "2014-07-31": 0, "2014-04-30": 0, "2014-01-31": "", "2013-10-31": 0, "2013-07-31": 0, "2013-04-30": 0, "2013-01-31": "", "2012-10-31": 0, "2012-07-31": 0, "2012-04-30": 0, "2012-01-31": "", "2011-10-31": 0, "2011-07-31": 0, "2011-04-30": 0, "2011-01-31": "", "2010-10-31": 0, "2010-07-31": 0, "2010-04-30": 0, "2010-01-31": "", "2009-10-31": 0, "2009-07-31": 0, "2009-04-30": 0, "2009-01-31": "", "2008-10-31": 0, "2008-07-31": 0, "2008-04-30": 0, "2008-01-31": "", "2007-10-31": 0, "2007-07-31": 0, "2007-04-30": 0, "2007-01-31": "", "2006-10-31": 0, "2006-07-31": 0, "2006-04-30": 0, "2006-01-31": "", "2005-10-31": 0, "2005-07-31": 0, "2005-04-30": 0, "2005-01-31": ""}, "Change In Assets/Liabilities": {"2020-10-31": 86.023, "2020-07-31": -40.95, "2020-04-30": -57.928, "2020-01-31": "-124.00900", "2019-10-31": 117.528, "2019-07-31": -24.723, "2019-04-30": 87.1, "2019-01-31": "-246.92900", "2018-10-31": 90.844, "2018-07-31": -30.65, "2018-04-30": 104.404, "2018-01-31": "529.92200", "2017-10-31": -106.245, "2017-07-31": -140.509, "2017-04-30": 233.512, "2017-01-31": "28.59400", "2016-10-31": -20.014, "2016-07-31": -56.089, "2016-04-30": 83.921, "2016-01-31": "-7.29500", "2015-10-31": 86.105, "2015-07-31": -73.537, "2015-04-30": 81.193, "2015-01-31": "-83.18000", "2014-10-31": -2.83, "2014-07-31": 4.099, "2014-04-30": 14.89, "2014-01-31": "-24.73000", "2013-10-31": 16.912, "2013-07-31": 0.025, "2013-04-30": 45.845, "2013-01-31": "2.84800", "2012-10-31": -1.655, "2012-07-31": -66.835, "2012-04-30": 36.657, "2012-01-31": "31.54500", "2011-10-31": 87.021, "2011-07-31": -9.598, "2011-04-30": -46.683, "2011-01-31": "-35.59400", "2010-10-31": -145.968, "2010-07-31": -10.34, "2010-04-30": 81.209, "2010-01-31": "45.04700", "2009-10-31": 39.5, "2009-07-31": 25.732, "2009-04-30": -37.738, "2009-01-31": "-15.13700", "2008-10-31": -48.309, "2008-07-31": 15.83, "2008-04-30": 41.944, "2008-01-31": "11.88000", "2007-10-31": -59.454, "2007-07-31": 22.698, "2007-04-30": 79.313, "2007-01-31": "7.68400", "2006-10-31": -52.898, "2006-07-31": 19.777, "2006-04-30": 31.526, "2006-01-31": "4.51700", "2005-10-31": -1.501, "2005-07-31": 17.221, "2005-04-30": 10.662, "2005-01-31": "-32.86000"}, "Total Change In Assets/Liabilities": {"2020-10-31": 118.702, "2020-07-31": -40.95, "2020-04-30": -57.928, "2020-01-31": "-124.00900", "2019-10-31": 149.269, "2019-07-31": -24.723, "2019-04-30": 87.1, "2019-01-31": "-246.92900", "2018-10-31": 75.284, "2018-07-31": -30.65, "2018-04-30": 104.404, "2018-01-31": "529.92200", "2017-10-31": 1.687, "2017-07-31": -140.509, "2017-04-30": 233.512, "2017-01-31": "28.59400", "2016-10-31": 99.952, "2016-07-31": -56.089, "2016-04-30": 83.921, "2016-01-31": "-7.29500", "2015-10-31": 65.57, "2015-07-31": -73.537, "2015-04-30": 81.193, "2015-01-31": "-83.18000", "2014-10-31": 150.76, "2014-07-31": 4.099, "2014-04-30": 14.89, "2014-01-31": "-24.73000", "2013-10-31": 132.132, "2013-07-31": 0.025, "2013-04-30": 45.845, "2013-01-31": "2.84800", "2012-10-31": 24.836, "2012-07-31": -66.835, "2012-04-30": 36.657, "2012-01-31": "31.54500", "2011-10-31": 3.332, "2011-07-31": -9.598, "2011-04-30": -46.683, "2011-01-31": "-35.59400", "2010-10-31": -0.595, "2010-07-31": -10.34, "2010-04-30": 81.209, "2010-01-31": "45.04700", "2009-10-31": -1.565, "2009-07-31": 21.627, "2009-04-30": -37.738, "2009-01-31": "-15.13700", "2008-10-31": -45.033, "2008-07-31": 15.83, "2008-04-30": -25.339, "2008-01-31": "11.88000", "2007-10-31": 36.896, "2007-07-31": 22.698, "2007-04-30": 79.313, "2007-01-31": "7.68400", "2006-10-31": -9.628, "2006-07-31": 19.777, "2006-04-30": 31.526, "2006-01-31": "4.51700", "2005-10-31": 35.66, "2005-07-31": 17.221, "2005-04-30": 10.662, "2005-01-31": "-32.86000"}, "Cash Flow From Operating Activities": {"2020-10-31": 672.598, "2020-07-31": 557.2, "2020-04-30": 429.041, "2020-01-31": "349.64800", "2019-10-31": 657.904, "2019-07-31": 552.547, "2019-04-30": 670.882, "2019-01-31": "371.76700", "2018-10-31": 714.441, "2018-07-31": 620.738, "2018-04-30": 718.494, "2018-01-31": "388.68800", "2017-10-31": 652.457, "2017-07-31": -360.001, "2017-04-30": 539.315, "2017-01-31": "322.59400", "2016-10-31": 497.437, "2016-07-31": 254.003, "2016-04-30": 320.203, "2016-01-31": "219.70500", "2015-10-31": 197.975, "2015-07-31": 197.139, "2015-04-30": 344.031, "2015-01-31": "168.65300", "2014-10-31": 262.263, "2014-07-31": 213.442, "2014-04-30": 238.424, "2014-01-31": "157.47300", "2013-10-31": 282.165, "2013-07-31": 220.025, "2013-04-30": 252.186, "2013-01-31": "157.96900", "2012-10-31": 236.047, "2012-07-31": 137.706, "2012-04-30": 225.969, "2012-01-31": "214.82000", "2011-10-31": 230.16, "2011-07-31": 256.98, "2011-04-30": 196.638, "2011-01-31": "216.75100", "2010-10-31": 274.276, "2010-07-31": 224.806, "2010-04-30": 278.32, "2010-01-31": "213.77300", "2009-10-31": 162.678, "2009-07-31": 133.564, "2009-04-30": 75.996, "2009-01-31": "59.91000", "2008-10-31": 142.258, "2008-07-31": 196.147, "2008-04-30": 153.543, "2008-01-31": "177.42000", "2007-10-31": 182.85, "2007-07-31": 190.729, "2007-04-30": 238.633, "2007-01-31": "208.15300", "2006-10-31": 166.735, "2006-07-31": 73.973, "2006-04-30": 205.139, "2006-01-31": "175.25500", "2005-10-31": 200.319, "2005-07-31": 180.31, "2005-04-30": 175.201, "2005-01-31": "116.87400"}, "Net Change In Property, Plant, And Equipment": {"2020-10-31": -29.888, "2020-07-31": -20.804, "2020-04-30": -60.161, "2020-01-31": "-54.83900", "2019-10-31": -51.075, "2019-07-31": -58.095, "2019-04-30": -75.209, "2019-01-31": "-90.99300", "2018-10-31": -86.004, "2018-07-31": -51.75, "2018-04-30": -53.9, "2018-01-31": "-63.22200", "2017-10-31": -65.215, "2017-07-31": -63.617, "2017-04-30": -46.929, "2017-01-31": "-28.33700", "2016-10-31": -41.224, "2016-07-31": -37.528, "2016-04-30": -25.517, "2016-01-31": "-23.12800", "2015-10-31": -45.807, "2015-07-31": -35.164, "2015-04-30": -49.229, "2015-01-31": "-23.76000", "2014-10-31": -43.417, "2014-07-31": -42.315, "2014-04-30": -44.058, "2014-01-31": "-48.12300", "2013-10-31": -48.558, "2013-07-31": -30.068, "2013-04-30": -26.179, "2013-01-31": "-18.26900", "2012-10-31": -37.511, "2012-07-31": -39.239, "2012-04-30": -30.137, "2012-01-31": "-25.28900", "2011-10-31": -26.331, "2011-07-31": -36.977, "2011-04-30": -34.141, "2011-01-31": "-25.54700", "2010-10-31": -37.763, "2010-07-31": -39.125, "2010-04-30": -17.49, "2010-01-31": "-17.17900", "2009-10-31": -16.389, "2009-07-31": -5.425, "2009-04-30": -12.046, "2009-01-31": "-22.23500", "2008-10-31": -47.377, "2008-07-31": -39.381, "2008-04-30": -30.535, "2008-01-31": "-40.11500", "2007-10-31": -33.177, "2007-07-31": -31.246, "2007-04-30": -39.661, "2007-01-31": "-37.72600", "2006-10-31": -40.02, "2006-07-31": -38.36, "2006-04-30": -28.822, "2006-01-31": "-20.36000", "2005-10-31": -21.029, "2005-07-31": -18.912, "2005-04-30": -21.632, "2005-01-31": "-23.88400"}, "Net Change In Intangible Assets": {"2020-10-31": 0, "2020-07-31": 0, "2020-04-30": 0, "2020-01-31": "", "2019-10-31": 0, "2019-07-31": 0, "2019-04-30": 0, "2019-01-31": "", "2018-10-31": 0, "2018-07-31": 0, "2018-04-30": 0, "2018-01-31": "", "2017-10-31": 0, "2017-07-31": 0, "2017-04-30": 0, "2017-01-31": "", "2016-10-31": 0, "2016-07-31": 0, "2016-04-30": 0, "2016-01-31": "", "2015-10-31": 0, "2015-07-31": 0, "2015-04-30": 0, "2015-01-31": "", "2014-10-31": 0, "2014-07-31": 0, "2014-04-30": 0, "2014-01-31": "", "2013-10-31": 0, "2013-07-31": 0, "2013-04-30": 0, "2013-01-31": "", "2012-10-31": 0, "2012-07-31": 0, "2012-04-30": 0, "2012-01-31": "", "2011-10-31": 0, "2011-07-31": 0, "2011-04-30": 0, "2011-01-31": "", "2010-10-31": 0, "2010-07-31": 0, "2010-04-30": 0, "2010-01-31": "", "2009-10-31": 0, "2009-07-31": 0, "2009-04-30": 0, "2009-01-31": "", "2008-10-31": 0, "2008-07-31": 0, "2008-04-30": 0, "2008-01-31": "", "2007-10-31": 0, "2007-07-31": 0, "2007-04-30": 0, "2007-01-31": "", "2006-10-31": 0, "2006-07-31": 0, "2006-04-30": 0, "2006-01-31": "", "2005-10-31": 0, "2005-07-31": 0, "2005-04-30": 0, "2005-01-31": ""}, "Net Acquisitions/Divestitures": {"2020-10-31": -1.433, "2020-07-31": -12.763, "2020-04-30": 0, "2020-01-31": "", "2019-10-31": -11.17, "2019-07-31": 0, "2019-04-30": 0, "2019-01-31": "", "2018-10-31": 0, "2018-07-31": -0.5, "2018-04-30": -52.339, "2018-01-31": "", "2017-10-31": 54.895, "2017-07-31": 0.07, "2017-04-30": -9686.497, "2017-01-31": "-1.03600", "2016-10-31": -80.967, "2016-07-31": 0, "2016-04-30": -2.203, "2016-01-31": "", "2015-10-31": 0, "2015-07-31": -6.947, "2015-04-30": 0, "2015-01-31": "-0.11800", "2014-10-31": -2.183, "2014-07-31": -1943.704, "2014-04-30": 0, "2014-01-31": "", "2013-10-31": 100, "2013-07-31": -2.475, "2013-04-30": 0, "2013-01-31": "", "2012-10-31": 0, "2012-07-31": 0, "2012-04-30": -24.158, "2012-01-31": "", "2011-10-31": 0, "2011-07-31": -13.988, "2011-04-30": 0, "2011-01-31": "10.00000", "2010-10-31": 0, "2010-07-31": 0, "2010-04-30": 0, "2010-01-31": "63.03600", "2009-10-31": -0.313, "2009-07-31": -8.36, "2009-04-30": -1.34, "2009-01-31": "", "2008-10-31": 0, "2008-07-31": 0.444, "2008-04-30": -7.074, "2008-01-31": "406.66500", "2007-10-31": 0, "2007-07-31": -3.16, "2007-04-30": -6, "2007-01-31": "", "2006-10-31": -142.104, "2006-07-31": -14.913, "2006-04-30": 23.07, "2006-01-31": "", "2005-10-31": 0, "2005-07-31": 0, "2005-04-30": 0, "2005-01-31": ""}, "Net Change In Short-term Investments": {"2020-10-31": 0, "2020-07-31": 0, "2020-04-30": 0, "2020-01-31": "", "2019-10-31": 0, "2019-07-31": 0, "2019-04-30": 0, "2019-01-31": "", "2018-10-31": 0, "2018-07-31": 0, "2018-04-30": 0, "2018-01-31": "", "2017-10-31": 0.001, "2017-07-31": 490.68, "2017-04-30": 938.74, "2017-01-31": "1805.07300", "2016-10-31": -434.2656, "2016-07-31": -65.6453, "2016-04-30": -314.7459, "2016-01-31": "-174.52600", "2015-10-31": 397.2888, "2015-07-31": -104.1277, "2015-04-30": -214.8641, "2015-01-31": "73.87800", "2014-10-31": 49.055, "2014-07-31": 2085.1248, "2014-04-30": -120.2177, "2014-01-31": "7.14190", "2013-10-31": -300.2532, "2013-07-31": -413.7079, "2013-04-30": -385.4769, "2013-01-31": "180.71800", "2012-10-31": -68.503, "2012-07-31": -243.684, "2012-04-30": -490.072, "2012-01-31": "-381.24100", "2011-10-31": -31.2221, "2011-07-31": -620.2431, "2011-04-30": -145.852, "2011-01-31": "227.15800", "2010-10-31": -102.7208, "2010-07-31": -136.598, "2010-04-30": -113.8501, "2010-01-31": "-88.41100", "2009-10-31": -84.473, "2009-07-31": -483.144, "2009-04-30": -95.634, "2009-01-31": "200.29100", "2008-10-31": 45.3659, "2008-07-31": -88.784, "2008-04-30": -133.463, "2008-01-31": "20.17500", "2007-10-31": 234.221, "2007-07-31": 547.847, "2007-04-30": 121.712, "2007-01-31": "232.21200", "2006-10-31": 212.623, "2006-07-31": 300.508, "2006-04-30": 20.527, "2006-01-31": "-228.06400", "2005-10-31": 456.5528, "2005-07-31": -235.1809, "2005-04-30": -117.823, "2005-01-31": "-33.69500"}, "Net Change In Long-Term Investments": {"2020-10-31": 0, "2020-07-31": 0, "2020-04-30": 0, "2020-01-31": "", "2019-10-31": 0, "2019-07-31": 0, "2019-04-30": 0, "2019-01-31": "", "2018-10-31": 0, "2018-07-31": 0, "2018-04-30": 0, "2018-01-31": "", "2017-10-31": 0, "2017-07-31": 0, "2017-04-30": 0, "2017-01-31": "", "2016-10-31": 0, "2016-07-31": 0, "2016-04-30": 0, "2016-01-31": "", "2015-10-31": 0, "2015-07-31": 0, "2015-04-30": 0, "2015-01-31": "", "2014-10-31": 0, "2014-07-31": 0, "2014-04-30": 0, "2014-01-31": "", "2013-10-31": 0, "2013-07-31": 0, "2013-04-30": 0, "2013-01-31": "", "2012-10-31": 0, "2012-07-31": 0, "2012-04-30": 1.506, "2012-01-31": "", "2011-10-31": 0, "2011-07-31": 0, "2011-04-30": 0, "2011-01-31": "", "2010-10-31": 0, "2010-07-31": 0, "2010-04-30": 0, "2010-01-31": "", "2009-10-31": 0, "2009-07-31": 0, "2009-04-30": 0, "2009-01-31": "", "2008-10-31": 99.734, "2008-07-31": 0, "2008-04-30": 0, "2008-01-31": "", "2007-10-31": 0, "2007-07-31": 0, "2007-04-30": 0, "2007-01-31": "8.00300", "2006-10-31": 0, "2006-07-31": 0, "2006-04-30": 0, "2006-01-31": "", "2005-10-31": 0, "2005-07-31": 0, "2005-04-30": 0, "2005-01-31": ""}, "Net Change In Investments - Total": {"2020-10-31": 0, "2020-07-31": 0, "2020-04-30": 0, "2020-01-31": "", "2019-10-31": 0, "2019-07-31": 0, "2019-04-30": 0, "2019-01-31": "", "2018-10-31": 0, "2018-07-31": 0, "2018-04-30": 0, "2018-01-31": "", "2017-10-31": 0.001, "2017-07-31": 490.68, "2017-04-30": 938.74, "2017-01-31": "1805.07300", "2016-10-31": -434.2656, "2016-07-31": -65.6453, "2016-04-30": -314.7459, "2016-01-31": "-174.52600", "2015-10-31": 397.2888, "2015-07-31": -104.1277, "2015-04-30": -214.8641, "2015-01-31": "73.87800", "2014-10-31": 49.055, "2014-07-31": 2085.1248, "2014-04-30": -120.2177, "2014-01-31": "7.14190", "2013-10-31": -300.2532, "2013-07-31": -413.7079, "2013-04-30": -385.4769, "2013-01-31": "180.71800", "2012-10-31": -68.503, "2012-07-31": -243.6839, "2012-04-30": -488.5661, "2012-01-31": "-381.24100", "2011-10-31": -31.2221, "2011-07-31": -620.2431, "2011-04-30": -145.852, "2011-01-31": "227.15800", "2010-10-31": -102.7208, "2010-07-31": -136.598, "2010-04-30": -113.8501, "2010-01-31": "-88.41100", "2009-10-31": -84.473, "2009-07-31": -483.144, "2009-04-30": -95.634, "2009-01-31": "200.29100", "2008-10-31": 145.0999, "2008-07-31": -88.784, "2008-04-30": -133.463, "2008-01-31": "20.17500", "2007-10-31": 234.221, "2007-07-31": 547.847, "2007-04-30": 121.712, "2007-01-31": "240.21500", "2006-10-31": 212.623, "2006-07-31": 300.508, "2006-04-30": 20.527, "2006-01-31": "-228.06400", "2005-10-31": 456.5528, "2005-07-31": -235.1809, "2005-04-30": -117.823, "2005-01-31": "-33.69500"}, "Investing Activities - Other": {"2020-10-31": 0.579, "2020-07-31": 0.07, "2020-04-30": -1.391, "2020-01-31": "0.10700", "2019-10-31": -1.512, "2019-07-31": -0.547, "2019-04-30": 0.637, "2019-01-31": "-5.22200", "2018-10-31": -3.015, "2018-07-31": -2.239, "2018-04-30": 0.249, "2018-01-31": "-1.27800", "2017-10-31": -2.717, "2017-07-31": -1.062, "2017-04-30": -6.117, "2017-01-31": "-5.94600", "2016-10-31": -0.472, "2016-07-31": -8.591, "2016-04-30": -2.746, "2016-01-31": "-6.71100", "2015-10-31": 1.102, "2015-07-31": -1.18, "2015-04-30": -4.468, "2015-01-31": "-3.72900", "2014-10-31": -2.633, "2014-07-31": -0.34, "2014-04-30": -5.74, "2014-01-31": "-3.34200", "2013-10-31": -1.591, "2013-07-31": -1.54, "2013-04-30": -0.478, "2013-01-31": "-2.04800", "2012-10-31": -0.447, "2012-07-31": 0.408, "2012-04-30": -1.65, "2012-01-31": "0.32700", "2011-10-31": 0.088, "2011-07-31": 0.836, "2011-04-30": -4.044, "2011-01-31": "-3.47500", "2010-10-31": 0.608, "2010-07-31": 2.827, "2010-04-30": 1.248, "2010-01-31": "-0.40700", "2009-10-31": 0.089, "2009-07-31": -1.481, "2009-04-30": -2.206, "2009-01-31": "-2.06300", "2008-10-31": 1.176, "2008-07-31": -1.855, "2008-04-30": 0.592, "2008-01-31": "2.79500", "2007-10-31": -8.42, "2007-07-31": 0.162, "2007-04-30": -0.333, "2007-01-31": "0.15300", "2006-10-31": -3.402, "2006-07-31": 0.269, "2006-04-30": 0.33, "2006-01-31": "3.52600", "2005-10-31": 3.976, "2005-07-31": 0.205, "2005-04-30": -0.096, "2005-01-31": "1.55900"}, "Cash Flow From Investing Activities": {"2020-10-31": -30.742, "2020-07-31": -33.497, "2020-04-30": -61.552, "2020-01-31": "-54.73200", "2019-10-31": -63.757, "2019-07-31": -58.642, "2019-04-30": -74.572, "2019-01-31": "-96.21500", "2018-10-31": -89.019, "2018-07-31": -54.489, "2018-04-30": -105.99, "2018-01-31": "-64.50000", "2017-10-31": -13.036, "2017-07-31": 426.071, "2017-04-30": -8800.803, "2017-01-31": "1769.75400", "2016-10-31": -556.929, "2016-07-31": -111.764, "2016-04-30": -345.212, "2016-01-31": "-204.36500", "2015-10-31": 352.584, "2015-07-31": -147.419, "2015-04-30": -268.561, "2015-01-31": "46.27100", "2014-10-31": 0.822, "2014-07-31": 98.766, "2014-04-30": -170.016, "2014-01-31": "-44.32300", "2013-10-31": -250.402, "2013-07-31": -447.791, "2013-04-30": -412.134, "2013-01-31": "160.40100", "2012-10-31": -106.461, "2012-07-31": -282.515, "2012-04-30": -544.511, "2012-01-31": "-406.20300", "2011-10-31": -57.465, "2011-07-31": -670.372, "2011-04-30": -184.037, "2011-01-31": "208.13600", "2010-10-31": -139.876, "2010-07-31": -172.896, "2010-04-30": -130.092, "2010-01-31": "-42.96100", "2009-10-31": -101.086, "2009-07-31": -498.41, "2009-04-30": -111.226, "2009-01-31": "175.99300", "2008-10-31": 98.899, "2008-07-31": -129.576, "2008-04-30": -170.48, "2008-01-31": "389.52000", "2007-10-31": 192.624, "2007-07-31": 513.603, "2007-04-30": 75.718, "2007-01-31": "202.64200", "2006-10-31": 27.097, "2006-07-31": 247.504, "2006-04-30": 15.105, "2006-01-31": "-244.89800", "2005-10-31": 439.5, "2005-07-31": -253.888, "2005-04-30": -139.551, "2005-01-31": "-56.02000"}, "Net Long-Term Debt": {"2020-10-31": -450, "2020-07-31": 0, "2020-04-30": 95.646, "2020-01-31": "", "2019-10-31": -200, "2019-07-31": -300, "2019-04-30": -250, "2019-01-31": "-100.00000", "2018-10-31": -225, "2018-07-31": -430, "2018-04-30": -456.222, "2018-01-31": "-420.00000", "2017-10-31": -350, "2017-07-31": -4699.996, "2017-04-30": 9083.854, "2017-01-31": "2072.30600", "2016-10-31": 0, "2016-07-31": 0, "2016-04-30": 0, "2016-01-31": "857.17500", "2015-10-31": 0, "2015-07-31": 0, "2015-04-30": 0, "2015-01-31": "", "2014-10-31": 0, "2014-07-31": 1995.398, "2014-04-30": 0, "2014-01-31": "", "2013-10-31": 60.108, "2013-07-31": 101.09, "2013-04-30": 0, "2013-01-31": "-60.10800", "2012-10-31": 22.875, "2012-07-31": -3.625, "2012-04-30": -3.625, "2012-01-31": "-15.62500", "2011-10-31": 24.767, "2011-07-31": -21.142, "2011-04-30": 366.882, "2011-01-31": "145.00000", "2010-10-31": 0, "2010-07-31": 0, "2010-04-30": 0, "2010-01-31": "", "2009-10-31": 0, "2009-07-31": 370.35, "2009-04-30": 0, "2009-01-31": "", "2008-10-31": 0, "2008-07-31": 0, "2008-04-30": 0, "2008-01-31": "", "2007-10-31": 0, "2007-07-31": 0, "2007-04-30": 0, "2007-01-31": "", "2006-10-31": 0, "2006-07-31": 0, "2006-04-30": 0, "2006-01-31": "", "2005-10-31": 0, "2005-07-31": 0, "2005-04-30": 0, "2005-01-31": ""}, "Net Current Debt": {"2020-10-31": 0, "2020-07-31": 0, "2020-04-30": 0, "2020-01-31": "", "2019-10-31": 0, "2019-07-31": 0, "2019-04-30": 0, "2019-01-31": "", "2018-10-31": 0, "2018-07-31": 0, "2018-04-30": 0, "2018-01-31": "", "2017-10-31": 0, "2017-07-31": 0, "2017-04-30": 0, "2017-01-31": "", "2016-10-31": 0, "2016-07-31": 0, "2016-04-30": 0, "2016-01-31": "", "2015-10-31": 0, "2015-07-31": 0, "2015-04-30": 0, "2015-01-31": "", "2014-10-31": 0, "2014-07-31": 0, "2014-04-30": 0, "2014-01-31": "", "2013-10-31": 0, "2013-07-31": 0, "2013-04-30": 0, "2013-01-31": "", "2012-10-31": 0, "2012-07-31": 0, "2012-04-30": 0, "2012-01-31": "", "2011-10-31": 0, "2011-07-31": 0, "2011-04-30": 0, "2011-01-31": "", "2010-10-31": 0, "2010-07-31": 0, "2010-04-30": 0, "2010-01-31": "", "2009-10-31": 0, "2009-07-31": 0, "2009-04-30": 0, "2009-01-31": "", "2008-10-31": 0, "2008-07-31": 0, "2008-04-30": 0, "2008-01-31": "", "2007-10-31": 0, "2007-07-31": 0, "2007-04-30": 0, "2007-01-31": "", "2006-10-31": 0, "2006-07-31": 0, "2006-04-30": 0, "2006-01-31": "", "2005-10-31": 0, "2005-07-31": 0, "2005-04-30": 0, "2005-01-31": ""}, "Debt Issuance/Retirement Net - Total": {"2020-10-31": -450, "2020-07-31": 0, "2020-04-30": 95.646, "2020-01-31": "", "2019-10-31": -200, "2019-07-31": -300, "2019-04-30": -250, "2019-01-31": "-100.00000", "2018-10-31": -225, "2018-07-31": -430, "2018-04-30": -456.222, "2018-01-31": "-420.00000", "2017-10-31": -350, "2017-07-31": -4699.996, "2017-04-30": 9083.854, "2017-01-31": "2072.30600", "2016-10-31": 0, "2016-07-31": 0, "2016-04-30": 0, "2016-01-31": "857.17500", "2015-10-31": 0, "2015-07-31": 0, "2015-04-30": 0, "2015-01-31": "", "2014-10-31": 0, "2014-07-31": 1995.398, "2014-04-30": 0, "2014-01-31": "", "2013-10-31": 60.108, "2013-07-31": 101.09, "2013-04-30": 0, "2013-01-31": "-60.10800", "2012-10-31": 22.875, "2012-07-31": -3.625, "2012-04-30": -3.625, "2012-01-31": "-15.62500", "2011-10-31": 24.767, "2011-07-31": -21.142, "2011-04-30": 366.882, "2011-01-31": "145.00000", "2010-10-31": 0, "2010-07-31": 0, "2010-04-30": 0, "2010-01-31": "", "2009-10-31": 0, "2009-07-31": 370.35, "2009-04-30": 0, "2009-01-31": "", "2008-10-31": 0, "2008-07-31": 0, "2008-04-30": 0, "2008-01-31": "", "2007-10-31": 0, "2007-07-31": 0, "2007-04-30": 0, "2007-01-31": "", "2006-10-31": 0, "2006-07-31": 0, "2006-04-30": 0, "2006-01-31": "", "2005-10-31": 0, "2005-07-31": 0, "2005-04-30": 0, "2005-01-31": ""}, "Net Common Equity Issued/Repurchased": {"2020-10-31": 3.431, "2020-07-31": 9.202, "2020-04-30": -98.8, "2020-01-31": "-89.91700", "2019-10-31": -162.001, "2019-07-31": -92.773, "2019-04-30": -33.844, "2019-01-31": "-207.86400", "2018-10-31": -173.447, "2018-07-31": 10.848, "2018-04-30": 5.767, "2018-01-31": "29.88200", "2017-10-31": 17.46, "2017-07-31": 9.016, "2017-04-30": 28.967, "2017-01-31": "31.32600", "2016-10-31": 20.742, "2016-07-31": -6.389, "2016-04-30": -197.17, "2016-01-31": "-125.74800", "2015-10-31": -103.942, "2015-07-31": -11.352, "2015-04-30": 27.815, "2015-01-31": "-16.84300", "2014-10-31": -165.842, "2014-07-31": -21.349, "2014-04-30": 40.322, "2014-01-31": "-9.36300", "2013-10-31": 1.59, "2013-07-31": 89.653, "2013-04-30": 57.736, "2013-01-31": "96.76900", "2012-10-31": 59.697, "2012-07-31": 5.985, "2012-04-30": -5.265, "2012-01-31": "-29.73300", "2011-10-31": -54.891, "2011-07-31": -25.123, "2011-04-30": -21.44, "2011-01-31": "-11.63800", "2010-10-31": 6.344, "2010-07-31": 0.802, "2010-04-30": 5.666, "2010-01-31": "163.48700", "2009-10-31": 3.637, "2009-07-31": 5.638, "2009-04-30": -0.939, "2009-01-31": "0.27900", "2008-10-31": -6.462, "2008-07-31": -7.059, "2008-04-30": -152.177, "2008-01-31": "-310.00000", "2007-10-31": -304.738, "2007-07-31": -613.771, "2007-04-30": -310.828, "2007-01-31": "-308.72600", "2006-10-31": -342.4721, "2006-07-31": -284.99, "2006-04-30": -216.715, "2006-01-31": "-86.41300", "2005-10-31": -223.792, "2005-07-31": 43.969, "2005-04-30": -108.675, "2005-01-31": "-147.59300"}, "Net Total Equity Issued/Repurchased": {"2020-10-31": 3.431, "2020-07-31": 9.202, "2020-04-30": -98.8, "2020-01-31": "-89.91700", "2019-10-31": -162.001, "2019-07-31": -92.773, "2019-04-30": -33.844, "2019-01-31": "-207.86400", "2018-10-31": -173.447, "2018-07-31": 10.848, "2018-04-30": 5.767, "2018-01-31": "29.88200", "2017-10-31": 17.46, "2017-07-31": 9.016, "2017-04-30": 28.967, "2017-01-31": "31.32600", "2016-10-31": 20.742, "2016-07-31": -6.389, "2016-04-30": -197.17, "2016-01-31": "-125.74800", "2015-10-31": -103.942, "2015-07-31": -11.352, "2015-04-30": 27.815, "2015-01-31": "-16.84300", "2014-10-31": -165.842, "2014-07-31": -21.349, "2014-04-30": 40.322, "2014-01-31": "-9.36300", "2013-10-31": 1.59, "2013-07-31": 89.653, "2013-04-30": 57.736, "2013-01-31": "96.76900", "2012-10-31": 59.697, "2012-07-31": 5.985, "2012-04-30": -5.265, "2012-01-31": "-29.73300", "2011-10-31": -54.891, "2011-07-31": -25.123, "2011-04-30": -21.44, "2011-01-31": "-11.63800", "2010-10-31": 6.344, "2010-07-31": 0.802, "2010-04-30": 5.666, "2010-01-31": "163.48700", "2009-10-31": 3.637, "2009-07-31": 5.638, "2009-04-30": -0.939, "2009-01-31": "0.27900", "2008-10-31": -6.462, "2008-07-31": -7.059, "2008-04-30": -152.177, "2008-01-31": "-310.00000", "2007-10-31": -304.738, "2007-07-31": -613.771, "2007-04-30": -310.828, "2007-01-31": "-308.72600", "2006-10-31": -342.4721, "2006-07-31": -284.99, "2006-04-30": -216.715, "2006-01-31": "-86.41300", "2005-10-31": -223.792, "2005-07-31": 43.969, "2005-04-30": -108.675, "2005-01-31": "-147.59300"}, "Total Common And Preferred Stock Dividends Paid": {"2020-10-31": -229.597, "2020-07-31": -228.798, "2020-04-30": -228.6, "2020-01-31": "-199.16000", "2019-10-31": -200.196, "2019-07-31": -200.068, "2019-04-30": -199.501, "2019-01-31": "-177.71600", "2018-10-31": -179.416, "2018-07-31": -178.89, "2018-04-30": -178.282, "2018-01-31": "-166.71900", "2017-10-31": -166.857, "2017-07-31": -166.265, "2017-04-30": -139.314, "2017-01-31": "-129.68300", "2016-10-31": -129.643, "2016-07-31": -128.954, "2016-04-30": -129.925, "2016-01-31": "-124.65800", "2015-10-31": -125.582, "2015-07-31": -125.511, "2015-04-30": -124.882, "2015-01-31": "-115.08400", "2014-10-31": -116.308, "2014-07-31": -116.098, "2014-04-30": -115.795, "2014-01-31": "-106.02400", "2013-10-31": -105.938, "2013-07-31": -104.923, "2013-04-30": -104.415, "2013-01-31": "-90.67900", "2012-10-31": -91.372, "2012-07-31": -89.511, "2012-04-30": -89.402, "2012-01-31": "-74.41600", "2011-10-31": -74.824, "2011-07-31": -74.993, "2011-04-30": -65.999, "2011-01-31": "-65.81000", "2010-10-31": -65.589, "2010-07-31": -65.949, "2010-04-30": -59.556, "2010-01-31": "-58.87000", "2009-10-31": -58.326, "2009-07-31": -58.26, "2009-04-30": -58.164, "2009-01-31": "-58.23800", "2008-10-31": -58.105, "2008-07-31": -58.078, "2008-04-30": -52.511, "2008-01-31": "-53.83600", "2007-10-31": -55.437, "2007-07-31": -58.545, "2007-04-30": -59.562, "2007-01-31": "-54.73700", "2006-10-31": -55.642, "2006-07-31": -57.524, "2006-04-30": -44.191, "2006-01-31": "-44.09400", "2005-10-31": -37.128, "2005-07-31": -37.034, "2005-04-30": -22.257, "2005-01-31": "-22.57900"}, "Financial Activities - Other": {"2020-10-31": 0, "2020-07-31": 0.436, "2020-04-30": -3.956, "2020-01-31": "-0.49500", "2019-10-31": 5.087, "2019-07-31": -1.774, "2019-04-30": -5.575, "2019-01-31": "-0.56900", "2018-10-31": -2.883, "2018-07-31": -1.083, "2018-04-30": -1.408, "2018-01-31": "8.81100", "2017-10-31": -2.281, "2017-07-31": 0.009, "2017-04-30": -2.237, "2017-01-31": "0.50000", "2016-10-31": -12.919, "2016-07-31": -21.319, "2016-04-30": 0.426, "2016-01-31": "-34.98800", "2015-10-31": 6.619, "2015-07-31": 8.933, "2015-04-30": 7.579, "2015-01-31": "0.64700", "2014-10-31": -1995.694, "2014-07-31": 12.925, "2014-04-30": -6.861, "2014-01-31": "28.07900", "2013-10-31": -56.227, "2013-07-31": 6.574, "2013-04-30": 7.017, "2013-01-31": "1.19600", "2012-10-31": -54.947, "2012-07-31": 0.299, "2012-04-30": 13.967, "2012-01-31": "5.07100", "2011-10-31": -19.838, "2011-07-31": -1.128, "2011-04-30": 30.606, "2011-01-31": "8.18300", "2010-10-31": 0.372, "2010-07-31": 0.53, "2010-04-30": 0.072, "2010-01-31": "0.05300", "2009-10-31": 0.015, "2009-07-31": 0, "2009-04-30": 0.005, "2009-01-31": "", "2008-10-31": 5.853, "2008-07-31": 2.483, "2008-04-30": 3.174, "2008-01-31": "6.71000", "2007-10-31": 15.818, "2007-07-31": 3.559, "2007-04-30": 15.027, "2007-01-31": "6.46700", "2006-10-31": 25.222, "2006-07-31": 141.22, "2006-04-30": 14.736, "2006-01-31": "", "2005-10-31": 0, "2005-07-31": 0, "2005-04-30": 0, "2005-01-31": ""}, "Cash Flow From Financial Activities": {"2020-10-31": -676.166, "2020-07-31": -219.16, "2020-04-30": -235.71, "2020-01-31": "-289.57200", "2019-10-31": -557.11, "2019-07-31": -594.615, "2019-04-30": -488.92, "2019-01-31": "-486.14900", "2018-10-31": -580.746, "2018-07-31": -599.125, "2018-04-30": -630.145, "2018-01-31": "-548.02600", "2017-10-31": -501.678, "2017-07-31": -4857.237, "2017-04-30": 8971.271, "2017-01-31": "1974.44900", "2016-10-31": -121.82, "2016-07-31": -156.662, "2016-04-30": -326.669, "2016-01-31": "571.78100", "2015-10-31": -222.905, "2015-07-31": -127.93, "2015-04-30": -89.488, "2015-01-31": "-131.28000", "2014-10-31": -2277.844, "2014-07-31": 1870.876, "2014-04-30": -82.334, "2014-01-31": "-87.30800", "2013-10-31": -100.467, "2013-07-31": 92.394, "2013-04-30": -39.662, "2013-01-31": "-52.82200", "2012-10-31": -63.747, "2012-07-31": -86.852, "2012-04-30": -84.325, "2012-01-31": "-114.70300", "2011-10-31": -124.786, "2011-07-31": -122.386, "2011-04-30": 310.049, "2011-01-31": "75.73500", "2010-10-31": -58.873, "2010-07-31": -64.617, "2010-04-30": -53.818, "2010-01-31": "104.67000", "2009-10-31": -54.674, "2009-07-31": 317.728, "2009-04-30": -59.098, "2009-01-31": "-57.95900", "2008-10-31": -58.714, "2008-07-31": -62.654, "2008-04-30": -201.514, "2008-01-31": "-357.12600", "2007-10-31": -344.357, "2007-07-31": -668.757, "2007-04-30": -355.363, "2007-01-31": "-356.99600", "2006-10-31": -372.892, "2006-07-31": -201.294, "2006-04-30": -246.17, "2006-01-31": "-130.50700", "2005-10-31": -260.92, "2005-07-31": 6.935, "2005-04-30": -130.932, "2005-01-31": "-170.17200"}, "Net Cash Flow": {"2020-10-31": -34.404, "2020-07-31": 305.327, "2020-04-30": 130.529, "2020-01-31": "6.08600", "2019-10-31": 36.158, "2019-07-31": -101.437, "2019-04-30": 107.737, "2019-01-31": "-210.72700", "2018-10-31": 44.016, "2018-07-31": -33.942, "2018-04-30": -21.033, "2018-01-31": "-220.28800", "2017-10-31": 139.269, "2017-07-31": -4789.174, "2017-04-30": 710.48, "2017-01-31": "4066.13100", "2016-10-31": -182.538, "2016-07-31": -15.992, "2016-04-30": -350.78, "2016-01-31": "586.08900", "2015-10-31": 326.856, "2015-07-31": -78.719, "2015-04-30": -13.986, "2015-01-31": "80.96900", "2014-10-31": -2016.208, "2014-07-31": 2182.651, "2014-04-30": -14.437, "2014-01-31": "25.13800", "2013-10-31": -67.979, "2013-07-31": -135.563, "2013-04-30": -200.166, "2013-01-31": "266.96400", "2012-10-31": 66.684, "2012-07-31": -232.917, "2012-04-30": -402.376, "2012-01-31": "-307.65800", "2011-10-31": 47.279, "2011-07-31": -536.94, "2011-04-30": 324.44, "2011-01-31": "500.32100", "2010-10-31": 76.571, "2010-07-31": -14.943, "2010-04-30": 94.104, "2010-01-31": "274.53900", "2009-10-31": 7.014, "2009-07-31": -44.164, "2009-04-30": -92.834, "2009-01-31": "176.11400", "2008-10-31": 175.143, "2008-07-31": 4.095, "2008-04-30": -218.728, "2008-01-31": "208.11700", "2007-10-31": 31.074, "2007-07-31": 35.308, "2007-04-30": -39.959, "2007-01-31": "54.60200", "2006-10-31": -179.178, "2006-07-31": 120.634, "2006-04-30": -25.364, "2006-01-31": "-199.73600", "2005-10-31": 379.538, "2005-07-31": -66.315, "2005-04-30": -94.968, "2005-01-31": "-109.60400"}, "Stock-Based Compensation": {"2020-10-31": 36.557, "2020-07-31": 39.56, "2020-04-30": 35.9, "2020-01-31": "37.50100", "2019-10-31": 37.58, "2019-07-31": 36.098, "2019-04-30": 40.229, "2019-01-31": "36.39300", "2018-10-31": 37.454, "2018-07-31": 36.895, "2018-04-30": 38.914, "2018-01-31": "37.90200", "2017-10-31": 32.349, "2017-07-31": 32.824, "2017-04-30": 22.486, "2017-01-31": "16.52900", "2016-10-31": 15.234, "2016-07-31": 16.619, "2016-04-30": 15.959, "2016-01-31": "15.60900", "2015-10-31": 16.083, "2015-07-31": 16.364, "2015-04-30": 16.101, "2015-01-31": "20.37100", "2014-10-31": 15.393, "2014-07-31": 13.47, "2014-04-30": 10.542, "2014-01-31": "11.40700", "2013-10-31": 13.122, "2013-07-31": 12.747, "2013-04-30": 17.956, "2013-01-31": "13.06100", "2012-10-31": 14.277, "2012-07-31": 13.791, "2012-04-30": 12.1, "2012-01-31": "13.33200", "2011-10-31": 13.552, "2011-07-31": 13.31, "2011-04-30": 12.893, "2011-01-31": "12.60300", "2010-10-31": 13.486, "2010-07-31": 13.176, "2010-04-30": 13.255, "2010-01-31": "11.83500", "2009-10-31": 12.621, "2009-07-31": 12.015, "2009-04-30": 12.566, "2009-01-31": "11.41100", "2008-10-31": 13.352, "2008-07-31": 13.573, "2008-04-30": 12.727, "2008-01-31": "10.59500", "2007-10-31": 17.506, "2007-07-31": 17.465, "2007-04-30": 17.624, "2007-01-31": "20.05700", "2006-10-31": 17.599, "2006-07-31": 19.306, "2006-04-30": 17.217, "2006-01-31": "21.30700", "2005-10-31": 0.983, "2005-07-31": 1.303, "2005-04-30": 0.786, "2005-01-31": "1.79800"}, "Common Stock Dividends Paid": {"2020-10-31": -229.597, "2020-07-31": -228.798, "2020-04-30": -228.6, "2020-01-31": "-199.16000", "2019-10-31": -200.196, "2019-07-31": -200.068, "2019-04-30": -199.501, "2019-01-31": "-177.71600", "2018-10-31": -179.416, "2018-07-31": -178.89, "2018-04-30": -178.282, "2018-01-31": "-166.71900", "2017-10-31": -166.857, "2017-07-31": -166.265, "2017-04-30": -139.314, "2017-01-31": "-129.68300", "2016-10-31": -129.643, "2016-07-31": -128.954, "2016-04-30": -129.925, "2016-01-31": "-124.65800", "2015-10-31": -125.582, "2015-07-31": -125.511, "2015-04-30": -124.882, "2015-01-31": "-115.08400", "2014-10-31": -116.308, "2014-07-31": -116.098, "2014-04-30": -115.795, "2014-01-31": "-106.02400", "2013-10-31": -105.938, "2013-07-31": -104.923, "2013-04-30": -104.415, "2013-01-31": "-90.67900", "2012-10-31": -91.372, "2012-07-31": -89.511, "2012-04-30": -89.402, "2012-01-31": "-74.41600", "2011-10-31": -74.824, "2011-07-31": -74.993, "2011-04-30": -65.999, "2011-01-31": "-65.81000", "2010-10-31": -65.589, "2010-07-31": -65.949, "2010-04-30": -59.556, "2010-01-31": "-58.87000", "2009-10-31": -58.326, "2009-07-31": -58.26, "2009-04-30": -58.164, "2009-01-31": "-58.23800", "2008-10-31": -58.105, "2008-07-31": -58.078, "2008-04-30": -52.511, "2008-01-31": "-53.83600", "2007-10-31": -55.437, "2007-07-31": -58.545, "2007-04-30": -59.562, "2007-01-31": "-54.73700", "2006-10-31": -55.642, "2006-07-31": -57.524, "2006-04-30": -44.191, "2006-01-31": "-44.09400", "2005-10-31": -37.128, "2005-07-31": -37.034, "2005-04-30": -22.257, "2005-01-31": "-22.57900"}}, "financial ratios": {"Current Ratio": {"2020-10-31": "1.84450", "2019-10-31": "1.31580", "2018-10-31": "2.00820", "2017-10-31": "1.47300", "2016-10-31": "6.35410", "2015-10-31": "3.66340", "2014-10-31": "5.37600", "2013-10-31": "9.59210", "2012-10-31": "8.94380", "2011-10-31": "8.35490", "2010-10-31": "5.40660", "2009-10-31": "6.44220", "2008-10-31": "3.67200", "2007-10-31": "3.61070", "2006-10-31": "6.13370", "2005-10-31": "4.55780"}, "Long-term Debt / Capital": {"2020-10-31": "0.30010", "2019-10-31": "0.30720", "2018-10-31": "0.35730", "2017-10-31": "0.42630", "2016-10-31": "0.25110", "2015-10-31": "0.08900", "2014-10-31": "0.15500", "2013-10-31": "0.15540", "2012-10-31": "0.16230", "2011-10-31": "0.18680", "2010-10-31": "0.11130", "2009-10-31": "0.13050", "2008-10-31": "", "2007-10-31": "", "2006-10-31": "", "2005-10-31": ""}, "Debt/Equity Ratio": {"2020-10-31": "0.42880", "2019-10-31": "0.46900", "2018-10-31": "0.56200", "2017-10-31": "0.77260", "2016-10-31": "0.33530", "2015-10-31": "0.17150", "2014-10-31": "0.18340", "2013-10-31": "0.18400", "2012-10-31": "0.19720", "2011-10-31": "0.23350", "2010-10-31": "0.12520", "2009-10-31": "0.15010", "2008-10-31": "", "2007-10-31": "", "2006-10-31": "", "2005-10-31": ""}, "Gross Margin": {"2020-10-31": "65.86550", "2019-10-31": "66.99560", "2018-10-31": "68.28290", "2017-10-31": "60.38940", "2016-10-31": "65.09520", "2015-10-31": "65.77010", "2014-10-31": "63.88600", "2013-10-31": "64.26010", "2012-10-31": "64.45430", "2011-10-31": "66.36580", "2010-10-31": "65.16100", "2009-10-31": "55.51800", "2008-10-31": "61.06530", "2007-10-31": "61.19460", "2006-10-31": "61.93510", "2005-10-31": "60.02040"}, "Operating Margin": {"2020-10-31": "26.73980", "2019-10-31": "28.55270", "2018-10-31": "30.51700", "2017-10-31": "22.16320", "2016-10-31": "30.04940", "2015-10-31": "24.18690", "2014-10-31": "26.26680", "2013-10-31": "28.59390", "2012-10-31": "30.50740", "2011-10-31": "35.81390", "2010-10-31": "32.59360", "2009-10-31": "14.13550", "2008-10-31": "24.19830", "2007-10-31": "23.07450", "2006-10-31": "23.38580", "2005-10-31": "22.41710"}, "EBIT Margin": {"2020-10-31": "26.73980", "2019-10-31": "28.55270", "2018-10-31": "30.51700", "2017-10-31": "22.16320", "2016-10-31": "30.04940", "2015-10-31": "24.18690", "2014-10-31": "26.26680", "2013-10-31": "28.59390", "2012-10-31": "30.50740", "2011-10-31": "35.81390", "2010-10-31": "32.59360", "2009-10-31": "14.13550", "2008-10-31": "24.19830", "2007-10-31": "23.07450", "2006-10-31": "23.38580", "2005-10-31": "22.41710"}, "EBITDA Margin": {"2020-10-31": "41.21260", "2019-10-31": "42.09370", "2018-10-31": "43.35400", "2017-10-31": "33.29590", "2016-10-31": "36.18110", "2015-10-31": "30.65660", "2014-10-31": "31.22250", "2013-10-31": "32.78640", "2012-10-31": "34.57360", "2011-10-31": "39.76330", "2010-10-31": "36.97210", "2009-10-31": "21.07720", "2008-10-31": "30.14010", "2007-10-31": "29.35450", "2006-10-31": "31.03710", "2005-10-31": "29.70420"}, "Pre-Tax Profit Margin": {"2020-10-31": "23.40900", "2019-10-31": "24.79910", "2018-10-31": "26.59270", "2017-10-31": "17.81710", "2016-10-31": "27.96860", "2015-10-31": "23.58350", "2014-10-31": "25.45910", "2013-10-31": "30.95750", "2012-10-31": "30.11810", "2011-10-31": "35.46050", "2010-10-31": "32.65120", "2009-10-31": "14.76220", "2008-10-31": "25.78860", "2007-10-31": "26.83700", "2006-10-31": "28.30060", "2005-10-31": "25.77590"}, "Net Profit Margin": {"2020-10-31": "21.78740", "2019-10-31": "22.69680", "2018-10-31": "24.11480", "2017-10-31": "15.35120", "2016-10-31": "25.18450", "2015-10-31": "20.28700", "2014-10-31": "21.96750", "2013-10-31": "25.57200", "2012-10-31": "24.10970", "2011-10-31": "28.97770", "2010-10-31": "25.78610", "2009-10-31": "12.29690", "2008-10-31": "30.44150", "2007-10-31": "20.16080", "2006-10-31": "24.42030", "2005-10-31": "19.42980"}, "Asset Turnover": {"2020-10-31": "0.26100", "2019-10-31": "0.28010", "2018-10-31": "0.30460", "2017-10-31": "0.24820", "2016-10-31": "0.42930", "2015-10-31": "0.48660", "2014-10-31": "0.41760", "2013-10-31": "0.41270", "2012-10-31": "0.48060", "2011-10-31": "0.56720", "2010-10-31": "0.63790", "2009-10-31": "0.59800", "2008-10-31": "0.83560", "2007-10-31": "0.82960", "2006-10-31": "0.56440", "2005-10-31": "0.46580"}, "Inventory Turnover Ratio": {"2020-10-31": "3.14430", "2019-10-31": "3.24210", "2018-10-31": "3.36470", "2017-10-31": "3.77280", "2016-10-31": "3.17150", "2015-10-31": "2.85180", "2014-10-31": "2.81190", "2013-10-31": "3.32210", "2012-10-31": "3.06050", "2011-10-31": "3.41190", "2010-10-31": "3.46720", "2009-10-31": "3.54030", "2008-10-31": "3.19630", "2007-10-31": "2.94860", "2006-10-31": "2.35990", "2005-10-31": "2.62120"}, "Receiveable Turnover": {"2020-10-31": "7.59700", "2019-10-31": "9.43270", "2018-10-31": "9.73040", "2017-10-31": "7.61500", "2016-10-31": "7.16360", "2015-10-31": "7.36310", "2014-10-31": "7.22320", "2013-10-31": "8.10010", "2012-10-31": "7.94730", "2011-10-31": "8.59120", "2010-10-31": "7.13260", "2009-10-31": "6.69320", "2008-10-31": "8.19220", "2007-10-31": "7.61240", "2006-10-31": "7.35900", "2005-10-31": "6.66040"}, "Days Sales In Receivables": {"2020-10-31": "48.04530", "2019-10-31": "38.69510", "2018-10-31": "37.51140", "2017-10-31": "47.93190", "2016-10-31": "50.95190", "2015-10-31": "49.57140", "2014-10-31": "50.53140", "2013-10-31": "45.06130", "2012-10-31": "45.92750", "2011-10-31": "42.48520", "2010-10-31": "51.17380", "2009-10-31": "54.53260", "2008-10-31": "44.55440", "2007-10-31": "47.94810", "2006-10-31": "49.59900", "2005-10-31": "54.80180"}, "ROE - Return On Equity": {"2020-10-31": "10.17480", "2019-10-31": "11.64050", "2018-10-31": "13.37380", "2017-10-31": "7.92580", "2016-10-31": "16.68080", "2015-10-31": "13.73710", "2014-10-31": "13.22690", "2013-10-31": "14.20990", "2012-10-31": "15.63460", "2011-10-31": "22.68250", "2010-10-31": "22.22780", "2009-10-31": "9.78230", "2008-10-31": "21.69920", "2007-10-31": "21.48460", "2006-10-31": "15.11080", "2005-10-31": "10.18400"}, "Return On Tangible Equity": {"2020-10-31": "-31.05660", "2019-10-31": "-28.60510", "2018-10-31": "-26.15090", "2017-10-31": "-10.91990", "2016-10-31": "29.33690", "2015-10-31": "24.42690", "2014-10-31": "25.74900", "2013-10-31": "15.21350", "2012-10-31": "16.90310", "2011-10-31": "24.54000", "2010-10-31": "24.16840", "2009-10-31": "10.89230", "2008-10-31": "24.17070", "2007-10-31": "24.69240", "2006-10-31": "16.49150", "2005-10-31": "10.66830"}, "ROA - Return On Assets": {"2020-10-31": "5.68630", "2019-10-31": "6.37140", "2018-10-31": "7.37330", "2017-10-31": "3.80950", "2016-10-31": "10.81100", "2015-10-31": "9.87250", "2014-10-31": "9.17420", "2013-10-31": "10.55330", "2012-10-31": "11.58710", "2011-10-31": "16.31210", "2010-10-31": "16.43000", "2009-10-31": "7.34280", "2008-10-31": "16.99060", "2007-10-31": "16.90110", "2006-10-31": "13.02220", "2005-10-31": "8.20260"}, "ROI - Return On Investment": {"2020-10-31": "7.12100", "2019-10-31": "8.06450", "2018-10-31": "8.59470", "2017-10-31": "4.54690", "2016-10-31": "12.49190", "2015-10-31": "12.51510", "2014-10-31": "11.17660", "2013-10-31": "12.00120", "2012-10-31": "13.09690", "2011-10-31": "18.44530", "2010-10-31": "19.75430", "2009-10-31": "8.50560", "2008-10-31": "21.69920", "2007-10-31": "21.48460", "2006-10-31": "15.11080", "2005-10-31": "10.18400"}, "Book Value Per Share": {"2020-10-31": "32.47210", "2019-10-31": "31.79240", "2018-10-31": "30.44140", "2017-10-31": "27.56520", "2016-10-31": "16.76220", "2015-10-31": "16.25630", "2014-10-31": "15.28860", "2013-10-31": "15.23760", "2012-10-31": "13.82050", "2011-10-31": "12.73800", "2010-10-31": "10.71380", "2009-10-31": "8.66560", "2008-10-31": "8.31150", "2007-10-31": "7.70430", "2006-10-31": "10.04620", "2005-10-31": "10.06320"}, "Operating Cash Flow Per Share": {"2020-10-31": -0.643, "2019-10-31": -0.4714, "2018-10-31": 3.2204, "2017-10-31": -0.8413, "2016-10-31": 1.27, "2015-10-31": 0.1242, "2014-10-31": -0.1645, "2013-10-31": 0.245, "2012-10-31": -0.2614, "2011-10-31": -0.319, "2010-10-31": 1.7642, "2009-10-31": -0.7765, "2008-10-31": -0.2158, "2007-10-31": 0.7944, "2006-10-31": -0.0799, "2005-10-31": 1.7542}, "Free Cash Flow Per Share": {"2020-10-31": -0.35, "2019-10-31": -0.5302, "2018-10-31": 3.123, "2017-10-31": -1.0156, "2016-10-31": 1.3479, "2015-10-31": 0.1978, "2014-10-31": -0.3321, "2013-10-31": 0.2847, "2012-10-31": -0.2939, "2011-10-31": -0.3534, "2010-10-31": 1.5911, "2009-10-31": -0.4383, "2008-10-31": -0.3189, "2007-10-31": 0.7116, "2006-10-31": -0.201, "2005-10-31": 1.5314}}, "financial ratios, quarterly": {"Current Ratio": {"2020-10-31": "1.84450", "2020-07-31": "1.47250", "2020-04-30": "1.29660", "2020-01-31": "1.07940", "2019-10-31": "1.31580", "2019-07-31": "1.35280", "2019-04-30": "1.52410", "2019-01-31": "2.33560", "2018-10-31": "2.00820", "2018-07-31": "1.58080", "2018-04-30": "1.52720", "2018-01-31": "1.76120", "2017-10-31": "1.47300", "2017-07-31": "1.98770", "2017-04-30": "1.38280", "2017-01-31": "8.91260", "2016-10-31": "6.35410", "2016-07-31": "6.96620", "2016-04-30": "6.76000", "2016-01-31": "7.81700", "2015-10-31": "3.66340", "2015-07-31": "3.92320", "2015-04-30": "3.78740", "2015-01-31": "6.00880", "2014-10-31": "5.37600", "2014-07-31": "2.25880", "2014-04-30": "9.87050", "2014-01-31": "10.53130", "2013-10-31": "9.59210", "2013-07-31": "10.66370", "2013-04-30": "9.74780", "2013-01-31": "9.46630", "2012-10-31": "8.94380", "2012-07-31": "8.96930", "2012-04-30": "8.09660", "2012-01-31": "8.82470", "2011-10-31": "8.35490", "2011-07-31": "7.80020", "2011-04-30": "7.29860", "2011-01-31": "6.14150", "2010-10-31": "5.40660", "2010-07-31": "5.49740", "2010-04-30": "5.45110", "2010-01-31": "6.29320", "2009-10-31": "6.44220", "2009-07-31": "6.66700", "2009-04-30": "5.32040", "2009-01-31": "4.48460", "2008-10-31": "3.67200", "2008-07-31": "3.35310", "2008-04-30": "3.19180", "2008-01-31": "2.95100", "2007-10-31": "3.61070", "2007-07-31": "3.88030", "2007-04-30": "4.90710", "2007-01-31": "5.80790", "2006-10-31": "6.13370", "2006-07-31": "5.86660", "2006-04-30": "5.11360", "2006-01-31": "5.86240", "2005-10-31": "4.55780", "2005-07-31": "6.62760", "2005-04-30": "6.42600", "2005-01-31": "6.45340"}, "Long-term Debt / Capital": {"2020-10-31": "0.30010", "2020-07-31": "0.30400", "2020-04-30": "0.30730", "2020-01-31": "0.28870", "2019-10-31": "0.30720", "2019-07-31": "0.30930", "2019-04-30": "0.32340", "2019-01-31": "0.34990", "2018-10-31": "0.35730", "2018-07-31": "0.37570", "2018-04-30": "0.39550", "2018-01-31": "0.41650", "2017-10-31": "0.42630", "2017-07-31": "0.45240", "2017-04-30": "0.46240", "2017-01-31": "0.41760", "2016-10-31": "0.25110", "2016-07-31": "0.25790", "2016-04-30": "0.26210", "2016-01-31": "0.25740", "2015-10-31": "0.08900", "2015-07-31": "0.08960", "2015-04-30": "0.09120", "2015-01-31": "0.15370", "2014-10-31": "0.15500", "2014-07-31": "0.14840", "2014-04-30": "0.15030", "2014-01-31": "0.15390", "2013-10-31": "0.15540", "2013-07-31": "0.15810", "2013-04-30": "0.14520", "2013-01-31": "0.14940", "2012-10-31": "0.16230", "2012-07-31": "0.17300", "2012-04-30": "0.17770", "2012-01-31": "0.18210", "2011-10-31": "0.18680", "2011-07-31": "0.19070", "2011-04-30": "0.19950", "2011-01-31": "0.13450", "2010-10-31": "0.11130", "2010-07-31": "0.11540", "2010-04-30": "0.11710", "2010-01-31": "0.12130", "2009-10-31": "0.13050", "2009-07-31": "0.13230", "2009-04-30": "", "2009-01-31": "", "2008-10-31": "", "2008-07-31": "", "2008-04-30": "", "2008-01-31": "", "2007-10-31": "", "2007-07-31": "", "2007-04-30": "", "2007-01-31": "", "2006-10-31": "", "2006-07-31": "", "2006-04-30": "", "2006-01-31": "", "2005-10-31": "", "2005-07-31": "", "2005-04-30": "", "2005-01-31": ""}, "Debt/Equity Ratio": {"2020-10-31": "0.42880", "2020-07-31": "0.47490", "2020-04-30": "0.48240", "2020-01-31": "0.47000", "2019-10-31": "0.46900", "2019-07-31": "0.48260", "2019-04-30": "0.50980", "2019-01-31": "0.53810", "2018-10-31": "0.56200", "2018-07-31": "0.60380", "2018-04-30": "0.65960", "2018-01-31": "0.71850", "2017-10-31": "0.77260", "2017-07-31": "0.82630", "2017-04-30": "1.29370", "2017-01-31": "0.71710", "2016-10-31": "0.33530", "2016-07-31": "0.34750", "2016-04-30": "0.35520", "2016-01-31": "0.34650", "2015-10-31": "0.17150", "2015-07-31": "0.17240", "2015-04-30": "0.17590", "2015-01-31": "0.18160", "2014-10-31": "0.18340", "2014-07-31": "0.57280", "2014-04-30": "0.17690", "2014-01-31": "0.18190", "2013-10-31": "0.18400", "2013-07-31": "0.18780", "2013-04-30": "0.16990", "2013-01-31": "0.17570", "2012-10-31": "0.19720", "2012-07-31": "0.21270", "2012-04-30": "0.21970", "2012-01-31": "0.22650", "2011-10-31": "0.23350", "2011-07-31": "0.23960", "2011-04-30": "0.25320", "2011-01-31": "0.15980", "2010-10-31": "0.12520", "2010-07-31": "0.13040", "2010-04-30": "0.13260", "2010-01-31": "0.13800", "2009-10-31": "0.15010", "2009-07-31": "0.15250", "2009-04-30": "", "2009-01-31": "", "2008-10-31": "", "2008-07-31": "", "2008-04-30": "", "2008-01-31": "", "2007-10-31": "", "2007-07-31": "", "2007-04-30": "", "2007-01-31": "", "2006-10-31": "", "2006-07-31": "", "2006-04-30": "", "2006-01-31": "", "2005-10-31": "", "2005-07-31": "", "2005-04-30": "", "2005-01-31": ""}, "Gross Margin": {"2020-10-31": "67.03050", "2020-07-31": "66.79170", "2020-04-30": "64.28520", "2020-01-31": "65.06330", "2019-10-31": "65.28400", "2019-07-31": "67.41320", "2019-04-30": "67.73820", "2019-01-31": "67.46190", "2018-10-31": "68.07800", "2018-07-31": "68.06350", "2018-04-30": "68.58900", "2018-01-31": "68.39640", "2017-10-31": "66.22950", "2017-07-31": "53.46420", "2017-04-30": "55.78860", "2017-01-31": "65.87480", "2016-10-31": "66.42800", "2016-07-31": "65.81140", "2016-04-30": "65.60420", "2016-01-31": "62.03210", "2015-10-31": "65.57490", "2015-07-31": "65.90920", "2015-04-30": "66.35930", "2015-01-31": "65.23520", "2014-10-31": "59.69160", "2014-07-31": "65.44680", "2014-04-30": "66.05030", "2014-01-31": "65.12150", "2013-10-31": "65.60220", "2013-07-31": "64.53280", "2013-04-30": "64.04170", "2013-01-31": "62.73310", "2012-10-31": "63.78490", "2012-07-31": "65.57200", "2012-04-30": "65.24350", "2012-01-31": "63.17180", "2011-10-31": "64.30560", "2011-07-31": "67.24350", "2011-04-30": "67.55530", "2011-01-31": "66.18670", "2010-10-31": "67.04360", "2010-07-31": "66.66790", "2010-04-30": "65.02380", "2010-01-31": "61.10890", "2009-10-31": "56.30760", "2009-07-31": "54.11260", "2009-04-30": "55.09280", "2009-01-31": "56.44560", "2008-10-31": "61.09570", "2008-07-31": "60.97160", "2008-04-30": "60.98820", "2008-01-31": "61.21480", "2007-10-31": "59.96260", "2007-07-31": "60.49130", "2007-04-30": "60.45830", "2007-01-31": "63.81710", "2006-10-31": "81.56260", "2006-07-31": "58.78160", "2006-04-30": "59.12220", "2006-01-31": "58.06950", "2005-10-31": "70.94120", "2005-07-31": "58.07500", "2005-04-30": "57.37690", "2005-01-31": "57.79630"}, "Operating Margin": {"2020-10-31": "30.24790", "2020-07-31": "28.78330", "2020-04-30": "26.12030", "2020-01-31": "20.97540", "2019-10-31": "23.44490", "2019-07-31": "30.18130", "2019-04-30": "30.76740", "2019-01-31": "29.57790", "2018-10-31": "30.35180", "2018-07-31": "31.37950", "2018-04-30": "32.14290", "2018-01-31": "28.19900", "2017-10-31": "33.08510", "2017-07-31": "13.58680", "2017-04-30": "12.70360", "2017-01-31": "27.04740", "2016-10-31": "35.56920", "2016-07-31": "30.90040", "2016-04-30": "26.62920", "2016-01-31": "25.34930", "2015-10-31": "11.09920", "2015-07-31": "30.72500", "2015-04-30": "30.32910", "2015-01-31": "26.93500", "2014-10-31": "18.41320", "2014-07-31": "27.83170", "2014-04-30": "31.73340", "2014-01-31": "28.58930", "2013-10-31": "29.47240", "2013-07-31": "30.90340", "2013-04-30": "29.03030", "2013-01-31": "24.67140", "2012-10-31": "30.97700", "2012-07-31": "31.10730", "2012-04-30": "31.54020", "2012-01-31": "28.29560", "2011-10-31": "32.85580", "2011-07-31": "36.79120", "2011-04-30": "37.74580", "2011-01-31": "35.60800", "2010-10-31": "37.10960", "2010-07-31": "34.86720", "2010-04-30": "32.03560", "2010-01-31": "24.72940", "2009-10-31": "22.45840", "2009-07-31": "16.04600", "2009-04-30": "12.19780", "2009-01-31": "4.11080", "2008-10-31": "24.32840", "2008-07-31": "24.46030", "2008-04-30": "24.20690", "2008-01-31": "23.76790", "2007-10-31": "19.18280", "2007-07-31": "23.56430", "2007-04-30": "22.46190", "2007-01-31": "27.05100", "2006-10-31": "29.17240", "2006-07-31": "22.43410", "2006-04-30": "23.51260", "2006-01-31": "21.27870", "2005-10-31": "23.18520", "2005-07-31": "23.11300", "2005-04-30": "22.18620", "2005-01-31": "21.47210"}, "EBIT Margin": {"2020-10-31": "30.24790", "2020-07-31": "28.78330", "2020-04-30": "26.12030", "2020-01-31": "20.97540", "2019-10-31": "23.44490", "2019-07-31": "30.18130", "2019-04-30": "30.76740", "2019-01-31": "29.57790", "2018-10-31": "30.35180", "2018-07-31": "31.37950", "2018-04-30": "32.14290", "2018-01-31": "28.19900", "2017-10-31": "33.08510", "2017-07-31": "13.58680", "2017-04-30": "12.70360", "2017-01-31": "27.04740", "2016-10-31": "35.56920", "2016-07-31": "30.90040", "2016-04-30": "26.62920", "2016-01-31": "25.34930", "2015-10-31": "11.09920", "2015-07-31": "30.72500", "2015-04-30": "30.32910", "2015-01-31": "26.93500", "2014-10-31": "18.41320", "2014-07-31": "27.83170", "2014-04-30": "31.73340", "2014-01-31": "28.58930", "2013-10-31": "29.47240", "2013-07-31": "30.90340", "2013-04-30": "29.03030", "2013-01-31": "24.67140", "2012-10-31": "30.97700", "2012-07-31": "31.10730", "2012-04-30": "31.54020", "2012-01-31": "28.29560", "2011-10-31": "32.85590", "2011-07-31": "36.79120", "2011-04-30": "37.74580", "2011-01-31": "35.60800", "2010-10-31": "37.10960", "2010-07-31": "34.86720", "2010-04-30": "32.03560", "2010-01-31": "24.72940", "2009-10-31": "22.45840", "2009-07-31": "16.04600", "2009-04-30": "12.19780", "2009-01-31": "4.11080", "2008-10-31": "24.32840", "2008-07-31": "24.46030", "2008-04-30": "24.20690", "2008-01-31": "23.76790", "2007-10-31": "19.18280", "2007-07-31": "23.56430", "2007-04-30": "22.46190", "2007-01-31": "27.05100", "2006-10-31": "29.17240", "2006-07-31": "22.43410", "2006-04-30": "23.51260", "2006-01-31": "21.27870", "2005-10-31": "23.18520", "2005-07-31": "23.11300", "2005-04-30": "22.18620", "2005-01-31": "21.47210"}, "EBITDA Margin": {"2020-10-31": "", "2020-07-31": "", "2020-04-30": "", "2020-01-31": "", "2019-10-31": "", "2019-07-31": "", "2019-04-30": "", "2019-01-31": "", "2018-10-31": "", "2018-07-31": "", "2018-04-30": "", "2018-01-31": "", "2017-10-31": "", "2017-07-31": "", "2017-04-30": "", "2017-01-31": "", "2016-10-31": "", "2016-07-31": "", "2016-04-30": "", "2016-01-31": "", "2015-10-31": "", "2015-07-31": "", "2015-04-30": "", "2015-01-31": "", "2014-10-31": "", "2014-07-31": "", "2014-04-30": "", "2014-01-31": "", "2013-10-31": "", "2013-07-31": "", "2013-04-30": "", "2013-01-31": "", "2012-10-31": "", "2012-07-31": "", "2012-04-30": "", "2012-01-31": "", "2011-10-31": "", "2011-07-31": "", "2011-04-30": "", "2011-01-31": "", "2010-10-31": "", "2010-07-31": "", "2010-04-30": "", "2010-01-31": "", "2009-10-31": "", "2009-07-31": "", "2009-04-30": "", "2009-01-31": "", "2008-10-31": "", "2008-07-31": "", "2008-04-30": "", "2008-01-31": "", "2007-10-31": "", "2007-07-31": "", "2007-04-30": "", "2007-01-31": "", "2006-10-31": "", "2006-07-31": "", "2006-04-30": "", "2006-01-31": "", "2005-10-31": "", "2005-07-31": "", "2005-04-30": "", "2005-01-31": ""}, "Pre-Tax Profit Margin": {"2020-10-31": "27.34140", "2020-07-31": "25.61770", "2020-04-30": "22.40300", "2020-01-31": "17.35370", "2019-10-31": "19.94340", "2019-07-31": "26.31900", "2019-04-30": "26.75200", "2019-01-31": "25.95200", "2018-10-31": "26.64730", "2018-07-31": "27.62860", "2018-04-30": "28.15000", "2018-01-31": "23.95520", "2017-10-31": "29.04290", "2017-07-31": "8.84290", "2017-04-30": "7.55360", "2017-01-31": "23.69950", "2016-10-31": "32.22670", "2016-07-31": "29.48510", "2016-04-30": "25.02810", "2016-01-31": "23.67690", "2015-10-31": "10.69530", "2015-07-31": "30.05430", "2015-04-30": "29.86400", "2015-01-31": "26.00700", "2014-10-31": "17.03390", "2014-07-31": "27.12300", "2014-04-30": "31.29690", "2014-01-31": "27.99750", "2013-10-31": "41.66030", "2013-07-31": "28.93050", "2013-04-30": "28.46580", "2013-01-31": "24.12810", "2012-10-31": "30.58060", "2012-07-31": "30.66780", "2012-04-30": "31.32220", "2012-01-31": "27.78860", "2011-10-31": "32.25650", "2011-07-31": "36.26740", "2011-04-30": "37.52700", "2011-01-31": "35.52760", "2010-10-31": "37.41050", "2010-07-31": "34.89160", "2010-04-30": "32.02740", "2010-01-31": "24.58890", "2009-10-31": "22.25790", "2009-07-31": "16.26600", "2009-04-30": "13.10860", "2009-01-31": "5.86650", "2008-10-31": "25.93710", "2008-07-31": "25.60460", "2008-04-30": "25.83240", "2008-01-31": "25.78000", "2007-10-31": "21.25020", "2007-07-31": "26.22840", "2007-04-30": "27.66570", "2007-01-31": "32.20890", "2006-10-31": "36.79690", "2006-07-31": "26.39350", "2006-04-30": "29.60460", "2006-01-31": "24.59300", "2005-10-31": "29.13160", "2005-07-31": "26.38600", "2005-04-30": "24.96360", "2005-01-31": "23.88070"}, "Net Profit Margin": {"2020-10-31": "25.32450", "2020-07-31": "24.90600", "2020-04-30": "20.32530", "2020-01-31": "15.63970", "2019-10-31": "19.01760", "2019-07-31": "24.48240", "2019-04-30": "24.10170", "2019-01-31": "23.03590", "2018-10-31": "25.97090", "2018-07-31": "26.22000", "2018-04-30": "25.60460", "2018-01-31": "18.71500", "2017-10-31": "25.34310", "2017-07-31": "4.80620", "2017-04-30": "8.15030", "2017-01-31": "22.05590", "2016-10-31": "29.50880", "2016-07-31": "26.49870", "2016-04-30": "21.90300", "2016-01-31": "21.38000", "2015-10-31": "9.83990", "2015-07-31": "25.07380", "2015-04-30": "25.01010", "2015-01-31": "23.15550", "2014-10-31": "13.34910", "2014-07-31": "24.81700", "2014-04-30": "26.98680", "2014-01-31": "24.28790", "2013-10-31": "29.72190", "2013-07-31": "26.14160", "2013-04-30": "24.94840", "2013-01-31": "21.09220", "2012-10-31": "25.78360", "2012-07-31": "24.85530", "2012-04-30": "24.12980", "2012-01-31": "21.50760", "2011-10-31": "25.62750", "2011-07-31": "29.01890", "2011-04-30": "30.58070", "2011-01-31": "30.48800", "2010-10-31": "29.22040", "2010-07-31": "27.69590", "2010-04-30": "25.01200", "2010-01-31": "19.97720", "2009-10-31": "18.47600", "2009-07-31": "13.30510", "2009-04-30": "10.90140", "2009-01-31": "5.23510", "2008-10-31": "21.77570", "2008-07-31": "21.03350", "2008-04-30": "20.49560", "2008-01-31": "60.38660", "2007-10-31": "15.69890", "2007-07-31": "19.50580", "2007-04-30": "20.98070", "2007-01-31": "24.46680", "2006-10-31": "43.08550", "2006-07-31": "21.80110", "2006-04-30": "22.64750", "2006-01-31": "19.40390", "2005-10-31": "18.56480", "2005-07-31": "20.84490", "2005-04-30": "19.47890", "2005-01-31": "18.50760"}, "Asset Turnover": {"2020-10-31": "0.07110", "2020-07-31": "0.06740", "2020-04-30": "0.06170", "2020-01-31": "0.06100", "2019-10-31": "0.06750", "2019-07-31": "0.06860", "2019-04-30": "0.07010", "2019-01-31": "0.07060", "2018-10-31": "0.07520", "2018-07-31": "0.07580", "2018-04-30": "0.07530", "2018-01-31": "0.07510", "2017-10-31": "0.07950", "2017-07-31": "0.06790", "2017-04-30": "0.04310", "2017-01-31": "0.09650", "2016-10-31": "0.12590", "2016-07-31": "0.11320", "2016-04-30": "0.10290", "2016-01-31": "0.10130", "2015-10-31": "0.13870", "2015-07-31": "0.12100", "2015-04-30": "0.11650", "2015-01-31": "0.11320", "2014-10-31": "0.11870", "2014-07-31": "0.08110", "2014-04-30": "0.10530", "2014-01-31": "0.09820", "2013-10-31": "0.10630", "2013-07-31": "0.10980", "2013-04-30": "0.11290", "2013-01-31": "0.10880", "2012-10-31": "0.12370", "2012-07-31": "0.12520", "2012-04-30": "0.12470", "2012-01-31": "0.12280", "2011-10-31": "0.13570", "2011-07-31": "0.14430", "2011-04-30": "0.15320", "2011-01-31": "0.15850", "2010-10-31": "0.17790", "2010-07-31": "0.17550", "2010-04-30": "0.17010", "2010-01-31": "0.16300", "2009-10-31": "0.16960", "2009-07-31": "0.15000", "2009-04-30": "0.16510", "2009-01-31": "0.16330", "2008-10-31": "0.21370", "2008-07-31": "0.21310", "2008-04-30": "0.21530", "2008-01-31": "0.19580", "2007-10-31": "0.20990", "2007-07-31": "0.19500", "2007-04-30": "0.16210", "2007-01-31": "0.16380", "2006-10-31": "0.08060", "2006-07-31": "0.15460", "2006-04-30": "0.14620", "2006-01-31": "0.14200", "2005-10-31": "0.08030", "2005-07-31": "0.12410", "2005-04-30": "0.13170", "2005-01-31": "0.12590"}, "Inventory Turnover Ratio": {"2020-10-31": "0.82730", "2020-07-31": "0.78930", "2020-04-30": "0.79690", "2020-01-31": "0.77390", "2019-10-31": "0.82150", "2019-07-31": "0.75560", "2019-04-30": "0.80990", "2019-01-31": "0.84530", "2018-10-31": "0.83570", "2018-07-31": "0.88290", "2018-04-30": "0.89100", "2018-01-31": "0.88470", "2017-10-31": "1.03000", "2017-07-31": "1.28400", "2017-04-30": "0.78340", "2017-01-31": "0.91890", "2016-10-31": "0.89480", "2016-07-31": "0.75780", "2016-04-30": "0.67060", "2016-01-31": "0.72160", "2015-10-31": "0.81720", "2015-07-31": "0.69340", "2015-04-30": "0.70010", "2015-01-31": "0.73080", "2014-10-31": "0.89210", "2014-07-31": "0.60580", "2014-04-30": "0.79010", "2014-01-31": "0.75580", "2013-10-31": "0.82330", "2013-07-31": "0.84090", "2013-04-30": "0.79290", "2013-01-31": "0.75460", "2012-10-31": "0.80220", "2012-07-31": "0.75350", "2012-04-30": "0.77250", "2012-01-31": "0.80320", "2011-10-31": "0.86630", "2011-07-31": "0.82940", "2011-04-30": "0.87330", "2011-01-31": "0.87050", "2010-10-31": "0.91450", "2010-07-31": "0.90510", "2010-04-30": "0.94370", "2010-01-31": "0.96400", "2009-10-31": "0.98650", "2009-07-31": "0.81780", "2009-04-30": "0.69940", "2009-01-31": "0.64670", "2008-10-31": "0.81700", "2008-07-31": "0.83000", "2008-04-30": "0.79310", "2008-01-31": "0.72110", "2007-10-31": "0.76960", "2007-07-31": "0.65620", "2007-04-30": "0.61820", "2007-01-31": "0.58740", "2006-10-31": "0.16320", "2006-07-31": "0.72480", "2006-04-30": "0.73230", "2006-01-31": "0.77110", "2005-10-31": "0.32850", "2005-07-31": "0.71050", "2005-04-30": "0.73850", "2005-01-31": "0.69350"}, "Receiveable Turnover": {"2020-10-31": "2.06950", "2020-07-31": "2.13590", "2020-04-30": "2.23900", "2020-01-31": "2.23070", "2019-10-31": "2.27230", "2019-07-31": "2.14520", "2019-04-30": "2.22540", "2019-01-31": "2.15920", "2018-10-31": "2.40130", "2018-07-31": "2.19230", "2018-04-30": "2.05840", "2018-01-31": "2.20760", "2017-10-31": "2.43850", "2017-07-31": "2.07050", "2017-04-30": "1.82120", "2017-01-31": "2.08340", "2016-10-31": "2.10130", "2016-07-31": "1.91990", "2016-04-30": "1.95190", "2016-01-31": "2.05130", "2015-10-31": "2.09790", "2015-07-31": "1.91220", "2015-04-30": "2.00980", "2015-01-31": "1.91870", "2014-10-31": "2.05300", "2014-07-31": "1.84350", "2014-04-30": "1.92470", "2014-01-31": "1.91080", "2013-10-31": "2.08560", "2013-07-31": "1.95170", "2013-04-30": "1.97430", "2013-01-31": "1.88770", "2012-10-31": "2.04470", "2012-07-31": "1.97520", "2012-04-30": "2.04400", "2012-01-31": "2.14590", "2011-10-31": "2.05540", "2011-07-31": "2.02100", "2011-04-30": "1.90740", "2011-01-31": "1.89580", "2010-10-31": "1.98880", "2010-07-31": "2.01490", "2010-04-30": "2.01180", "2010-01-31": "1.92470", "2009-10-31": "1.89880", "2009-07-31": "2.01620", "2009-04-30": "2.07750", "2009-01-31": "2.02490", "2008-10-31": "2.09550", "2008-07-31": "2.01860", "2008-04-30": "1.95410", "2008-01-31": "1.80520", "2007-10-31": "1.92580", "2007-07-31": "1.75970", "2007-04-30": "1.79900", "2007-01-31": "1.81640", "2006-10-31": "1.05070", "2006-07-31": "1.84470", "2006-04-30": "1.79910", "2006-01-31": "1.95540", "2005-10-31": "1.14850", "2005-07-31": "1.96710", "2005-04-30": "1.88450", "2005-01-31": "1.79160"}, "Days Sales In Receivables": {"2020-10-31": "43.48980", "2020-07-31": "42.13590", "2020-04-30": "40.19710", "2020-01-31": "40.34550", "2019-10-31": "39.60750", "2019-07-31": "41.95400", "2019-04-30": "40.44150", "2019-01-31": "41.68170", "2018-10-31": "37.48030", "2018-07-31": "41.05260", "2018-04-30": "43.72250", "2018-01-31": "40.76820", "2017-10-31": "36.90770", "2017-07-31": "43.46860", "2017-04-30": "49.41870", "2017-01-31": "43.19780", "2016-10-31": "42.82970", "2016-07-31": "46.87830", "2016-04-30": "46.10900", "2016-01-31": "43.87390", "2015-10-31": "42.90030", "2015-07-31": "47.06700", "2015-04-30": "44.78080", "2015-01-31": "46.90690", "2014-10-31": "43.83740", "2014-07-31": "48.81960", "2014-04-30": "46.75960", "2014-01-31": "47.10130", "2013-10-31": "43.15220", "2013-07-31": "46.11480", "2013-04-30": "45.58690", "2013-01-31": "47.67790", "2012-10-31": "44.01560", "2012-07-31": "45.56420", "2012-04-30": "44.03150", "2012-01-31": "41.94060", "2011-10-31": "43.78710", "2011-07-31": "44.53210", "2011-04-30": "47.18390", "2011-01-31": "47.47380", "2010-10-31": "45.25410", "2010-07-31": "44.66690", "2010-04-30": "44.73560", "2010-01-31": "46.76070", "2009-10-31": "47.39900", "2009-07-31": "44.63950", "2009-04-30": "43.32150", "2009-01-31": "44.44620", "2008-10-31": "42.94880", "2008-07-31": "44.58520", "2008-04-30": "46.05590", "2008-01-31": "49.85630", "2007-10-31": "46.73290", "2007-07-31": "51.14440", "2007-04-30": "50.02730", "2007-01-31": "49.54850", "2006-10-31": "85.65640", "2006-07-31": "48.78950", "2006-04-30": "50.02420", "2006-01-31": "46.02540", "2005-10-31": "78.36280", "2005-07-31": "45.75290", "2005-04-30": "47.75830", "2005-01-31": "50.23460"}, "ROE - Return On Equity": {"2020-10-31": "3.22160", "2020-07-31": "3.07930", "2020-04-30": "2.30950", "2020-01-31": "1.74410", "2019-10-31": "2.37160", "2019-07-31": "3.07350", "2019-04-30": "3.13340", "2019-01-31": "3.06420", "2018-10-31": "3.59290", "2018-07-31": "3.76330", "2018-04-30": "3.78190", "2018-01-31": "2.83380", "2017-10-31": "4.19000", "2017-07-31": "0.69450", "2017-04-30": "0.93880", "2017-01-31": "4.09180", "2016-10-31": "5.73320", "2016-07-31": "4.62400", "2016-04-30": "3.49990", "2016-01-31": "3.29350", "2015-10-31": "1.89840", "2015-07-31": "4.27390", "2015-04-30": "4.13640", "2015-01-31": "3.71930", "2014-10-31": "2.28450", "2014-07-31": "3.60690", "2014-04-30": "3.80070", "2014-01-31": "3.18180", "2013-10-31": "4.25260", "2013-07-31": "3.79560", "2013-04-30": "3.68720", "2013-01-31": "3.03490", "2012-10-31": "4.30180", "2012-07-31": "4.21410", "2012-04-30": "4.15010", "2012-01-31": "3.62740", "2011-10-31": "4.83550", "2011-07-31": "5.91900", "2011-04-30": "6.75110", "2011-01-31": "6.40840", "2010-10-31": "7.03170", "2010-07-31": "6.57420", "2010-04-30": "5.78290", "2010-01-31": "4.32680", "2009-10-31": "4.17570", "2009-07-31": "2.66270", "2009-04-30": "2.13840", "2009-01-31": "1.02350", "2008-10-31": "5.95980", "2008-07-31": "5.40480", "2008-04-30": "5.63800", "2008-01-31": "5.20880", "2007-10-31": "4.05140", "2007-07-31": "4.94390", "2007-04-30": "4.09810", "2007-01-31": "4.79740", "2006-10-31": "3.14660", "2006-07-31": "3.96680", "2006-04-30": "4.00280", "2006-01-31": "3.24980", "2005-10-31": "0.79910", "2005-07-31": "3.16590", "2005-04-30": "3.16480", "2005-01-31": "2.87710"}, "Return On Tangible Equity": {"2020-10-31": "-9.83340", "2020-07-31": "-8.44750", "2020-04-30": "-5.83000", "2020-01-31": "-4.39320", "2019-10-31": "-5.82790", "2019-07-31": "-7.54310", "2019-04-30": "-7.36270", "2019-01-31": "-6.69800", "2018-10-31": "-7.02550", "2018-07-31": "-6.46590", "2018-04-30": "-5.94040", "2018-01-31": "-4.15430", "2017-10-31": "-5.77290", "2017-07-31": "-0.88810", "2017-04-30": "-1.18570", "2017-01-31": "7.00530", "2016-10-31": "10.08320", "2016-07-31": "8.18500", "2016-04-30": "6.35010", "2016-01-31": "5.87770", "2015-10-31": "3.37570", "2015-07-31": "7.66860", "2015-04-30": "7.60700", "2015-01-31": "7.09910", "2014-10-31": "4.44730", "2014-07-31": "6.74040", "2014-04-30": "4.06070", "2014-01-31": "3.40290", "2013-10-31": "4.55290", "2013-07-31": "4.06640", "2013-04-30": "3.96410", "2013-01-31": "3.27180", "2012-10-31": "4.65090", "2012-07-31": "4.56310", "2012-04-30": "4.50490", "2012-01-31": "3.91950", "2011-10-31": "5.23150", "2011-07-31": "6.42640", "2011-04-30": "7.28230", "2011-01-31": "6.93880", "2010-10-31": "7.64560", "2010-07-31": "7.17140", "2010-04-30": "6.35000", "2010-01-31": "4.77220", "2009-10-31": "4.64950", "2009-07-31": "2.97250", "2009-04-30": "2.38670", "2009-01-31": "1.13960", "2008-10-31": "6.63860", "2008-07-31": "6.11480", "2008-04-30": "6.40910", "2008-01-31": "5.92750", "2007-10-31": "4.65630", "2007-07-31": "5.63430", "2007-04-30": "4.55970", "2007-01-31": "5.28850", "2006-10-31": "3.43420", "2006-07-31": "4.17380", "2006-04-30": "4.19490", "2006-01-31": "3.40320", "2005-10-31": "0.83710", "2005-07-31": "3.31040", "2005-04-30": "3.31470", "2005-01-31": "3.01320"}, "ROA - Return On Assets": {"2020-10-31": "1.80040", "2020-07-31": "1.67900", "2020-04-30": "1.25380", "2020-01-31": "0.95370", "2019-10-31": "1.29810", "2019-07-31": "1.68030", "2019-04-30": "1.68960", "2019-01-31": "1.62640", "2018-10-31": "1.98090", "2018-07-31": "1.98820", "2018-04-30": "1.92680", "2018-01-31": "1.40620", "2017-10-31": "2.01390", "2017-07-31": "0.32640", "2017-04-30": "0.35140", "2017-01-31": "2.12800", "2016-10-31": "3.71580", "2016-07-31": "2.99840", "2016-04-30": "2.25320", "2016-01-31": "2.16510", "2015-10-31": "1.36430", "2015-07-31": "3.03420", "2015-04-30": "2.91320", "2015-01-31": "2.62060", "2014-10-31": "1.58450", "2014-07-31": "2.01270", "2014-04-30": "2.84210", "2014-01-31": "2.38440", "2013-10-31": "3.15830", "2013-07-31": "2.87100", "2013-04-30": "2.81580", "2013-01-31": "2.29540", "2012-10-31": "3.18820", "2012-07-31": "3.11120", "2012-04-30": "3.00970", "2012-01-31": "2.64090", "2011-10-31": "3.47740", "2011-07-31": "4.18810", "2011-04-30": "4.68620", "2011-01-31": "4.69020", "2010-10-31": "5.19760", "2010-07-31": "4.86080", "2010-04-30": "4.25500", "2010-01-31": "3.23400", "2009-10-31": "3.13440", "2009-07-31": "1.99560", "2009-04-30": "1.79990", "2009-01-31": "0.84220", "2008-10-31": "4.66650", "2008-07-31": "4.17820", "2008-04-30": "4.30650", "2008-01-31": "3.88680", "2007-10-31": "3.18710", "2007-07-31": "3.96060", "2007-04-30": "3.40630", "2007-01-31": "4.09150", "2006-10-31": "2.71170", "2006-07-31": "3.37080", "2006-04-30": "3.31160", "2006-01-31": "2.75610", "2005-10-31": "0.64360", "2005-07-31": "2.58770", "2005-04-30": "2.56470", "2005-01-31": "2.32960"}, "ROI - Return On Investment": {"2020-10-31": "2.25470", "2020-07-31": "2.14330", "2020-04-30": "1.59980", "2020-01-31": "1.24050", "2019-10-31": "1.64300", "2019-07-31": "2.12300", "2019-04-30": "2.12010", "2019-01-31": "1.99220", "2018-10-31": "2.30900", "2018-07-31": "2.34950", "2018-04-30": "2.28600", "2018-01-31": "1.65370", "2017-10-31": "2.40380", "2017-07-31": "0.38030", "2017-04-30": "0.50470", "2017-01-31": "2.38290", "2016-10-31": "4.29350", "2016-07-31": "3.43150", "2016-04-30": "2.58250", "2016-01-31": "2.44590", "2015-10-31": "1.72950", "2015-07-31": "3.89100", "2015-04-30": "3.75900", "2015-01-31": "3.14760", "2014-10-31": "1.93040", "2014-07-31": "3.07160", "2014-04-30": "3.22940", "2014-01-31": "2.69210", "2013-10-31": "3.59160", "2013-07-31": "3.19540", "2013-04-30": "3.15170", "2013-01-31": "2.58130", "2012-10-31": "3.60360", "2012-07-31": "3.48520", "2012-04-30": "3.41280", "2012-01-31": "2.96680", "2011-10-31": "3.93220", "2011-07-31": "4.79010", "2011-04-30": "5.40460", "2011-01-31": "5.54620", "2010-10-31": "6.24920", "2010-07-31": "5.81570", "2010-04-30": "5.10580", "2010-01-31": "3.80220", "2009-10-31": "3.63070", "2009-07-31": "2.31040", "2009-04-30": "2.13840", "2009-01-31": "1.02350", "2008-10-31": "5.95980", "2008-07-31": "5.40480", "2008-04-30": "5.63800", "2008-01-31": "5.20880", "2007-10-31": "4.05140", "2007-07-31": "4.94390", "2007-04-30": "4.09810", "2007-01-31": "4.79740", "2006-10-31": "3.14660", "2006-07-31": "3.96680", "2006-04-30": "4.00280", "2006-01-31": "3.24980", "2005-10-31": "0.79910", "2005-07-31": "3.16590", "2005-04-30": "3.16480", "2005-01-31": "2.87710"}, "Book Value Per Share": {"2020-10-31": "32.47210", "2020-07-31": "31.90320", "2020-04-30": "31.46060", "2020-01-31": "31.74600", "2019-10-31": "31.79240", "2019-07-31": "31.91670", "2019-04-30": "31.75640", "2019-01-31": "31.45530", "2018-10-31": "30.44140", "2018-07-31": "29.20930", "2018-04-30": "28.53990", "2018-01-31": "27.98180", "2017-10-31": "27.56520", "2017-07-31": "26.98880", "2017-04-30": "27.15610", "2017-01-31": "17.16140", "2016-10-31": "16.76220", "2016-07-31": "16.20730", "2016-04-30": "15.85720", "2016-01-31": "16.11150", "2015-10-31": "16.25630", "2015-07-31": "16.14780", "2015-04-30": "15.83270", "2015-01-31": "15.42300", "2014-10-31": "15.28860", "2014-07-31": "15.93570", "2014-04-30": "15.69820", "2014-01-31": "15.34470", "2013-10-31": "15.23760", "2013-07-31": "14.94480", "2013-04-30": "14.47470", "2013-01-31": "14.13080", "2012-10-31": "13.82050", "2012-07-31": "13.47780", "2012-04-30": "13.15670", "2012-01-31": "12.90140", "2011-10-31": "12.73800", "2011-07-31": "12.40900", "2011-04-30": "11.95460", "2011-01-31": "11.22940", "2010-10-31": "10.71380", "2010-07-31": "10.17980", "2010-04-30": "9.69940", "2010-01-31": "9.28530", "2009-10-31": "8.66560", "2009-07-31": "8.43210", "2009-04-30": "8.30990", "2009-01-31": "8.24800", "2008-10-31": "8.31150", "2008-07-31": "8.23000", "2008-04-30": "7.94110", "2008-01-31": "7.95840", "2007-10-31": "7.70430", "2007-07-31": "8.15140", "2007-04-30": "9.36820", "2007-01-31": "9.77230", "2006-10-31": "10.04620", "2006-07-31": "10.33700", "2006-04-30": "10.08680", "2006-01-31": "10.13170", "2005-10-31": "10.06320", "2005-07-31": "10.29720", "2005-04-30": "10.04280", "2005-01-31": "10.02500"}, "Operating Cash Flow Per Share": {"2020-10-31": 1.8085, "2020-07-31": 1.4939, "2020-04-30": 1.158, "2020-01-31": "0.93920", "2019-10-31": 1.7668, "2019-07-31": 1.4831, "2019-04-30": 1.7947, "2019-01-31": "0.99800", "2018-10-31": 1.9162, "2018-07-31": 1.6436, "2018-04-30": 1.9155, "2018-01-31": "1.03870", "2017-10-31": 1.9413, "2017-07-31": -1.1413, "2017-04-30": 1.4632, "2017-01-31": "1.03040", "2016-10-31": 1.5785, "2016-07-31": 0.8273, "2016-04-30": 1.0312, "2016-01-31": "0.69790", "2015-10-31": 0.6341, "2015-07-31": 0.6137, "2015-04-30": 1.0829, "2015-01-31": "0.53420", "2014-10-31": 0.8298, "2014-07-31": 0.6673, "2014-04-30": 0.7484, "2014-01-31": "0.49520", "2013-10-31": 0.9066, "2013-07-31": 0.6897, "2013-04-30": 0.7998, "2013-01-31": "0.50910", "2012-10-31": 0.7657, "2012-07-31": 0.4536, "2012-04-30": 0.7378, "2012-01-31": "0.70310", "2011-10-31": 0.7503, "2011-07-31": 0.8361, "2011-04-30": 0.6334, "2011-01-31": "0.70180", "2010-10-31": 0.8991, "2010-07-31": 0.7325, "2010-04-30": 0.9075, "2010-01-31": "0.70150", "2009-10-31": 0.557, "2009-07-31": 0.4547, "2009-04-30": 0.259, "2009-01-31": "0.20570", "2008-10-31": 0.4661, "2008-07-31": 0.6663, "2008-04-30": 0.5374, "2008-01-31": "0.58310", "2007-10-31": 0.5211, "2007-07-31": 0.629, "2007-04-30": 0.7225, "2007-01-31": "0.59610", "2006-10-31": 0.4448, "2006-07-31": 0.22, "2006-04-30": 0.5487, "2006-01-31": "0.46080", "2005-10-31": 0.5203, "2005-07-31": 0.47, "2005-04-30": 0.4628, "2005-01-31": "0.30110"}, "Free Cash Flow Per Share": {"2020-10-31": 1.7281, "2020-07-31": 1.4385, "2020-04-30": 0.9956, "2020-01-31": "0.79190", "2019-10-31": 1.6295, "2019-07-31": 1.327, "2019-04-30": 1.5939, "2019-01-31": "0.75370", "2018-10-31": 1.6859, "2018-07-31": 1.5067, "2018-04-30": 1.7719, "2018-01-31": "0.86980", "2017-10-31": 1.7332, "2017-07-31": -1.2977, "2017-04-30": 1.3359, "2017-01-31": "0.93990", "2016-10-31": 1.448, "2016-07-31": 0.7056, "2016-04-30": 0.9488, "2016-01-31": "0.62450", "2015-10-31": 0.4881, "2015-07-31": 0.5041, "2015-04-30": 0.9278, "2015-01-31": "0.45900", "2014-10-31": 0.6921, "2014-07-31": 0.5351, "2014-04-30": 0.6102, "2014-01-31": "0.34380", "2013-10-31": 0.751, "2013-07-31": 0.5953, "2013-04-30": 0.7168, "2013-01-31": "0.45020", "2012-10-31": 0.6441, "2012-07-31": 0.3248, "2012-04-30": 0.6394, "2012-01-31": "0.62030", "2011-10-31": 0.6643, "2011-07-31": 0.7158, "2011-04-30": 0.5233, "2011-01-31": "0.61910", "2010-10-31": 0.7754, "2010-07-31": 0.6048, "2010-04-30": 0.8506, "2010-01-31": "0.64510", "2009-10-31": 0.5008, "2009-07-31": 0.4365, "2009-04-30": 0.2181, "2009-01-31": "0.12940", "2008-10-31": 0.3093, "2008-07-31": 0.5325, "2008-04-30": 0.43, "2008-01-31": "0.45130", "2007-10-31": 0.4263, "2007-07-31": 0.5255, "2007-04-30": 0.6022, "2007-01-31": "0.48800", "2006-10-31": 0.3378, "2006-07-31": 0.1136, "2006-04-30": 0.4717, "2006-01-31": "0.40730", "2005-10-31": 0.4658, "2005-07-31": 0.4207, "2005-04-30": 0.4053, "2005-01-31": "0.23960"}}, "revenue": {"Analog Devices Annual Revenue (Millions of US $)": {"2020": "$5,603", "2019": "$5,991", "2018": "$6,225", "2017": "$5,246", "2016": "$3,421", "2015": "$3,435", "2014": "$2,865", "2013": "$2,634", "2012": "$2,701", "2011": "$2,993", "2010": "$2,762", "2009": "$2,015", "2008": "$2,583", "2007": "$2,465", "2006": "$2,250", "2005": "$2,135"}, "Analog Devices Quarterly Revenue (Millions of US $)": {"2020-10-31": "$1,526", "2020-07-31": "$1,456", "2020-04-30": "$1,317", "2020-01-31": "$1,304", "2019-10-31": "$1,443", "2019-07-31": "$1,480", "2019-04-30": "$1,527", "2019-01-31": "$1,541", "2018-10-31": "$1,536", "2018-07-31": "$1,558", "2018-04-30": "$1,564", "2018-01-31": "$1,567", "2017-10-31": "$1,680", "2017-07-31": "$1,434", "2017-04-30": "$1,148", "2017-01-31": "$984", "2016-10-31": "$1,004", "2016-07-31": "$870", "2016-04-30": "$779", "2016-01-31": "$769", "2015-10-31": "$979", "2015-07-31": "$863", "2015-04-30": "$821", "2015-01-31": "$772", "2014-10-31": "$814", "2014-07-31": "$728", "2014-04-30": "$695", "2014-01-31": "$628", "2013-10-31": "$678", "2013-07-31": "$674", "2013-04-30": "$659", "2013-01-31": "$622", "2012-10-31": "$695", "2012-07-31": "$683", "2012-04-30": "$675", "2012-01-31": "$648", "2011-10-31": "$716", "2011-07-31": "$758", "2011-04-30": "$791", "2011-01-31": "$729", "2010-10-31": "$770", "2010-07-31": "$720", "2010-04-30": "$668", "2010-01-31": "$603", "2009-10-31": "$572", "2009-07-31": "$492", "2009-04-30": "$475", "2009-01-31": "$477", "2008-10-31": "$661", "2008-07-31": "$659", "2008-04-30": "$649", "2008-01-31": "$614", "2007-10-31": "$624", "2007-07-31": "$617", "2007-04-30": "$597", "2007-01-31": "$626", "2006-10-31": "$321", "2006-07-31": "$664", "2006-04-30": "$644", "2006-01-31": "$621", "2005-10-31": "$368", "2005-07-31": "$582", "2005-04-30": "$604", "2005-01-31": "$581"}}, "gross-profit": {"Analog Devices Annual Gross Profit (Millions of US $)": {"2020": "$3,690", "2019": "$4,014", "2018": "$4,250", "2017": "$3,168", "2016": "$2,227", "2015": "$2,259", "2014": "$1,830", "2013": "$1,692", "2012": "$1,741", "2011": "$1,987", "2010": "$1,799", "2009": "$1,119", "2008": "$1,577", "2007": "$1,508", "2006": "$1,394", "2005": "$1,281"}, "Analog Devices Quarterly Gross Profit (Millions of US $)": {"2020-10-31": "$1,023", "2020-07-31": "$973", "2020-04-30": "$847", "2020-01-31": "$848", "2019-10-31": "$942", "2019-07-31": "$998", "2019-04-30": "$1,034", "2019-01-31": "$1,040", "2018-10-31": "$1,046", "2018-07-31": "$1,061", "2018-04-30": "$1,072", "2018-01-31": "$1,072", "2017-10-31": "$1,113", "2017-07-31": "$767", "2017-04-30": "$640", "2017-01-31": "$649", "2016-10-31": "$667", "2016-07-31": "$572", "2016-04-30": "$511", "2016-01-31": "$477", "2015-10-31": "$642", "2015-07-31": "$569", "2015-04-30": "$545", "2015-01-31": "$504", "2014-10-31": "$486", "2014-07-31": "$476", "2014-04-30": "$459", "2014-01-31": "$409", "2013-10-31": "$445", "2013-07-31": "$435", "2013-04-30": "$422", "2013-01-31": "$390", "2012-10-31": "$443", "2012-07-31": "$448", "2012-04-30": "$440", "2012-01-31": "$409", "2011-10-31": "$461", "2011-07-31": "$510", "2011-04-30": "$534", "2011-01-31": "$482", "2010-10-31": "$516", "2010-07-31": "$480", "2010-04-30": "$435", "2010-01-31": "$368", "2009-10-31": "$322", "2009-07-31": "$266", "2009-04-30": "$262", "2009-01-31": "$269", "2008-10-31": "$404", "2008-07-31": "$402", "2008-04-30": "$396", "2008-01-31": "$376", "2007-10-31": "$374", "2007-07-31": "$373", "2007-04-30": "$361", "2007-01-31": "$400", "2006-10-31": "$262", "2006-07-31": "$390", "2006-04-30": "$381", "2006-01-31": "$361", "2005-10-31": "$261", "2005-07-31": "$338", "2005-04-30": "$346", "2005-01-31": "$336"}}, "operating-income": {"Analog Devices Annual Operating Income (Millions of US $)": {"2020": "$1,498", "2019": "$1,711", "2018": "$1,900", "2017": "$1,163", "2016": "$1,028", "2015": "$831", "2014": "$752", "2013": "$753", "2012": "$824", "2011": "$1,072", "2010": "$900", "2009": "$285", "2008": "$625", "2007": "$569", "2006": "$526", "2005": "$479"}, "Analog Devices Quarterly Operating Income (Millions of US $)": {"2020-10-31": "$462", "2020-07-31": "$419", "2020-04-30": "$344", "2020-01-31": "$273", "2019-10-31": "$338", "2019-07-31": "$447", "2019-04-30": "$470", "2019-01-31": "$456", "2018-10-31": "$466", "2018-07-31": "$489", "2018-04-30": "$503", "2018-01-31": "$442", "2017-10-31": "$556", "2017-07-31": "$195", "2017-04-30": "$146", "2017-01-31": "$266", "2016-10-31": "$357", "2016-07-31": "$269", "2016-04-30": "$207", "2016-01-31": "$195", "2015-10-31": "$109", "2015-07-31": "$265", "2015-04-30": "$249", "2015-01-31": "$208", "2014-10-31": "$150", "2014-07-31": "$203", "2014-04-30": "$220", "2014-01-31": "$180", "2013-10-31": "$200", "2013-07-31": "$208", "2013-04-30": "$191", "2013-01-31": "$153", "2012-10-31": "$215", "2012-07-31": "$212", "2012-04-30": "$213", "2012-01-31": "$183", "2011-10-31": "$235", "2011-07-31": "$279", "2011-04-30": "$298", "2011-01-31": "$259", "2010-10-31": "$286", "2010-07-31": "$251", "2010-04-30": "$214", "2010-01-31": "$149", "2009-10-31": "$128", "2009-07-31": "$79", "2009-04-30": "$58", "2009-01-31": "$20", "2008-10-31": "$161", "2008-07-31": "$161", "2008-04-30": "$157", "2008-01-31": "$146", "2007-10-31": "$120", "2007-07-31": "$145", "2007-04-30": "$134", "2007-01-31": "$169", "2006-10-31": "$94", "2006-07-31": "$149", "2006-04-30": "$151", "2006-01-31": "$132", "2005-10-31": "$85", "2005-07-31": "$135", "2005-04-30": "$134", "2005-01-31": "$125"}}, "ebitda": {"Analog Devices Annual EBITDA (Millions of US $)": {"2020": "$2,309", "2019": "$2,522", "2018": "$2,699", "2017": "$1,747", "2016": "$1,238", "2015": "$1,053", "2014": "$894", "2013": "$863", "2012": "$934", "2011": "$1,190", "2010": "$1,021", "2009": "$425", "2008": "$778", "2007": "$724", "2006": "$698", "2005": "$634"}, "Analog Devices Quarterly EBITDA (Millions of US $)": {"2020-10-31": "$664", "2020-07-31": "$621", "2020-04-30": "$547", "2020-01-31": "$477", "2019-10-31": "$544", "2019-07-31": "$651", "2019-04-30": "$671", "2019-01-31": "$656", "2018-10-31": "$667", "2018-07-31": "$689", "2018-04-30": "$702", "2018-01-31": "$640", "2017-10-31": "$746", "2017-07-31": "$397", "2017-04-30": "$283", "2017-01-31": "$321", "2016-10-31": "$411", "2016-07-31": "$321", "2016-04-30": "$259", "2016-01-31": "$247", "2015-10-31": "$160", "2015-07-31": "$323", "2015-04-30": "$306", "2015-01-31": "$264", "2014-10-31": "$207", "2014-07-31": "$233", "2014-04-30": "$248", "2014-01-31": "$207", "2013-10-31": "$227", "2013-07-31": "$236", "2013-04-30": "$219", "2013-01-31": "$181", "2012-10-31": "$243", "2012-07-31": "$240", "2012-04-30": "$240", "2012-01-31": "$212", "2011-10-31": "$264", "2011-07-31": "$308", "2011-04-30": "$328", "2011-01-31": "$289", "2010-10-31": "$316", "2010-07-31": "$280", "2010-04-30": "$245", "2010-01-31": "$180", "2009-10-31": "$161", "2009-07-31": "$111", "2009-04-30": "$93", "2009-01-31": "$60", "2008-10-31": "$199", "2008-07-31": "$200", "2008-04-30": "$196", "2008-01-31": "$184", "2007-10-31": "$157", "2007-07-31": "$184", "2007-04-30": "$173", "2007-01-31": "$209", "2006-10-31": "$136", "2006-07-31": "$192", "2006-04-30": "$194", "2006-01-31": "$176", "2005-10-31": "$124", "2005-07-31": "$173", "2005-04-30": "$174", "2005-01-31": "$164"}}, "net-income": {"Analog Devices Annual Net Income (Millions of US $)": {"2020": "$1,221", "2019": "$1,360", "2018": "$1,501", "2017": "$805", "2016": "$862", "2015": "$697", "2014": "$629", "2013": "$673", "2012": "$651", "2011": "$867", "2010": "$712", "2009": "$248", "2008": "$786", "2007": "$497", "2006": "$549", "2005": "$415"}, "Analog Devices Quarterly Net Income (Millions of US $)": {"2020-10-31": "$387", "2020-07-31": "$363", "2020-04-30": "$268", "2020-01-31": "$204", "2019-10-31": "$274", "2019-07-31": "$362", "2019-04-30": "$368", "2019-01-31": "$355", "2018-10-31": "$399", "2018-07-31": "$409", "2018-04-30": "$400", "2018-01-31": "$293", "2017-10-31": "$426", "2017-07-31": "$69", "2017-04-30": "$94", "2017-01-31": "$217", "2016-10-31": "$296", "2016-07-31": "$230", "2016-04-30": "$171", "2016-01-31": "$165", "2015-10-31": "$96", "2015-07-31": "$216", "2015-04-30": "$205", "2015-01-31": "$179", "2014-10-31": "$109", "2014-07-31": "$181", "2014-04-30": "$187", "2014-01-31": "$153", "2013-10-31": "$202", "2013-07-31": "$176", "2013-04-30": "$164", "2013-01-31": "$131", "2012-10-31": "$179", "2012-07-31": "$170", "2012-04-30": "$163", "2012-01-31": "$139", "2011-10-31": "$184", "2011-07-31": "$220", "2011-04-30": "$242", "2011-01-31": "$222", "2010-10-31": "$225", "2010-07-31": "$199", "2010-04-30": "$167", "2010-01-31": "$120", "2009-10-31": "$106", "2009-07-31": "$65", "2009-04-30": "$52", "2009-01-31": "$25", "2008-10-31": "$144", "2008-07-31": "$139", "2008-04-30": "$133", "2008-01-31": "$371", "2007-10-31": "$98", "2007-07-31": "$120", "2007-04-30": "$125", "2007-01-31": "$153", "2006-10-31": "$138", "2006-07-31": "$145", "2006-04-30": "$146", "2006-01-31": "$121", "2005-10-31": "$68", "2005-07-31": "$121", "2005-04-30": "$118", "2005-01-31": "$107"}}, "eps-earnings-per-share-diluted": {"Analog Devices Annual EPS": {"2020": "$3.28", "2019": "$3.65", "2018": "$4.00", "2017": "$2.29", "2016": "$2.76", "2015": "$2.20", "2014": "$1.98", "2013": "$2.14", "2012": "$2.13", "2011": "$2.81", "2010": "$2.33", "2009": "$0.85", "2008": "$2.65", "2007": "$1.50", "2006": "$1.48", "2005": "$1.08"}, "Analog Devices Quarterly EPS": {"2020-10-31": "$1.04", "2020-07-31": "$0.97", "2020-04-30": "$0.72", "2020-01-31": "$0.55", "2019-10-31": "$0.75", "2019-07-31": "$0.97", "2019-04-30": "$0.98", "2019-01-31": "$0.95", "2018-10-31": "$1.08", "2018-07-31": "$1.08", "2018-04-30": "$1.06", "2018-01-31": "$0.78", "2017-10-31": "$1.15", "2017-07-31": "$0.18", "2017-04-30": "$0.27", "2017-01-31": "$0.69", "2016-10-31": "$0.95", "2016-07-31": "$0.74", "2016-04-30": "$0.55", "2016-01-31": "$0.52", "2015-10-31": "$0.30", "2015-07-31": "$0.68", "2015-04-30": "$0.65", "2015-01-31": "$0.57", "2014-10-31": "$0.34", "2014-07-31": "$0.57", "2014-04-30": "$0.59", "2014-01-31": "$0.48", "2013-10-31": "$0.64", "2013-07-31": "$0.56", "2013-04-30": "$0.52", "2013-01-31": "$0.42", "2012-10-31": "$0.58", "2012-07-31": "$0.56", "2012-04-30": "$0.53", "2012-01-31": "$0.46", "2011-10-31": "$0.60", "2011-07-31": "$0.71", "2011-04-30": "$0.78", "2011-01-31": "$0.72", "2010-10-31": "$0.73", "2010-07-31": "$0.65", "2010-04-30": "$0.55", "2010-01-31": "$0.40", "2009-10-31": "$0.36", "2009-07-31": "$0.22", "2009-04-30": "$0.18", "2009-01-31": "$0.09", "2008-10-31": "$0.51", "2008-07-31": "$0.47", "2008-04-30": "$0.45", "2008-01-31": "$1.22", "2007-10-31": "$0.32", "2007-07-31": "$0.37", "2007-04-30": "$0.37", "2007-01-31": "$0.44", "2006-10-31": "$0.38", "2006-07-31": "$0.39", "2006-04-30": "$0.39", "2006-01-31": "$0.32", "2005-10-31": "$0.17", "2005-07-31": "$0.32", "2005-04-30": "$0.31", "2005-01-31": "$0.28"}}, "shares-outstanding": {"Analog Devices Annual Shares Outstanding (Millions of Shares)": {"2020": "372", "2019": "373", "2018": "375", "2017": "350", "2016": "312", "2015": "317", "2014": "318", "2013": "314", "2012": "306", "2011": "308", "2010": "306", "2009": "293", "2008": "297", "2007": "332", "2006": "371", "2005": "383"}, "Analog Devices Quarterly Shares Outstanding (Millions of Shares)": {"2020-10-31": "372", "2020-07-31": "372", "2020-04-30": "371", "2020-01-31": "372", "2019-10-31": "373", "2019-07-31": "373", "2019-04-30": "373", "2019-01-31": "373", "2018-10-31": "375", "2018-07-31": "376", "2018-04-30": "375", "2018-01-31": "374", "2017-10-31": "350", "2017-07-31": "371", "2017-04-30": "346", "2017-01-31": "313", "2016-10-31": "312", "2016-07-31": "311", "2016-04-30": "312", "2016-01-31": "315", "2015-10-31": "317", "2015-07-31": "318", "2015-04-30": "317", "2015-01-31": "316", "2014-10-31": "318", "2014-07-31": "319", "2014-04-30": "318", "2014-01-31": "318", "2013-10-31": "314", "2013-07-31": "315", "2013-04-30": "313", "2013-01-31": "310", "2012-10-31": "306", "2012-07-31": "305", "2012-04-30": "306", "2012-01-31": "306", "2011-10-31": "308", "2011-07-31": "309", "2011-04-30": "310", "2011-01-31": "309", "2010-10-31": "306", "2010-07-31": "306", "2010-04-30": "306", "2010-01-31": "305", "2009-10-31": "293", "2009-07-31": "293", "2009-04-30": "292", "2009-01-31": "291", "2008-10-31": "297", "2008-07-31": "295", "2008-04-30": "295", "2008-01-31": "304", "2007-10-31": "332", "2007-07-31": "327", "2007-04-30": "339", "2007-01-31": "349", "2006-10-31": "371", "2006-07-31": "370", "2006-04-30": "377", "2006-01-31": "380", "2005-10-31": "383", "2005-07-31": "383", "2005-04-30": "382", "2005-01-31": "388"}}, "total-assets": {"Analog Devices Annual Total Assets (Millions of US $)": {"2020": "$21,469", "2019": "$21,393", "2018": "$20,438", "2017": "$21,141", "2016": "$7,970", "2015": "$7,059", "2014": "$6,860", "2013": "$6,382", "2012": "$5,620", "2011": "$5,278", "2010": "$4,329", "2009": "$3,369", "2008": "$3,091", "2007": "$2,971", "2006": "$3,987", "2005": "$4,583"}, "Analog Devices Quarterly Total Assets (Millions of US $)": {"2020-10-31": "$21,469", "2020-07-31": "$21,600", "2020-04-30": "$21,351", "2020-01-31": "$21,377", "2019-10-31": "$21,393", "2019-07-31": "$21,567", "2019-04-30": "$21,776", "2019-01-31": "$21,828", "2018-10-31": "$20,438", "2018-07-31": "$20,549", "2018-04-30": "$20,776", "2018-01-31": "$20,853", "2017-10-31": "$21,141", "2017-07-31": "$21,115", "2017-04-30": "$26,623", "2017-01-31": "$10,203", "2016-10-31": "$7,970", "2016-07-31": "$7,685", "2016-04-30": "$7,570", "2016-01-31": "$7,598", "2015-10-31": "$7,059", "2015-07-31": "$7,135", "2015-04-30": "$7,048", "2015-01-31": "$6,821", "2014-10-31": "$6,860", "2014-07-31": "$8,973", "2014-04-30": "$6,595", "2014-01-31": "$6,399", "2013-10-31": "$6,382", "2013-07-31": "$6,139", "2013-04-30": "$5,841", "2013-01-31": "$5,717", "2012-10-31": "$5,620", "2012-07-31": "$5,457", "2012-04-30": "$5,412", "2012-01-31": "$5,278", "2011-10-31": "$5,278", "2011-07-31": "$5,251", "2011-04-30": "$5,160", "2011-01-31": "$4,597", "2010-10-31": "$4,329", "2010-07-31": "$4,104", "2010-04-30": "$3,928", "2010-01-31": "$3,698", "2009-10-31": "$3,369", "2009-07-31": "$3,280", "2009-04-30": "$2,875", "2009-01-31": "$2,919", "2008-10-31": "$3,091", "2008-07-31": "$3,092", "2008-04-30": "$3,016", "2008-01-31": "$3,135", "2007-10-31": "$2,971", "2007-07-31": "$3,166", "2007-04-30": "$3,687", "2007-01-31": "$3,824", "2006-10-31": "$3,987", "2006-07-31": "$4,292", "2006-04-30": "$4,403", "2006-01-31": "$4,374", "2005-10-31": "$4,583", "2005-07-31": "$4,692", "2005-04-30": "$4,585", "2005-01-31": "$4,612"}}, "cash-on-hand": {"Analog Devices Annual Cash on Hand (Millions of US $)": {"2020": "$1,056", "2019": "$648", "2018": "$817", "2017": "$1,048", "2016": "$4,056", "2015": "$3,029", "2014": "$2,866", "2013": "$4,683", "2012": "$3,900", "2011": "$3,592", "2010": "$2,688", "2009": "$1,816", "2008": "$1,310", "2007": "$1,081", "2006": "$2,128", "2005": "$2,706"}, "Analog Devices Quarterly Cash on Hand (Millions of US $)": {"2020-10-31": "$1,056", "2020-07-31": "$1,090", "2020-04-30": "$785", "2020-01-31": "$654", "2019-10-31": "$648", "2019-07-31": "$612", "2019-04-30": "$714", "2019-01-31": "$606", "2018-10-31": "$817", "2018-07-31": "$773", "2018-04-30": "$807", "2018-01-31": "$828", "2017-10-31": "$1,048", "2017-07-31": "$909", "2017-04-30": "$6,188", "2017-01-31": "$6,317", "2016-10-31": "$4,056", "2016-07-31": "$3,803", "2016-04-30": "$3,754", "2016-01-31": "$3,789", "2015-10-31": "$3,029", "2015-07-31": "$3,100", "2015-04-30": "$3,075", "2015-01-31": "$2,873", "2014-10-31": "$2,866", "2014-07-31": "$4,932", "2014-04-30": "$4,807", "2014-01-31": "$4,701", "2013-10-31": "$4,683", "2013-07-31": "$4,450", "2013-04-30": "$4,172", "2013-01-31": "$3,987", "2012-10-31": "$3,900", "2012-07-31": "$3,765", "2012-04-30": "$3,753", "2012-01-31": "$3,667", "2011-10-31": "$3,592", "2011-07-31": "$3,515", "2011-04-30": "$3,431", "2011-01-31": "$2,961", "2010-10-31": "$2,688", "2010-07-31": "$2,508", "2010-04-30": "$2,387", "2010-01-31": "$2,179", "2009-10-31": "$1,816", "2009-07-31": "$1,724", "2009-04-30": "$1,285", "2009-01-31": "$1,283", "2008-10-31": "$1,310", "2008-07-31": "$1,278", "2008-04-30": "$1,185", "2008-01-31": "$1,272", "2007-10-31": "$1,081", "2007-07-31": "$1,284", "2007-04-30": "$1,795", "2007-01-31": "$1,954", "2006-10-31": "$2,128", "2006-07-31": "$2,516", "2006-04-30": "$2,693", "2006-01-31": "$2,735", "2005-10-31": "$2,706", "2005-07-31": "$2,784", "2005-04-30": "$2,617", "2005-01-31": "$2,598"}}, "long-term-debt": {"Analog Devices Annual Long Term Debt (Millions of US $)": {"2020": "$5,145", "2019": "$5,192", "2018": "$6,266", "2017": "$7,551", "2016": "$1,732", "2015": "$495", "2014": "$873", "2013": "$872", "2012": "$807", "2011": "$872", "2010": "$401", "2009": "$380", "2008": "$", "2007": "$", "2006": "$", "2005": "$"}, "Analog Devices Quarterly Long Term Debt (Millions of US $)": {"2020-10-31": "$5,145", "2020-07-31": "$5,144", "2020-04-30": "$5,142", "2020-01-31": "$4,745", "2019-10-31": "$5,192", "2019-07-31": "$5,279", "2019-04-30": "$5,612", "2019-01-31": "$6,235", "2018-10-31": "$6,266", "2018-07-31": "$6,533", "2018-04-30": "$6,926", "2018-01-31": "$7,385", "2017-10-31": "$7,551", "2017-07-31": "$8,199", "2017-04-30": "$8,572", "2017-01-31": "$3,805", "2016-10-31": "$1,732", "2016-07-31": "$1,732", "2016-04-30": "$1,731", "2016-01-31": "$1,731", "2015-10-31": "$495", "2015-07-31": "$498", "2015-04-30": "$498", "2015-01-31": "$873", "2014-10-31": "$873", "2014-07-31": "$873", "2014-04-30": "$873", "2014-01-31": "$872", "2013-10-31": "$872", "2013-07-31": "$872", "2013-04-30": "$758", "2013-01-31": "$760", "2012-10-31": "$807", "2012-07-31": "$843", "2012-04-30": "$848", "2012-01-31": "$856", "2011-10-31": "$872", "2011-07-31": "$876", "2011-04-30": "$892", "2011-01-31": "$523", "2010-10-31": "$401", "2010-07-31": "$396", "2010-04-30": "$383", "2010-01-31": "$381", "2009-10-31": "$380", "2009-07-31": "$375", "2009-04-30": "", "2009-01-31": "", "2008-10-31": "", "2008-07-31": "", "2008-04-30": "", "2008-01-31": "", "2007-10-31": "", "2007-07-31": "", "2007-04-30": "", "2007-01-31": "", "2006-10-31": "", "2006-07-31": "", "2006-04-30": "", "2006-01-31": "", "2005-10-31": "", "2005-07-31": "", "2005-04-30": "", "2005-01-31": ""}}, "total-liabilities": {"Analog Devices Annual Total Liabilities (Millions of US $)": {"2020": "$9,471", "2019": "$9,683", "2018": "$9,170", "2017": "$10,980", "2016": "$2,805", "2015": "$1,986", "2014": "$2,102", "2013": "$1,642", "2012": "$1,455", "2011": "$1,482", "2010": "$1,129", "2009": "$840", "2008": "$671", "2007": "$634", "2006": "$551", "2005": "$892"}, "Analog Devices Quarterly Total Liabilities (Millions of US $)": {"2020-10-31": "$9,471", "2020-07-31": "$9,822", "2020-04-30": "$9,760", "2020-01-31": "$9,687", "2019-10-31": "$9,683", "2019-07-31": "$9,776", "2019-04-30": "$10,034", "2019-01-31": "$10,243", "2018-10-31": "$9,170", "2018-07-31": "$9,692", "2018-04-30": "$10,191", "2018-01-31": "$10,506", "2017-10-31": "$10,980", "2017-07-31": "$11,192", "2017-04-30": "$16,656", "2017-01-31": "$4,897", "2016-10-31": "$2,805", "2016-07-31": "$2,702", "2016-04-30": "$2,697", "2016-01-31": "$2,603", "2015-10-31": "$1,986", "2015-07-31": "$2,070", "2015-04-30": "$2,084", "2015-01-31": "$2,015", "2014-10-31": "$2,102", "2014-07-31": "$3,966", "2014-04-30": "$1,663", "2014-01-31": "$1,604", "2013-10-31": "$1,642", "2013-07-31": "$1,495", "2013-04-30": "$1,380", "2013-01-31": "$1,393", "2012-10-31": "$1,455", "2012-07-31": "$1,428", "2012-04-30": "$1,487", "2012-01-31": "$1,435", "2011-10-31": "$1,482", "2011-07-31": "$1,536", "2011-04-30": "$1,578", "2011-01-31": "$1,232", "2010-10-31": "$1,129", "2010-07-31": "$1,070", "2010-04-30": "$1,038", "2010-01-31": "$934", "2009-10-31": "$840", "2009-07-31": "$822", "2009-04-30": "$455", "2009-01-31": "$517", "2008-10-31": "$671", "2008-07-31": "$702", "2008-04-30": "$712", "2008-01-31": "$796", "2007-10-31": "$634", "2007-07-31": "$630", "2007-04-30": "$622", "2007-01-31": "$563", "2006-10-31": "$551", "2006-07-31": "$645", "2006-04-30": "$760", "2006-01-31": "$665", "2005-10-31": "$892", "2005-07-31": "$857", "2005-04-30": "$869", "2005-01-31": "$878"}}, "total-share-holder-equity": {"Analog Devices Annual Share Holder Equity (Millions of US $)": {"2020": "$11,998", "2019": "$11,709", "2018": "$11,268", "2017": "$10,162", "2016": "$5,166", "2015": "$5,073", "2014": "$4,758", "2013": "$4,740", "2012": "$4,165", "2011": "$3,795", "2010": "$3,200", "2009": "$2,529", "2008": "$2,420", "2007": "$2,337", "2006": "$3,436", "2005": "$3,692"}, "Analog Devices Quarterly Share Holder Equity (Millions of US $)": {"2020-10-31": "$11,998", "2020-07-31": "$11,778", "2020-04-30": "$11,591", "2020-01-31": "$11,690", "2019-10-31": "$11,709", "2019-07-31": "$11,790", "2019-04-30": "$11,742", "2019-01-31": "$11,585", "2018-10-31": "$11,268", "2018-07-31": "$10,856", "2018-04-30": "$10,585", "2018-01-31": "$10,348", "2017-10-31": "$10,162", "2017-07-31": "$9,923", "2017-04-30": "$9,967", "2017-01-31": "$5,306", "2016-10-31": "$5,166", "2016-07-31": "$4,983", "2016-04-30": "$4,874", "2016-01-31": "$4,995", "2015-10-31": "$5,073", "2015-07-31": "$5,065", "2015-04-30": "$4,964", "2015-01-31": "$4,806", "2014-10-31": "$4,758", "2014-07-31": "$5,007", "2014-04-30": "$4,932", "2014-01-31": "$4,796", "2013-10-31": "$4,740", "2013-07-31": "$4,643", "2013-04-30": "$4,461", "2013-01-31": "$4,324", "2012-10-31": "$4,165", "2012-07-31": "$4,029", "2012-04-30": "$3,925", "2012-01-31": "$3,842", "2011-10-31": "$3,795", "2011-07-31": "$3,716", "2011-04-30": "$3,582", "2011-01-31": "$3,364", "2010-10-31": "$3,200", "2010-07-31": "$3,034", "2010-04-30": "$2,890", "2010-01-31": "$2,764", "2009-10-31": "$2,529", "2009-07-31": "$2,458", "2009-04-30": "$2,420", "2009-01-31": "$2,402", "2008-10-31": "$2,420", "2008-07-31": "$2,390", "2008-04-30": "$2,304", "2008-01-31": "$2,339", "2007-10-31": "$2,337", "2007-07-31": "$2,537", "2007-04-30": "$3,064", "2007-01-31": "$3,261", "2006-10-31": "$3,436", "2006-07-31": "$3,647", "2006-04-30": "$3,643", "2006-01-31": "$3,710", "2005-10-31": "$3,692", "2005-07-31": "$3,835", "2005-04-30": "$3,716", "2005-01-31": "$3,734"}}, "profit-margins": {"current": "21.79%"}, "gross margin": {"2020-10-31": "65.88%", "2020-07-31": "65.40%", "2020-04-30": "65.57%", "2020-01-31": "66.42%", "2019-10-31": "67.00%", "2019-07-31": "67.69%", "2019-04-30": "67.85%", "2019-01-31": "68.06%", "2018-10-31": "68.29%", "2018-07-31": "67.80%", "2018-04-30": "64.44%", "2018-01-31": "61.62%", "2017-10-31": "60.41%", "2017-07-31": "59.58%", "2017-04-30": "63.11%", "2017-01-31": "65.96%", "2016-10-31": "65.08%", "2016-07-31": "64.82%", "2016-04-30": "64.87%", "2016-01-31": "65.06%", "2015-10-31": "65.79%", "2015-07-31": "64.34%", "2015-04-30": "64.15%", "2015-01-31": "63.97%", "2014-10-31": "63.87%", "2014-07-31": "65.56%", "2014-04-30": "65.35%", "2014-01-31": "64.84%", "2013-10-31": "64.26%", "2013-07-31": "63.77%", "2013-04-30": "64.05%", "2013-01-31": "64.34%", "2012-10-31": "64.42%", "2012-07-31": "64.58%", "2012-04-30": "65.07%", "2012-01-31": "65.71%", "2011-10-31": "66.37%", "2011-07-31": "66.99%", "2011-04-30": "66.84%", "2011-01-31": "66.26%", "2010-10-31": "65.16%", "2010-07-31": "62.62%", "2010-04-30": "59.57%", "2010-01-31": "56.86%", "2009-10-31": "55.51%", "2009-07-31": "57.05%", "2009-04-30": "58.85%", "2009-01-31": "60.14%", "2008-10-31": "61.09%", "2008-07-31": "60.80%", "2008-04-30": "60.66%", "2008-01-31": "60.52%", "2007-10-31": "61.20%", "2007-07-31": "64.60%", "2007-04-30": "63.99%", "2007-01-31": "63.55%", "2006-10-31": "61.96%", "2006-07-31": "60.64%", "2006-04-30": "60.54%", "2006-01-31": "60.05%", "2005-10-31": "60.00%"}, "operating margin": {"2020-10-31": "26.74%", "2020-07-31": "24.89%", "2020-04-30": "25.29%", "2020-01-31": "26.56%", "2019-10-31": "28.56%", "2019-07-31": "30.23%", "2019-04-30": "30.53%", "2019-01-31": "30.88%", "2018-10-31": "30.52%", "2018-07-31": "31.25%", "2018-04-30": "27.16%", "2018-01-31": "22.97%", "2017-10-31": "22.17%", "2017-07-31": "21.09%", "2017-04-30": "25.91%", "2017-01-31": "30.22%", "2016-10-31": "30.04%", "2016-07-31": "22.96%", "2016-04-30": "22.89%", "2016-01-31": "23.83%", "2015-10-31": "24.19%", "2015-07-31": "26.67%", "2015-04-30": "25.84%", "2015-01-31": "25.96%", "2014-10-31": "26.28%", "2014-07-31": "29.42%", "2014-04-30": "30.21%", "2014-01-31": "29.52%", "2013-10-31": "28.56%", "2013-07-31": "28.94%", "2013-04-30": "29.00%", "2013-01-31": "29.64%", "2012-10-31": "30.47%", "2012-07-31": "30.97%", "2012-04-30": "32.53%", "2012-01-31": "34.16%", "2011-10-31": "35.77%", "2011-07-31": "36.81%", "2011-04-30": "36.35%", "2011-01-31": "34.98%", "2010-10-31": "32.60%", "2010-07-31": "28.95%", "2010-04-30": "24.41%", "2010-01-31": "19.33%", "2009-10-31": "14.14%", "2009-07-31": "15.11%", "2009-04-30": "17.61%", "2009-01-31": "20.40%", "2008-10-31": "24.20%", "2008-07-31": "22.94%", "2008-04-30": "22.68%", "2008-01-31": "22.23%", "2007-10-31": "23.05%", "2007-07-31": "25.08%", "2007-04-30": "24.73%", "2007-01-31": "24.97%", "2006-10-31": "23.38%", "2006-07-31": "22.51%", "2006-04-30": "22.71%", "2006-01-31": "22.34%", "2005-10-31": "22.44%"}, "ebitda margin": {"2020-10-31": "41.21%", "2020-07-31": "39.66%", "2020-04-30": "40.03%", "2020-01-31": "40.72%", "2019-10-31": "42.10%", "2019-07-31": "43.47%", "2019-04-30": "43.54%", "2019-01-31": "43.78%", "2018-10-31": "43.34%", "2018-07-31": "43.60%", "2018-04-30": "39.79%", "2018-01-31": "35.44%", "2017-10-31": "33.30%", "2017-07-31": "30.90%", "2017-04-30": "33.35%", "2017-01-31": "36.07%", "2016-10-31": "36.18%", "2016-07-31": "29.06%", "2016-04-30": "29.17%", "2016-01-31": "30.19%", "2015-10-31": "30.66%", "2015-07-31": "33.64%", "2015-04-30": "32.22%", "2015-01-31": "31.64%", "2014-10-31": "31.24%", "2014-07-31": "33.53%", "2014-04-30": "34.32%", "2014-01-31": "33.69%", "2013-10-31": "32.78%", "2013-07-31": "33.17%", "2013-04-30": "33.21%", "2013-01-31": "33.79%", "2012-10-31": "34.62%", "2012-07-31": "35.12%", "2012-04-30": "36.61%", "2012-01-31": "38.17%", "2011-10-31": "39.71%", "2011-07-31": "40.72%", "2011-04-30": "40.30%", "2011-01-31": "39.14%", "2010-10-31": "36.98%", "2010-07-31": "33.79%", "2010-04-30": "29.85%", "2010-01-31": "25.44%", "2009-10-31": "21.08%", "2009-07-31": "22.00%", "2009-04-30": "24.30%", "2009-01-31": "26.78%", "2008-10-31": "30.16%", "2008-07-31": "28.95%", "2008-04-30": "28.79%", "2008-01-31": "28.47%", "2007-10-31": "29.34%", "2007-07-31": "32.48%", "2007-04-30": "32.16%", "2007-01-31": "32.42%", "2006-10-31": "31.02%", "2006-07-31": "29.87%", "2006-04-30": "30.11%", "2006-01-31": "29.75%", "2005-10-31": "29.74%"}, "pre tax profit margin": {"2020-10-31": "23.40%", "2020-07-31": "21.41%", "2020-04-30": "21.63%", "2020-01-31": "22.80%", "2019-10-31": "24.80%", "2019-07-31": "26.41%", "2019-04-30": "26.74%", "2019-01-31": "27.10%", "2018-10-31": "26.59%", "2018-07-31": "27.23%", "2018-04-30": "22.90%", "2018-01-31": "18.48%", "2017-10-31": "17.82%", "2017-07-31": "16.85%", "2017-04-30": "22.44%", "2017-01-31": "27.69%", "2016-10-31": "27.94%", "2016-07-31": "21.73%", "2016-04-30": "21.86%", "2016-01-31": "23.05%", "2015-10-31": "23.58%", "2015-07-31": "25.81%", "2015-04-30": "24.94%", "2015-01-31": "25.06%", "2014-10-31": "25.45%", "2014-07-31": "31.99%", "2014-04-30": "32.56%", "2014-01-31": "31.91%", "2013-10-31": "30.99%", "2013-07-31": "28.15%", "2013-04-30": "28.58%", "2013-01-31": "29.27%", "2012-10-31": "30.10%", "2012-07-31": "30.53%", "2012-04-30": "32.07%", "2012-01-31": "33.75%", "2011-10-31": "35.47%", "2011-07-31": "36.71%", "2011-04-30": "36.38%", "2011-01-31": "35.05%", "2010-10-31": "32.63%", "2010-07-31": "28.87%", "2010-04-30": "24.37%", "2010-01-31": "19.47%", "2009-10-31": "14.73%", "2009-07-31": "16.20%", "2009-04-30": "18.93%", "2009-01-31": "21.91%", "2008-10-31": "25.78%", "2008-07-31": "24.67%", "2008-04-30": "24.80%", "2008-01-31": "25.20%", "2007-10-31": "26.87%", "2007-07-31": "29.94%", "2007-04-30": "29.89%", "2007-01-31": "30.42%", "2006-10-31": "28.31%", "2006-07-31": "27.25%", "2006-04-30": "27.31%", "2006-01-31": "25.98%", "2005-10-31": "25.81%"}, "net profit margin": {"2020-10-31": "21.81%", "2020-07-31": "20.09%", "2020-04-30": "19.99%", "2020-01-31": "20.99%", "2019-10-31": "22.68%", "2019-07-31": "24.39%", "2019-04-30": "24.85%", "2019-01-31": "25.21%", "2018-10-31": "24.11%", "2018-07-31": "23.99%", "2018-04-30": "19.02%", "2018-01-31": "15.13%", "2017-10-31": "15.36%", "2017-07-31": "14.79%", "2017-04-30": "20.89%", "2017-01-31": "25.13%", "2016-10-31": "25.19%", "2016-07-31": "19.49%", "2016-04-30": "19.12%", "2016-01-31": "19.87%", "2015-10-31": "20.26%", "2015-07-31": "21.68%", "2015-04-30": "21.50%", "2015-01-31": "21.80%", "2014-10-31": "21.99%", "2014-07-31": "26.49%", "2014-04-30": "26.84%", "2014-01-31": "26.34%", "2013-10-31": "25.56%", "2013-07-31": "24.53%", "2013-04-30": "24.22%", "2013-01-31": "24.04%", "2012-10-31": "24.10%", "2012-07-31": "24.10%", "2012-04-30": "25.24%", "2012-01-31": "26.95%", "2011-10-31": "28.99%", "2011-07-31": "29.82%", "2011-04-30": "29.50%", "2011-01-31": "28.16%", "2010-10-31": "25.75%", "2010-07-31": "23.10%", "2010-04-30": "19.61%", "2010-01-31": "16.01%", "2009-10-31": "12.30%", "2009-07-31": "13.59%", "2009-04-30": "15.85%", "2009-01-31": "18.03%", "2008-10-31": "30.47%", "2008-07-31": "29.10%", "2008-04-30": "28.83%", "2008-01-31": "29.12%", "2007-10-31": "20.13%", "2007-07-31": "24.80%", "2007-04-30": "25.41%", "2007-01-31": "25.81%", "2006-10-31": "24.44%", "2006-07-31": "20.90%", "2006-04-30": "20.59%", "2006-01-31": "19.68%", "2005-10-31": "19.39%"}, "pe ratio": {"current": "30.30", "2021-02-05": "45.35", "2020-10-31": "35.98", "2020-07-31": "38.17", "2020-04-30": "36.22", "2020-01-31": "33.17", "2019-10-31": "28.55", "2019-07-31": "28.13", "2019-04-30": "26.82", "2019-01-31": "22.54", "2018-10-31": "20.13", "2018-07-31": "24.36", "2018-04-30": "29.19", "2018-01-31": "41.35", "2017-10-31": "41.27", "2017-07-31": "35.18", "2017-04-30": "26.61", "2017-01-31": "23.54", "2016-10-31": "21.26", "2016-07-31": "27.50", "2016-04-30": "24.80", "2016-01-31": "22.43", "2015-10-31": "24.31", "2015-07-31": "22.99", "2015-04-30": "25.49", "2015-01-31": "21.95", "2014-10-31": "21.71", "2014-07-31": "18.72", "2014-04-30": "19.29", "2014-01-31": "18.60", "2013-10-31": "19.40", "2013-07-31": "19.84", "2013-04-30": "17.54", "2013-01-31": "17.19", "2012-10-31": "15.01", "2012-07-31": "14.74", "2012-04-30": "13.63", "2012-01-31": "12.25", "2011-10-31": "10.31", "2011-07-31": "9.20", "2011-04-30": "10.94", "2011-01-31": "11.39", "2010-10-31": "11.17", "2010-07-31": "11.62", "2010-04-30": "14.89", "2010-01-31": "17.57", "2009-10-31": "22.64", "2009-07-31": "20.82", "2009-04-30": "12.79", "2009-01-31": "9.75", "2008-10-31": "5.87", "2008-07-31": "8.94", "2008-04-30": "9.79", "2008-01-31": "8.86", "2007-10-31": "15.84", "2007-07-31": "15.85", "2007-04-30": "16.96", "2007-01-31": "14.13", "2006-10-31": "14.77"}, "price sales": {"2021-02-05": "9.87", "2020-10-31": "7.83", "2020-07-31": "7.67", "2020-04-30": "7.25", "2020-01-31": "6.97", "2019-10-31": "6.47", "2019-07-31": "6.99", "2019-04-30": "6.81", "2019-01-31": "5.73", "2018-10-31": "4.81", "2018-07-31": "5.28", "2018-04-30": "4.85", "2018-01-31": "5.35", "2017-10-31": "5.65", "2017-07-31": "5.43", "2017-04-30": "5.65", "2017-01-31": "5.92", "2016-10-31": "5.36", "2016-07-31": "5.36", "2016-04-30": "4.73", "2016-01-31": "4.45", "2015-10-31": "4.93", "2015-07-31": "5.00", "2015-04-30": "5.50", "2015-01-31": "4.80", "2014-10-31": "4.78", "2014-07-31": "4.96", "2014-04-30": "5.18", "2014-01-31": "4.89", "2013-10-31": "4.94", "2013-07-31": "4.85", "2013-04-30": "4.24", "2013-01-31": "4.12", "2012-10-31": "3.62", "2012-07-31": "3.57", "2012-04-30": "3.44", "2012-01-31": "3.30", "2011-10-31": "2.99", "2011-07-31": "2.74", "2011-04-30": "3.22", "2011-01-31": "3.21", "2010-10-31": "2.88", "2010-07-31": "2.69", "2010-04-30": "2.92", "2010-01-31": "2.82", "2009-10-31": "2.79", "2009-07-31": "2.85", "2009-04-30": "2.04", "2009-01-31": "1.76", "2008-10-31": "1.78", "2008-07-31": "2.63", "2008-04-30": "2.88", "2008-01-31": "2.67", "2007-10-31": "3.22", "2007-07-31": "3.94", "2007-04-30": "4.34", "2007-01-31": "3.69", "2006-10-31": "3.66"}, "price book": {"current": "4.58", "2021-02-05": "4.58", "2020-10-31": "3.63", "2020-07-31": "3.57", "2020-04-30": "3.43", "2020-01-31": "3.39", "2019-10-31": "3.27", "2019-07-31": "3.57", "2019-04-30": "3.53", "2019-01-31": "3.02", "2018-10-31": "2.63", "2018-07-31": "3.13", "2018-04-30": "2.89", "2018-01-31": "3.09", "2017-10-31": "3.10", "2017-07-31": "2.72", "2017-04-30": "2.60", "2017-01-31": "4.02", "2016-10-31": "3.50", "2016-07-31": "3.58", "2016-04-30": "3.21", "2016-01-31": "2.99", "2015-10-31": "3.29", "2015-07-31": "3.19", "2015-04-30": "3.43", "2015-01-31": "2.95", "2014-10-31": "2.81", "2014-07-31": "2.68", "2014-04-30": "2.79", "2014-01-31": "2.67", "2013-10-31": "2.72", "2013-07-31": "2.76", "2013-04-30": "2.52", "2013-01-31": "2.54", "2012-10-31": "2.31", "2012-07-31": "2.35", "2012-04-30": "2.38", "2012-01-31": "2.42", "2011-10-31": "2.28", "2011-07-31": "2.18", "2011-04-30": "2.64", "2011-01-31": "2.69", "2010-10-31": "2.43", "2010-07-31": "2.24", "2010-04-30": "2.35", "2010-01-31": "2.19", "2009-10-31": "2.22", "2009-07-31": "2.42", "2009-04-30": "1.89", "2009-01-31": "1.77", "2008-10-31": "1.86", "2008-07-31": "2.66", "2008-04-30": "2.90", "2008-01-31": "2.53", "2007-10-31": "3.06", "2007-07-31": "3.05", "2007-04-30": "2.88", "2007-01-31": "2.33", "2006-10-31": "2.19", "2006-07-31": "2.15", "2006-04-30": "2.57", "2006-01-31": "2.68"}, "price fcf": {"2021-02-05": "", "2020-10-31": "$4.95", "2020-07-31": "$4.86", "2020-04-30": "$4.74", "2020-01-31": "$5.34", "2019-10-31": "$5.30", "2019-07-31": "$5.36", "2019-04-30": "$5.54", "2019-01-31": "$5.72", "2018-10-31": "$5.83", "2018-07-31": "$5.88", "2018-04-30": "$3.08", "2018-01-31": "$2.64", "2017-10-31": "$2.71", "2017-07-31": "$2.43", "2017-04-30": "$4.43", "2017-01-31": "$4.04", "2016-10-31": "$3.73", "2016-07-31": "$2.77", "2016-04-30": "$2.57", "2016-01-31": "$2.54", "2015-10-31": "$2.38", "2015-07-31": "$2.58", "2015-04-30": "$2.61", "2015-01-31": "$2.30", "2014-10-31": "$2.18", "2014-07-31": "$2.24", "2014-04-30": "$2.30", "2014-01-31": "$2.41", "2013-10-31": "$2.51", "2013-07-31": "$2.41", "2013-04-30": "$2.14", "2013-01-31": "$2.06", "2012-10-31": "$2.23", "2012-07-31": "$2.25", "2012-04-30": "$2.64", "2012-01-31": "$2.52", "2011-10-31": "$2.52", "2011-07-31": "$2.63", "2011-04-30": "$2.52", "2011-01-31": "$2.85", "2010-10-31": "$2.88", "2010-07-31": "$2.60", "2010-04-30": "$2.43", "2010-01-31": "$1.80", "2009-10-31": "$1.28", "2009-07-31": "$1.09", "2009-04-30": "$1.19", "2009-01-31": "$1.40", "2008-10-31": "$1.72", "2008-07-31": "$1.84", "2008-04-30": "$1.83", "2008-01-31": "$2.01", "2007-10-31": "$2.04", "2007-07-31": "$1.95", "2007-04-30": "$1.54", "2007-01-31": "$1.41", "2006-10-31": "$1.33"}, "net worth": {"value": "$54.94B"}, "current ratio": {"current": "1.85", "2020-10-31": "1.84", "2020-07-31": "1.47", "2020-04-30": "1.30", "2020-01-31": "1.08", "2019-10-31": "1.32", "2019-07-31": "1.35", "2019-04-30": "1.52", "2019-01-31": "2.34", "2018-10-31": "2.01", "2018-07-31": "1.58", "2018-04-30": "1.53", "2018-01-31": "1.76", "2017-10-31": "1.47", "2017-07-31": "1.99", "2017-04-30": "1.38", "2017-01-31": "8.91", "2016-10-31": "6.35", "2016-07-31": "6.97", "2016-04-30": "6.76", "2016-01-31": "7.82", "2015-10-31": "3.66", "2015-07-31": "3.92", "2015-04-30": "3.79", "2015-01-31": "6.01", "2014-10-31": "5.38", "2014-07-31": "2.26", "2014-04-30": "9.87", "2014-01-31": "10.53", "2013-10-31": "9.59", "2013-07-31": "10.66", "2013-04-30": "9.75", "2013-01-31": "9.47", "2012-10-31": "8.94", "2012-07-31": "8.97", "2012-04-30": "8.10", "2012-01-31": "8.83", "2011-10-31": "8.36", "2011-07-31": "7.80", "2011-04-30": "7.30", "2011-01-31": "6.14", "2010-10-31": "5.41", "2010-07-31": "5.50", "2010-04-30": "5.45", "2010-01-31": "6.29", "2009-10-31": "6.44", "2009-07-31": "6.67", "2009-04-30": "5.32", "2009-01-31": "4.49", "2008-10-31": "3.67", "2008-07-31": "3.35", "2008-04-30": "3.19", "2008-01-31": "2.95", "2007-10-31": "3.61", "2007-07-31": "3.88", "2007-04-30": "4.91", "2007-01-31": "5.81", "2006-10-31": "6.13", "2006-07-31": "5.87", "2006-04-30": "5.11", "2006-01-31": "5.86", "2005-10-31": "4.56", "2005-07-31": "6.63", "2005-04-30": "6.43", "2005-01-31": "6.45"}, "quick ratio": {"2020-10-31": "1.40", "2020-07-31": "1.11", "2020-04-30": "0.92", "2020-01-31": "0.75", "2019-10-31": "0.91", "2019-07-31": "0.92", "2019-04-30": "1.08", "2019-01-31": "1.64", "2018-10-31": "1.45", "2018-07-31": "1.16", "2018-04-30": "1.14", "2018-01-31": "1.31", "2017-10-31": "1.13", "2017-07-31": "1.52", "2017-04-30": "1.26", "2017-01-31": "8.46", "2016-10-31": "5.87", "2016-07-31": "6.39", "2016-04-30": "6.18", "2016-01-31": "7.14", "2015-10-31": "3.29", "2015-07-31": "3.52", "2015-04-30": "3.42", "2015-01-31": "5.43", "2014-10-31": "4.86", "2014-07-31": "2.10", "2014-04-30": "9.35", "2014-01-31": "9.97", "2013-10-31": "9.10", "2013-07-31": "10.09", "2013-04-30": "9.16", "2013-01-31": "8.86", "2012-10-31": "8.35", "2012-07-31": "8.36", "2012-04-30": "7.55", "2012-01-31": "8.23", "2011-10-31": "7.79", "2011-07-31": "7.26", "2011-04-30": "6.80", "2011-01-31": "5.68", "2010-10-31": "4.98", "2010-07-31": "5.05", "2010-04-30": "5.01", "2010-01-31": "5.75", "2009-10-31": "5.79", "2009-07-31": "5.89", "2009-04-30": "4.49", "2009-01-31": "3.76", "2008-10-31": "3.12", "2008-07-31": "2.85", "2008-04-30": "2.68", "2008-01-31": "2.49", "2007-10-31": "3.02", "2007-07-31": "3.22", "2007-04-30": "4.21", "2007-01-31": "5.02", "2006-10-31": "5.39", "2006-07-31": "5.22", "2006-04-30": "4.60", "2006-01-31": "5.30", "2005-10-31": "4.16", "2005-07-31": "5.99", "2005-04-30": "5.78", "2005-01-31": "5.79"}, "debt equity ratio": {"current": "0.43", "2020-10-31": "0.79", "2020-07-31": "0.83", "2020-04-30": "0.84", "2020-01-31": "0.83", "2019-10-31": "0.83", "2019-07-31": "0.83", "2019-04-30": "0.86", "2019-01-31": "0.88", "2018-10-31": "0.81", "2018-07-31": "0.89", "2018-04-30": "0.96", "2018-01-31": "1.02", "2017-10-31": "1.08", "2017-07-31": "1.13", "2017-04-30": "1.67", "2017-01-31": "0.92", "2016-10-31": "0.54", "2016-07-31": "0.54", "2016-04-30": "0.55", "2016-01-31": "0.52", "2015-10-31": "0.39", "2015-07-31": "0.41", "2015-04-30": "0.42", "2015-01-31": "0.42", "2014-10-31": "0.44", "2014-07-31": "0.79", "2014-04-30": "0.34", "2014-01-31": "0.33", "2013-10-31": "0.35", "2013-07-31": "0.32", "2013-04-30": "0.31", "2013-01-31": "0.32", "2012-10-31": "0.35", "2012-07-31": "0.35", "2012-04-30": "0.38", "2012-01-31": "0.37", "2011-10-31": "0.39", "2011-07-31": "0.41", "2011-04-30": "0.44", "2011-01-31": "0.37", "2010-10-31": "0.35", "2010-07-31": "0.35", "2010-04-30": "0.36", "2010-01-31": "0.34", "2009-10-31": "0.33", "2009-07-31": "0.33", "2009-04-30": "0.19", "2009-01-31": "0.22", "2008-10-31": "0.28", "2008-07-31": "0.29", "2008-04-30": "0.31", "2008-01-31": "0.34", "2007-10-31": "0.27", "2007-07-31": "0.25", "2007-04-30": "0.20", "2007-01-31": "0.17", "2006-10-31": "0.16", "2006-07-31": "0.18", "2006-04-30": "0.21", "2006-01-31": "0.18", "2005-10-31": "0.24", "2005-07-31": "0.22", "2005-04-30": "0.23", "2005-01-31": "0.24"}, "return on equity": {"2020-10-31": "10.39%", "2020-07-31": "9.49%", "2020-04-30": "9.47%", "2020-01-31": "10.30%", "2019-10-31": "11.61%", "2019-07-31": "12.80%", "2019-04-30": "13.47%", "2019-01-31": "14.11%", "2018-10-31": "13.94%", "2018-07-31": "14.57%", "2018-04-30": "11.59%", "2018-01-31": "8.73%", "2017-10-31": "9.12%", "2017-07-31": "8.91%", "2017-04-30": "13.17%", "2017-01-31": "17.98%", "2016-10-31": "17.22%", "2016-07-31": "13.29%", "2016-04-30": "12.96%", "2016-01-31": "13.57%", "2015-10-31": "13.98%", "2015-07-31": "14.47%", "2015-04-30": "13.80%", "2015-01-31": "13.45%", "2014-10-31": "12.93%", "2014-07-31": "14.85%", "2014-04-30": "15.03%", "2014-01-31": "14.91%", "2013-10-31": "14.82%", "2013-07-31": "14.78%", "2013-04-30": "15.17%", "2013-01-31": "15.64%", "2012-10-31": "16.31%", "2012-07-31": "16.83%", "2012-04-30": "18.48%", "2012-01-31": "21.02%", "2011-10-31": "24.02%", "2011-07-31": "26.23%", "2011-04-30": "26.95%", "2011-01-31": "26.04%", "2010-10-31": "23.92%", "2010-07-31": "21.11%", "2010-04-30": "17.22%", "2010-01-31": "13.49%", "2009-10-31": "10.11%", "2009-07-31": "11.79%", "2009-04-30": "14.95%", "2009-01-31": "18.54%", "2008-10-31": "33.30%", "2008-07-31": "31.63%", "2008-04-30": "30.35%", "2008-01-31": "27.79%", "2007-10-31": "17.72%", "2007-07-31": "17.43%", "2007-04-30": "16.74%", "2007-01-31": "16.64%", "2006-10-31": "15.24%", "2006-07-31": "13.07%", "2006-04-30": "12.26%", "2006-01-31": "11.45%", "2005-10-31": "11.06%"}, "return on assets": {"2020-10-31": "5.70%", "2020-07-31": "5.17%", "2020-04-30": "5.17%", "2020-01-31": "5.61%", "2019-10-31": "6.28%", "2019-07-31": "6.93%", "2019-04-30": "7.24%", "2019-01-31": "7.48%", "2018-10-31": "7.27%", "2018-07-31": "7.34%", "2018-04-30": "5.66%", "2018-01-31": "3.93%", "2017-10-31": "4.08%", "2017-07-31": "4.10%", "2017-04-30": "6.38%", "2017-01-31": "10.94%", "2016-10-31": "11.19%", "2016-07-31": "8.85%", "2016-04-30": "8.83%", "2016-01-31": "9.46%", "2015-10-31": "9.92%", "2015-07-31": "10.18%", "2015-04-30": "9.08%", "2015-01-31": "8.97%", "2014-10-31": "8.74%", "2014-07-31": "10.20%", "2014-04-30": "11.26%", "2014-01-31": "11.23%", "2013-10-31": "11.18%", "2013-07-31": "11.15%", "2013-04-30": "11.38%", "2013-01-31": "11.58%", "2012-10-31": "11.96%", "2012-07-31": "12.25%", "2012-04-30": "13.31%", "2012-01-31": "14.98%", "2011-10-31": "17.12%", "2011-07-31": "18.80%", "2011-04-30": "19.53%", "2011-01-31": "19.18%", "2010-10-31": "17.71%", "2010-07-31": "15.68%", "2010-04-30": "12.83%", "2010-01-31": "10.38%", "2009-10-31": "7.97%", "2009-07-31": "9.40%", "2009-04-30": "12.02%", "2009-01-31": "14.56%", "2008-10-31": "25.52%", "2008-07-31": "24.27%", "2008-04-30": "23.50%", "2008-01-31": "22.04%", "2007-10-31": "14.54%", "2007-07-31": "14.62%", "2007-04-30": "14.21%", "2007-01-31": "14.10%", "2006-10-31": "12.90%", "2006-07-31": "10.88%", "2006-04-30": "10.10%", "2006-01-31": "9.39%", "2005-10-31": "8.96%"}, "return on investments": {"2020-10-31": "8.91%", "2020-07-31": "8.20%", "2020-04-30": "8.35%", "2020-01-31": "9.02%", "2019-10-31": "9.90%", "2019-07-31": "10.54%", "2019-04-30": "10.73%", "2019-01-31": "10.90%", "2018-10-31": "10.83%", "2018-07-31": "11.32%", "2018-04-30": "9.54%", "2018-01-31": "7.43%", "2017-10-31": "7.33%", "2017-07-31": "7.32%", "2017-04-30": "10.06%", "2017-01-31": "14.99%", "2016-10-31": "15.26%", "2016-07-31": "12.18%", "2016-04-30": "12.69%", "2016-01-31": "14.03%", "2015-10-31": "14.92%", "2015-07-31": "15.62%", "2015-04-30": "14.30%", "2015-01-31": "13.59%", "2014-10-31": "13.11%", "2014-07-31": "13.99%", "2014-04-30": "14.30%", "2014-01-31": "14.16%", "2013-10-31": "14.04%", "2013-07-31": "14.76%", "2013-04-30": "15.31%", "2013-01-31": "16.10%", "2012-10-31": "17.04%", "2012-07-31": "17.74%", "2012-04-30": "19.44%", "2012-01-31": "21.60%", "2011-10-31": "24.31%", "2011-07-31": "27.11%", "2011-04-30": "28.43%", "2011-01-31": "28.47%", "2010-10-31": "26.77%", "2010-07-31": "23.26%", "2010-04-30": "18.75%", "2010-01-31": "18.63%", "2009-10-31": "19.85%", "2009-07-31": "44.90%", "2009-04-30": "inf%", "2009-01-31": "inf%", "2008-10-31": "inf%", "2008-07-31": "inf%", "2008-04-30": "inf%", "2008-01-31": "inf%", "2007-10-31": "inf%", "2007-07-31": "inf%", "2007-04-30": "inf%", "2007-01-31": "inf%", "2006-10-31": "inf%", "2006-07-31": "inf%", "2006-04-30": "inf%", "2006-01-31": "inf%", "2005-10-31": "inf%"}, "return on tangible equity": {"2020-10-31": "-28.00%", "2020-07-31": "-24.25%", "2020-04-30": "-23.57%", "2020-01-31": "-25.16%", "2019-10-31": "-27.36%", "2019-07-31": "-28.45%", "2019-04-30": "-27.36%", "2019-01-31": "-25.92%", "2018-10-31": "-23.20%", "2018-07-31": "-22.23%", "2018-04-30": "-16.42%", "2018-01-31": "-11.73%", "2017-10-31": "-16.18%", "2017-07-31": "-28.13%", "2017-04-30": "348.39%", "2017-01-31": "31.69%", "2016-10-31": "30.68%", "2016-07-31": "23.74%", "2016-04-30": "23.22%", "2016-01-31": "24.41%", "2015-10-31": "25.56%", "2015-07-31": "27.05%", "2015-04-30": "26.07%", "2015-01-31": "21.41%", "2014-10-31": "17.72%", "2014-07-31": "17.85%", "2014-04-30": "16.08%", "2014-01-31": "15.98%", "2013-10-31": "15.91%", "2013-07-31": "15.91%", "2013-04-30": "16.37%", "2013-01-31": "16.92%", "2012-10-31": "17.66%", "2012-07-31": "18.22%", "2012-04-30": "20.03%", "2012-01-31": "22.74%", "2011-10-31": "25.99%", "2011-07-31": "28.42%", "2011-04-30": "29.23%", "2011-01-31": "28.37%", "2010-10-31": "26.18%", "2010-07-31": "23.24%", "2010-04-30": "19.06%", "2010-01-31": "15.00%", "2009-10-31": "11.28%", "2009-07-31": "13.15%", "2009-04-30": "16.72%", "2009-01-31": "20.83%", "2008-10-31": "37.62%", "2008-07-31": "36.01%", "2008-04-30": "34.62%", "2008-01-31": "31.49%", "2007-10-31": "19.90%", "2007-07-31": "19.34%", "2007-04-30": "18.20%", "2007-01-31": "17.84%", "2006-10-31": "16.14%", "2006-07-31": "13.71%", "2006-04-30": "12.84%", "2006-01-31": "11.99%", "2005-10-31": "11.58%"}, "dividend yield history": {"last payout": "$2.48", "last yield": "1.67%"}}