{"ticker": "ANET", "price": {"title": "Arista Networks Historical Annual Stock Price Data", "value": 318.55, "historical": {"2020": {"Average Stock Price": "224.5166", "Year Open": "204.7200", "Year High": "290.9400", "Year Low": "157.0400", "Year Close": "290.5700", "Annual % Change": "42.86%"}, "2019": {"Average Stock Price": "247.0381", "Year Open": "210.5500", "Year High": "328.5400", "Year Low": "185.3000", "Year Close": "203.4000", "Annual % Change": "-3.46%"}, "2018": {"Average Stock Price": "258.2064", "Year Open": "231.0300", "Year High": "308.5800", "Year Low": "188.9000", "Year Close": "210.7000", "Annual % Change": "-10.56%"}, "2017": {"Average Stock Price": "159.3553", "Year Open": "97.0600", "Year High": "243.5500", "Year Low": "88.2300", "Year Close": "235.5800", "Annual % Change": "143.44%"}, "2016": {"Average Stock Price": "74.1635", "Year Open": "77.4000", "Year High": "98.0000", "Year Low": "53.0000", "Year Close": "96.7700", "Annual % Change": "24.32%"}, "2015": {"Average Stock Price": "70.9392", "Year Open": "62.6800", "Year High": "87.6800", "Year Low": "56.7100", "Year Close": "77.8400", "Annual % Change": "28.11%"}, "2014": {"Average Stock Price": "73.8048", "Year Open": "55.0000", "Year High": "93.3100", "Year Low": "55.0000", "Year Close": "60.7600", "Annual % Change": "0.00%"}}}, "market cap": {"value": "$24.21B"}, "income statement": {"Revenue": {"2019-12-31": "2410.70600", "2018-12-31": "2151.36900", "2017-12-31": "1646.18600", "2016-12-31": "1129.16700", "2015-12-31": "837.59100", "2014-12-31": "584.10600", "2013-12-31": "361.22400", "2012-12-31": "193.40800", "2011-12-31": "139.84800"}, "Cost Of Goods Sold": {"2019-12-31": "866.36800", "2018-12-31": "777.99200", "2017-12-31": "584.41700", "2016-12-31": "406.05100", "2015-12-31": "294.03100", "2014-12-31": "192.01500", "2013-12-31": "122.68600", "2012-12-31": "61.25200", "2011-12-31": "43.36600"}, "Gross Profit": {"2019-12-31": "1544.33800", "2018-12-31": "1373.37700", "2017-12-31": "1061.76900", "2016-12-31": "723.11600", "2015-12-31": "543.56000", "2014-12-31": "392.09100", "2013-12-31": "238.53800", "2012-12-31": "132.15600", "2011-12-31": "96.48200"}, "Research And Development Expenses": {"2019-12-31": "462.75900", "2018-12-31": "442.46800", "2017-12-31": "349.59400", "2016-12-31": "273.58100", "2015-12-31": "209.44800", "2014-12-31": "148.90900", "2013-12-31": "98.58700", "2012-12-31": "55.15500", "2011-12-31": "26.40800"}, "SG&A Expenses": {"2019-12-31": "275.80500", "2018-12-31": "252.56200", "2017-12-31": "241.90300", "2016-12-31": "206.12600", "2015-12-31": "184.80400", "2014-12-31": "117.66900", "2013-12-31": "73.80300", "2012-12-31": "37.10400", "2011-12-31": "25.67400"}, "Other Operating Income Or Expenses": {"2019-12-31": "", "2018-12-31": "-405.00000", "2017-12-31": "", "2016-12-31": "", "2015-12-31": "", "2014-12-31": "", "2013-12-31": "", "2012-12-31": "", "2011-12-31": ""}, "Operating Expenses": {"2019-12-31": "1604.93200", "2018-12-31": "1878.02200", "2017-12-31": "1175.91400", "2016-12-31": "885.75790", "2015-12-31": "688.28300", "2014-12-31": "458.59300", "2013-12-31": "295.07600", "2012-12-31": "153.51100", "2011-12-31": "95.44800"}, "Operating Income": {"2019-12-31": "805.77390", "2018-12-31": "273.34690", "2017-12-31": "470.27210", "2016-12-31": "243.40910", "2015-12-31": "149.30800", "2014-12-31": "125.51300", "2013-12-31": "66.14800", "2012-12-31": "39.89700", "2011-12-31": "44.40000"}, "Total Non-Operating Income/Expense": {"2019-12-31": "56.49600", "2018-12-31": "15.45400", "2017-12-31": "4.48800", "2016-12-31": "-1.18400", "2015-12-31": "-3.29900", "2014-12-31": "-4.00500", "2013-12-31": "-7.87300", "2012-12-31": "-6.92200", "2011-12-31": "-6.77400"}, "Pre-Tax Income": {"2019-12-31": "862.27000", "2018-12-31": "288.80100", "2017-12-31": "474.76000", "2016-12-31": "242.22500", "2015-12-31": "146.00900", "2014-12-31": "121.50800", "2013-12-31": "58.27500", "2012-12-31": "32.97500", "2011-12-31": "37.62600"}, "Income Taxes": {"2019-12-31": "2.40300", "2018-12-31": "-39.31400", "2017-12-31": "51.55900", "2016-12-31": "58.03600", "2015-12-31": "24.90700", "2014-12-31": "34.65800", "2013-12-31": "15.81500", "2012-12-31": "11.62600", "2011-12-31": "3.59100"}, "Income After Taxes": {"2019-12-31": "859.86700", "2018-12-31": "328.11500", "2017-12-31": "423.20100", "2016-12-31": "184.18900", "2015-12-31": "121.10200", "2014-12-31": "86.85000", "2013-12-31": "42.46000", "2012-12-31": "21.34900", "2011-12-31": "34.03500"}, "Other Income": {"2019-12-31": "", "2018-12-31": "", "2017-12-31": "", "2016-12-31": "", "2015-12-31": "", "2014-12-31": "", "2013-12-31": "", "2012-12-31": "", "2011-12-31": ""}, "Income From Continuous Operations": {"2019-12-31": "859.86700", "2018-12-31": "328.11500", "2017-12-31": "423.20100", "2016-12-31": "184.18900", "2015-12-31": "121.10200", "2014-12-31": "86.85000", "2013-12-31": "42.46000", "2012-12-31": "21.34900", "2011-12-31": "34.03500"}, "Income From Discontinued Operations": {"2019-12-31": "", "2018-12-31": "", "2017-12-31": "", "2016-12-31": "", "2015-12-31": "", "2014-12-31": "", "2013-12-31": "", "2012-12-31": "", "2011-12-31": ""}, "Net Income": {"2019-12-31": "859.44400", "2018-12-31": "327.92600", "2017-12-31": "422.40000", "2016-12-31": "182.96500", "2015-12-31": "119.11500", "2014-12-31": "68.88900", "2013-12-31": "20.77700", "2012-12-31": "9.62200", "2011-12-31": "13.78900"}, "EBITDA": {"2019-12-31": "831.85190", "2018-12-31": "297.65790", "2017-12-31": "492.36410", "2016-12-31": "264.65110", "2015-12-31": "164.45000", "2014-12-31": "136.40900", "2013-12-31": "72.31000", "2012-12-31": "42.71600", "2011-12-31": "46.52900"}, "EBIT": {"2019-12-31": "805.77390", "2018-12-31": "273.34690", "2017-12-31": "470.27210", "2016-12-31": "243.40910", "2015-12-31": "149.30800", "2014-12-31": "125.51300", "2013-12-31": "66.14800", "2012-12-31": "39.89700", "2011-12-31": "44.40000"}, "Basic Shares Outstanding": {"2019-12-31": "76.31200", "2018-12-31": "74.75000", "2017-12-31": "72.25800", "2016-12-31": "68.77100", "2015-12-31": "65.96400", "2014-12-31": "48.42700", "2013-12-31": "27.32000", "2012-12-31": "24.71100", "2011-12-31": "21.17580"}, "Shares Outstanding": {"2019-12-31": "80.87900", "2018-12-31": "80.84400", "2017-12-31": "78.97700", "2016-12-31": "73.22200", "2015-12-31": "71.41100", "2014-12-31": "54.59000", "2013-12-31": "30.05100", "2012-12-31": "24.90100", "2011-12-31": "21.34560"}, "Basic EPS": {"2019-12-31": "11.26000", "2018-12-31": "4.39000", "2017-12-31": "5.85000", "2016-12-31": "2.66000", "2015-12-31": "1.81000", "2014-12-31": "1.42000", "2013-12-31": "0.76000", "2012-12-31": "0.39000", "2011-12-31": "0.65000"}, "EPS - Earnings Per Share": {"2019-12-31": "10.63000", "2018-12-31": "4.06000", "2017-12-31": "5.35000", "2016-12-31": "2.50000", "2015-12-31": "1.67000", "2014-12-31": "1.29000", "2013-12-31": "0.72000", "2012-12-31": "0.39000", "2011-12-31": "0.65000"}}, "income statement, quarterly": {"Revenue": {"2020-09-30": "605.43100", "2020-06-30": "540.57000", "2020-03-31": "523.02900", "2019-12-31": "552.54600", "2019-09-30": "654.41500", "2019-06-30": "608.32100", "2019-03-31": "595.42400", "2018-12-31": "595.72580", "2018-09-30": "563.30900", "2018-06-30": "519.84500", "2018-03-31": "472.48900", "2017-12-31": "467.86700", "2017-09-30": "437.63300", "2017-06-30": "405.21100", "2017-03-31": "335.47500", "2016-12-31": "327.96910", "2016-09-30": "290.26100", "2016-06-30": "268.74100", "2016-03-31": "242.19600", "2015-12-31": "245.44600", "2015-09-30": "217.54800", "2015-06-30": "195.55200", "2015-03-31": "179.04500", "2014-12-31": "173.48900", "2014-09-30": "155.46300", "2014-06-30": "137.94700", "2014-03-31": "117.20700", "2013-12-31": "114.76600", "2013-09-30": "101.62500", "2013-06-30": "83.48500", "2013-03-31": "61.34800", "2012-12-31": "", "2011-12-31": ""}, "Cost Of Goods Sold": {"2020-09-30": "220.46900", "2020-06-30": "196.48100", "2020-03-31": "184.77800", "2019-12-31": "196.24310", "2019-09-30": "237.14100", "2019-06-30": "218.13000", "2019-03-31": "214.85400", "2018-12-31": "220.73400", "2018-09-30": "201.72600", "2018-06-30": "185.96200", "2018-03-31": "169.57000", "2017-12-31": "160.70200", "2017-09-30": "157.01600", "2017-06-30": "145.43400", "2017-03-31": "121.26500", "2016-12-31": "117.81400", "2016-09-30": "103.84100", "2016-06-30": "97.29000", "2016-03-31": "87.10600", "2015-12-31": "89.27800", "2015-09-30": "75.80000", "2015-06-30": "67.66200", "2015-03-31": "61.29100", "2014-12-31": "57.04900", "2014-09-30": "54.50600", "2014-06-30": "44.56700", "2014-03-31": "35.89300", "2013-12-31": "37.30000", "2013-09-30": "36.58900", "2013-06-30": "29.58400", "2013-03-31": "19.22000", "2012-12-31": "", "2011-12-31": ""}, "Gross Profit": {"2020-09-30": "384.96200", "2020-06-30": "344.08900", "2020-03-31": "338.25100", "2019-12-31": "356.30290", "2019-09-30": "417.27400", "2019-06-30": "390.19100", "2019-03-31": "380.57000", "2018-12-31": "374.99180", "2018-09-30": "361.58300", "2018-06-30": "333.88300", "2018-03-31": "302.91900", "2017-12-31": "307.16500", "2017-09-30": "280.61700", "2017-06-30": "259.77700", "2017-03-31": "214.21000", "2016-12-31": "210.15510", "2016-09-30": "186.42000", "2016-06-30": "171.45100", "2016-03-31": "155.09000", "2015-12-31": "156.16800", "2015-09-30": "141.74800", "2015-06-30": "127.89000", "2015-03-31": "117.75400", "2014-12-31": "116.44000", "2014-09-30": "100.95700", "2014-06-30": "93.38000", "2014-03-31": "81.31400", "2013-12-31": "77.46600", "2013-09-30": "65.03600", "2013-06-30": "53.90100", "2013-03-31": "42.12800", "2012-12-31": "", "2011-12-31": ""}, "Research And Development Expenses": {"2020-09-30": "128.04900", "2020-06-30": "111.54400", "2020-03-31": "113.15400", "2019-12-31": "110.06300", "2019-09-30": "118.73200", "2019-06-30": "114.29500", "2019-03-31": "119.66900", "2018-12-31": "118.43900", "2018-09-30": "117.58900", "2018-06-30": "104.07800", "2018-03-31": "102.36200", "2017-12-31": "107.18000", "2017-09-30": "79.61000", "2017-06-30": "81.19400", "2017-03-31": "81.61000", "2016-12-31": "71.39800", "2016-09-30": "70.64800", "2016-06-30": "69.02000", "2016-03-31": "62.51500", "2015-12-31": "57.41300", "2015-09-30": "58.74800", "2015-06-30": "49.94700", "2015-03-31": "43.34000", "2014-12-31": "44.34400", "2014-09-30": "36.23100", "2014-06-30": "34.88800", "2014-03-31": "33.44600", "2013-12-31": "31.36000", "2013-09-30": "26.63500", "2013-06-30": "21.08600", "2013-03-31": "19.51400", "2012-12-31": "", "2011-12-31": ""}, "SG&A Expenses": {"2020-09-30": "68.51800", "2020-06-30": "65.55600", "2020-03-31": "75.43500", "2019-12-31": "70.25100", "2019-09-30": "69.93600", "2019-06-30": "69.05900", "2019-03-31": "66.55900", "2018-12-31": "62.91100", "2018-09-30": "63.22400", "2018-06-30": "64.60800", "2018-03-31": "61.81900", "2017-12-31": "60.59700", "2017-09-30": "60.17500", "2017-06-30": "61.94900", "2017-03-31": "59.18200", "2016-12-31": "61.26200", "2016-09-30": "52.75100", "2016-06-30": "49.27300", "2016-03-31": "42.84000", "2015-12-31": "49.35800", "2015-09-30": "51.70300", "2015-06-30": "45.08400", "2015-03-31": "38.65900", "2014-12-31": "33.09400", "2014-09-30": "30.85200", "2014-06-30": "27.83700", "2014-03-31": "25.88600", "2013-12-31": "23.62000", "2013-09-30": "19.76500", "2013-06-30": "16.55100", "2013-03-31": "13.87100", "2012-12-31": "", "2011-12-31": ""}, "Other Operating Income Or Expenses": {"2020-09-30": "", "2020-06-30": "", "2020-03-31": "", "2019-12-31": "", "2019-09-30": "", "2019-06-30": "", "2019-03-31": "", "2018-12-31": "", "2018-09-30": "", "2018-06-30": "-405.00000", "2018-03-31": "", "2017-12-31": "", "2017-09-30": "", "2017-06-30": "", "2017-03-31": "", "2016-12-31": "", "2016-09-30": "", "2016-06-30": "", "2016-03-31": "", "2015-12-31": "", "2015-09-30": "", "2015-06-30": "", "2015-03-31": "", "2014-12-31": "", "2014-09-30": "", "2014-06-30": "", "2014-03-31": "", "2013-12-31": "", "2013-09-30": "", "2013-06-30": "", "2013-03-31": "", "2012-12-31": "", "2011-12-31": ""}, "Operating Expenses": {"2020-09-30": "417.03600", "2020-06-30": "373.58100", "2020-03-31": "373.36700", "2019-12-31": "376.55710", "2019-09-30": "425.80900", "2019-06-30": "401.48400", "2019-03-31": "401.08200", "2018-12-31": "402.08400", "2018-09-30": "382.53900", "2018-06-30": "759.64790", "2018-03-31": "333.75100", "2017-12-31": "328.47890", "2017-09-30": "296.80100", "2017-06-30": "288.57700", "2017-03-31": "262.05700", "2016-12-31": "250.47390", "2016-09-30": "227.24000", "2016-06-30": "215.58300", "2016-03-31": "192.46100", "2015-12-31": "196.04900", "2015-09-30": "186.25100", "2015-06-30": "162.69300", "2015-03-31": "143.29000", "2014-12-31": "134.48700", "2014-09-30": "121.58900", "2014-06-30": "107.29200", "2014-03-31": "95.22500", "2013-12-31": "92.28000", "2013-09-30": "82.98900", "2013-06-30": "67.22100", "2013-03-31": "52.60500", "2012-12-31": "", "2011-12-31": ""}, "Operating Income": {"2020-09-30": "188.39500", "2020-06-30": "166.98900", "2020-03-31": "149.66200", "2019-12-31": "175.98890", "2019-09-30": "228.60600", "2019-06-30": "206.83700", "2019-03-31": "194.34200", "2018-12-31": "193.64190", "2018-09-30": "180.77000", "2018-06-30": "-239.80300", "2018-03-31": "138.73800", "2017-12-31": "139.38810", "2017-09-30": "140.83200", "2017-06-30": "116.63400", "2017-03-31": "73.41800", "2016-12-31": "77.49510", "2016-09-30": "63.02100", "2016-06-30": "53.15800", "2016-03-31": "49.73500", "2015-12-31": "49.39690", "2015-09-30": "31.29700", "2015-06-30": "32.85900", "2015-03-31": "35.75500", "2014-12-31": "39.00200", "2014-09-30": "33.87400", "2014-06-30": "30.65500", "2014-03-31": "21.98200", "2013-12-31": "22.48600", "2013-09-30": "18.63600", "2013-06-30": "16.26400", "2013-03-31": "8.74300", "2012-12-31": "", "2011-12-31": ""}, "Total Non-Operating Income/Expense": {"2020-09-30": "13.22400", "2020-06-30": "8.25600", "2020-03-31": "12.15700", "2019-12-31": "11.18300", "2019-09-30": "19.16900", "2019-06-30": "13.81100", "2019-03-31": "12.33300", "2018-12-31": "4.84800", "2018-09-30": "8.61900", "2018-06-30": "-2.16900", "2018-03-31": "4.15600", "2017-12-31": "2.24700", "2017-09-30": "1.43500", "2017-06-30": "0.49600", "2017-03-31": "0.31000", "2016-12-31": "-0.35800", "2016-09-30": "-0.09600", "2016-06-30": "-0.31600", "2016-03-31": "-0.41400", "2015-12-31": "-0.85500", "2015-09-30": "-0.74000", "2015-06-30": "-0.41500", "2015-03-31": "-1.28900", "2014-12-31": "-0.91900", "2014-09-30": "-1.58800", "2014-06-30": "1.03700", "2014-03-31": "-2.53500", "2013-12-31": "-2.43900", "2013-09-30": "-1.82000", "2013-06-30": "-1.77300", "2013-03-31": "-1.85000", "2012-12-31": "", "2011-12-31": ""}, "Pre-Tax Income": {"2020-09-30": "201.61900", "2020-06-30": "175.24500", "2020-03-31": "161.81900", "2019-12-31": "187.17200", "2019-09-30": "247.77500", "2019-06-30": "220.64800", "2019-03-31": "206.67500", "2018-12-31": "198.49000", "2018-09-30": "189.38900", "2018-06-30": "-241.97200", "2018-03-31": "142.89400", "2017-12-31": "141.63500", "2017-09-30": "142.26700", "2017-06-30": "117.13000", "2017-03-31": "73.72800", "2016-12-31": "77.13700", "2016-09-30": "62.92500", "2016-06-30": "52.84200", "2016-03-31": "49.32100", "2015-12-31": "48.54200", "2015-09-30": "30.55700", "2015-06-30": "32.44400", "2015-03-31": "34.46600", "2014-12-31": "38.08300", "2014-09-30": "32.28600", "2014-06-30": "31.69200", "2014-03-31": "19.44700", "2013-12-31": "20.08000", "2013-09-30": "16.81600", "2013-06-30": "14.49100", "2013-03-31": "6.89300", "2012-12-31": "", "2011-12-31": ""}, "Income Taxes": {"2020-09-30": "33.24400", "2020-06-30": "30.45200", "2020-03-31": "23.38800", "2019-12-31": "-73.52000", "2019-09-30": "38.88000", "2019-06-30": "31.39700", "2019-03-31": "5.64600", "2018-12-31": "28.16800", "2018-09-30": "20.86500", "2018-06-30": "-86.70300", "2018-03-31": "-1.64400", "2017-12-31": "37.80200", "2017-09-30": "8.54500", "2017-06-30": "14.44500", "2017-03-31": "-9.23300", "2016-12-31": "18.35400", "2016-09-30": "11.66800", "2016-06-30": "13.93800", "2016-03-31": "14.07600", "2015-12-31": "4.61800", "2015-09-30": "1.86700", "2015-06-30": "8.44800", "2015-03-31": "9.97400", "2014-12-31": "7.04600", "2014-09-30": "10.42000", "2014-06-30": "10.07400", "2014-03-31": "7.11800", "2013-12-31": "6.33000", "2013-09-30": "4.96000", "2013-06-30": "4.24000", "2013-03-31": "0.28200", "2012-12-31": "", "2011-12-31": ""}, "Income After Taxes": {"2020-09-30": "168.37500", "2020-06-30": "144.79300", "2020-03-31": "138.43100", "2019-12-31": "260.69210", "2019-09-30": "208.89500", "2019-06-30": "189.25100", "2019-03-31": "201.02900", "2018-12-31": "170.32200", "2018-09-30": "168.52400", "2018-06-30": "-155.26900", "2018-03-31": "144.53800", "2017-12-31": "103.83300", "2017-09-30": "133.72200", "2017-06-30": "102.68500", "2017-03-31": "82.96100", "2016-12-31": "58.78300", "2016-09-30": "51.25700", "2016-06-30": "38.90400", "2016-03-31": "35.24500", "2015-12-31": "43.92400", "2015-09-30": "28.69000", "2015-06-30": "23.99600", "2015-03-31": "24.49200", "2014-12-31": "31.03700", "2014-09-30": "21.86600", "2014-06-30": "21.61800", "2014-03-31": "12.32900", "2013-12-31": "13.75000", "2013-09-30": "11.85600", "2013-06-30": "10.25100", "2013-03-31": "6.61100", "2012-12-31": "", "2011-12-31": ""}, "Other Income": {"2020-09-30": "", "2020-06-30": "", "2020-03-31": "", "2019-12-31": "", "2019-09-30": "", "2019-06-30": "", "2019-03-31": "", "2018-12-31": "", "2018-09-30": "", "2018-06-30": "", "2018-03-31": "", "2017-12-31": "", "2017-09-30": "", "2017-06-30": "", "2017-03-31": "", "2016-12-31": "", "2016-09-30": "", "2016-06-30": "", "2016-03-31": "", "2015-12-31": "", "2015-09-30": "", "2015-06-30": "", "2015-03-31": "", "2014-12-31": "", "2014-09-30": "", "2014-06-30": "", "2014-03-31": "", "2013-12-31": "0.00000", "2013-09-30": "", "2013-06-30": "", "2013-03-31": "", "2012-12-31": "", "2011-12-31": ""}, "Income From Continuous Operations": {"2020-09-30": "168.37500", "2020-06-30": "144.79300", "2020-03-31": "138.43100", "2019-12-31": "260.69210", "2019-09-30": "208.89500", "2019-06-30": "189.25100", "2019-03-31": "201.02900", "2018-12-31": "170.32200", "2018-09-30": "168.52400", "2018-06-30": "-155.26900", "2018-03-31": "144.53800", "2017-12-31": "103.83300", "2017-09-30": "133.72200", "2017-06-30": "102.68500", "2017-03-31": "82.96100", "2016-12-31": "58.78300", "2016-09-30": "51.25700", "2016-06-30": "38.90400", "2016-03-31": "35.24500", "2015-12-31": "43.92400", "2015-09-30": "28.69000", "2015-06-30": "23.99600", "2015-03-31": "24.49200", "2014-12-31": "31.03700", "2014-09-30": "21.86600", "2014-06-30": "21.61800", "2014-03-31": "12.32900", "2013-12-31": "13.74200", "2013-09-30": "11.85600", "2013-06-30": "10.25100", "2013-03-31": "6.61100", "2012-12-31": "", "2011-12-31": ""}, "Income From Discontinued Operations": {"2020-09-30": "", "2020-06-30": "", "2020-03-31": "", "2019-12-31": "", "2019-09-30": "", "2019-06-30": "", "2019-03-31": "", "2018-12-31": "", "2018-09-30": "", "2018-06-30": "", "2018-03-31": "", "2017-12-31": "", "2017-09-30": "", "2017-06-30": "", "2017-03-31": "", "2016-12-31": "", "2016-09-30": "", "2016-06-30": "", "2016-03-31": "", "2015-12-31": "", "2015-09-30": "", "2015-06-30": "", "2015-03-31": "", "2014-12-31": "", "2014-09-30": "", "2014-06-30": "", "2014-03-31": "", "2013-12-31": "0.00000", "2013-09-30": "", "2013-06-30": "", "2013-03-31": "", "2012-12-31": "", "2011-12-31": ""}, "Net Income": {"2020-09-30": "168.37500", "2020-06-30": "144.79300", "2020-03-31": "138.43100", "2019-12-31": "260.58200", "2019-09-30": "208.79900", "2019-06-30": "189.15200", "2019-03-31": "200.91100", "2018-12-31": "170.22500", "2018-09-30": "168.43900", "2018-06-30": "-155.18700", "2018-03-31": "144.44900", "2017-12-31": "103.71200", "2017-09-30": "133.54000", "2017-06-30": "102.45400", "2017-03-31": "82.69400", "2016-12-31": "58.46500", "2016-09-30": "50.96200", "2016-06-30": "38.61700", "2016-03-31": "34.92100", "2015-12-31": "43.17500", "2015-09-30": "28.30100", "2015-06-30": "23.60700", "2015-03-31": "24.03200", "2014-12-31": "27.13000", "2014-09-30": "21.18500", "2014-06-30": "14.21200", "2014-03-31": "6.36200", "2013-12-31": "13.74200", "2013-09-30": "5.83800", "2013-06-30": "4.94800", "2013-03-31": "3.12700", "2012-12-31": "", "2011-12-31": ""}, "EBITDA": {"2020-09-30": "202.29200", "2020-06-30": "179.84700", "2020-03-31": "160.91200", "2019-12-31": "183.15090", "2019-09-30": "235.02500", "2019-06-30": "213.04100", "2019-03-31": "200.63500", "2018-12-31": "201.37590", "2018-09-30": "186.80200", "2018-06-30": "-234.92500", "2018-03-31": "144.40500", "2017-12-31": "145.01910", "2017-09-30": "146.50700", "2017-06-30": "122.15100", "2017-03-31": "78.68700", "2016-12-31": "82.93610", "2016-09-30": "68.77500", "2016-06-30": "58.42600", "2016-03-31": "54.51400", "2015-12-31": "53.48290", "2015-09-30": "35.22400", "2015-06-30": "36.60800", "2015-03-31": "39.13500", "2014-12-31": "42.00500", "2014-09-30": "36.52700", "2014-06-30": "33.31800", "2014-03-31": "24.55900", "2013-12-31": "25.30900", "2013-09-30": "19.93600", "2013-06-30": "17.31000", "2013-03-31": "9.73400", "2012-12-31": "", "2011-12-31": ""}, "EBIT": {"2020-09-30": "188.39500", "2020-06-30": "166.98900", "2020-03-31": "149.66200", "2019-12-31": "175.98890", "2019-09-30": "228.60600", "2019-06-30": "206.83700", "2019-03-31": "194.34200", "2018-12-31": "193.64190", "2018-09-30": "180.77000", "2018-06-30": "-239.80300", "2018-03-31": "138.73800", "2017-12-31": "139.38810", "2017-09-30": "140.83200", "2017-06-30": "116.63400", "2017-03-31": "73.41800", "2016-12-31": "77.49510", "2016-09-30": "63.02100", "2016-06-30": "53.15800", "2016-03-31": "49.73500", "2015-12-31": "49.39700", "2015-09-30": "31.29700", "2015-06-30": "32.85900", "2015-03-31": "35.75500", "2014-12-31": "39.00200", "2014-09-30": "33.87400", "2014-06-30": "30.65500", "2014-03-31": "21.98200", "2013-12-31": "22.48600", "2013-09-30": "18.63600", "2013-06-30": "16.26400", "2013-03-31": "8.74300", "2012-12-31": "", "2011-12-31": ""}, "Basic Shares Outstanding": {"2020-09-30": "75.99900", "2020-06-30": "75.80800", "2020-03-31": "76.26400", "2019-12-31": "76.31200", "2019-09-30": "76.42600", "2019-06-30": "76.55200", "2019-03-31": "75.92000", "2018-12-31": "74.75000", "2018-09-30": "75.01100", "2018-06-30": "74.50300", "2018-03-31": "73.99400", "2017-12-31": "72.25800", "2017-09-30": "72.58800", "2017-06-30": "71.99200", "2017-03-31": "71.11400", "2016-12-31": "68.77100", "2016-09-30": "69.07600", "2016-06-30": "68.27500", "2016-03-31": "67.73700", "2015-12-31": "65.96400", "2015-09-30": "66.62900", "2015-06-30": "65.52400", "2015-03-31": "64.63500", "2014-12-31": "48.42700", "2014-09-30": "62.40200", "2014-06-30": "38.49100", "2014-03-31": "29.12400", "2013-12-31": "28.48700", "2013-09-30": "27.55700", "2013-06-30": "26.92600", "2013-03-31": "26.28500", "2012-12-31": "", "2011-12-31": ""}, "Shares Outstanding": {"2020-09-30": "79.31300", "2020-06-30": "79.29800", "2020-03-31": "79.93900", "2019-12-31": "80.87900", "2019-09-30": "80.75300", "2019-06-30": "81.33500", "2019-03-31": "81.20100", "2018-12-31": "80.84400", "2018-09-30": "81.01800", "2018-06-30": "74.50300", "2018-03-31": "80.72100", "2017-12-31": "78.97700", "2017-09-30": "79.32200", "2017-06-30": "78.75600", "2017-03-31": "77.51600", "2016-12-31": "73.22200", "2016-09-30": "73.45300", "2016-06-30": "72.81700", "2016-03-31": "72.21400", "2015-12-31": "71.41100", "2015-09-30": "71.88700", "2015-06-30": "71.21500", "2015-03-31": "70.72200", "2014-12-31": "54.59000", "2014-09-30": "69.73700", "2014-06-30": "44.05700", "2014-03-31": "33.81600", "2013-12-31": "32.47000", "2013-09-30": "30.41200", "2013-06-30": "29.25200", "2013-03-31": "28.04400", "2012-12-31": "", "2011-12-31": ""}, "Basic EPS": {"2020-09-30": "2.22000", "2020-06-30": "1.91000", "2020-03-31": "1.82000", "2019-12-31": "3.41000", "2019-09-30": "2.73000", "2019-06-30": "2.47000", "2019-03-31": "2.65000", "2018-12-31": "2.27000", "2018-09-30": "2.25000", "2018-06-30": "-2.08000", "2018-03-31": "1.95000", "2017-12-31": "1.43000", "2017-09-30": "1.84000", "2017-06-30": "1.42000", "2017-03-31": "1.16000", "2016-12-31": "0.83000", "2016-09-30": "0.74000", "2016-06-30": "0.57000", "2016-03-31": "0.52000", "2015-12-31": "0.66000", "2015-09-30": "0.42000", "2015-06-30": "0.36000", "2015-03-31": "0.37000", "2014-12-31": "0.49000", "2014-09-30": "0.34000", "2014-06-30": "0.37000", "2014-03-31": "0.22000", "2013-12-31": "0.24000", "2013-09-30": "0.21000", "2013-06-30": "0.18000", "2013-03-31": "0.12000", "2012-12-31": "", "2011-12-31": ""}, "EPS - Earnings Per Share": {"2020-09-30": "2.12000", "2020-06-30": "1.83000", "2020-03-31": "1.73000", "2019-12-31": "3.24000", "2019-09-30": "2.59000", "2019-06-30": "2.33000", "2019-03-31": "2.47000", "2018-12-31": "2.27000", "2018-09-30": "2.08000", "2018-06-30": "-2.08000", "2018-03-31": "1.79000", "2017-12-31": "1.30000", "2017-09-30": "1.68000", "2017-06-30": "1.30000", "2017-03-31": "1.07000", "2016-12-31": "0.80000", "2016-09-30": "0.69000", "2016-06-30": "0.53000", "2016-03-31": "0.48000", "2015-12-31": "0.61000", "2015-09-30": "0.39000", "2015-06-30": "0.33000", "2015-03-31": "0.34000", "2014-12-31": "0.45000", "2014-09-30": "0.30000", "2014-06-30": "0.34000", "2014-03-31": "0.20000", "2013-12-31": "0.23000", "2013-09-30": "0.20000", "2013-06-30": "0.18000", "2013-03-31": "0.12000", "2012-12-31": "0.00000", "2011-12-31": "0.00000"}}, "balance sheet": {"Cash On Hand": {"2019-12-31": "2724.36800", "2018-12-31": "1956.14700", "2017-12-31": "1535.55500", "2016-12-31": "867.83300", "2015-12-31": "687.32600", "2014-12-31": "449.45700", "2013-12-31": "117.66400", "2012-12-31": "88.65500", "2011-12-31": ""}, "Receivables": {"2019-12-31": "391.98700", "2018-12-31": "331.77700", "2017-12-31": "247.34600", "2016-12-31": "253.11900", "2015-12-31": "144.26300", "2014-12-31": "96.98200", "2013-12-31": "77.99900", "2012-12-31": "50.90200", "2011-12-31": ""}, "Inventory": {"2019-12-31": "243.82500", "2018-12-31": "264.55700", "2017-12-31": "306.19800", "2016-12-31": "236.49000", "2015-12-31": "92.12900", "2014-12-31": "78.00600", "2013-12-31": "67.09400", "2012-12-31": "24.18100", "2011-12-31": ""}, "Pre-Paid Expenses": {"2019-12-31": "111.45600", "2018-12-31": "162.32100", "2017-12-31": "177.33000", "2016-12-31": "168.68400", "2015-12-31": "50.61000", "2014-12-31": "42.78200", "2013-12-31": "7.65300", "2012-12-31": "7.12500", "2011-12-31": ""}, "Other Current Assets": {"2019-12-31": "", "2018-12-31": "", "2017-12-31": "", "2016-12-31": "", "2015-12-31": "", "2014-12-31": "", "2013-12-31": "", "2012-12-31": "", "2011-12-31": ""}, "Total Current Assets": {"2019-12-31": "3471.63600", "2018-12-31": "2714.80200", "2017-12-31": "2266.42900", "2016-12-31": "1526.12600", "2015-12-31": "974.32800", "2014-12-31": "679.47900", "2013-12-31": "282.76600", "2012-12-31": "177.17200", "2011-12-31": ""}, "Property, Plant, And Equipment": {"2019-12-31": "39.27300", "2018-12-31": "75.35500", "2017-12-31": "74.27900", "2016-12-31": "76.96100", "2015-12-31": "79.70600", "2014-12-31": "71.55800", "2013-12-31": "67.20400", "2012-12-31": "30.54600", "2011-12-31": ""}, "Long-Term Investments": {"2019-12-31": "4.15000", "2018-12-31": "30.33600", "2017-12-31": "36.13600", "2016-12-31": "36.13600", "2015-12-31": "36.63600", "2014-12-31": "36.63600", "2013-12-31": "", "2012-12-31": "", "2011-12-31": ""}, "Goodwill And Intangible Assets": {"2019-12-31": "100.09000", "2018-12-31": "112.29400", "2017-12-31": "", "2016-12-31": "", "2015-12-31": "", "2014-12-31": "", "2013-12-31": "", "2012-12-31": "", "2011-12-31": "0.00000"}, "Other Long-Term Assets": {"2019-12-31": "30.34600", "2018-12-31": "22.70400", "2017-12-31": "18.89100", "2016-12-31": "18.82400", "2015-12-31": "20.79100", "2014-12-31": "11.84000", "2013-12-31": "10.00900", "2012-12-31": "6.77100", "2011-12-31": ""}, "Total Long-Term Assets": {"2019-12-31": "713.65400", "2018-12-31": "367.18100", "2017-12-31": "194.43100", "2016-12-31": "202.88100", "2015-12-31": "185.56200", "2014-12-31": "131.54400", "2013-12-31": "81.75400", "2012-12-31": "42.99600", "2011-12-31": ""}, "Total Assets": {"2019-12-31": "4185.29000", "2018-12-31": "3081.98300", "2017-12-31": "2460.86000", "2016-12-31": "1729.00700", "2015-12-31": "1159.89000", "2014-12-31": "811.02300", "2013-12-31": "364.52000", "2012-12-31": "220.16800", "2011-12-31": "0.00000"}, "Total Current Liabilities": {"2019-12-31": "597.07400", "2018-12-31": "606.50400", "2017-12-31": "529.90500", "2016-12-31": "459.55300", "2015-12-31": "235.01100", "2014-12-31": "144.37300", "2013-12-31": "209.34400", "2012-12-31": "46.36400", "2011-12-31": ""}, "Long Term Debt": {"2019-12-31": "", "2018-12-31": "35.43100", "2017-12-31": "37.67300", "2016-12-31": "39.59300", "2015-12-31": "41.21000", "2014-12-31": "42.54700", "2013-12-31": "43.15200", "2012-12-31": "122.92600", "2011-12-31": ""}, "Other Non-Current Liabilities": {"2019-12-31": "37.69300", "2018-12-31": "28.09800", "2017-12-31": "9.74500", "2016-12-31": "7.95800", "2015-12-31": "6.69800", "2014-12-31": "4.98100", "2013-12-31": "1.97800", "2012-12-31": "19.49100", "2011-12-31": ""}, "Total Long Term Liabilities": {"2019-12-31": "693.53000", "2018-12-31": "332.09000", "2017-12-31": "269.04100", "2016-12-31": "161.63400", "2015-12-31": "136.72700", "2014-12-31": "110.99200", "2013-12-31": "77.44400", "2012-12-31": "154.89400", "2011-12-31": ""}, "Total Liabilities": {"2019-12-31": "1290.60400", "2018-12-31": "938.59400", "2017-12-31": "798.94600", "2016-12-31": "621.18700", "2015-12-31": "371.73800", "2014-12-31": "255.36500", "2013-12-31": "286.78800", "2012-12-31": "201.25800", "2011-12-31": "0.00000"}, "Common Stock Net": {"2019-12-31": "0.00800", "2018-12-31": "0.00800", "2017-12-31": "0.00700", "2016-12-31": "0.00700", "2015-12-31": "0.00700", "2014-12-31": "0.00700", "2013-12-31": "0.00300", "2012-12-31": "0.00300", "2011-12-31": "0.00000"}, "Retained Earnings (Accumulated Deficit)": {"2019-12-31": "1788.23000", "2018-12-31": "1190.80300", "2017-12-31": "859.11400", "2016-12-31": "435.10500", "2015-12-31": "250.91600", "2014-12-31": "129.81400", "2013-12-31": "42.96400", "2012-12-31": "0.50400", "2011-12-31": ""}, "Comprehensive Income": {"2019-12-31": "0.14300", "2018-12-31": "-3.99400", "2017-12-31": "-1.93800", "2016-12-31": "-1.47500", "2015-12-31": "-0.67500", "2014-12-31": "-0.33400", "2013-12-31": "0.03600", "2012-12-31": "0.03800", "2011-12-31": ""}, "Other Share Holders Equity": {"2019-12-31": "", "2018-12-31": "", "2017-12-31": "", "2016-12-31": "", "2015-12-31": "", "2014-12-31": "", "2013-12-31": "", "2012-12-31": "", "2011-12-31": "0.00000"}, "Share Holder Equity": {"2019-12-31": "2894.68600", "2018-12-31": "2143.38900", "2017-12-31": "1661.91400", "2016-12-31": "1107.82000", "2015-12-31": "788.15200", "2014-12-31": "555.65800", "2013-12-31": "77.73200", "2012-12-31": "18.91000", "2011-12-31": "0.00000"}, "Total Liabilities And Share Holders Equity": {"2019-12-31": "4185.29000", "2018-12-31": "3081.98300", "2017-12-31": "2460.86000", "2016-12-31": "1729.00700", "2015-12-31": "1159.89000", "2014-12-31": "811.02300", "2013-12-31": "364.52000", "2012-12-31": "220.16800", "2011-12-31": "0.00000"}}, "balance sheet, quarterly": {"Cash On Hand": {"2020-09-30": "2845.90100", "2020-06-30": "2781.77100", "2020-03-31": "2636.99300", "2019-12-31": "2724.36800", "2019-09-30": "2447.04000", "2019-06-30": "2257.80300", "2019-03-31": "2150.91800", "2018-12-31": "1956.14700", "2018-09-30": "1661.79900", "2018-06-30": "1860.40400", "2018-03-31": "1738.04000", "2017-12-31": "1535.55500", "2017-09-30": "1343.11400", "2017-06-30": "1124.83900", "2017-03-31": "1043.24200", "2016-12-31": "867.83300", "2016-09-30": "800.14790", "2016-06-30": "823.81800", "2016-03-31": "762.25200", "2015-12-31": "687.32600", "2015-09-30": "568.61700", "2015-06-30": "551.76300", "2015-03-31": "484.33900", "2014-12-31": "449.45700", "2014-09-30": "408.59600", "2014-06-30": "397.19800", "2014-03-31": "129.52400", "2013-12-31": "117.66400", "2013-09-30": "", "2013-06-30": "", "2013-03-31": "", "2012-12-31": "88.65000", "2011-12-31": ""}, "Receivables": {"2020-09-30": "300.21700", "2020-06-30": "383.22500", "2020-03-31": "352.15900", "2019-12-31": "391.98700", "2019-09-30": "447.25200", "2019-06-30": "343.08000", "2019-03-31": "271.24600", "2018-12-31": "331.77700", "2018-09-30": "322.05300", "2018-06-30": "260.91700", "2018-03-31": "207.33900", "2017-12-31": "247.34600", "2017-09-30": "212.61100", "2017-06-30": "269.62400", "2017-03-31": "209.06200", "2016-12-31": "253.11900", "2016-09-30": "210.24300", "2016-06-30": "146.65900", "2016-03-31": "135.11900", "2015-12-31": "144.26300", "2015-09-30": "160.23000", "2015-06-30": "122.34200", "2015-03-31": "113.05700", "2014-12-31": "96.98200", "2014-09-30": "92.06300", "2014-06-30": "75.94600", "2014-03-31": "67.00700", "2013-12-31": "77.99900", "2013-09-30": "", "2013-06-30": "", "2013-03-31": "", "2012-12-31": "50.90000", "2011-12-31": ""}, "Inventory": {"2020-09-30": "438.10200", "2020-06-30": "326.99700", "2020-03-31": "261.79800", "2019-12-31": "243.82500", "2019-09-30": "239.80200", "2019-06-30": "314.17700", "2019-03-31": "347.15300", "2018-12-31": "264.55700", "2018-09-30": "216.31300", "2018-06-30": "245.43900", "2018-03-31": "268.13100", "2017-12-31": "306.19800", "2017-09-30": "333.15700", "2017-06-30": "363.80300", "2017-03-31": "286.78600", "2016-12-31": "236.49000", "2016-09-30": "162.12800", "2016-06-30": "118.13000", "2016-03-31": "84.03000", "2015-12-31": "92.12900", "2015-09-30": "109.92100", "2015-06-30": "100.30400", "2015-03-31": "91.22500", "2014-12-31": "78.00600", "2014-09-30": "62.58700", "2014-06-30": "71.06800", "2014-03-31": "78.97800", "2013-12-31": "67.09400", "2013-09-30": "", "2013-06-30": "", "2013-03-31": "", "2012-12-31": "24.18000", "2011-12-31": ""}, "Pre-Paid Expenses": {"2020-09-30": "69.64700", "2020-06-30": "84.88500", "2020-03-31": "85.94900", "2019-12-31": "111.45600", "2019-09-30": "106.32600", "2019-06-30": "113.45800", "2019-03-31": "131.65700", "2018-12-31": "162.32100", "2018-09-30": "235.88100", "2018-06-30": "253.80200", "2018-03-31": "165.66400", "2017-12-31": "177.33000", "2017-09-30": "186.65700", "2017-06-30": "190.92300", "2017-03-31": "197.73500", "2016-12-31": "168.68400", "2016-09-30": "151.65900", "2016-06-30": "53.44700", "2016-03-31": "41.73200", "2015-12-31": "50.61000", "2015-09-30": "62.13500", "2015-06-30": "63.53500", "2015-03-31": "37.62200", "2014-12-31": "42.78200", "2014-09-30": "16.40900", "2014-06-30": "9.76800", "2014-03-31": "7.49400", "2013-12-31": "7.65300", "2013-09-30": "", "2013-06-30": "", "2013-03-31": "", "2012-12-31": "", "2011-12-31": ""}, "Other Current Assets": {"2020-09-30": "", "2020-06-30": "", "2020-03-31": "", "2019-12-31": "", "2019-09-30": "", "2019-06-30": "", "2019-03-31": "", "2018-12-31": "", "2018-09-30": "", "2018-06-30": "", "2018-03-31": "", "2017-12-31": "", "2017-09-30": "", "2017-06-30": "", "2017-03-31": "", "2016-12-31": "", "2016-09-30": "", "2016-06-30": "", "2016-03-31": "", "2015-12-31": "", "2015-09-30": "", "2015-06-30": "", "2015-03-31": "", "2014-12-31": "", "2014-09-30": "", "2014-06-30": "", "2014-03-31": "", "2013-12-31": "", "2013-09-30": "", "2013-06-30": "", "2013-03-31": "", "2012-12-31": "13.43000", "2011-12-31": ""}, "Total Current Assets": {"2020-09-30": "3653.86700", "2020-06-30": "3576.87800", "2020-03-31": "3336.89900", "2019-12-31": "3471.63600", "2019-09-30": "3240.42000", "2019-06-30": "3028.51800", "2019-03-31": "2900.97400", "2018-12-31": "2714.80200", "2018-09-30": "2436.04600", "2018-06-30": "2620.56200", "2018-03-31": "2379.17400", "2017-12-31": "2266.42900", "2017-09-30": "2075.53900", "2017-06-30": "1949.18900", "2017-03-31": "1736.82500", "2016-12-31": "1526.12600", "2016-09-30": "1324.17800", "2016-06-30": "1142.05400", "2016-03-31": "1023.13300", "2015-12-31": "974.32800", "2015-09-30": "921.10000", "2015-06-30": "850.21200", "2015-03-31": "736.04400", "2014-12-31": "679.47900", "2014-09-30": "588.35100", "2014-06-30": "562.67600", "2014-03-31": "291.96700", "2013-12-31": "282.76600", "2013-09-30": "", "2013-06-30": "", "2013-03-31": "", "2012-12-31": "177.17000", "2011-12-31": ""}, "Property, Plant, And Equipment": {"2020-09-30": "32.67000", "2020-06-30": "35.26300", "2020-03-31": "37.80600", "2019-12-31": "39.27300", "2019-09-30": "40.18800", "2019-06-30": "41.02300", "2019-03-31": "41.52900", "2018-12-31": "75.35500", "2018-09-30": "75.39700", "2018-06-30": "73.73600", "2018-03-31": "73.82500", "2017-12-31": "74.27900", "2017-09-30": "73.06100", "2017-06-30": "75.84000", "2017-03-31": "76.31900", "2016-12-31": "76.96100", "2016-09-30": "78.14700", "2016-06-30": "79.68100", "2016-03-31": "79.94400", "2015-12-31": "79.70600", "2015-09-30": "75.24800", "2015-06-30": "73.17800", "2015-03-31": "72.78700", "2014-12-31": "71.55800", "2014-09-30": "66.99100", "2014-06-30": "68.79900", "2014-03-31": "67.62600", "2013-12-31": "67.20400", "2013-09-30": "", "2013-06-30": "", "2013-03-31": "", "2012-12-31": "35.42000", "2011-12-31": ""}, "Long-Term Investments": {"2020-09-30": "4.15000", "2020-06-30": "4.15000", "2020-03-31": "4.15000", "2019-12-31": "4.15000", "2019-09-30": "4.15000", "2019-06-30": "31.48600", "2019-03-31": "31.48600", "2018-12-31": "30.33600", "2018-09-30": "35.03600", "2018-06-30": "35.03600", "2018-03-31": "36.13600", "2017-12-31": "36.13600", "2017-09-30": "36.13600", "2017-06-30": "36.13600", "2017-03-31": "36.13600", "2016-12-31": "36.13600", "2016-09-30": "36.13600", "2016-06-30": "39.13600", "2016-03-31": "36.63600", "2015-12-31": "36.63600", "2015-09-30": "36.63600", "2015-06-30": "36.63600", "2015-03-31": "36.63600", "2014-12-31": "36.63600", "2014-09-30": "", "2014-06-30": "", "2014-03-31": "", "2013-12-31": "", "2013-09-30": "", "2013-06-30": "", "2013-03-31": "", "2012-12-31": "", "2011-12-31": ""}, "Goodwill And Intangible Assets": {"2020-09-30": "162.72000", "2020-06-30": "168.53000", "2020-03-31": "174.15400", "2019-12-31": "100.09000", "2019-09-30": "103.17400", "2019-06-30": "105.29600", "2019-03-31": "108.79500", "2018-12-31": "112.29400", "2018-09-30": "117.27800", "2018-06-30": "", "2018-03-31": "", "2017-12-31": "", "2017-09-30": "", "2017-06-30": "", "2017-03-31": "", "2016-12-31": "", "2016-09-30": "", "2016-06-30": "", "2016-03-31": "", "2015-12-31": "", "2015-09-30": "", "2015-06-30": "", "2015-03-31": "", "2014-12-31": "", "2014-09-30": "", "2014-06-30": "", "2014-03-31": "", "2013-12-31": "", "2013-09-30": "0.00000", "2013-06-30": "0.00000", "2013-03-31": "0.00000", "2012-12-31": "0.00000", "2011-12-31": "0.00000"}, "Other Long-Term Assets": {"2020-09-30": "22.80700", "2020-06-30": "25.49300", "2020-03-31": "27.02700", "2019-12-31": "30.34600", "2019-09-30": "29.36000", "2019-06-30": "27.10600", "2019-03-31": "25.06300", "2018-12-31": "22.70400", "2018-09-30": "20.19900", "2018-06-30": "20.01900", "2018-03-31": "22.87900", "2017-12-31": "18.89100", "2017-09-30": "21.27700", "2017-06-30": "20.30600", "2017-03-31": "19.88500", "2016-12-31": "18.82400", "2016-09-30": "18.39800", "2016-06-30": "18.81200", "2016-03-31": "20.20800", "2015-12-31": "20.79100", "2015-09-30": "20.86100", "2015-06-30": "17.05300", "2015-03-31": "17.33400", "2014-12-31": "11.84000", "2014-09-30": "27.55900", "2014-06-30": "3.80600", "2014-03-31": "10.04800", "2013-12-31": "10.00900", "2013-09-30": "", "2013-06-30": "", "2013-03-31": "", "2012-12-31": "10.77000", "2011-12-31": ""}, "Total Long-Term Assets": {"2020-09-30": "745.50510", "2020-06-30": "758.97300", "2020-03-31": "774.94600", "2019-12-31": "713.65400", "2019-09-30": "379.40500", "2019-06-30": "412.77400", "2019-03-31": "431.47000", "2018-12-31": "367.18100", "2018-09-30": "362.19200", "2018-06-30": "211.55200", "2018-03-31": "200.86000", "2017-12-31": "194.43100", "2017-09-30": "226.17100", "2017-06-30": "213.75100", "2017-03-31": "202.77300", "2016-12-31": "202.88100", "2016-09-30": "194.90200", "2016-06-30": "192.93400", "2016-03-31": "186.81400", "2015-12-31": "185.56200", "2015-09-30": "151.79200", "2015-06-30": "140.62700", "2015-03-31": "139.04800", "2014-12-31": "131.54400", "2014-09-30": "103.53200", "2014-06-30": "80.10200", "2014-03-31": "83.49600", "2013-12-31": "81.75400", "2013-09-30": "", "2013-06-30": "", "2013-03-31": "", "2012-12-31": "47.86000", "2011-12-31": ""}, "Total Assets": {"2020-09-30": "4399.37200", "2020-06-30": "4335.85100", "2020-03-31": "4111.84500", "2019-12-31": "4185.29000", "2019-09-30": "3619.82500", "2019-06-30": "3441.29200", "2019-03-31": "3332.44400", "2018-12-31": "3081.98300", "2018-09-30": "2798.23800", "2018-06-30": "2832.11400", "2018-03-31": "2580.03400", "2017-12-31": "2460.86000", "2017-09-30": "2301.71000", "2017-06-30": "2162.94000", "2017-03-31": "1939.59800", "2016-12-31": "1729.00700", "2016-09-30": "1519.08000", "2016-06-30": "1334.98800", "2016-03-31": "1209.94700", "2015-12-31": "1159.89000", "2015-09-30": "1072.89200", "2015-06-30": "990.83900", "2015-03-31": "875.09200", "2014-12-31": "811.02300", "2014-09-30": "691.88300", "2014-06-30": "642.77800", "2014-03-31": "375.46300", "2013-12-31": "364.52000", "2013-09-30": "0.00000", "2013-06-30": "0.00000", "2013-03-31": "0.00000", "2012-12-31": "220.16000", "2011-12-31": "0.00000"}, "Total Current Liabilities": {"2020-09-30": "664.78300", "2020-06-30": "640.18100", "2020-03-31": "573.00700", "2019-12-31": "597.07400", "2019-09-30": "548.18900", "2019-06-30": "525.02000", "2019-03-31": "543.19300", "2018-12-31": "606.50400", "2018-09-30": "539.78200", "2018-06-30": "826.76300", "2018-03-31": "457.77900", "2017-12-31": "529.90500", "2017-09-30": "567.54700", "2017-06-30": "610.79700", "2017-03-31": "532.51300", "2016-12-31": "459.55300", "2016-09-30": "355.08200", "2016-06-30": "263.43900", "2016-03-31": "214.26400", "2015-12-31": "235.01100", "2015-09-30": "224.96600", "2015-06-30": "202.49800", "2015-03-31": "148.33100", "2014-12-31": "144.37300", "2014-09-30": "101.79600", "2014-06-30": "97.69400", "2014-03-31": "198.93400", "2013-12-31": "209.34400", "2013-09-30": "", "2013-06-30": "", "2013-03-31": "", "2012-12-31": "46.36000", "2011-12-31": ""}, "Long Term Debt": {"2020-09-30": "", "2020-06-30": "", "2020-03-31": "", "2019-12-31": "", "2019-09-30": "", "2019-06-30": "", "2019-03-31": "", "2018-12-31": "35.43100", "2018-09-30": "36.04000", "2018-06-30": "36.59400", "2018-03-31": "37.13800", "2017-12-31": "37.67300", "2017-09-30": "38.19900", "2017-06-30": "38.67200", "2017-03-31": "39.13600", "2016-12-31": "39.59300", "2016-09-30": "40.04100", "2016-06-30": "40.43800", "2016-03-31": "40.82700", "2015-12-31": "41.21000", "2015-09-30": "41.58700", "2015-06-30": "41.91200", "2015-03-31": "42.23200", "2014-12-31": "42.54700", "2014-09-30": "42.83100", "2014-06-30": "43.10800", "2014-03-31": "43.36700", "2013-12-31": "43.15200", "2013-09-30": "", "2013-06-30": "", "2013-03-31": "", "2012-12-31": "122.92000", "2011-12-31": ""}, "Other Non-Current Liabilities": {"2020-09-30": "39.16500", "2020-06-30": "38.67900", "2020-03-31": "38.09900", "2019-12-31": "37.69300", "2019-09-30": "30.62700", "2019-06-30": "25.35100", "2019-03-31": "25.60100", "2018-12-31": "28.09800", "2018-09-30": "23.06500", "2018-06-30": "22.11600", "2018-03-31": "21.34300", "2017-12-31": "9.74500", "2017-09-30": "7.81100", "2017-06-30": "7.99200", "2017-03-31": "8.06900", "2016-12-31": "7.95800", "2016-09-30": "6.90000", "2016-06-30": "6.75400", "2016-03-31": "6.38500", "2015-12-31": "6.69800", "2015-09-30": "6.01100", "2015-06-30": "5.83900", "2015-03-31": "5.55800", "2014-12-31": "4.98100", "2014-09-30": "39.31200", "2014-06-30": "25.71800", "2014-03-31": "21.84400", "2013-12-31": "1.97800", "2013-09-30": "", "2013-06-30": "", "2013-03-31": "", "2012-12-31": "19.49000", "2011-12-31": ""}, "Total Long Term Liabilities": {"2020-09-30": "650.71200", "2020-06-30": "659.18710", "2020-03-31": "690.01200", "2019-12-31": "693.53000", "2019-09-30": "415.63200", "2019-06-30": "390.71200", "2019-03-31": "388.88400", "2018-12-31": "332.09000", "2018-09-30": "312.58000", "2018-06-30": "285.37800", "2018-03-31": "277.21600", "2017-12-31": "269.04100", "2017-09-30": "209.61100", "2017-06-30": "194.39400", "2017-03-31": "178.71100", "2016-12-31": "161.63400", "2016-09-30": "152.57800", "2016-06-30": "154.71700", "2016-03-31": "145.82600", "2015-12-31": "136.72700", "2015-09-30": "124.75200", "2015-06-30": "122.79900", "2015-03-31": "116.29000", "2014-12-31": "110.99200", "2014-09-30": "97.16500", "2014-06-30": "83.89800", "2014-03-31": "80.10100", "2013-12-31": "77.44400", "2013-09-30": "", "2013-06-30": "", "2013-03-31": "", "2012-12-31": "154.88000", "2011-12-31": ""}, "Total Liabilities": {"2020-09-30": "1315.49500", "2020-06-30": "1299.36800", "2020-03-31": "1263.01900", "2019-12-31": "1290.60400", "2019-09-30": "963.82100", "2019-06-30": "915.73200", "2019-03-31": "932.07700", "2018-12-31": "938.59400", "2018-09-30": "852.36200", "2018-06-30": "1112.14100", "2018-03-31": "734.99500", "2017-12-31": "798.94600", "2017-09-30": "777.15800", "2017-06-30": "805.19100", "2017-03-31": "711.22400", "2016-12-31": "621.18700", "2016-09-30": "507.66000", "2016-06-30": "418.15600", "2016-03-31": "360.09000", "2015-12-31": "371.73800", "2015-09-30": "349.71800", "2015-06-30": "325.29700", "2015-03-31": "264.62100", "2014-12-31": "255.36500", "2014-09-30": "198.96100", "2014-06-30": "181.59200", "2014-03-31": "279.03500", "2013-12-31": "286.78800", "2013-09-30": "0.00000", "2013-06-30": "0.00000", "2013-03-31": "0.00000", "2012-12-31": "201.25000", "2011-12-31": "0.00000"}, "Common Stock Net": {"2020-09-30": "0.00800", "2020-06-30": "0.00800", "2020-03-31": "0.00800", "2019-12-31": "0.00800", "2019-09-30": "0.00800", "2019-06-30": "0.00800", "2019-03-31": "0.00800", "2018-12-31": "0.00800", "2018-09-30": "0.00800", "2018-06-30": "0.00800", "2018-03-31": "0.00800", "2017-12-31": "0.00700", "2017-09-30": "0.00700", "2017-06-30": "0.00700", "2017-03-31": "0.00700", "2016-12-31": "0.00700", "2016-09-30": "0.00700", "2016-06-30": "0.00700", "2016-03-31": "0.00700", "2015-12-31": "0.00700", "2015-09-30": "0.00700", "2015-06-30": "0.00700", "2015-03-31": "0.00700", "2014-12-31": "0.00700", "2014-09-30": "0.00700", "2014-06-30": "0.00700", "2014-03-31": "0.00300", "2013-12-31": "0.00300", "2013-09-30": "0.00000", "2013-06-30": "0.00000", "2013-03-31": "0.00000", "2012-12-31": "0.00300", "2011-12-31": "0.00000"}, "Retained Earnings (Accumulated Deficit)": {"2020-09-30": "1844.65600", "2020-06-30": "1843.55900", "2020-03-31": "1698.76600", "2019-12-31": "1788.23000", "2019-09-30": "1579.06300", "2019-06-30": "1484.77700", "2019-03-31": "1395.53400", "2018-12-31": "1190.80300", "2018-09-30": "1020.48100", "2018-06-30": "851.95700", "2018-03-31": "1007.22600", "2017-12-31": "859.11400", "2017-09-30": "755.28100", "2017-06-30": "621.55900", "2017-03-31": "518.87400", "2016-12-31": "435.10500", "2016-09-30": "376.32200", "2016-06-30": "325.06500", "2016-03-31": "286.16100", "2015-12-31": "250.91600", "2015-09-30": "206.99100", "2015-06-30": "178.30200", "2015-03-31": "154.30600", "2014-12-31": "129.81400", "2014-09-30": "98.77700", "2014-06-30": "76.91100", "2014-03-31": "55.29300", "2013-12-31": "42.96400", "2013-09-30": "", "2013-06-30": "", "2013-03-31": "", "2012-12-31": "0.50000", "2011-12-31": ""}, "Comprehensive Income": {"2020-09-30": "-0.93400", "2020-06-30": "7.82300", "2020-03-31": "0.82800", "2019-12-31": "0.14300", "2019-09-30": "0.20100", "2019-06-30": "2.03500", "2019-03-31": "-0.58000", "2018-12-31": "-3.99400", "2018-09-30": "-4.44200", "2018-06-30": "-4.55100", "2018-03-31": "-3.62600", "2017-12-31": "-1.93800", "2017-09-30": "-1.07500", "2017-06-30": "-1.25300", "2017-03-31": "-1.63000", "2016-12-31": "-1.47500", "2016-09-30": "-0.98300", "2016-06-30": "-0.70500", "2016-03-31": "-0.65300", "2015-12-31": "-0.67500", "2015-09-30": "-0.43100", "2015-06-30": "-0.14300", "2015-03-31": "-0.35100", "2014-12-31": "-0.33400", "2014-09-30": "-0.04800", "2014-06-30": "0.01500", "2014-03-31": "0.00300", "2013-12-31": "0.03600", "2013-09-30": "", "2013-06-30": "", "2013-03-31": "", "2012-12-31": "", "2011-12-31": ""}, "Other Share Holders Equity": {"2020-09-30": "", "2020-06-30": "", "2020-03-31": "", "2019-12-31": "", "2019-09-30": "", "2019-06-30": "", "2019-03-31": "", "2018-12-31": "", "2018-09-30": "", "2018-06-30": "", "2018-03-31": "", "2017-12-31": "", "2017-09-30": "", "2017-06-30": "", "2017-03-31": "", "2016-12-31": "", "2016-09-30": "", "2016-06-30": "", "2016-03-31": "", "2015-12-31": "", "2015-09-30": "", "2015-06-30": "", "2015-03-31": "", "2014-12-31": "", "2014-09-30": "", "2014-06-30": "", "2014-03-31": "", "2013-12-31": "", "2013-09-30": "0.00000", "2013-06-30": "0.00000", "2013-03-31": "0.00000", "2012-12-31": "0.03000", "2011-12-31": "0.00000"}, "Share Holder Equity": {"2020-09-30": "3083.87700", "2020-06-30": "3036.48300", "2020-03-31": "2848.82600", "2019-12-31": "2894.68600", "2019-09-30": "2656.00400", "2019-06-30": "2525.56000", "2019-03-31": "2400.36700", "2018-12-31": "2143.38900", "2018-09-30": "1945.87600", "2018-06-30": "1719.97300", "2018-03-31": "1845.03900", "2017-12-31": "1661.91400", "2017-09-30": "1524.55200", "2017-06-30": "1357.74900", "2017-03-31": "1228.37400", "2016-12-31": "1107.82000", "2016-09-30": "1011.42000", "2016-06-30": "916.83200", "2016-03-31": "849.85700", "2015-12-31": "788.15200", "2015-09-30": "723.17400", "2015-06-30": "665.54200", "2015-03-31": "610.47100", "2014-12-31": "555.65800", "2014-09-30": "492.92200", "2014-06-30": "461.18600", "2014-03-31": "96.42800", "2013-12-31": "77.73200", "2013-09-30": "0.00000", "2013-06-30": "0.00000", "2013-03-31": "0.00000", "2012-12-31": "18.91000", "2011-12-31": "0.00000"}, "Total Liabilities And Share Holders Equity": {"2020-09-30": "4399.37200", "2020-06-30": "4335.85100", "2020-03-31": "4111.84500", "2019-12-31": "4185.29000", "2019-09-30": "3619.82500", "2019-06-30": "3441.29200", "2019-03-31": "3332.44400", "2018-12-31": "3081.98300", "2018-09-30": "2798.23800", "2018-06-30": "2832.11400", "2018-03-31": "2580.03400", "2017-12-31": "2460.86000", "2017-09-30": "2301.71000", "2017-06-30": "2162.94000", "2017-03-31": "1939.59800", "2016-12-31": "1729.00700", "2016-09-30": "1519.08000", "2016-06-30": "1334.98800", "2016-03-31": "1209.94700", "2015-12-31": "1159.89000", "2015-09-30": "1072.89200", "2015-06-30": "990.83900", "2015-03-31": "875.09200", "2014-12-31": "811.02300", "2014-09-30": "691.88300", "2014-06-30": "642.77800", "2014-03-31": "375.46300", "2013-12-31": "364.52000", "2013-09-30": "0.00000", "2013-06-30": "0.00000", "2013-03-31": "0.00000", "2012-12-31": "220.16000", "2011-12-31": "0.00000"}}, "cash flow statement": {"Net Income/Loss": {"2019-12-31": "859.86700", "2018-12-31": "328.11500", "2017-12-31": "423.20100", "2016-12-31": "184.18900", "2015-12-31": "121.10200", "2014-12-31": "86.85000", "2013-12-31": "42.46000", "2012-12-31": "21.34900", "2011-12-31": "34.03500"}, "Total Depreciation And Amortization - Cash Flow": {"2019-12-31": "26.07800", "2018-12-31": "24.31100", "2017-12-31": "22.09200", "2016-12-31": "21.24200", "2015-12-31": "15.14200", "2014-12-31": "10.89600", "2013-12-31": "6.16200", "2012-12-31": "2.81900", "2011-12-31": "2.12900"}, "Other Non-Cash Items": {"2019-12-31": "36.29100", "2018-12-31": "47.10600", "2017-12-31": "83.85300", "2016-12-31": "37.31200", "2015-12-31": "20.89400", "2014-12-31": "0.08900", "2013-12-31": "0.44600", "2012-12-31": "1.21200", "2011-12-31": "-1.09000"}, "Total Non-Cash Items": {"2019-12-31": "62.36900", "2018-12-31": "71.41700", "2017-12-31": "105.94500", "2016-12-31": "58.55400", "2015-12-31": "36.03600", "2014-12-31": "10.98500", "2013-12-31": "6.60800", "2012-12-31": "4.03100", "2011-12-31": "1.03900"}, "Change In Accounts Receivable": {"2019-12-31": "-60.21000", "2018-12-31": "-77.91600", "2017-12-31": "5.77300", "2016-12-31": "-108.85600", "2015-12-31": "-47.28100", "2014-12-31": "-18.98400", "2013-12-31": "-28.09800", "2012-12-31": "-22.04300", "2011-12-31": "-11.59600"}, "Change In Inventories": {"2019-12-31": "20.92700", "2018-12-31": "51.05400", "2017-12-31": "-69.70800", "2016-12-31": "-144.36100", "2015-12-31": "-14.12300", "2014-12-31": "-13.42500", "2013-12-31": "-49.17900", "2012-12-31": "-7.15300", "2011-12-31": "-7.73300"}, "Change In Accounts Payable": {"2019-12-31": "-1.93700", "2018-12-31": "39.33700", "2017-12-31": "-30.10400", "2016-12-31": "38.67800", "2015-12-31": "9.03700", "2014-12-31": "14.00700", "2013-12-31": "3.86500", "2012-12-31": "3.84200", "2011-12-31": "1.43400"}, "Change In Assets/Liabilities": {"2019-12-31": "42.12900", "2018-12-31": "106.01000", "2017-12-31": "133.06400", "2016-12-31": "72.81200", "2015-12-31": "80.59700", "2014-12-31": "29.19100", "2013-12-31": "44.88400", "2012-12-31": "14.82200", "2011-12-31": "-12.68000"}, "Total Change In Assets/Liabilities": {"2019-12-31": "40.79800", "2018-12-31": "103.58700", "2017-12-31": "102.48100", "2016-12-31": "-68.44800", "2015-12-31": "80.64600", "2014-12-31": "34.04000", "2013-12-31": "-14.42000", "2012-12-31": "0.92600", "2011-12-31": "-22.64400"}, "Cash Flow From Operating Activities": {"2019-12-31": "963.03400", "2018-12-31": "503.11900", "2017-12-31": "631.62700", "2016-12-31": "174.29500", "2015-12-31": "237.78400", "2014-12-31": "131.87500", "2013-12-31": "34.64800", "2012-12-31": "26.30600", "2011-12-31": "12.43000"}, "Net Change In Property, Plant, And Equipment": {"2019-12-31": "-15.75100", "2018-12-31": "-23.83000", "2017-12-31": "-15.27900", "2016-12-31": "-21.41900", "2015-12-31": "-19.98900", "2014-12-31": "-13.13400", "2013-12-31": "-20.31600", "2012-12-31": "-3.31200", "2011-12-31": "-2.77000"}, "Net Change In Intangible Assets": {"2019-12-31": "", "2018-12-31": "", "2017-12-31": "", "2016-12-31": "", "2015-12-31": "", "2014-12-31": "", "2013-12-31": "", "2012-12-31": "", "2011-12-31": ""}, "Net Acquisitions/Divestitures": {"2019-12-31": "-1.36500", "2018-12-31": "-96.82100", "2017-12-31": "", "2016-12-31": "", "2015-12-31": "", "2014-12-31": "", "2013-12-31": "", "2012-12-31": "", "2011-12-31": ""}, "Net Change In Short-term Investments": {"2019-12-31": "-295.17600", "2018-12-31": "-626.46200", "2017-12-31": "-379.04100", "2016-12-31": "-301.85600", "2015-12-31": "208.20000", "2014-12-31": "-210.01900", "2013-12-31": "", "2012-12-31": "0.00000", "2011-12-31": ""}, "Net Change In Long-Term Investments": {"2019-12-31": "28.22000", "2018-12-31": "-8.00000", "2017-12-31": "", "2016-12-31": "-2.50000", "2015-12-31": "", "2014-12-31": "", "2013-12-31": "", "2012-12-31": "", "2011-12-31": ""}, "Net Change In Investments - Total": {"2019-12-31": "-266.95600", "2018-12-31": "-634.46200", "2017-12-31": "-379.04100", "2016-12-31": "-304.35600", "2015-12-31": "208.20000", "2014-12-31": "-210.01900", "2013-12-31": "", "2012-12-31": "", "2011-12-31": ""}, "Investing Activities - Other": {"2019-12-31": "", "2018-12-31": "", "2017-12-31": "3.00000", "2016-12-31": "", "2015-12-31": "-4.04100", "2014-12-31": "-26.20900", "2013-12-31": "0.82500", "2012-12-31": "-9.04000", "2011-12-31": ""}, "Cash Flow From Investing Activities": {"2019-12-31": "-284.07200", "2018-12-31": "-755.11300", "2017-12-31": "-391.32000", "2016-12-31": "-325.77500", "2015-12-31": "184.17000", "2014-12-31": "-249.36200", "2013-12-31": "-19.49100", "2012-12-31": "-12.35200", "2011-12-31": "-2.77000"}, "Net Long-Term Debt": {"2019-12-31": "", "2018-12-31": "", "2017-12-31": "", "2016-12-31": "", "2015-12-31": "", "2014-12-31": "", "2013-12-31": "", "2012-12-31": "", "2011-12-31": ""}, "Net Current Debt": {"2019-12-31": "", "2018-12-31": "", "2017-12-31": "", "2016-12-31": "", "2015-12-31": "", "2014-12-31": "-20.00000", "2013-12-31": "", "2012-12-31": "", "2011-12-31": "40.24200"}, "Debt Issuance/Retirement Net - Total": {"2019-12-31": "", "2018-12-31": "", "2017-12-31": "", "2016-12-31": "", "2015-12-31": "", "2014-12-31": "-20.00000", "2013-12-31": "", "2012-12-31": "", "2011-12-31": "40.24200"}, "Net Common Equity Issued/Repurchased": {"2019-12-31": "-208.76400", "2018-12-31": "53.65800", "2017-12-31": "57.11100", "2016-12-31": "35.18100", "2015-12-31": "26.94000", "2014-12-31": "247.33500", "2013-12-31": "9.00400", "2012-12-31": "3.88200", "2011-12-31": "6.26300"}, "Net Total Equity Issued/Repurchased": {"2019-12-31": "-208.76400", "2018-12-31": "53.65800", "2017-12-31": "57.11100", "2016-12-31": "35.18100", "2015-12-31": "26.94000", "2014-12-31": "247.33500", "2013-12-31": "9.00400", "2012-12-31": "3.88200", "2011-12-31": "6.26300"}, "Total Common And Preferred Stock Dividends Paid": {"2019-12-31": "", "2018-12-31": "", "2017-12-31": "", "2016-12-31": "", "2015-12-31": "", "2014-12-31": "", "2013-12-31": "", "2012-12-31": "", "2011-12-31": ""}, "Financial Activities - Other": {"2019-12-31": "-9.20000", "2018-12-31": "-10.80700", "2017-12-31": "-5.64200", "2016-12-31": "-2.43600", "2015-12-31": "-1.08600", "2014-12-31": "16.64300", "2013-12-31": "0.88200", "2012-12-31": "0.09500", "2011-12-31": ""}, "Cash Flow From Financial Activities": {"2019-12-31": "-217.96400", "2018-12-31": "42.85100", "2017-12-31": "51.46900", "2016-12-31": "32.74500", "2015-12-31": "25.85400", "2014-12-31": "243.97800", "2013-12-31": "9.88600", "2012-12-31": "3.97700", "2011-12-31": "46.50500"}, "Net Cash Flow": {"2019-12-31": "461.35100", "2018-12-31": "-210.53300", "2017-12-31": "292.52900", "2016-12-31": "-119.19900", "2015-12-31": "447.29500", "2014-12-31": "126.36700", "2013-12-31": "25.00900", "2012-12-31": "17.93000", "2011-12-31": "56.14700"}, "Stock-Based Compensation": {"2019-12-31": "101.28000", "2018-12-31": "91.20200", "2017-12-31": "75.42700", "2016-12-31": "59.03200", "2015-12-31": "45.30300", "2014-12-31": "27.61900", "2013-12-31": "10.15900", "2012-12-31": "4.70300", "2011-12-31": "1.97400"}, "Common Stock Dividends Paid": {"2019-12-31": "", "2018-12-31": "", "2017-12-31": "", "2016-12-31": "", "2015-12-31": "", "2014-12-31": "", "2013-12-31": "", "2012-12-31": "", "2011-12-31": ""}}, "cash flow statement, quarterly": {"Net Income/Loss": {"2020-09-30": 168.375, "2020-06-30": 144.793, "2020-03-31": "138.43100", "2019-12-31": 260.692, "2019-09-30": 208.895, "2019-06-30": 189.251, "2019-03-31": "201.02900", "2018-12-31": 170.322, "2018-09-30": 168.524, "2018-06-30": -155.269, "2018-03-31": "144.53800", "2017-12-31": 103.833, "2017-09-30": 133.722, "2017-06-30": 102.685, "2017-03-31": "82.96100", "2016-12-31": 58.783, "2016-09-30": 51.257, "2016-06-30": 38.904, "2016-03-31": "35.24500", "2015-12-31": 43.924, "2015-09-30": 28.69, "2015-06-30": 23.996, "2015-03-31": "24.49200", "2014-12-31": 31.037, "2014-09-30": 21.866, "2014-06-30": 21.618, "2014-03-31": "12.32900", "2013-12-31": 13.742, "2013-09-30": 11.856, "2013-06-30": 10.251, "2013-03-31": "6.61100", "2012-12-31": -12.69, "2011-12-31": 34.03}, "Total Depreciation And Amortization - Cash Flow": {"2020-09-30": 13.897, "2020-06-30": 12.858, "2020-03-31": "11.25000", "2019-12-31": 7.162, "2019-09-30": 6.419, "2019-06-30": 6.204, "2019-03-31": "6.29300", "2018-12-31": 7.734, "2018-09-30": 6.032, "2018-06-30": 4.878, "2018-03-31": "5.66700", "2017-12-31": 5.631, "2017-09-30": 5.675, "2017-06-30": 5.517, "2017-03-31": "5.26900", "2016-12-31": 5.441, "2016-09-30": 5.754, "2016-06-30": 5.268, "2016-03-31": "4.77900", "2015-12-31": 4.086, "2015-09-30": 3.927, "2015-06-30": 3.749, "2015-03-31": "3.38000", "2014-12-31": 3.003, "2014-09-30": 2.653, "2014-06-30": 2.663, "2014-03-31": "2.57700", "2013-12-31": 2.823, "2013-09-30": 1.3, "2013-06-30": 1.046, "2013-03-31": "0.99100", "2012-12-31": 0.69, "2011-12-31": 2.12}, "Other Non-Cash Items": {"2020-09-30": 32.013, "2020-06-30": 39.283, "2020-03-31": "32.08600", "2019-12-31": -56.079, "2019-09-30": 29.063, "2019-06-30": 37.195, "2019-03-31": "26.11200", "2018-12-31": 21.038, "2018-09-30": -8.08, "2018-06-30": 16.838, "2018-03-31": "17.31000", "2017-12-31": 51.605, "2017-09-30": 5.924, "2017-06-30": 7.364, "2017-03-31": "18.96000", "2016-12-31": 8.324, "2016-09-30": 8.272, "2016-06-30": 8.953, "2016-03-31": "11.76300", "2015-12-31": 36.433, "2015-09-30": -10.345, "2015-06-30": -5.134, "2015-03-31": "-0.06000", "2014-12-31": -15.13, "2014-09-30": 6.434, "2014-06-30": 2.161, "2014-03-31": "6.62400", "2013-12-31": -2.794, "2013-09-30": 1.415, "2013-06-30": 0.343, "2013-03-31": "1.48200", "2012-12-31": 0, "2011-12-31": 0}, "Total Non-Cash Items": {"2020-09-30": 45.91, "2020-06-30": 52.141, "2020-03-31": "43.33600", "2019-12-31": -48.917, "2019-09-30": 35.482, "2019-06-30": 43.399, "2019-03-31": "32.40500", "2018-12-31": 28.772, "2018-09-30": -2.048, "2018-06-30": 21.716, "2018-03-31": "22.97700", "2017-12-31": 57.236, "2017-09-30": 11.599, "2017-06-30": 12.881, "2017-03-31": "24.22900", "2016-12-31": 13.765, "2016-09-30": 14.026, "2016-06-30": 14.221, "2016-03-31": "16.54200", "2015-12-31": 40.519, "2015-09-30": -6.418, "2015-06-30": -1.385, "2015-03-31": "3.32000", "2014-12-31": -12.127, "2014-09-30": 9.087, "2014-06-30": 4.824, "2014-03-31": "9.20100", "2013-12-31": -0.417, "2013-09-30": 2.715, "2013-06-30": 1.389, "2013-03-31": "2.47300", "2012-12-31": 0.69, "2011-12-31": 2.12}, "Change In Accounts Receivable": {"2020-09-30": 83.008, "2020-06-30": -31.066, "2020-03-31": "46.32900", "2019-12-31": 55.265, "2019-09-30": -104.172, "2019-06-30": -71.834, "2019-03-31": "60.53100", "2018-12-31": -9.724, "2018-09-30": -54.621, "2018-06-30": -53.578, "2018-03-31": "40.00700", "2017-12-31": -34.735, "2017-09-30": 57.013, "2017-06-30": -60.562, "2017-03-31": "44.05700", "2016-12-31": -42.876, "2016-09-30": -63.584, "2016-06-30": -11.54, "2016-03-31": "9.14400", "2015-12-31": 15.967, "2015-09-30": -37.888, "2015-06-30": -9.285, "2015-03-31": "-16.07500", "2014-12-31": -12.327, "2014-09-30": -16.335, "2014-06-30": -5.272, "2014-03-31": "14.95000", "2013-12-31": -12.486, "2013-09-30": 11.933, "2013-06-30": -14.127, "2013-03-31": "-13.41800", "2012-12-31": 0, "2011-12-31": 0}, "Change In Inventories": {"2020-09-30": -111.105, "2020-06-30": -65.2, "2020-03-31": "-17.69100", "2019-12-31": -4.024, "2019-09-30": 74.571, "2019-06-30": 32.976, "2019-03-31": "-82.59600", "2018-12-31": -47.23, "2018-09-30": 37.525, "2018-06-30": 22.692, "2018-03-31": "38.06700", "2017-12-31": 26.959, "2017-09-30": 30.646, "2017-06-30": -77.017, "2017-03-31": "-50.29600", "2016-12-31": -74.363, "2016-09-30": -43.997, "2016-06-30": -34.1, "2016-03-31": "8.09900", "2015-12-31": 17.792, "2015-09-30": -9.618, "2015-06-30": -11.591, "2015-03-31": "-10.70600", "2014-12-31": -17.932, "2014-09-30": 2.216, "2014-06-30": 7.91, "2014-03-31": "-5.61900", "2013-12-31": -18.674, "2013-09-30": -17.854, "2013-06-30": -8.51, "2013-03-31": "-4.14100", "2012-12-31": 0, "2011-12-31": 0}, "Change In Accounts Payable": {"2020-09-30": 40.33, "2020-06-30": 37.859, "2020-03-31": "-6.38600", "2019-12-31": 12.424, "2019-09-30": -7.578, "2019-06-30": -4.392, "2019-03-31": "-2.39100", "2018-12-31": 8.822, "2018-09-30": 26.918, "2018-06-30": -16.443, "2018-03-31": "20.04000", "2017-12-31": 15.971, "2017-09-30": -47.374, "2017-06-30": 19.947, "2017-03-31": "-18.64800", "2016-12-31": 3.168, "2016-09-30": 17.009, "2016-06-30": 34.624, "2016-03-31": "-16.12300", "2015-12-31": 9.182, "2015-09-30": -11.967, "2015-06-30": 13.758, "2015-03-31": "-1.93600", "2014-12-31": 8.407, "2014-09-30": 0.811, "2014-06-30": 10.693, "2014-03-31": "-5.90400", "2013-12-31": -11.983, "2013-09-30": 13.621, "2013-06-30": 2.971, "2013-03-31": "-0.74400", "2012-12-31": 0, "2011-12-31": 0}, "Change In Assets/Liabilities": {"2020-09-30": -2.975, "2020-06-30": -12.717, "2020-03-31": "26.29600", "2019-12-31": 47.371, "2019-09-30": 31.583, "2019-06-30": -14.918, "2019-03-31": "-21.90700", "2018-12-31": 134.149, "2018-09-30": -310.017, "2018-06-30": 307.304, "2018-03-31": "-25.42600", "2017-12-31": -37.46, "2017-09-30": 8.065, "2017-06-30": 69.68, "2017-03-31": "92.77900", "2016-12-31": 76.999, "2016-09-30": -38.51, "2016-06-30": 2.036, "2016-03-31": "32.28700", "2015-12-31": 16.823, "2015-09-30": 29.917, "2015-06-30": 8.812, "2015-03-31": "25.04500", "2014-12-31": 21.096, "2014-09-30": 9.877, "2014-06-30": 5.622, "2014-03-31": "-7.40400", "2013-12-31": 20.514, "2013-09-30": 7.273, "2013-06-30": 10.465, "2013-03-31": "6.63200", "2012-12-31": 0, "2011-12-31": 0}, "Total Change In Assets/Liabilities": {"2020-09-30": 0.842, "2020-06-30": -58.718, "2020-03-31": "13.08000", "2019-12-31": 115.386, "2019-09-30": 25.02, "2019-06-30": -36.271, "2019-03-31": "-63.33700", "2018-12-31": 96.725, "2018-09-30": -285.301, "2018-06-30": 264.137, "2018-03-31": "28.02600", "2017-12-31": 22.595, "2017-09-30": 60.547, "2017-06-30": -36.333, "2017-03-31": "55.67200", "2016-12-31": -6.981, "2016-09-30": -98.551, "2016-06-30": 11.743, "2016-03-31": "25.34100", "2015-12-31": 69.319, "2015-09-30": -11.623, "2015-06-30": 29.995, "2015-03-31": "-7.04500", "2014-12-31": 14.261, "2014-09-30": 3.805, "2014-06-30": 19.815, "2014-03-31": "-3.84100", "2013-12-31": -19.93, "2013-09-30": 17.296, "2013-06-30": -4.579, "2013-03-31": "-7.39700", "2012-12-31": 23.56, "2011-12-31": -22.64}, "Cash Flow From Operating Activities": {"2020-09-30": 215.127, "2020-06-30": 138.216, "2020-03-31": "194.84700", "2019-12-31": 327.161, "2019-09-30": 269.397, "2019-06-30": 196.379, "2019-03-31": "170.09700", "2018-12-31": 295.819, "2018-09-30": -118.825, "2018-06-30": 130.584, "2018-03-31": "195.54100", "2017-12-31": 183.664, "2017-09-30": 205.868, "2017-06-30": 79.233, "2017-03-31": "162.86200", "2016-12-31": 65.567, "2016-09-30": -33.268, "2016-06-30": 64.868, "2016-03-31": "77.12800", "2015-12-31": 153.762, "2015-09-30": 10.649, "2015-06-30": 52.606, "2015-03-31": "20.76700", "2014-12-31": 33.171, "2014-09-30": 34.758, "2014-06-30": 46.257, "2014-03-31": "17.68900", "2013-12-31": -5.975, "2013-09-30": 31.867, "2013-06-30": 7.061, "2013-03-31": "1.68700", "2012-12-31": 13.87, "2011-12-31": 12.43}, "Net Change In Property, Plant, And Equipment": {"2020-09-30": -2.523, "2020-06-30": -2.071, "2020-03-31": "-3.10700", "2019-12-31": -2.432, "2019-09-30": -4.68, "2019-06-30": -3.402, "2019-03-31": "-5.23700", "2018-12-31": -6.217, "2018-09-30": -4.542, "2018-06-30": -6.735, "2018-03-31": "-6.33600", "2017-12-31": -3.12, "2017-09-30": -2.625, "2017-06-30": -4.889, "2017-03-31": "-4.64500", "2016-12-31": -4.935, "2016-09-30": -3.745, "2016-06-30": -4.107, "2016-03-31": "-8.63200", "2015-12-31": -6.015, "2015-09-30": -5.206, "2015-06-30": -3.632, "2015-03-31": "-5.13600", "2014-12-31": -2.345, "2014-09-30": -2.21, "2014-06-30": -5.476, "2014-03-31": "-3.10300", "2013-12-31": -4.814, "2013-09-30": -3.284, "2013-06-30": -10.516, "2013-03-31": "-1.69600", "2012-12-31": -0.54, "2011-12-31": -2.77}, "Net Change In Intangible Assets": {"2020-09-30": 0, "2020-06-30": 0, "2020-03-31": "", "2019-12-31": 0, "2019-09-30": 0, "2019-06-30": 0, "2019-03-31": "", "2018-12-31": 0, "2018-09-30": 0, "2018-06-30": 0, "2018-03-31": "", "2017-12-31": 0, "2017-09-30": 0, "2017-06-30": 0, "2017-03-31": "", "2016-12-31": 0, "2016-09-30": 0, "2016-06-30": 0, "2016-03-31": "", "2015-12-31": 0.743, "2015-09-30": -0.038, "2015-06-30": -0.038, "2015-03-31": "-0.66700", "2014-12-31": 4.451, "2014-09-30": -4.451, "2014-06-30": 0, "2014-03-31": "", "2013-12-31": 0, "2013-09-30": 0, "2013-06-30": 0, "2013-03-31": "", "2012-12-31": 0, "2011-12-31": 0}, "Net Acquisitions/Divestitures": {"2020-09-30": 0, "2020-06-30": -0.092, "2020-03-31": "-66.22500", "2019-12-31": 0, "2019-09-30": -1.365, "2019-06-30": 0, "2019-03-31": "", "2018-12-31": -1.181, "2018-09-30": -95.64, "2018-06-30": 0, "2018-03-31": "", "2017-12-31": 0, "2017-09-30": 0, "2017-06-30": 0, "2017-03-31": "", "2016-12-31": 0, "2016-09-30": 0, "2016-06-30": 0, "2016-03-31": "", "2015-12-31": 0, "2015-09-30": 0, "2015-06-30": 0, "2015-03-31": "", "2014-12-31": 0, "2014-09-30": 0, "2014-06-30": 0, "2014-03-31": "", "2013-12-31": 0, "2013-09-30": 0, "2013-06-30": 0, "2013-03-31": "", "2012-12-31": 0, "2011-12-31": 0}, "Net Change In Short-term Investments": {"2020-09-30": 101.407, "2020-06-30": -101.118, "2020-03-31": "-260.14600", "2019-12-31": -261.597, "2019-09-30": -36.708, "2019-06-30": 33.112, "2019-03-31": "-29.98300", "2018-12-31": -166.263, "2018-09-30": 13.702, "2018-06-30": -296.373, "2018-03-31": "-177.52800", "2017-12-31": -189.11, "2017-09-30": -187.789, "2017-06-30": -5.119, "2017-03-31": "2.97700", "2016-12-31": -1.289, "2016-09-30": -7.629, "2016-06-30": -241.3, "2016-03-31": "-51.63800", "2015-12-31": 150, "2015-09-30": 58.2, "2015-06-30": 0, "2015-03-31": "", "2014-12-31": -210.019, "2014-09-30": 0, "2014-06-30": 0, "2014-03-31": "", "2013-12-31": 0, "2013-09-30": 0, "2013-06-30": 0, "2013-03-31": "", "2012-12-31": 0, "2011-12-31": 0}, "Net Change In Long-Term Investments": {"2020-09-30": 3.399, "2020-06-30": 0, "2020-03-31": "", "2019-12-31": 0, "2019-09-30": 28.22, "2019-06-30": 0, "2019-03-31": "", "2018-12-31": 0, "2018-09-30": 0, "2018-06-30": -8, "2018-03-31": "", "2017-12-31": 0, "2017-09-30": 0, "2017-06-30": 0, "2017-03-31": "", "2016-12-31": 0, "2016-09-30": 0, "2016-06-30": -2.5, "2016-03-31": "", "2015-12-31": 0, "2015-09-30": 0, "2015-06-30": 0, "2015-03-31": "", "2014-12-31": 15, "2014-09-30": -15, "2014-06-30": 0, "2014-03-31": "", "2013-12-31": 0, "2013-09-30": 0, "2013-06-30": 0, "2013-03-31": "", "2012-12-31": 0, "2011-12-31": 0}, "Net Change In Investments - Total": {"2020-09-30": 104.806, "2020-06-30": -101.118, "2020-03-31": "-260.14600", "2019-12-31": -261.597, "2019-09-30": -8.488, "2019-06-30": 33.112, "2019-03-31": "-29.98300", "2018-12-31": -166.263, "2018-09-30": 13.702, "2018-06-30": -304.373, "2018-03-31": "-177.52800", "2017-12-31": -189.11, "2017-09-30": -187.789, "2017-06-30": -5.119, "2017-03-31": "2.97700", "2016-12-31": -1.289, "2016-09-30": -7.629, "2016-06-30": -243.8, "2016-03-31": "-51.63800", "2015-12-31": 150, "2015-09-30": 58.2, "2015-06-30": 0, "2015-03-31": "", "2014-12-31": -195.019, "2014-09-30": -15, "2014-06-30": 0, "2014-03-31": "", "2013-12-31": 0, "2013-09-30": 0, "2013-06-30": 0, "2013-03-31": "", "2012-12-31": 0, "2011-12-31": 0}, "Investing Activities - Other": {"2020-09-30": 0, "2020-06-30": 0, "2020-03-31": "", "2019-12-31": 0, "2019-09-30": 0, "2019-06-30": 0, "2019-03-31": "", "2018-12-31": 2, "2018-09-30": 0, "2018-06-30": -2, "2018-03-31": "", "2017-12-31": 0, "2017-09-30": 3, "2017-06-30": 0, "2017-03-31": "", "2016-12-31": 0, "2016-09-30": 0, "2016-06-30": 0, "2016-03-31": "", "2015-12-31": -0.002, "2015-09-30": -4.039, "2015-06-30": 0, "2015-03-31": "", "2014-12-31": -30.249, "2014-09-30": 0, "2014-06-30": 4.04, "2014-03-31": "", "2013-12-31": 0.82, "2013-09-30": 0, "2013-06-30": 0, "2013-03-31": "", "2012-12-31": -9.04, "2011-12-31": 0}, "Cash Flow From Investing Activities": {"2020-09-30": 102.283, "2020-06-30": -103.281, "2020-03-31": "-329.47800", "2019-12-31": -264.029, "2019-09-30": -14.533, "2019-06-30": 29.71, "2019-03-31": "-35.22000", "2018-12-31": -171.661, "2018-09-30": -86.48, "2018-06-30": -313.108, "2018-03-31": "-183.86400", "2017-12-31": -192.23, "2017-09-30": -187.414, "2017-06-30": -10.008, "2017-03-31": "-1.66800", "2016-12-31": -6.224, "2016-09-30": -11.374, "2016-06-30": -247.907, "2016-03-31": "-60.27000", "2015-12-31": 144.726, "2015-09-30": 48.917, "2015-06-30": -3.67, "2015-03-31": "-5.80300", "2014-12-31": -223.162, "2014-09-30": -21.661, "2014-06-30": -1.436, "2014-03-31": "-3.10300", "2013-12-31": -3.994, "2013-09-30": -3.284, "2013-06-30": -10.516, "2013-03-31": "-1.69600", "2012-12-31": -9.58, "2011-12-31": -2.77}, "Net Long-Term Debt": {"2020-09-30": 0, "2020-06-30": 0, "2020-03-31": "", "2019-12-31": 0, "2019-09-30": 0, "2019-06-30": 0, "2019-03-31": "", "2018-12-31": 0, "2018-09-30": 0, "2018-06-30": 0, "2018-03-31": "", "2017-12-31": 0, "2017-09-30": 0, "2017-06-30": 0, "2017-03-31": "", "2016-12-31": 0, "2016-09-30": 0, "2016-06-30": 0, "2016-03-31": "", "2015-12-31": 0, "2015-09-30": 0, "2015-06-30": 0, "2015-03-31": "", "2014-12-31": 0, "2014-09-30": 0, "2014-06-30": 0, "2014-03-31": "", "2013-12-31": 0, "2013-09-30": 0, "2013-06-30": 0, "2013-03-31": "", "2012-12-31": 0, "2011-12-31": 0}, "Net Current Debt": {"2020-09-30": 0, "2020-06-30": 0, "2020-03-31": "", "2019-12-31": 0, "2019-09-30": 0, "2019-06-30": 0, "2019-03-31": "", "2018-12-31": 0, "2018-09-30": 0, "2018-06-30": 0, "2018-03-31": "", "2017-12-31": 0, "2017-09-30": 0, "2017-06-30": 0, "2017-03-31": "", "2016-12-31": 0, "2016-09-30": 0, "2016-06-30": 0, "2016-03-31": "", "2015-12-31": 0, "2015-09-30": 0, "2015-06-30": 0, "2015-03-31": "", "2014-12-31": 0, "2014-09-30": 0, "2014-06-30": -20, "2014-03-31": "", "2013-12-31": 0, "2013-09-30": 0, "2013-06-30": 0, "2013-03-31": "", "2012-12-31": -40.24, "2011-12-31": 40.24}, "Debt Issuance/Retirement Net - Total": {"2020-09-30": 0, "2020-06-30": 0, "2020-03-31": "", "2019-12-31": 0, "2019-09-30": 0, "2019-06-30": 0, "2019-03-31": "", "2018-12-31": 0, "2018-09-30": 0, "2018-06-30": 0, "2018-03-31": "", "2017-12-31": 0, "2017-09-30": 0, "2017-06-30": 0, "2017-03-31": "", "2016-12-31": 0, "2016-09-30": 0, "2016-06-30": 0, "2016-03-31": "", "2015-12-31": 0, "2015-09-30": 0, "2015-06-30": 0, "2015-03-31": "", "2014-12-31": 0, "2014-09-30": 0, "2014-06-30": -20, "2014-03-31": "", "2013-12-31": 0, "2013-09-30": 0, "2013-06-30": 0, "2013-03-31": "", "2012-12-31": 0, "2011-12-31": 0}, "Net Common Equity Issued/Repurchased": {"2020-09-30": -146.802, "2020-06-30": 5.146, "2020-03-31": "-210.81300", "2019-12-31": -46.324, "2019-09-30": -100.536, "2019-06-30": -88.227, "2019-03-31": "26.32300", "2018-12-31": 4.016, "2018-09-30": 20.832, "2018-06-30": 11.51, "2018-03-31": "17.30000", "2017-12-31": 15.241, "2017-09-30": 13.765, "2017-06-30": 8.624, "2017-03-31": "19.48100", "2016-12-31": 9.299, "2016-09-30": 14.677, "2016-06-30": 4.455, "2016-03-31": "6.75000", "2015-12-31": 3.273, "2015-09-30": 7.081, "2015-06-30": 6.669, "2015-03-31": "9.91700", "2014-12-31": 5.114, "2014-09-30": -1.719, "2014-06-30": 242.079, "2014-03-31": "1.86100", "2013-12-31": 3.09, "2013-09-30": 0.632, "2013-06-30": 2.296, "2013-03-31": "2.98600", "2012-12-31": 0, "2011-12-31": 0}, "Net Total Equity Issued/Repurchased": {"2020-09-30": -146.802, "2020-06-30": 5.146, "2020-03-31": "-210.81300", "2019-12-31": -46.324, "2019-09-30": -100.536, "2019-06-30": -88.227, "2019-03-31": "26.32300", "2018-12-31": 4.016, "2018-09-30": 20.832, "2018-06-30": 11.51, "2018-03-31": "17.30000", "2017-12-31": 15.241, "2017-09-30": 13.765, "2017-06-30": 8.624, "2017-03-31": "19.48100", "2016-12-31": 9.299, "2016-09-30": 14.677, "2016-06-30": 4.455, "2016-03-31": "6.75000", "2015-12-31": 3.273, "2015-09-30": 7.081, "2015-06-30": 6.669, "2015-03-31": "9.91700", "2014-12-31": 5.114, "2014-09-30": -1.719, "2014-06-30": 242.079, "2014-03-31": "1.86100", "2013-12-31": 3.086, "2013-09-30": 0.632, "2013-06-30": 2.296, "2013-03-31": "2.98600", "2012-12-31": -2.38, "2011-12-31": 6.26}, "Total Common And Preferred Stock Dividends Paid": {"2020-09-30": 0, "2020-06-30": 0, "2020-03-31": "", "2019-12-31": 0, "2019-09-30": 0, "2019-06-30": 0, "2019-03-31": "", "2018-12-31": 0, "2018-09-30": 0, "2018-06-30": 0, "2018-03-31": "", "2017-12-31": 0, "2017-09-30": 0, "2017-06-30": 0, "2017-03-31": "", "2016-12-31": 0, "2016-09-30": 0, "2016-06-30": 0, "2016-03-31": "", "2015-12-31": 0, "2015-09-30": 0, "2015-06-30": 0, "2015-03-31": "", "2014-12-31": 0, "2014-09-30": 0, "2014-06-30": 0, "2014-03-31": "", "2013-12-31": 0, "2013-09-30": 0, "2013-06-30": 0, "2013-03-31": "", "2012-12-31": 0, "2011-12-31": 0}, "Financial Activities - Other": {"2020-09-30": -1.932, "2020-06-30": -2.26, "2020-03-31": "-1.74000", "2019-12-31": -2.131, "2019-09-30": -2.407, "2019-06-30": -2.812, "2019-03-31": "-1.85000", "2018-12-31": -2.501, "2018-09-30": -2.922, "2018-06-30": -3.392, "2018-03-31": "-1.99200", "2017-12-31": -2.015, "2017-09-30": -1.498, "2017-06-30": -1.166, "2017-03-31": "-0.96300", "2016-12-31": -0.665, "2016-09-30": -0.538, "2016-06-30": -0.919, "2016-03-31": "-0.31400", "2015-12-31": -32.689, "2015-09-30": 9.142, "2015-06-30": 12.147, "2015-03-31": "10.31400", "2014-12-31": 16.356, "2014-09-30": 0.163, "2014-06-30": 0.721, "2014-03-31": "-0.59700", "2013-12-31": 0.54, "2013-09-30": 0.127, "2013-06-30": 0.187, "2013-03-31": "0.02600", "2012-12-31": 0.09, "2011-12-31": 0}, "Cash Flow From Financial Activities": {"2020-09-30": -148.734, "2020-06-30": 2.886, "2020-03-31": "-212.55300", "2019-12-31": -48.455, "2019-09-30": -102.943, "2019-06-30": -91.039, "2019-03-31": "24.47300", "2018-12-31": 1.515, "2018-09-30": 17.91, "2018-06-30": 8.118, "2018-03-31": "15.30800", "2017-12-31": 13.226, "2017-09-30": 12.267, "2017-06-30": 7.458, "2017-03-31": "18.51800", "2016-12-31": 8.634, "2016-09-30": 14.139, "2016-06-30": 3.536, "2016-03-31": "6.43600", "2015-12-31": -29.416, "2015-09-30": 16.223, "2015-06-30": 18.816, "2015-03-31": "20.23100", "2014-12-31": 21.47, "2014-09-30": -1.556, "2014-06-30": 222.8, "2014-03-31": "1.26400", "2013-12-31": 3.626, "2013-09-30": 0.759, "2013-06-30": 2.483, "2013-03-31": "3.01200", "2012-12-31": -42.53, "2011-12-31": 46.5}, "Net Cash Flow": {"2020-09-30": 170.093, "2020-06-30": 38.849, "2020-03-31": "-349.87500", "2019-12-31": 16.024, "2019-09-30": 150.855, "2019-06-30": 134.927, "2019-03-31": "159.54500", "2018-12-31": 125.267, "2018-09-30": -187.772, "2018-06-30": -174.999, "2018-03-31": "26.97100", "2017-12-31": 4.716, "2017-09-30": 31.007, "2017-06-30": 76.91, "2017-03-31": "179.89600", "2016-12-31": 67.646, "2016-09-30": -30.577, "2016-06-30": -179.605, "2016-03-31": "23.33700", "2015-12-31": 268.826, "2015-09-30": 75.542, "2015-06-30": 67.772, "2015-03-31": "35.15500", "2014-12-31": -168.565, "2014-09-30": 11.398, "2014-06-30": 267.674, "2014-03-31": "15.86000", "2013-12-31": -6.365, "2013-09-30": 29.388, "2013-06-30": -1.008, "2013-03-31": "2.98500", "2012-12-31": -38.21, "2011-12-31": 56.14}, "Stock-Based Compensation": {"2020-09-30": 36.469, "2020-06-30": 32.922, "2020-03-31": "27.55600", "2019-12-31": 26.435, "2019-09-30": 26.257, "2019-06-30": 24.297, "2019-03-31": "24.29100", "2018-12-31": 24.619, "2018-09-30": 23.254, "2018-06-30": 22.478, "2018-03-31": "20.85100", "2017-12-31": 20.436, "2017-09-30": 20.152, "2017-06-30": 18.4, "2017-03-31": "16.43900", "2016-12-31": 16.324, "2016-09-30": 15.116, "2016-06-30": 14.232, "2016-03-31": "13.36000", "2015-12-31": 12.978, "2015-09-30": 12.278, "2015-06-30": 11.208, "2015-03-31": "8.83900", "2014-12-31": 8.05, "2014-09-30": 8.082, "2014-06-30": 6.705, "2014-03-31": "4.78200", "2013-12-31": 3.76, "2013-09-30": 2.584, "2013-06-30": 2.073, "2013-03-31": "1.74200", "2012-12-31": 0, "2011-12-31": 0}, "Common Stock Dividends Paid": {"2020-09-30": 0, "2020-06-30": 0, "2020-03-31": "", "2019-12-31": 0, "2019-09-30": 0, "2019-06-30": 0, "2019-03-31": "", "2018-12-31": 0, "2018-09-30": 0, "2018-06-30": 0, "2018-03-31": "", "2017-12-31": 0, "2017-09-30": 0, "2017-06-30": 0, "2017-03-31": "", "2016-12-31": 0, "2016-09-30": 0, "2016-06-30": 0, "2016-03-31": "", "2015-12-31": 0, "2015-09-30": 0, "2015-06-30": 0, "2015-03-31": "", "2014-12-31": 0, "2014-09-30": 0, "2014-06-30": 0, "2014-03-31": "", "2013-12-31": 0, "2013-09-30": 0, "2013-06-30": 0, "2013-03-31": "", "2012-12-31": 0, "2011-12-31": 0}}, "financial ratios": {"Current Ratio": {"2019-12-31": "5.81440", "2018-12-31": "4.47610", "2017-12-31": "4.27700", "2016-12-31": "3.32090", "2015-12-31": "4.14590", "2014-12-31": "4.70640", "2013-12-31": "1.35070", "2012-12-31": "3.82130", "2011-12-31": ""}, "Long-term Debt / Capital": {"2019-12-31": "", "2018-12-31": "0.01630", "2017-12-31": "0.02220", "2016-12-31": "0.03450", "2015-12-31": "0.04970", "2014-12-31": "0.07110", "2013-12-31": "0.35700", "2012-12-31": "0.86670", "2011-12-31": ""}, "Debt/Equity Ratio": {"2019-12-31": "", "2018-12-31": "0.01650", "2017-12-31": "0.02270", "2016-12-31": "0.03570", "2015-12-31": "0.05230", "2014-12-31": "0.07660", "2013-12-31": "1.82610", "2012-12-31": "6.50060", "2011-12-31": ""}, "Gross Margin": {"2019-12-31": "64.06170", "2018-12-31": "63.83740", "2017-12-31": "64.49870", "2016-12-31": "64.03980", "2015-12-31": "64.89560", "2014-12-31": "67.12670", "2013-12-31": "66.03600", "2012-12-31": "68.33020", "2011-12-31": "68.99060"}, "Operating Margin": {"2019-12-31": "33.42480", "2018-12-31": "12.70570", "2017-12-31": "28.56740", "2016-12-31": "21.55650", "2015-12-31": "17.82590", "2014-12-31": "21.48810", "2013-12-31": "18.31220", "2012-12-31": "20.62840", "2011-12-31": "31.74880"}, "EBIT Margin": {"2019-12-31": "33.42480", "2018-12-31": "12.70570", "2017-12-31": "28.56740", "2016-12-31": "21.55650", "2015-12-31": "17.82590", "2014-12-31": "21.48810", "2013-12-31": "18.31220", "2012-12-31": "20.62840", "2011-12-31": "31.74880"}, "EBITDA Margin": {"2019-12-31": "34.50660", "2018-12-31": "13.83580", "2017-12-31": "29.90940", "2016-12-31": "23.43770", "2015-12-31": "19.63370", "2014-12-31": "23.35350", "2013-12-31": "20.01810", "2012-12-31": "22.08600", "2011-12-31": "33.27110"}, "Pre-Tax Profit Margin": {"2019-12-31": "35.76840", "2018-12-31": "13.42410", "2017-12-31": "28.84000", "2016-12-31": "21.45170", "2015-12-31": "17.43200", "2014-12-31": "20.80240", "2013-12-31": "16.13270", "2012-12-31": "17.04950", "2011-12-31": "26.90490"}, "Net Profit Margin": {"2019-12-31": "35.65110", "2018-12-31": "15.24270", "2017-12-31": "25.65930", "2016-12-31": "16.20350", "2015-12-31": "14.22110", "2014-12-31": "11.79390", "2013-12-31": "5.75180", "2012-12-31": "4.97500", "2011-12-31": "9.86000"}, "Asset Turnover": {"2019-12-31": "0.57600", "2018-12-31": "0.69800", "2017-12-31": "0.66890", "2016-12-31": "0.65310", "2015-12-31": "0.72210", "2014-12-31": "0.72020", "2013-12-31": "0.99100", "2012-12-31": "0.87850", "2011-12-31": ""}, "Inventory Turnover Ratio": {"2019-12-31": "3.55320", "2018-12-31": "2.94070", "2017-12-31": "1.90860", "2016-12-31": "1.71700", "2015-12-31": "3.19150", "2014-12-31": "2.46150", "2013-12-31": "1.82860", "2012-12-31": "2.53310", "2011-12-31": ""}, "Receiveable Turnover": {"2019-12-31": "6.15000", "2018-12-31": "6.48440", "2017-12-31": "6.65540", "2016-12-31": "4.46100", "2015-12-31": "5.80600", "2014-12-31": "6.02280", "2013-12-31": "4.63110", "2012-12-31": "3.79960", "2011-12-31": ""}, "Days Sales In Receivables": {"2019-12-31": "59.34990", "2018-12-31": "56.28910", "2017-12-31": "54.84270", "2016-12-31": "81.82000", "2015-12-31": "62.86600", "2014-12-31": "60.60280", "2013-12-31": "78.81440", "2012-12-31": "96.06240", "2011-12-31": ""}, "ROE - Return On Equity": {"2019-12-31": "29.70500", "2018-12-31": "15.30820", "2017-12-31": "25.46470", "2016-12-31": "16.62630", "2015-12-31": "15.36530", "2014-12-31": "15.63010", "2013-12-31": "59.18600", "2012-12-31": "165.26550", "2011-12-31": ""}, "Return On Tangible Equity": {"2019-12-31": "30.76890", "2018-12-31": "16.15460", "2017-12-31": "25.46470", "2016-12-31": "16.62630", "2015-12-31": "15.36530", "2014-12-31": "15.63010", "2013-12-31": "54.62360", "2012-12-31": "112.89790", "2011-12-31": ""}, "ROA - Return On Assets": {"2019-12-31": "20.54500", "2018-12-31": "10.64620", "2017-12-31": "17.19730", "2016-12-31": "10.65290", "2015-12-31": "10.44080", "2014-12-31": "10.70870", "2013-12-31": "11.64820", "2012-12-31": "9.69670", "2011-12-31": ""}, "ROI - Return On Investment": {"2019-12-31": "29.70500", "2018-12-31": "15.05930", "2017-12-31": "24.90020", "2016-12-31": "16.05260", "2015-12-31": "14.60180", "2014-12-31": "14.51840", "2013-12-31": "35.12460", "2012-12-31": "15.05190", "2011-12-31": ""}, "Book Value Per Share": {"2019-12-31": "37.89400", "2018-12-31": "28.32620", "2017-12-31": "22.54790", "2016-12-31": "15.64470", "2015-12-31": "11.56800", "2014-12-31": "8.47970", "2013-12-31": "2.43470", "2012-12-31": "0.62400", "2011-12-31": ""}, "Operating Cash Flow Per Share": {"2019-12-31": 5.6838, "2018-12-31": -1.7743, "2017-12-31": 5.6172, "2016-12-31": -0.9494, "2015-12-31": 0.9141, "2014-12-31": 1.2627, "2013-12-31": 0.0966, "2012-12-31": 0.4741, "2011-12-31": 0.5823}, "Free Cash Flow Per Share": {"2019-12-31": 5.7838, "2018-12-31": -1.8755, "2017-12-31": 5.7163, "2016-12-31": -0.9621, "2015-12-31": 0.8748, "2014-12-31": 1.6982, "2013-12-31": -0.4465, "2012-12-31": 0.4708, "2011-12-31": 0.4526}}, "financial ratios, quarterly": {"Current Ratio": {"2020-09-30": "5.49630", "2020-06-30": "5.58730", "2020-03-31": "5.82350", "2019-12-31": "5.81440", "2019-09-30": "5.91110", "2019-06-30": "5.76840", "2019-03-31": "5.34060", "2018-12-31": "4.47610", "2018-09-30": "4.51300", "2018-06-30": "3.16970", "2018-03-31": "5.19720", "2017-12-31": "4.27700", "2017-09-30": "3.65700", "2017-06-30": "3.19120", "2017-03-31": "3.26160", "2016-12-31": "3.32090", "2016-09-30": "3.72920", "2016-06-30": "4.33520", "2016-03-31": "4.77510", "2015-12-31": "4.14590", "2015-09-30": "4.09440", "2015-06-30": "4.19860", "2015-03-31": "4.96220", "2014-12-31": "4.70640", "2014-09-30": "5.77970", "2014-06-30": "5.75960", "2014-03-31": "1.46770", "2013-12-31": "1.35070", "2013-09-30": "", "2013-06-30": "", "2013-03-31": "", "2012-12-31": "", "2011-12-31": ""}, "Long-term Debt / Capital": {"2020-09-30": "", "2020-06-30": "", "2020-03-31": "", "2019-12-31": "", "2019-09-30": "", "2019-06-30": "", "2019-03-31": "", "2018-12-31": "0.01630", "2018-09-30": "0.01820", "2018-06-30": "0.02080", "2018-03-31": "0.01970", "2017-12-31": "0.02220", "2017-09-30": "0.02440", "2017-06-30": "0.02770", "2017-03-31": "0.03090", "2016-12-31": "0.03450", "2016-09-30": "0.03810", "2016-06-30": "0.04220", "2016-03-31": "0.04580", "2015-12-31": "0.04970", "2015-09-30": "0.05440", "2015-06-30": "0.05920", "2015-03-31": "0.06470", "2014-12-31": "0.07110", "2014-09-30": "0.07990", "2014-06-30": "0.08550", "2014-03-31": "0.31020", "2013-12-31": "0.35700", "2013-09-30": "", "2013-06-30": "", "2013-03-31": "", "2012-12-31": "", "2011-12-31": ""}, "Debt/Equity Ratio": {"2020-09-30": "", "2020-06-30": "", "2020-03-31": "", "2019-12-31": "", "2019-09-30": "", "2019-06-30": "", "2019-03-31": "", "2018-12-31": "0.01650", "2018-09-30": "0.01850", "2018-06-30": "0.02130", "2018-03-31": "0.02010", "2017-12-31": "0.02270", "2017-09-30": "0.02510", "2017-06-30": "0.02850", "2017-03-31": "0.03190", "2016-12-31": "0.03570", "2016-09-30": "0.03960", "2016-06-30": "0.04410", "2016-03-31": "0.04800", "2015-12-31": "0.05230", "2015-09-30": "0.05750", "2015-06-30": "0.06300", "2015-03-31": "0.06920", "2014-12-31": "0.07660", "2014-09-30": "0.08690", "2014-06-30": "0.09350", "2014-03-31": "1.47730", "2013-12-31": "1.82610", "2013-09-30": "", "2013-06-30": "", "2013-03-31": "", "2012-12-31": "", "2011-12-31": ""}, "Gross Margin": {"2020-09-30": "63.58480", "2020-06-30": "63.65300", "2020-03-31": "64.67160", "2019-12-31": "64.48390", "2019-09-30": "63.76290", "2019-06-30": "64.14230", "2019-03-31": "63.91580", "2018-12-31": "62.94710", "2018-09-30": "64.18910", "2018-06-30": "64.22740", "2018-03-31": "64.11130", "2017-12-31": "65.65220", "2017-09-30": "64.12150", "2017-06-30": "64.10910", "2017-03-31": "63.85280", "2016-12-31": "64.07770", "2016-09-30": "64.22500", "2016-06-30": "63.79790", "2016-03-31": "64.03490", "2015-12-31": "63.62620", "2015-09-30": "65.15710", "2015-06-30": "65.39950", "2015-03-31": "65.76780", "2014-12-31": "67.11670", "2014-09-30": "64.93960", "2014-06-30": "67.69270", "2014-03-31": "69.37640", "2013-12-31": "67.51130", "2013-09-30": "63.99610", "2013-06-30": "64.56370", "2013-03-31": "68.67050", "2012-12-31": "", "2011-12-31": ""}, "Operating Margin": {"2020-09-30": "31.11750", "2020-06-30": "30.89130", "2020-03-31": "28.61450", "2019-12-31": "31.85050", "2019-09-30": "34.93290", "2019-06-30": "34.00130", "2019-03-31": "32.63930", "2018-12-31": "32.50520", "2018-09-30": "32.09070", "2018-06-30": "-46.12970", "2018-03-31": "29.36320", "2017-12-31": "29.79230", "2017-09-30": "32.18040", "2017-06-30": "28.78350", "2017-03-31": "21.88480", "2016-12-31": "23.62880", "2016-09-30": "21.71180", "2016-06-30": "19.78040", "2016-03-31": "20.53500", "2015-12-31": "20.12540", "2015-09-30": "14.38630", "2015-06-30": "16.80320", "2015-03-31": "19.96980", "2014-12-31": "22.48090", "2014-09-30": "21.78910", "2014-06-30": "22.22230", "2014-03-31": "18.75490", "2013-12-31": "19.59290", "2013-09-30": "18.33800", "2013-06-30": "19.48130", "2013-03-31": "14.25150", "2012-12-31": "", "2011-12-31": ""}, "EBIT Margin": {"2020-09-30": "31.11750", "2020-06-30": "30.89130", "2020-03-31": "28.61450", "2019-12-31": "31.85060", "2019-09-30": "34.93290", "2019-06-30": "34.00130", "2019-03-31": "32.63930", "2018-12-31": "32.50520", "2018-09-30": "32.09070", "2018-06-30": "-46.12970", "2018-03-31": "29.36320", "2017-12-31": "29.79230", "2017-09-30": "32.18040", "2017-06-30": "28.78350", "2017-03-31": "21.88480", "2016-12-31": "23.62880", "2016-09-30": "21.71180", "2016-06-30": "19.78040", "2016-03-31": "20.53500", "2015-12-31": "20.12540", "2015-09-30": "14.38630", "2015-06-30": "16.80320", "2015-03-31": "19.96980", "2014-12-31": "22.48100", "2014-09-30": "21.78910", "2014-06-30": "22.22230", "2014-03-31": "18.75490", "2013-12-31": "19.59290", "2013-09-30": "18.33800", "2013-06-30": "19.48130", "2013-03-31": "14.25150", "2012-12-31": "", "2011-12-31": ""}, "EBITDA Margin": {"2020-09-30": "", "2020-06-30": "", "2020-03-31": "", "2019-12-31": "", "2019-09-30": "", "2019-06-30": "", "2019-03-31": "", "2018-12-31": "", "2018-09-30": "", "2018-06-30": "", "2018-03-31": "", "2017-12-31": "", "2017-09-30": "", "2017-06-30": "", "2017-03-31": "", "2016-12-31": "", "2016-09-30": "", "2016-06-30": "", "2016-03-31": "", "2015-12-31": "", "2015-09-30": "", "2015-06-30": "", "2015-03-31": "", "2014-12-31": "", "2014-09-30": "", "2014-06-30": "", "2014-03-31": "", "2013-12-31": "", "2013-09-30": "", "2013-06-30": "", "2013-03-31": "", "2012-12-31": "", "2011-12-31": ""}, "Pre-Tax Profit Margin": {"2020-09-30": "33.30170", "2020-06-30": "32.41860", "2020-03-31": "30.93880", "2019-12-31": "33.87450", "2019-09-30": "37.86210", "2019-06-30": "36.27160", "2019-03-31": "34.71060", "2018-12-31": "33.31900", "2018-09-30": "33.62080", "2018-06-30": "-46.54700", "2018-03-31": "30.24280", "2017-12-31": "30.27250", "2017-09-30": "32.50830", "2017-06-30": "28.90590", "2017-03-31": "21.97720", "2016-12-31": "23.51960", "2016-09-30": "21.67880", "2016-06-30": "19.66280", "2016-03-31": "20.36410", "2015-12-31": "19.77710", "2015-09-30": "14.04610", "2015-06-30": "16.59100", "2015-03-31": "19.24990", "2014-12-31": "21.95130", "2014-09-30": "20.76760", "2014-06-30": "22.97400", "2014-03-31": "16.59200", "2013-12-31": "17.49650", "2013-09-30": "16.54710", "2013-06-30": "17.35760", "2013-03-31": "11.23590", "2012-12-31": "", "2011-12-31": ""}, "Net Profit Margin": {"2020-09-30": "27.81080", "2020-06-30": "26.78530", "2020-03-31": "26.46720", "2019-12-31": "47.16020", "2019-09-30": "31.90620", "2019-06-30": "31.09410", "2019-03-31": "33.74250", "2018-12-31": "28.57440", "2018-09-30": "29.90170", "2018-06-30": "-29.85260", "2018-03-31": "30.57190", "2017-12-31": "22.16700", "2017-09-30": "30.51420", "2017-06-30": "25.28410", "2017-03-31": "24.64980", "2016-12-31": "17.82640", "2016-09-30": "17.55730", "2016-06-30": "14.36960", "2016-03-31": "14.41850", "2015-12-31": "17.59040", "2015-09-30": "13.00910", "2015-06-30": "12.07200", "2015-03-31": "13.42230", "2014-12-31": "15.63790", "2014-09-30": "13.62700", "2014-06-30": "10.30250", "2014-03-31": "5.42800", "2013-12-31": "11.97390", "2013-09-30": "5.74460", "2013-06-30": "5.92680", "2013-03-31": "5.09720", "2012-12-31": "", "2011-12-31": ""}, "Asset Turnover": {"2020-09-30": "0.13760", "2020-06-30": "0.12470", "2020-03-31": "0.12720", "2019-12-31": "0.13200", "2019-09-30": "0.18080", "2019-06-30": "0.17680", "2019-03-31": "0.17870", "2018-12-31": "0.19330", "2018-09-30": "0.20130", "2018-06-30": "0.18360", "2018-03-31": "0.18310", "2017-12-31": "0.19010", "2017-09-30": "0.19010", "2017-06-30": "0.18730", "2017-03-31": "0.17300", "2016-12-31": "0.18970", "2016-09-30": "0.19110", "2016-06-30": "0.20130", "2016-03-31": "0.20020", "2015-12-31": "0.21160", "2015-09-30": "0.20280", "2015-06-30": "0.19740", "2015-03-31": "0.20460", "2014-12-31": "0.21390", "2014-09-30": "0.22470", "2014-06-30": "0.21460", "2014-03-31": "0.31220", "2013-12-31": "0.31480", "2013-09-30": "", "2013-06-30": "", "2013-03-31": "", "2012-12-31": "", "2011-12-31": ""}, "Inventory Turnover Ratio": {"2020-09-30": "0.50320", "2020-06-30": "0.60090", "2020-03-31": "0.70580", "2019-12-31": "0.80490", "2019-09-30": "0.98890", "2019-06-30": "0.69430", "2019-03-31": "0.61890", "2018-12-31": "0.83440", "2018-09-30": "0.93260", "2018-06-30": "0.75770", "2018-03-31": "0.63240", "2017-12-31": "0.52480", "2017-09-30": "0.47130", "2017-06-30": "0.39980", "2017-03-31": "0.42280", "2016-12-31": "0.49820", "2016-09-30": "0.64050", "2016-06-30": "0.82360", "2016-03-31": "1.03660", "2015-12-31": "0.96910", "2015-09-30": "0.68960", "2015-06-30": "0.67460", "2015-03-31": "0.67190", "2014-12-31": "0.73130", "2014-09-30": "0.87090", "2014-06-30": "0.62710", "2014-03-31": "0.45450", "2013-12-31": "0.55590", "2013-09-30": "", "2013-06-30": "", "2013-03-31": "", "2012-12-31": "", "2011-12-31": ""}, "Receiveable Turnover": {"2020-09-30": "2.01660", "2020-06-30": "1.41060", "2020-03-31": "1.48520", "2019-12-31": "1.40960", "2019-09-30": "1.46320", "2019-06-30": "1.77310", "2019-03-31": "2.19510", "2018-12-31": "1.79560", "2018-09-30": "1.74910", "2018-06-30": "1.99240", "2018-03-31": "2.27880", "2017-12-31": "1.89150", "2017-09-30": "2.05840", "2017-06-30": "1.50290", "2017-03-31": "1.60470", "2016-12-31": "1.29570", "2016-09-30": "1.38060", "2016-06-30": "1.83240", "2016-03-31": "1.79250", "2015-12-31": "1.70140", "2015-09-30": "1.35770", "2015-06-30": "1.59840", "2015-03-31": "1.58370", "2014-12-31": "1.78890", "2014-09-30": "1.68870", "2014-06-30": "1.81640", "2014-03-31": "1.74920", "2013-12-31": "1.47140", "2013-09-30": "", "2013-06-30": "", "2013-03-31": "", "2012-12-31": "", "2011-12-31": ""}, "Days Sales In Receivables": {"2020-09-30": "44.62860", "2020-06-30": "63.80350", "2020-03-31": "60.59760", "2019-12-31": "63.84780", "2019-09-30": "61.50940", "2019-06-30": "50.75810", "2019-03-31": "40.99960", "2018-12-31": "50.12360", "2018-09-30": "51.45450", "2018-06-30": "45.17220", "2018-03-31": "39.49410", "2017-12-31": "47.58010", "2017-09-30": "43.72380", "2017-06-30": "59.88530", "2017-03-31": "56.08640", "2016-12-31": "69.45990", "2016-09-30": "65.18920", "2016-06-30": "49.11540", "2016-03-31": "50.21020", "2015-12-31": "52.89830", "2015-09-30": "66.28740", "2015-06-30": "56.30620", "2015-03-31": "56.83000", "2014-12-31": "50.31090", "2014-09-30": "53.29670", "2014-06-30": "49.54900", "2014-03-31": "51.45280", "2013-12-31": "61.16720", "2013-09-30": "", "2013-06-30": "", "2013-03-31": "", "2012-12-31": "", "2011-12-31": ""}, "ROE - Return On Equity": {"2020-09-30": "5.45980", "2020-06-30": "4.76840", "2020-03-31": "4.85920", "2019-12-31": "9.00590", "2019-09-30": "7.86500", "2019-06-30": "7.49340", "2019-03-31": "8.37490", "2018-12-31": "7.94640", "2018-09-30": "8.66060", "2018-06-30": "-9.02740", "2018-03-31": "7.83390", "2017-12-31": "6.24780", "2017-09-30": "8.77120", "2017-06-30": "7.56290", "2017-03-31": "6.75370", "2016-12-31": "5.30620", "2016-09-30": "5.06780", "2016-06-30": "4.24330", "2016-03-31": "4.14720", "2015-12-31": "5.57300", "2015-09-30": "3.96720", "2015-06-30": "3.60550", "2015-03-31": "4.01200", "2014-12-31": "5.58560", "2014-09-30": "4.43600", "2014-06-30": "4.68750", "2014-03-31": "13.63290", "2013-12-31": "19.15530", "2013-09-30": "", "2013-06-30": "", "2013-03-31": "", "2012-12-31": "", "2011-12-31": ""}, "Return On Tangible Equity": {"2020-09-30": "5.76400", "2020-06-30": "5.04870", "2020-03-31": "5.17560", "2019-12-31": "9.32840", "2019-09-30": "8.18290", "2019-06-30": "7.81940", "2019-03-31": "8.77250", "2018-12-31": "8.38570", "2018-09-30": "9.21600", "2018-06-30": "-9.02740", "2018-03-31": "7.83390", "2017-12-31": "6.24780", "2017-09-30": "8.77120", "2017-06-30": "7.56290", "2017-03-31": "6.75370", "2016-12-31": "5.30620", "2016-09-30": "5.06780", "2016-06-30": "4.24330", "2016-03-31": "4.14720", "2015-12-31": "5.57300", "2015-09-30": "3.96720", "2015-06-30": "3.60550", "2015-03-31": "4.01200", "2014-12-31": "5.58560", "2014-09-30": "4.43600", "2014-06-30": "4.68750", "2014-03-31": "12.78570", "2013-12-31": "17.67870", "2013-09-30": "", "2013-06-30": "", "2013-03-31": "", "2012-12-31": "", "2011-12-31": ""}, "ROA - Return On Assets": {"2020-09-30": "3.82730", "2020-06-30": "3.33940", "2020-03-31": "3.36660", "2019-12-31": "6.22880", "2019-09-30": "5.77090", "2019-06-30": "5.49940", "2019-03-31": "6.03250", "2018-12-31": "5.52640", "2018-09-30": "6.02250", "2018-06-30": "-5.48240", "2018-03-31": "5.60220", "2017-12-31": "4.21940", "2017-09-30": "5.80970", "2017-06-30": "4.74750", "2017-03-31": "4.27720", "2016-12-31": "3.39980", "2016-09-30": "3.37420", "2016-06-30": "2.91420", "2016-03-31": "2.91290", "2015-12-31": "3.78690", "2015-09-30": "2.67410", "2015-06-30": "2.42180", "2015-03-31": "2.79880", "2014-12-31": "3.82690", "2014-09-30": "3.16040", "2014-06-30": "3.36320", "2014-03-31": "3.28370", "2013-12-31": "3.76990", "2013-09-30": "", "2013-06-30": "", "2013-03-31": "", "2012-12-31": "", "2011-12-31": ""}, "ROI - Return On Investment": {"2020-09-30": "5.45980", "2020-06-30": "4.76840", "2020-03-31": "4.85920", "2019-12-31": "9.00590", "2019-09-30": "7.86500", "2019-06-30": "7.49340", "2019-03-31": "8.37490", "2018-12-31": "7.81720", "2018-09-30": "8.50310", "2018-06-30": "-8.83930", "2018-03-31": "7.67930", "2017-12-31": "6.10930", "2017-09-30": "8.55680", "2017-06-30": "7.35340", "2017-03-31": "6.54520", "2016-12-31": "5.12310", "2016-09-30": "4.87480", "2016-06-30": "4.06410", "2016-03-31": "3.95710", "2015-12-31": "5.29610", "2015-09-30": "3.75150", "2015-06-30": "3.39190", "2015-03-31": "3.75240", "2014-12-31": "5.18840", "2014-09-30": "4.08140", "2014-06-30": "4.28680", "2014-03-31": "8.81930", "2013-12-31": "11.36790", "2013-09-30": "", "2013-06-30": "", "2013-03-31": "", "2012-12-31": "", "2011-12-31": ""}, "Book Value Per Share": {"2020-09-30": "40.77480", "2020-06-30": "39.97270", "2020-03-31": "37.65550", "2019-12-31": "37.89400", "2019-09-30": "34.77900", "2019-06-30": "32.99010", "2019-03-31": "31.39660", "2018-12-31": "28.32620", "2018-09-30": "25.80980", "2018-06-30": "22.99710", "2018-03-31": "24.81960", "2017-12-31": "22.54790", "2017-09-30": "20.86510", "2017-06-30": "18.74050", "2017-03-31": "17.08350", "2016-12-31": "15.64470", "2016-09-30": "14.42150", "2016-06-30": "13.25000", "2016-03-31": "12.39650", "2015-12-31": "11.56800", "2015-09-30": "10.67720", "2015-06-30": "9.88890", "2015-03-31": "9.19020", "2014-12-31": "8.47970", "2014-09-30": "7.65110", "2014-06-30": "7.16280", "2014-03-31": "3.00510", "2013-12-31": "2.43470", "2013-09-30": "", "2013-06-30": "", "2013-03-31": "", "2012-12-31": "", "2011-12-31": ""}, "Operating Cash Flow Per Share": {"2020-09-30": 2.7116, "2020-06-30": 1.7627, "2020-03-31": "2.43740", "2019-12-31": 4.0328, "2019-09-30": 3.3685, "2019-06-30": 2.411, "2019-03-31": "2.09480", "2018-12-31": 3.6646, "2018-09-30": -1.8186, "2018-06-30": 1.9549, "2018-03-31": "2.42240", "2017-12-31": 2.3502, "2017-09-30": 2.5734, "2017-06-30": 0.973, "2017-03-31": "2.10100", "2016-12-31": 0.9002, "2016-09-30": -0.4698, "2016-06-30": 0.882, "2016-03-31": "1.06800", "2015-12-31": 2.161, "2015-09-30": 0.1385, "2015-06-30": 0.7367, "2015-03-31": "0.29360", "2014-12-31": 1.0003, "2014-09-30": -0.036, "2014-06-30": 0.9283, "2014-03-31": "0.52310", "2013-12-31": -0.2687, "2013-09-30": 1.0364, "2013-06-30": 0.2389, "2013-03-31": "0.06020", "2012-12-31": 0, "2011-12-31": 0}, "Free Cash Flow Per Share": {"2020-09-30": 2.6798, "2020-06-30": 1.7362, "2020-03-31": "2.39860", "2019-12-31": 4.003, "2019-09-30": 3.3099, "2019-06-30": 2.3692, "2019-03-31": "2.03030", "2018-12-31": 3.5873, "2018-09-30": -1.8606, "2018-06-30": 1.858, "2018-03-31": "2.34390", "2017-12-31": 2.31, "2017-09-30": 2.5412, "2017-06-30": 0.9118, "2017-03-31": "2.04110", "2016-12-31": 0.832, "2016-09-30": -0.5193, "2016-06-30": 0.8266, "2016-03-31": "0.94850", "2015-12-31": 2.0755, "2015-09-30": 0.0672, "2015-06-30": 0.6862, "2015-03-31": "0.22100", "2014-12-31": 0.9144, "2014-09-30": 0.004, "2014-06-30": 0.8254, "2014-03-31": "0.43130", "2013-12-31": -0.3847, "2013-09-30": 0.9444, "2013-06-30": -0.1181, "2013-03-31": "-0.00030", "2012-12-31": 0, "2011-12-31": 0}}, "revenue": {"Arista Networks Annual Revenue (Millions of US $)": {"2019": "$2,411", "2018": "$2,151", "2017": "$1,646", "2016": "$1,129", "2015": "$838", "2014": "$584", "2013": "$361", "2012": "$193", "2011": "$140"}, "Arista Networks Quarterly Revenue (Millions of US $)": {"2020-09-30": "$605", "2020-06-30": "$541", "2020-03-31": "$523", "2019-12-31": "$553", "2019-09-30": "$654", "2019-06-30": "$608", "2019-03-31": "$595", "2018-12-31": "$596", "2018-09-30": "$563", "2018-06-30": "$520", "2018-03-31": "$472", "2017-12-31": "$468", "2017-09-30": "$438", "2017-06-30": "$405", "2017-03-31": "$335", "2016-12-31": "$328", "2016-09-30": "$290", "2016-06-30": "$269", "2016-03-31": "$242", "2015-12-31": "$245", "2015-09-30": "$218", "2015-06-30": "$196", "2015-03-31": "$179", "2014-12-31": "$173", "2014-09-30": "$155", "2014-06-30": "$138", "2014-03-31": "$117", "2013-12-31": "$115", "2013-09-30": "$102", "2013-06-30": "$83", "2013-03-31": "$61", "2012-12-31": "", "2011-12-31": ""}}, "gross-profit": {"Arista Networks Annual Gross Profit (Millions of US $)": {"2019": "$1,544", "2018": "$1,373", "2017": "$1,062", "2016": "$723", "2015": "$544", "2014": "$392", "2013": "$239", "2012": "$132", "2011": "$96"}, "Arista Networks Quarterly Gross Profit (Millions of US $)": {"2020-09-30": "$385", "2020-06-30": "$344", "2020-03-31": "$338", "2019-12-31": "$356", "2019-09-30": "$417", "2019-06-30": "$390", "2019-03-31": "$381", "2018-12-31": "$375", "2018-09-30": "$362", "2018-06-30": "$334", "2018-03-31": "$303", "2017-12-31": "$307", "2017-09-30": "$281", "2017-06-30": "$260", "2017-03-31": "$214", "2016-12-31": "$210", "2016-09-30": "$186", "2016-06-30": "$171", "2016-03-31": "$155", "2015-12-31": "$156", "2015-09-30": "$142", "2015-06-30": "$128", "2015-03-31": "$118", "2014-12-31": "$116", "2014-09-30": "$101", "2014-06-30": "$93", "2014-03-31": "$81", "2013-12-31": "$77", "2013-09-30": "$65", "2013-06-30": "$54", "2013-03-31": "$42", "2012-12-31": "", "2011-12-31": ""}}, "operating-income": {"Arista Networks Annual Operating Income (Millions of US $)": {"2019": "$806", "2018": "$273", "2017": "$470", "2016": "$243", "2015": "$149", "2014": "$126", "2013": "$66", "2012": "$40", "2011": "$44"}, "Arista Networks Quarterly Operating Income (Millions of US $)": {"2020-09-30": "$188", "2020-06-30": "$167", "2020-03-31": "$150", "2019-12-31": "$176", "2019-09-30": "$229", "2019-06-30": "$207", "2019-03-31": "$194", "2018-12-31": "$194", "2018-09-30": "$181", "2018-06-30": "$-240", "2018-03-31": "$139", "2017-12-31": "$139", "2017-09-30": "$141", "2017-06-30": "$117", "2017-03-31": "$73", "2016-12-31": "$77", "2016-09-30": "$63", "2016-06-30": "$53", "2016-03-31": "$50", "2015-12-31": "$49", "2015-09-30": "$31", "2015-06-30": "$33", "2015-03-31": "$36", "2014-12-31": "$39", "2014-09-30": "$34", "2014-06-30": "$31", "2014-03-31": "$22", "2013-12-31": "$22", "2013-09-30": "$19", "2013-06-30": "$16", "2013-03-31": "$9", "2012-12-31": "", "2011-12-31": ""}}, "ebitda": {"Arista Networks Annual EBITDA (Millions of US $)": {"2019": "$832", "2018": "$298", "2017": "$492", "2016": "$265", "2015": "$164", "2014": "$136", "2013": "$72", "2012": "$43", "2011": "$47"}, "Arista Networks Quarterly EBITDA (Millions of US $)": {"2020-09-30": "$202", "2020-06-30": "$180", "2020-03-31": "$161", "2019-12-31": "$183", "2019-09-30": "$235", "2019-06-30": "$213", "2019-03-31": "$201", "2018-12-31": "$201", "2018-09-30": "$187", "2018-06-30": "$-235", "2018-03-31": "$144", "2017-12-31": "$145", "2017-09-30": "$147", "2017-06-30": "$122", "2017-03-31": "$79", "2016-12-31": "$83", "2016-09-30": "$69", "2016-06-30": "$58", "2016-03-31": "$55", "2015-12-31": "$53", "2015-09-30": "$35", "2015-06-30": "$37", "2015-03-31": "$39", "2014-12-31": "$42", "2014-09-30": "$37", "2014-06-30": "$33", "2014-03-31": "$25", "2013-12-31": "$25", "2013-09-30": "$20", "2013-06-30": "$17", "2013-03-31": "$10", "2012-12-31": "", "2011-12-31": ""}}, "net-income": {"Arista Networks Annual Net Income (Millions of US $)": {"2019": "$859", "2018": "$328", "2017": "$422", "2016": "$183", "2015": "$119", "2014": "$69", "2013": "$21", "2012": "$10", "2011": "$14"}, "Arista Networks Quarterly Net Income (Millions of US $)": {"2020-09-30": "$168", "2020-06-30": "$145", "2020-03-31": "$138", "2019-12-31": "$261", "2019-09-30": "$209", "2019-06-30": "$189", "2019-03-31": "$201", "2018-12-31": "$170", "2018-09-30": "$168", "2018-06-30": "$-155", "2018-03-31": "$144", "2017-12-31": "$104", "2017-09-30": "$134", "2017-06-30": "$102", "2017-03-31": "$83", "2016-12-31": "$58", "2016-09-30": "$51", "2016-06-30": "$39", "2016-03-31": "$35", "2015-12-31": "$43", "2015-09-30": "$28", "2015-06-30": "$24", "2015-03-31": "$24", "2014-12-31": "$27", "2014-09-30": "$21", "2014-06-30": "$14", "2014-03-31": "$6", "2013-12-31": "$14", "2013-09-30": "$6", "2013-06-30": "$5", "2013-03-31": "$3", "2012-12-31": "", "2011-12-31": ""}}, "eps-earnings-per-share-diluted": {"Arista Networks Annual EPS": {"2019": "$10.63", "2018": "$4.06", "2017": "$5.35", "2016": "$2.50", "2015": "$1.67", "2014": "$1.29", "2013": "$0.72", "2012": "$0.39", "2011": "$0.65"}, "Arista Networks Quarterly EPS": {"2020-09-30": "$2.12", "2020-06-30": "$1.83", "2020-03-31": "$1.73", "2019-12-31": "$3.24", "2019-09-30": "$2.59", "2019-06-30": "$2.33", "2019-03-31": "$2.47", "2018-12-31": "$2.27", "2018-09-30": "$2.08", "2018-06-30": "$-2.08", "2018-03-31": "$1.79", "2017-12-31": "$1.30", "2017-09-30": "$1.68", "2017-06-30": "$1.30", "2017-03-31": "$1.07", "2016-12-31": "$0.80", "2016-09-30": "$0.69", "2016-06-30": "$0.53", "2016-03-31": "$0.48", "2015-12-31": "$0.61", "2015-09-30": "$0.39", "2015-06-30": "$0.33", "2015-03-31": "$0.34", "2014-12-31": "$0.45", "2014-09-30": "$0.30", "2014-06-30": "$0.34", "2014-03-31": "$0.20", "2013-12-31": "$0.23", "2013-09-30": "$0.20", "2013-06-30": "$0.18", "2013-03-31": "$0.12", "2012-12-31": "$0.00", "2011-12-31": "$0.00"}}, "shares-outstanding": {"Arista Networks Annual Shares Outstanding (Millions of Shares)": {"2019": "81", "2018": "81", "2017": "79", "2016": "73", "2015": "71", "2014": "55", "2013": "30", "2012": "25", "2011": "21"}, "Arista Networks Quarterly Shares Outstanding (Millions of Shares)": {"2020-09-30": "79", "2020-06-30": "79", "2020-03-31": "80", "2019-12-31": "81", "2019-09-30": "81", "2019-06-30": "81", "2019-03-31": "81", "2018-12-31": "81", "2018-09-30": "81", "2018-06-30": "75", "2018-03-31": "81", "2017-12-31": "79", "2017-09-30": "79", "2017-06-30": "79", "2017-03-31": "78", "2016-12-31": "73", "2016-09-30": "73", "2016-06-30": "73", "2016-03-31": "72", "2015-12-31": "71", "2015-09-30": "72", "2015-06-30": "71", "2015-03-31": "71", "2014-12-31": "55", "2014-09-30": "70", "2014-06-30": "44", "2014-03-31": "34", "2013-12-31": "32", "2013-09-30": "30", "2013-06-30": "29", "2013-03-31": "28", "2012-12-31": "", "2011-12-31": ""}}, "total-assets": {"Arista Networks Annual Total Assets (Millions of US $)": {"2019": "$4,185", "2018": "$3,082", "2017": "$2,461", "2016": "$1,729", "2015": "$1,160", "2014": "$811", "2013": "$365", "2012": "$220", "2011": "$0"}, "Arista Networks Quarterly Total Assets (Millions of US $)": {"2020-09-30": "$4,399", "2020-06-30": "$4,336", "2020-03-31": "$4,112", "2019-12-31": "$4,185", "2019-09-30": "$3,620", "2019-06-30": "$3,441", "2019-03-31": "$3,332", "2018-12-31": "$3,082", "2018-09-30": "$2,798", "2018-06-30": "$2,832", "2018-03-31": "$2,580", "2017-12-31": "$2,461", "2017-09-30": "$2,302", "2017-06-30": "$2,163", "2017-03-31": "$1,940", "2016-12-31": "$1,729", "2016-09-30": "$1,519", "2016-06-30": "$1,335", "2016-03-31": "$1,210", "2015-12-31": "$1,160", "2015-09-30": "$1,073", "2015-06-30": "$991", "2015-03-31": "$875", "2014-12-31": "$811", "2014-09-30": "$692", "2014-06-30": "$643", "2014-03-31": "$375", "2013-12-31": "$365", "2013-09-30": "$0", "2013-06-30": "$0", "2013-03-31": "$0", "2012-12-31": "$220", "2011-12-31": "$0"}}, "cash-on-hand": {"Arista Networks Annual Cash on Hand (Millions of US $)": {"2019": "$2,724", "2018": "$1,956", "2017": "$1,536", "2016": "$868", "2015": "$687", "2014": "$449", "2013": "$118", "2012": "$89", "2011": "$"}, "Arista Networks Quarterly Cash on Hand (Millions of US $)": {"2020-09-30": "$2,846", "2020-06-30": "$2,782", "2020-03-31": "$2,637", "2019-12-31": "$2,724", "2019-09-30": "$2,447", "2019-06-30": "$2,258", "2019-03-31": "$2,151", "2018-12-31": "$1,956", "2018-09-30": "$1,662", "2018-06-30": "$1,860", "2018-03-31": "$1,738", "2017-12-31": "$1,536", "2017-09-30": "$1,343", "2017-06-30": "$1,125", "2017-03-31": "$1,043", "2016-12-31": "$868", "2016-09-30": "$800", "2016-06-30": "$824", "2016-03-31": "$762", "2015-12-31": "$687", "2015-09-30": "$569", "2015-06-30": "$552", "2015-03-31": "$484", "2014-12-31": "$449", "2014-09-30": "$409", "2014-06-30": "$397", "2014-03-31": "$130", "2013-12-31": "$118", "2013-09-30": "", "2013-06-30": "", "2013-03-31": "", "2012-12-31": "$89", "2011-12-31": ""}}, "long-term-debt": {"Arista Networks Annual Long Term Debt (Millions of US $)": {"2019": "$", "2018": "$35", "2017": "$38", "2016": "$40", "2015": "$41", "2014": "$43", "2013": "$43", "2012": "$123", "2011": "$"}, "Arista Networks Quarterly Long Term Debt (Millions of US $)": {"2020-09-30": "", "2020-06-30": "", "2020-03-31": "", "2019-12-31": "", "2019-09-30": "", "2019-06-30": "", "2019-03-31": "", "2018-12-31": "$35", "2018-09-30": "$36", "2018-06-30": "$37", "2018-03-31": "$37", "2017-12-31": "$38", "2017-09-30": "$38", "2017-06-30": "$39", "2017-03-31": "$39", "2016-12-31": "$40", "2016-09-30": "$40", "2016-06-30": "$40", "2016-03-31": "$41", "2015-12-31": "$41", "2015-09-30": "$42", "2015-06-30": "$42", "2015-03-31": "$42", "2014-12-31": "$43", "2014-09-30": "$43", "2014-06-30": "$43", "2014-03-31": "$43", "2013-12-31": "$43", "2013-09-30": "", "2013-06-30": "", "2013-03-31": "", "2012-12-31": "$123", "2011-12-31": ""}}, "total-liabilities": {"Arista Networks Annual Total Liabilities (Millions of US $)": {"2019": "$1,291", "2018": "$939", "2017": "$799", "2016": "$621", "2015": "$372", "2014": "$255", "2013": "$287", "2012": "$201", "2011": "$0"}, "Arista Networks Quarterly Total Liabilities (Millions of US $)": {"2020-09-30": "$1,315", "2020-06-30": "$1,299", "2020-03-31": "$1,263", "2019-12-31": "$1,291", "2019-09-30": "$964", "2019-06-30": "$916", "2019-03-31": "$932", "2018-12-31": "$939", "2018-09-30": "$852", "2018-06-30": "$1,112", "2018-03-31": "$735", "2017-12-31": "$799", "2017-09-30": "$777", "2017-06-30": "$805", "2017-03-31": "$711", "2016-12-31": "$621", "2016-09-30": "$508", "2016-06-30": "$418", "2016-03-31": "$360", "2015-12-31": "$372", "2015-09-30": "$350", "2015-06-30": "$325", "2015-03-31": "$265", "2014-12-31": "$255", "2014-09-30": "$199", "2014-06-30": "$182", "2014-03-31": "$279", "2013-12-31": "$287", "2013-09-30": "$0", "2013-06-30": "$0", "2013-03-31": "$0", "2012-12-31": "$201", "2011-12-31": "$0"}}, "total-share-holder-equity": {"Arista Networks Annual Share Holder Equity (Millions of US $)": {"2019": "$2,895", "2018": "$2,143", "2017": "$1,662", "2016": "$1,108", "2015": "$788", "2014": "$556", "2013": "$78", "2012": "$19", "2011": "$0"}, "Arista Networks Quarterly Share Holder Equity (Millions of US $)": {"2020-09-30": "$3,084", "2020-06-30": "$3,036", "2020-03-31": "$2,849", "2019-12-31": "$2,895", "2019-09-30": "$2,656", "2019-06-30": "$2,526", "2019-03-31": "$2,400", "2018-12-31": "$2,143", "2018-09-30": "$1,946", "2018-06-30": "$1,720", "2018-03-31": "$1,845", "2017-12-31": "$1,662", "2017-09-30": "$1,525", "2017-06-30": "$1,358", "2017-03-31": "$1,228", "2016-12-31": "$1,108", "2016-09-30": "$1,011", "2016-06-30": "$917", "2016-03-31": "$850", "2015-12-31": "$788", "2015-09-30": "$723", "2015-06-30": "$666", "2015-03-31": "$610", "2014-12-31": "$556", "2014-09-30": "$493", "2014-06-30": "$461", "2014-03-31": "$96", "2013-12-31": "$78", "2013-09-30": "$0", "2013-06-30": "$0", "2013-03-31": "$0", "2012-12-31": "$19", "2011-12-31": "$0"}}, "profit-margins": {"current": "32.06%"}, "gross margin": {"2020-09-30": "64.04%", "2020-06-30": "64.07%", "2020-03-31": "64.20%", "2019-12-31": "64.07%", "2019-09-30": "63.72%", "2019-06-30": "63.84%", "2019-03-31": "63.85%", "2018-12-31": "63.88%", "2018-09-30": "64.56%", "2018-06-30": "64.54%", "2018-03-31": "64.55%", "2017-12-31": "64.52%", "2017-09-30": "64.08%", "2017-06-30": "64.06%", "2017-03-31": "63.91%", "2016-12-31": "63.95%", "2016-09-30": "63.86%", "2016-06-30": "64.07%", "2016-03-31": "64.48%", "2015-12-31": "64.92%", "2015-09-30": "65.80%", "2015-06-30": "65.86%", "2015-03-31": "66.36%", "2014-12-31": "67.07%", "2014-09-30": "67.05%", "2014-06-30": "66.95%", "2014-03-31": "66.43%", "2013-12-31": "65.93%"}, "operating margin": {"2020-09-30": "30.65%", "2020-06-30": "31.79%", "2020-03-31": "32.59%", "2019-12-31": "33.44%", "2019-09-30": "33.59%", "2019-06-30": "32.85%", "2019-03-31": "14.47%", "2018-12-31": "12.74%", "2018-09-30": "10.83%", "2018-06-30": "9.43%", "2018-03-31": "30.06%", "2017-12-31": "28.55%", "2017-09-30": "27.09%", "2017-06-30": "24.30%", "2017-03-31": "21.77%", "2016-12-31": "21.52%", "2016-09-30": "20.55%", "2016-06-30": "18.79%", "2016-03-31": "18.09%", "2015-12-31": "17.78%", "2015-09-30": "18.15%", "2015-06-30": "20.20%", "2015-03-31": "21.71%", "2014-12-31": "21.61%", "2014-09-30": "20.76%", "2014-06-30": "19.92%", "2014-03-31": "18.94%", "2013-12-31": "18.28%"}, "ebitda margin": {"2020-09-30": "32.67%", "2020-06-30": "33.42%", "2020-03-31": "33.88%", "2019-12-31": "34.52%", "2019-09-30": "34.65%", "2019-06-30": "33.95%", "2019-03-31": "15.57%", "2018-12-31": "13.81%", "2018-09-30": "11.91%", "2018-06-30": "10.59%", "2018-03-31": "31.30%", "2017-12-31": "29.95%", "2017-09-30": "28.62%", "2017-06-30": "25.99%", "2017-03-31": "23.65%", "2016-12-31": "23.47%", "2016-09-30": "22.47%", "2016-06-30": "20.64%", "2016-03-31": "19.98%", "2015-12-31": "19.57%", "2015-09-30": "19.97%", "2015-06-30": "22.05%", "2015-03-31": "23.41%", "2014-12-31": "23.50%", "2014-09-30": "22.86%", "2014-06-30": "21.82%", "2014-03-31": "20.86%", "2013-12-31": "19.94%"}, "pre tax profit margin": {"2020-09-30": "32.67%", "2020-06-30": "33.99%", "2020-03-31": "34.99%", "2019-12-31": "35.81%", "2019-09-30": "35.63%", "2019-06-30": "34.50%", "2019-03-31": "15.48%", "2018-12-31": "13.39%", "2018-09-30": "11.47%", "2018-06-30": "9.75%", "2018-03-31": "30.51%", "2017-12-31": "28.86%", "2017-09-30": "27.22%", "2017-06-30": "24.37%", "2017-03-31": "21.85%", "2016-12-31": "21.43%", "2016-09-30": "20.46%", "2016-06-30": "18.69%", "2016-03-31": "17.87%", "2015-12-31": "17.42%", "2015-09-30": "17.62%", "2015-06-30": "19.35%", "2015-03-31": "21.09%", "2014-12-31": "20.75%", "2014-09-30": "19.62%", "2014-06-30": "18.64%", "2014-03-31": "16.79%", "2013-12-31": "16.07%"}, "net profit margin": {"2020-09-30": "32.04%", "2020-06-30": "33.16%", "2020-03-31": "34.09%", "2019-12-31": "35.68%", "2019-09-30": "31.35%", "2019-06-30": "30.82%", "2019-03-31": "16.89%", "2018-12-31": "15.20%", "2018-09-30": "12.90%", "2018-06-30": "11.96%", "2018-03-31": "27.15%", "2017-12-31": "25.70%", "2017-09-30": "25.03%", "2017-06-30": "21.65%", "2017-03-31": "18.90%", "2016-12-31": "16.21%", "2016-09-30": "16.06%", "2016-06-30": "14.89%", "2016-03-31": "14.43%", "2015-12-31": "14.20%", "2015-09-30": "13.45%", "2015-06-30": "13.66%", "2015-03-31": "13.33%", "2014-12-31": "11.66%", "2014-09-30": "10.48%", "2014-06-30": "8.47%", "2014-03-31": "7.43%", "2013-12-31": "7.76%"}, "pe ratio": {"current": "42.22", "2021-02-10": "35.67", "2020-09-30": "23.17", "2020-06-30": "22.34", "2020-03-31": "20.46", "2019-12-31": "19.12", "2019-09-30": "25.18", "2019-06-30": "28.91", "2019-03-31": "36.95", "2018-12-31": "26.91", "2018-09-30": "37.87", "2018-06-30": "38.90", "2018-03-31": "42.13", "2017-12-31": "44.12", "2017-09-30": "39.18", "2017-06-30": "38.91", "2017-03-31": "42.94", "2016-12-31": "38.86", "2016-09-30": "36.99", "2016-06-30": "32.19", "2016-03-31": "35.06", "2015-12-31": "46.89", "2015-09-30": "41.07", "2015-06-30": "58.39", "2015-03-31": "50.02"}, "price sales": {"2021-02-11": "11.43", "2020-09-30": "7.44", "2020-06-30": "7.42", "2020-03-31": "6.99", "2019-12-31": "6.84", "2019-09-30": "7.89", "2019-06-30": "8.91", "2019-03-31": "10.98", "2018-12-31": "7.76", "2018-09-30": "10.34", "2018-06-30": "10.61", "2018-03-31": "11.38", "2017-12-31": "11.26", "2017-09-30": "9.74", "2017-06-30": "8.37", "2017-03-31": "8.04", "2016-12-31": "6.25", "2016-09-30": "5.89", "2016-06-30": "4.77", "2016-03-31": "5.02", "2015-12-31": "6.63", "2015-09-30": "5.33", "2015-06-30": "7.65", "2015-03-31": "6.37"}, "price book": {"current": "7.85", "2021-02-11": "7.80", "2020-09-30": "5.07", "2020-06-30": "5.25", "2020-03-31": "5.38", "2019-12-31": "5.37", "2019-09-30": "6.87", "2019-06-30": "7.87", "2019-03-31": "10.02", "2018-12-31": "7.44", "2018-09-30": "10.30", "2018-06-30": "11.20", "2018-03-31": "10.29", "2017-12-31": "10.45", "2017-09-30": "9.09", "2017-06-30": "7.99", "2017-03-31": "7.74", "2016-12-31": "6.19", "2016-09-30": "5.90", "2016-06-30": "4.86", "2016-03-31": "5.09", "2015-12-31": "6.73", "2015-09-30": "5.73", "2015-06-30": "8.27", "2015-03-31": "7.67", "2014-12-31": "7.17", "2014-09-30": "11.54", "2014-06-30": "8.71"}, "price fcf": {"2021-02-11": "", "2020-09-30": "$10.82", "2020-06-30": "$11.45", "2020-03-31": "$12.08", "2019-12-31": "$11.71", "2019-09-30": "$11.30", "2019-06-30": "$6.13", "2019-03-31": "$5.62", "2018-12-31": "$5.93", "2018-09-30": "$4.65", "2018-06-30": "$9.05", "2018-03-31": "$8.11", "2017-12-31": "$7.80", "2017-09-30": "$6.33", "2017-06-30": "$3.27", "2017-03-31": "$3.18", "2016-12-31": "$2.09", "2016-09-30": "$3.33", "2016-06-30": "$3.92", "2016-03-31": "$3.78", "2015-12-31": "$3.05", "2015-09-30": "$1.89", "2015-06-30": "$1.83", "2015-03-31": "$2.40"}, "net worth": {"value": "$24.21B"}, "current ratio": {"current": "5.50", "2020-09-30": "5.50", "2020-06-30": "5.59", "2020-03-31": "5.82", "2019-12-31": "5.81", "2019-09-30": "5.91", "2019-06-30": "5.77", "2019-03-31": "5.34", "2018-12-31": "4.48", "2018-09-30": "4.51", "2018-06-30": "3.17", "2018-03-31": "5.20", "2017-12-31": "4.28", "2017-09-30": "3.66", "2017-06-30": "3.19", "2017-03-31": "3.26", "2016-12-31": "3.32", "2016-09-30": "3.73", "2016-06-30": "4.34", "2016-03-31": "4.78", "2015-12-31": "4.15", "2015-09-30": "4.09", "2015-06-30": "4.20", "2015-03-31": "4.96", "2014-12-31": "4.71", "2014-09-30": "5.78", "2014-06-30": "5.76", "2014-03-31": "1.47", "2013-12-31": "1.35", "2013-09-30": "0.00", "2013-06-30": "0.00", "2013-03-31": "0.00", "2012-12-31": "3.82", "2011-12-31": "0.00"}, "quick ratio": {"2020-09-30": "4.84", "2020-06-30": "5.08", "2020-03-31": "5.37", "2019-12-31": "5.41", "2019-09-30": "5.47", "2019-06-30": "5.17", "2019-03-31": "4.70", "2018-12-31": "4.04", "2018-09-30": "4.11", "2018-06-30": "2.87", "2018-03-31": "4.61", "2017-12-31": "3.70", "2017-09-30": "3.07", "2017-06-30": "2.60", "2017-03-31": "2.72", "2016-12-31": "2.81", "2016-09-30": "3.27", "2016-06-30": "3.89", "2016-03-31": "4.38", "2015-12-31": "3.75", "2015-09-30": "3.61", "2015-06-30": "3.70", "2015-03-31": "4.35", "2014-12-31": "4.17", "2014-09-30": "5.17", "2014-06-30": "5.03", "2014-03-31": "1.07", "2013-12-31": "1.03", "2013-09-30": "0.00", "2013-06-30": "0.00", "2013-03-31": "0.00", "2012-12-31": "3.30", "2011-12-31": "0.00"}, "debt equity ratio": {"current": "0.00", "2020-09-30": "0.43", "2020-06-30": "0.43", "2020-03-31": "0.44", "2019-12-31": "0.45", "2019-09-30": "0.36", "2019-06-30": "0.36", "2019-03-31": "0.39", "2018-12-31": "0.44", "2018-09-30": "0.44", "2018-06-30": "0.65", "2018-03-31": "0.40", "2017-12-31": "0.48", "2017-09-30": "0.51", "2017-06-30": "0.59", "2017-03-31": "0.58", "2016-12-31": "0.56", "2016-09-30": "0.50", "2016-06-30": "0.46", "2016-03-31": "0.42", "2015-12-31": "0.47", "2015-09-30": "0.48", "2015-06-30": "0.49", "2015-03-31": "0.43", "2014-12-31": "0.46", "2014-09-30": "0.40", "2014-06-30": "0.39", "2014-03-31": "2.89", "2013-12-31": "3.69", "2013-09-30": "0.00", "2013-06-30": "0.00", "2013-03-31": "0.00", "2012-12-31": "10.64", "2011-12-31": "0.00"}, "return on equity": {"2020-09-30": "24.01%", "2020-06-30": "26.34%", "2020-03-31": "29.18%", "2019-12-31": "32.83%", "2019-09-30": "31.63%", "2019-06-30": "32.30%", "2019-03-31": "18.71%", "2018-12-31": "17.09%", "2018-09-30": "14.55%", "2018-06-30": "13.45%", "2018-03-31": "30.30%", "2017-12-31": "29.31%", "2017-09-30": "28.89%", "2017-06-30": "24.99%", "2017-03-31": "21.67%", "2016-12-31": "18.84%", "2016-09-30": "18.84%", "2016-06-30": "17.69%", "2016-03-31": "17.18%", "2015-12-31": "17.08%", "2015-09-30": "16.13%", "2015-06-30": "16.52%", "2015-03-31": "16.23%", "2014-12-31": "16.94%", "2014-09-30": "19.50%", "2014-06-30": "25.20%", "2014-03-31": "71.26%", "2013-12-31": "143.59%"}, "return on assets": {"2020-09-30": "16.72%", "2020-06-30": "18.53%", "2020-03-31": "20.76%", "2019-12-31": "23.60%", "2019-09-30": "22.83%", "2019-06-30": "23.01%", "2019-03-31": "12.75%", "2018-12-31": "11.58%", "2018-09-30": "9.78%", "2018-06-30": "8.92%", "2018-03-31": "20.37%", "2017-12-31": "19.08%", "2017-09-30": "18.54%", "2017-06-30": "16.00%", "2017-03-31": "14.17%", "2016-12-31": "12.64%", "2016-09-30": "12.86%", "2016-06-30": "12.14%", "2016-03-31": "11.73%", "2015-12-31": "11.61%", "2015-09-30": "10.99%", "2015-06-30": "11.40%", "2015-03-31": "11.39%", "2014-12-31": "10.79%", "2014-09-30": "10.60%", "2014-06-30": "11.57%", "2014-03-31": "16.76%", "2013-12-31": "30.68%"}, "return on investments": {"2020-09-30": "inf%", "2020-06-30": "inf%", "2020-03-31": "inf%", "2019-12-31": "inf%", "2019-09-30": "151.26%", "2019-06-30": "74.60%", "2019-03-31": "22.24%", "2018-12-31": "14.05%", "2018-09-30": "11.97%", "2018-06-30": "10.37%", "2018-03-31": "32.78%", "2017-12-31": "31.72%", "2017-09-30": "30.37%", "2017-06-30": "27.15%", "2017-03-31": "24.06%", "2016-12-31": "24.02%", "2016-09-30": "23.07%", "2016-06-30": "21.27%", "2016-03-31": "20.43%", "2015-12-31": "20.18%", "2015-09-30": "20.42%", "2015-06-30": "22.77%", "2015-03-31": "24.44%", "2014-12-31": "28.35%", "2014-09-30": "33.51%", "2014-06-30": "49.15%", "2014-03-31": "121.07%", "2013-12-31": "218.18%"}, "return on tangible equity": {"2020-09-30": "25.30%", "2020-06-30": "27.66%", "2020-03-31": "30.53%", "2019-12-31": "34.19%", "2019-09-30": "33.09%", "2019-06-30": "33.97%", "2019-03-31": "19.51%", "2018-12-31": "17.62%", "2018-09-30": "14.80%", "2018-06-30": "13.45%", "2018-03-31": "30.30%", "2017-12-31": "29.31%", "2017-09-30": "28.89%", "2017-06-30": "24.99%", "2017-03-31": "21.67%", "2016-12-31": "18.84%", "2016-09-30": "18.84%", "2016-06-30": "17.69%", "2016-03-31": "17.18%", "2015-12-31": "17.08%", "2015-09-30": "16.13%", "2015-06-30": "16.52%", "2015-03-31": "16.23%", "2014-12-31": "16.94%", "2014-09-30": "19.50%", "2014-06-30": "25.20%", "2014-03-31": "71.26%", "2013-12-31": "143.59%"}, "dividend yield history": {"last payout": "$0.00", "last yield": "0.00%"}}