{"ticker": "NLY", "price": {"title": "Annaly Capital Management Inc Historical Annual Stock Price Data", "value": 8.57, "historical": {"2021": {"Average Stock Price": "8.2975", "Year Open": "8.2300", "Year High": "8.5700", "Year Low": "8.1200", "Year Close": "8.5700", "Annual % Change": "1.42%"}, "2020": {"Average Stock Price": "7.4804", "Year Open": "9.4800", "Year High": "10.5000", "Year Low": "4.0200", "Year Close": "8.4500", "Annual % Change": "-10.30%"}, "2019": {"Average Stock Price": "9.4535", "Year Open": "9.8900", "Year High": "10.4700", "Year Low": "8.1900", "Year Close": "9.4200", "Annual % Change": "-4.07%"}, "2018": {"Average Stock Price": "10.3831", "Year Open": "11.6700", "Year High": "11.6700", "Year Low": "9.7100", "Year Close": "9.8200", "Annual % Change": "-17.41%"}, "2017": {"Average Stock Price": "11.6404", "Year Open": "10.0800", "Year High": "12.6600", "Year Low": "10.0800", "Year Close": "11.8900", "Annual % Change": "19.26%"}, "2016": {"Average Stock Price": "10.3684", "Year Open": "9.5300", "Year High": "11.2500", "Year Low": "8.6900", "Year Close": "9.9700", "Annual % Change": "6.29%"}, "2015": {"Average Stock Price": "10.1128", "Year Open": "11.0400", "Year High": "11.0400", "Year Low": "9.0600", "Year Close": "9.3800", "Annual % Change": "-13.23%"}, "2014": {"Average Stock Price": "11.2688", "Year Open": "10.0100", "Year High": "11.9200", "Year Low": "10.0000", "Year Close": "10.8100", "Annual % Change": "8.43%"}, "2013": {"Average Stock Price": "13.0519", "Year Open": "14.3200", "Year High": "16.1300", "Year Low": "9.7400", "Year Close": "9.9700", "Annual % Change": "-28.99%"}, "2012": {"Average Stock Price": "16.3030", "Year Open": "16.0700", "Year High": "17.7500", "Year Low": "14.0100", "Year Close": "14.0400", "Annual % Change": "-12.03%"}, "2011": {"Average Stock Price": "17.4200", "Year Open": "17.8700", "Year High": "18.7200", "Year Low": "15.4800", "Year Close": "15.9600", "Annual % Change": "-10.94%"}, "2010": {"Average Stock Price": "17.5760", "Year Open": "17.4100", "Year High": "18.7000", "Year Low": "15.3400", "Year Close": "17.9200", "Annual % Change": "3.29%"}, "2009": {"Average Stock Price": "16.0016", "Year Open": "15.2700", "Year High": "19.6700", "Year Low": "12.5000", "Year Close": "17.3500", "Annual % Change": "9.33%"}, "2008": {"Average Stock Price": "15.9393", "Year Open": "18.1000", "Year High": "21.0000", "Year Low": "11.2100", "Year Close": "15.8700", "Annual % Change": "-12.71%"}, "2007": {"Average Stock Price": "15.2459", "Year Open": "14.0100", "Year High": "18.1800", "Year Low": "13.0300", "Year Close": "18.1800", "Annual % Change": "30.70%"}, "2006": {"Average Stock Price": "12.7943", "Year Open": "11.3400", "Year High": "14.4200", "Year Low": "11.3400", "Year Close": "13.9100", "Annual % Change": "27.15%"}, "2005": {"Average Stock Price": "16.2366", "Year Open": "19.3900", "Year High": "20.0000", "Year Low": "10.9400", "Year Close": "10.9400", "Annual % Change": "-44.24%"}, "2004": {"Average Stock Price": "18.2578", "Year Open": "18.6600", "Year High": "21.1300", "Year Low": "16.1100", "Year Close": "19.6200", "Annual % Change": "6.63%"}, "2003": {"Average Stock Price": "18.2994", "Year Open": "18.8000", "Year High": "21.1000", "Year Low": "15.6500", "Year Close": "18.4000", "Annual % Change": "-2.13%"}, "2002": {"Average Stock Price": "17.9058", "Year Open": "15.7500", "Year High": "21.1500", "Year Low": "15.5600", "Year Close": "18.8000", "Annual % Change": "17.50%"}, "2001": {"Average Stock Price": "12.7022", "Year Open": "8.7500", "Year High": "17.0100", "Year Low": "8.7500", "Year Close": "16.0000", "Annual % Change": "76.54%"}, "2000": {"Average Stock Price": "8.5138", "Year Open": "8.3750", "Year High": "9.5000", "Year Low": "7.2500", "Year Close": "9.0630", "Annual % Change": "3.58%"}, "1999": {"Average Stock Price": "9.5844", "Year Open": "8.2500", "Year High": "11.3800", "Year Low": "8.0630", "Year Close": "8.7500", "Annual % Change": "6.06%"}, "1998": {"Average Stock Price": "9.3629", "Year Open": "10.9400", "Year High": "11.5000", "Year Low": "6.8130", "Year Close": "8.2500", "Annual % Change": "-25.00%"}}}, "market cap": {"value": "$11.98B"}, "income statement": {"Revenue": {"2019-12-31": "912.58300", "2018-12-31": "2279.50600", "2017-12-31": "2808.47600", "2016-12-31": "2339.29900", "2015-12-31": "1135.62900", "2014-12-31": "-114.95700", "2013-12-31": "4594.70600", "2012-12-31": "2674.54300", "2011-12-31": "1120.04200", "2010-12-31": "1899.84100", "2009-12-31": "2703.97100", "2008-12-31": "2366.33800", "2007-12-31": "2416.68200", "2006-12-31": "1202.69100", "2005-12-31": "604.33500"}, "Cost Of Goods Sold": {"2019-12-31": "2784.87500", "2018-12-31": "1897.86000", "2017-12-31": "1008.35400", "2016-12-31": "657.75200", "2015-12-31": "471.59600", "2014-12-31": "512.65900", "2013-12-31": "624.71400", "2012-12-31": "667.17200", "2011-12-31": "480.32600", "2010-12-31": "428.22500", "2009-12-31": "575.95900", "2008-12-31": "1888.91200", "2007-12-31": "1926.46500", "2006-12-31": "1055.01300", "2005-12-31": "568.56000"}, "Gross Profit": {"2019-12-31": "-1872.29200", "2018-12-31": "381.64590", "2017-12-31": "1800.12200", "2016-12-31": "1681.54700", "2015-12-31": "664.03300", "2014-12-31": "-627.61600", "2013-12-31": "3969.99200", "2012-12-31": "2007.37100", "2011-12-31": "639.71600", "2010-12-31": "1471.61600", "2009-12-31": "2128.01200", "2008-12-31": "477.42590", "2007-12-31": "490.21720", "2006-12-31": "147.67800", "2005-12-31": "35.77500"}, "Research And Development Expenses": {"2019-12-31": "", "2018-12-31": "", "2017-12-31": "", "2016-12-31": "", "2015-12-31": "", "2014-12-31": "", "2013-12-31": "", "2012-12-31": "", "2011-12-31": "", "2010-12-31": "", "2009-12-31": "", "2008-12-31": "", "2007-12-31": "", "2006-12-31": "", "2005-12-31": ""}, "SG&A Expenses": {"2019-12-31": "301.63400", "2018-12-31": "329.87300", "2017-12-31": "224.12400", "2016-12-31": "250.35600", "2015-12-31": "200.24000", "2014-12-31": "209.33800", "2013-12-31": "232.08100", "2012-12-31": "235.55900", "2011-12-31": "237.34400", "2010-12-31": "171.84700", "2009-12-31": "131.90800", "2008-12-31": "105.21100", "2007-12-31": "66.31300", "2006-12-31": "43.50700", "2005-12-31": "34.27800"}, "Other Operating Income Or Expenses": {"2019-12-31": "", "2018-12-31": "", "2017-12-31": "", "2016-12-31": "", "2015-12-31": "", "2014-12-31": "", "2013-12-31": "", "2012-12-31": "", "2011-12-31": "", "2010-12-31": "", "2009-12-31": "", "2008-12-31": "", "2007-12-31": "", "2006-12-31": "", "2005-12-31": ""}, "Operating Expenses": {"2019-12-31": "3086.50900", "2018-12-31": "2227.73300", "2017-12-31": "1232.47800", "2016-12-31": "908.10800", "2015-12-31": "671.83600", "2014-12-31": "721.99700", "2013-12-31": "856.79500", "2012-12-31": "902.73100", "2011-12-31": "717.67000", "2010-12-31": "600.07200", "2009-12-31": "707.86690", "2008-12-31": "1994.12300", "2007-12-31": "1992.77800", "2006-12-31": "1098.52000", "2005-12-31": "602.83800"}, "Operating Income": {"2019-12-31": "-2173.92600", "2018-12-31": "51.77300", "2017-12-31": "1575.99800", "2016-12-31": "1431.19100", "2015-12-31": "463.79300", "2014-12-31": "-836.95400", "2013-12-31": "3737.91100", "2012-12-31": "1771.81200", "2011-12-31": "402.37200", "2010-12-31": "1299.76900", "2009-12-31": "1996.10400", "2008-12-31": "372.21480", "2007-12-31": "423.90420", "2006-12-31": "104.17100", "2005-12-31": "1.49700"}, "Total Non-Operating Income/Expense": {"2019-12-31": "", "2018-12-31": "", "2017-12-31": "", "2016-12-31": "", "2015-12-31": "", "2014-12-31": "", "2013-12-31": "", "2012-12-31": "", "2011-12-31": "1.14000", "2010-12-31": "2.94500", "2009-12-31": "-0.25200", "2008-12-31": "", "2007-12-31": "", "2006-12-31": "-2.49300", "2005-12-31": ""}, "Pre-Tax Income": {"2019-12-31": "-2173.92600", "2018-12-31": "51.77300", "2017-12-31": "1575.99800", "2016-12-31": "1431.19100", "2015-12-31": "463.79300", "2014-12-31": "-836.95400", "2013-12-31": "3737.91100", "2012-12-31": "1771.81200", "2011-12-31": "403.51200", "2010-12-31": "1302.71400", "2009-12-31": "1995.85200", "2008-12-31": "372.21500", "2007-12-31": "423.90400", "2006-12-31": "101.67800", "2005-12-31": "1.49700"}, "Income Taxes": {"2019-12-31": "-10.83500", "2018-12-31": "-2.37500", "2017-12-31": "6.98200", "2016-12-31": "-1.59500", "2015-12-31": "-1.95400", "2014-12-31": "5.32500", "2013-12-31": "8.21300", "2012-12-31": "35.91200", "2011-12-31": "59.05100", "2010-12-31": "35.43400", "2009-12-31": "34.38100", "2008-12-31": "25.97700", "2007-12-31": "8.87000", "2006-12-31": "7.53800", "2005-12-31": "10.74400"}, "Income After Taxes": {"2019-12-31": "-2163.09100", "2018-12-31": "54.14800", "2017-12-31": "1569.01600", "2016-12-31": "1432.78600", "2015-12-31": "465.74700", "2014-12-31": "-842.27900", "2013-12-31": "3729.69800", "2012-12-31": "1735.90000", "2011-12-31": "344.46100", "2010-12-31": "1267.28000", "2009-12-31": "1961.47100", "2008-12-31": "346.23800", "2007-12-31": "415.03400", "2006-12-31": "94.14000", "2005-12-31": "-9.24700"}, "Other Income": {"2019-12-31": "", "2018-12-31": "", "2017-12-31": "", "2016-12-31": "", "2015-12-31": "", "2014-12-31": "", "2013-12-31": "", "2012-12-31": "", "2011-12-31": "", "2010-12-31": "", "2009-12-31": "", "2008-12-31": "", "2007-12-31": "", "2006-12-31": "", "2005-12-31": ""}, "Income From Continuous Operations": {"2019-12-31": "-2163.09100", "2018-12-31": "54.14800", "2017-12-31": "1569.01600", "2016-12-31": "1432.78600", "2015-12-31": "465.74700", "2014-12-31": "-842.27900", "2013-12-31": "3729.69800", "2012-12-31": "1735.90000", "2011-12-31": "344.46100", "2010-12-31": "1267.28000", "2009-12-31": "1961.47100", "2008-12-31": "346.23800", "2007-12-31": "414.38400", "2006-12-31": "93.81600", "2005-12-31": "-9.24700"}, "Income From Discontinued Operations": {"2019-12-31": "", "2018-12-31": "", "2017-12-31": "", "2016-12-31": "", "2015-12-31": "", "2014-12-31": "", "2013-12-31": "", "2012-12-31": "", "2011-12-31": "", "2010-12-31": "", "2009-12-31": "", "2008-12-31": "", "2007-12-31": "", "2006-12-31": "", "2005-12-31": ""}, "Net Income": {"2019-12-31": "-2299.44100", "2018-12-31": "-74.90400", "2017-12-31": "1459.96900", "2016-12-31": "1351.49600", "2015-12-31": "394.58800", "2014-12-31": "-914.05100", "2013-12-31": "3657.73000", "2012-12-31": "1696.37000", "2011-12-31": "327.60700", "2010-12-31": "1249.24700", "2009-12-31": "1942.97000", "2008-12-31": "325.00300", "2007-12-31": "392.89100", "2006-12-31": "74.25900", "2005-12-31": "-23.84000"}, "EBITDA": {"2019-12-31": "", "2018-12-31": "", "2017-12-31": "", "2016-12-31": "", "2015-12-31": "", "2014-12-31": "", "2013-12-31": "", "2012-12-31": "", "2011-12-31": "", "2010-12-31": "", "2009-12-31": "", "2008-12-31": "", "2007-12-31": "", "2006-12-31": "", "2005-12-31": ""}, "EBIT": {"2019-12-31": "", "2018-12-31": "", "2017-12-31": "", "2016-12-31": "", "2015-12-31": "", "2014-12-31": "", "2013-12-31": "", "2012-12-31": "", "2011-12-31": "", "2010-12-31": "", "2009-12-31": "", "2008-12-31": "", "2007-12-31": "", "2006-12-31": "", "2005-12-31": ""}, "Basic Shares Outstanding": {"2019-12-31": "1434.91300", "2018-12-31": "1209.60200", "2017-12-31": "1065.92400", "2016-12-31": "969.78800", "2015-12-31": "947.06210", "2014-12-31": "947.53900", "2013-12-31": "947.33800", "2012-12-31": "972.90200", "2011-12-31": "874.21200", "2010-12-31": "588.19300", "2009-12-31": "546.97300", "2008-12-31": "507.02500", "2007-12-31": "297.48800", "2006-12-31": "167.66700", "2005-12-31": "122.47500"}, "Shares Outstanding": {"2019-12-31": "1434.91300", "2018-12-31": "1209.60200", "2017-12-31": "1066.35200", "2016-12-31": "970.10200", "2015-12-31": "947.27670", "2014-12-31": "947.53900", "2013-12-31": "995.55700", "2012-12-31": "1005.75500", "2011-12-31": "874.51900", "2010-12-31": "625.30700", "2009-12-31": "553.13060", "2008-12-31": "507.02500", "2007-12-31": "306.26400", "2006-12-31": "167.74600", "2005-12-31": "122.47500"}, "Basic EPS": {"2019-12-31": "-1.60000", "2018-12-31": "-0.06000", "2017-12-31": "1.37000", "2016-12-31": "1.39000", "2015-12-31": "0.42000", "2014-12-31": "-0.96000", "2013-12-31": "3.86000", "2012-12-31": "1.74000", "2011-12-31": "0.37000", "2010-12-31": "2.12000", "2009-12-31": "3.55000", "2008-12-31": "0.64000", "2007-12-31": "1.32000", "2006-12-31": "0.44000", "2005-12-31": "-0.19000"}, "EPS - Earnings Per Share": {"2019-12-31": "-1.60000", "2018-12-31": "-0.06000", "2017-12-31": "1.37000", "2016-12-31": "1.39000", "2015-12-31": "0.42000", "2014-12-31": "-0.96000", "2013-12-31": "3.74000", "2012-12-31": "1.71000", "2011-12-31": "0.37000", "2010-12-31": "2.04000", "2009-12-31": "3.52000", "2008-12-31": "0.64000", "2007-12-31": "1.31000", "2006-12-31": "0.44000", "2005-12-31": "-0.19000"}}, "income statement, quarterly": {"Revenue": {"2020-09-30": "1189.22500", "2020-06-30": "1111.98700", "2020-03-31": "-3085.78900", "2019-12-31": "1902.55700", "2019-09-30": "78.96700", "2019-06-30": "-953.70300", "2019-03-31": "-115.23800", "2018-12-31": "-1589.98400", "2018-09-30": "1005.66900", "2018-06-30": "1105.62200", "2018-03-31": "1758.19900", "2017-12-31": "1129.70200", "2017-09-30": "694.63900", "2017-06-30": "290.49700", "2017-03-31": "693.63800", "2016-12-31": "2088.57600", "2016-09-30": "1000.84500", "2016-06-30": "-76.59700", "2016-03-31": "-673.52500", "2015-12-31": "842.39410", "2015-09-30": "-468.10700", "2015-06-30": "1057.46900", "2015-03-31": "-296.12700", "2014-12-31": "-465.51510", "2014-09-30": "535.62700", "2014-06-30": "-158.06810", "2014-03-31": "-27.00100", "2013-12-31": "1224.19300", "2013-09-30": "397.23500", "2013-06-30": "1867.69100", "2013-03-31": "1105.58700", "2012-12-31": "919.94300", "2012-09-30": "483.57600", "2012-06-30": "151.49600", "2012-03-31": "1119.52800", "2011-12-31": "656.08600", "2011-09-30": "-719.78500", "2011-06-30": "304.12800", "2011-03-31": "879.61300", "2010-12-31": "1205.28200", "2010-09-30": "153.51000", "2010-06-30": "-64.08000", "2010-03-31": "605.12900", "2009-12-31": "344.33490", "2009-09-30": "636.44500", "2009-06-30": "957.92900", "2009-03-31": "765.26200", "2008-12-31": "-22.62810", "2008-09-30": "793.67300", "2008-06-30": "785.35500", "2008-03-31": "809.93800", "2007-12-31": "735.66810", "2007-09-30": "648.27200", "2007-06-30": "568.46600", "2007-03-31": "464.27600", "2006-12-31": "417.23700", "2006-09-30": "353.28300", "2006-06-30": "264.02800", "2006-03-31": "168.14300", "2005-12-31": "40.00700", "2005-09-30": "188.45100", "2005-06-30": "192.69900", "2005-03-31": "183.17800"}, "Cost Of Goods Sold": {"2020-09-30": "115.12600", "2020-06-30": "186.03200", "2020-03-31": "503.47300", "2019-12-31": "620.05790", "2019-09-30": "766.90500", "2019-06-30": "750.21700", "2019-03-31": "647.69500", "2018-12-31": "586.77390", "2018-09-30": "500.97300", "2018-06-30": "442.69200", "2018-03-31": "367.42100", "2017-12-31": "318.71100", "2017-09-30": "268.93700", "2017-06-30": "222.28100", "2017-03-31": "198.42500", "2016-12-31": "183.39600", "2016-09-30": "174.15400", "2016-06-30": "152.75500", "2016-03-31": "147.44700", "2015-12-31": "118.80700", "2015-09-30": "110.29700", "2015-06-30": "113.07200", "2015-03-31": "129.42000", "2014-12-31": "134.51200", "2014-09-30": "127.06900", "2014-06-30": "126.10700", "2014-03-31": "124.97100", "2013-12-31": "137.39300", "2013-09-30": "145.47600", "2013-06-30": "164.25500", "2013-03-31": "177.59000", "2012-12-31": "185.49100", "2012-09-30": "181.89300", "2012-06-30": "166.44300", "2012-03-31": "133.34500", "2011-12-31": "130.13300", "2011-09-30": "121.41700", "2011-06-30": "113.32000", "2011-03-31": "115.45600", "2010-12-31": "-66.92300", "2010-09-30": "113.93200", "2010-06-30": "104.70700", "2010-03-31": "276.50900", "2009-12-31": "-433.03900", "2009-09-30": "307.77700", "2009-06-30": "322.59600", "2009-03-31": "378.62500", "2008-12-31": "450.80500", "2008-09-30": "458.25000", "2008-06-30": "442.25100", "2008-03-31": "537.60600", "2007-12-31": "558.43490", "2007-09-30": "519.11800", "2007-06-30": "468.74800", "2007-03-31": "380.16400", "2006-12-31": "349.30190", "2006-09-30": "295.72600", "2006-06-30": "242.47300", "2006-03-31": "167.51200", "2005-12-31": "165.76600", "2005-09-30": "155.04300", "2005-06-30": "133.75800", "2005-03-31": "113.99300"}, "Gross Profit": {"2020-09-30": "1074.09900", "2020-06-30": "925.95510", "2020-03-31": "-3589.26200", "2019-12-31": "1282.49900", "2019-09-30": "-687.93800", "2019-06-30": "-1703.92000", "2019-03-31": "-762.93300", "2018-12-31": "-2176.75800", "2018-09-30": "504.69600", "2018-06-30": "662.93010", "2018-03-31": "1390.77800", "2017-12-31": "810.99110", "2017-09-30": "425.70200", "2017-06-30": "68.21600", "2017-03-31": "495.21300", "2016-12-31": "1905.18000", "2016-09-30": "826.69100", "2016-06-30": "-229.35200", "2016-03-31": "-820.97200", "2015-12-31": "723.58710", "2015-09-30": "-578.40400", "2015-06-30": "944.39700", "2015-03-31": "-425.54700", "2014-12-31": "-600.02710", "2014-09-30": "408.55800", "2014-06-30": "-284.17500", "2014-03-31": "-151.97200", "2013-12-31": "1086.80000", "2013-09-30": "251.75900", "2013-06-30": "1703.43600", "2013-03-31": "927.99690", "2012-12-31": "734.45200", "2012-09-30": "301.68300", "2012-06-30": "-14.94700", "2012-03-31": "986.18310", "2011-12-31": "525.95300", "2011-09-30": "-841.20200", "2011-06-30": "190.80800", "2011-03-31": "764.15700", "2010-12-31": "1272.20500", "2010-09-30": "39.57800", "2010-06-30": "-168.78700", "2010-03-31": "328.62000", "2009-12-31": "777.37390", "2009-09-30": "328.66800", "2009-06-30": "635.33300", "2009-03-31": "386.63700", "2008-12-31": "-473.43300", "2008-09-30": "335.42300", "2008-06-30": "343.10400", "2008-03-31": "272.33200", "2007-12-31": "177.23320", "2007-09-30": "129.15400", "2007-06-30": "99.71800", "2007-03-31": "84.11200", "2006-12-31": "67.93510", "2006-09-30": "57.55700", "2006-06-30": "21.55500", "2006-03-31": "0.63100", "2005-12-31": "-125.75900", "2005-09-30": "33.40800", "2005-06-30": "58.94100", "2005-03-31": "69.18500"}, "Research And Development Expenses": {"2020-09-30": "", "2020-06-30": "", "2020-03-31": "", "2019-12-31": "", "2019-09-30": "", "2019-06-30": "", "2019-03-31": "", "2018-12-31": "", "2018-09-30": "", "2018-06-30": "", "2018-03-31": "", "2017-12-31": "", "2017-09-30": "", "2017-06-30": "", "2017-03-31": "", "2016-12-31": "", "2016-09-30": "", "2016-06-30": "", "2016-03-31": "", "2015-12-31": "", "2015-09-30": "", "2015-06-30": "", "2015-03-31": "", "2014-12-31": "", "2014-09-30": "", "2014-06-30": "", "2014-03-31": "", "2013-12-31": "", "2013-09-30": "", "2013-06-30": "", "2013-03-31": "", "2012-12-31": "", "2012-09-30": "", "2012-06-30": "", "2012-03-31": "", "2011-12-31": "", "2011-09-30": "", "2011-06-30": "", "2011-03-31": "", "2010-12-31": "", "2010-09-30": "", "2010-06-30": "", "2010-03-31": "", "2009-12-31": "", "2009-09-30": "", "2009-06-30": "", "2009-03-31": "", "2008-12-31": "", "2008-09-30": "", "2008-06-30": "", "2008-03-31": "", "2007-12-31": "", "2007-09-30": "", "2007-06-30": "", "2007-03-31": "", "2006-12-31": "", "2006-09-30": "", "2006-06-30": "", "2006-03-31": "", "2005-12-31": "", "2005-09-30": "", "2005-06-30": "", "2005-03-31": ""}, "SG&A Expenses": {"2020-09-30": "48.83200", "2020-06-30": "67.66600", "2020-03-31": "77.62900", "2019-12-31": "73.35100", "2019-09-30": "66.13800", "2019-06-30": "78.40800", "2019-03-31": "83.73700", "2018-12-31": "77.07300", "2018-09-30": "126.50900", "2018-06-30": "63.78100", "2018-03-31": "62.51000", "2017-12-31": "59.25700", "2017-09-30": "57.01600", "2017-06-30": "54.02300", "2017-03-31": "53.82800", "2016-12-31": "55.45300", "2016-09-30": "97.73700", "2016-06-30": "49.22100", "2016-03-31": "47.94500", "2015-12-31": "47.83600", "2015-09-30": "49.45700", "2015-06-30": "52.00900", "2015-03-31": "50.93800", "2014-12-31": "58.45400", "2014-09-30": "51.31700", "2014-06-30": "52.18900", "2014-03-31": "47.37800", "2013-12-31": "56.29400", "2013-09-30": "58.74400", "2013-06-30": "65.13100", "2013-03-31": "51.91200", "2012-12-31": "40.08400", "2012-09-30": "63.00400", "2012-06-30": "64.55600", "2012-03-31": "67.91500", "2011-12-31": "63.09400", "2011-09-30": "65.19400", "2011-06-30": "57.22900", "2011-03-31": "51.82700", "2010-12-31": "46.49600", "2010-09-30": "43.43000", "2010-06-30": "41.54000", "2010-03-31": "40.38100", "2009-12-31": "37.29800", "2009-09-30": "33.82200", "2009-06-30": "30.47800", "2009-03-31": "30.31000", "2008-12-31": "27.24400", "2008-09-30": "25.75400", "2008-06-30": "27.58500", "2008-03-31": "24.62800", "2007-12-31": "20.95600", "2007-09-30": "18.43400", "2007-06-30": "13.13300", "2007-03-31": "13.79000", "2006-12-31": "13.01400", "2006-09-30": "12.40600", "2006-06-30": "9.74000", "2006-03-31": "8.34700", "2005-12-31": "8.20900", "2005-09-30": "8.86900", "2005-06-30": "8.92600", "2005-03-31": "8.27400"}, "Other Operating Income Or Expenses": {"2020-09-30": "", "2020-06-30": "", "2020-03-31": "", "2019-12-31": "", "2019-09-30": "", "2019-06-30": "", "2019-03-31": "", "2018-12-31": "", "2018-09-30": "", "2018-06-30": "", "2018-03-31": "", "2017-12-31": "", "2017-09-30": "", "2017-06-30": "", "2017-03-31": "", "2016-12-31": "", "2016-09-30": "", "2016-06-30": "", "2016-03-31": "", "2015-12-31": "", "2015-09-30": "", "2015-06-30": "", "2015-03-31": "", "2014-12-31": "", "2014-09-30": "", "2014-06-30": "", "2014-03-31": "", "2013-12-31": "", "2013-09-30": "", "2013-06-30": "", "2013-03-31": "", "2012-12-31": "", "2012-09-30": "", "2012-06-30": "", "2012-03-31": "", "2011-12-31": "", "2011-09-30": "", "2011-06-30": "", "2011-03-31": "", "2010-12-31": "", "2010-09-30": "", "2010-06-30": "", "2010-03-31": "", "2009-12-31": "", "2009-09-30": "", "2009-06-30": "", "2009-03-31": "", "2008-12-31": "", "2008-09-30": "", "2008-06-30": "", "2008-03-31": "", "2007-12-31": "", "2007-09-30": "", "2007-06-30": "", "2007-03-31": "", "2006-12-31": "", "2006-09-30": "", "2006-06-30": "", "2006-03-31": "", "2005-12-31": "", "2005-09-30": "", "2005-06-30": "", "2005-03-31": ""}, "Operating Expenses": {"2020-09-30": "163.95800", "2020-06-30": "253.69800", "2020-03-31": "581.10200", "2019-12-31": "693.40890", "2019-09-30": "833.04300", "2019-06-30": "828.62500", "2019-03-31": "731.43200", "2018-12-31": "663.84690", "2018-09-30": "627.48200", "2018-06-30": "506.47300", "2018-03-31": "429.93100", "2017-12-31": "377.96800", "2017-09-30": "325.95300", "2017-06-30": "276.30400", "2017-03-31": "252.25300", "2016-12-31": "238.84900", "2016-09-30": "271.89100", "2016-06-30": "201.97600", "2016-03-31": "195.39200", "2015-12-31": "166.64300", "2015-09-30": "159.75400", "2015-06-30": "165.08100", "2015-03-31": "180.35800", "2014-12-31": "192.96600", "2014-09-30": "178.38600", "2014-06-30": "178.29600", "2014-03-31": "172.34900", "2013-12-31": "193.68700", "2013-09-30": "204.22000", "2013-06-30": "229.38600", "2013-03-31": "229.50200", "2012-12-31": "225.57500", "2012-09-30": "244.89700", "2012-06-30": "230.99900", "2012-03-31": "201.26000", "2011-12-31": "193.22700", "2011-09-30": "186.61100", "2011-06-30": "170.54900", "2011-03-31": "167.28300", "2010-12-31": "-20.42700", "2010-09-30": "157.36200", "2010-06-30": "146.24700", "2010-03-31": "316.89000", "2009-12-31": "-395.74100", "2009-09-30": "341.59900", "2009-06-30": "353.07400", "2009-03-31": "408.93500", "2008-12-31": "478.04900", "2008-09-30": "484.00400", "2008-06-30": "469.83600", "2008-03-31": "562.23400", "2007-12-31": "579.39090", "2007-09-30": "537.55200", "2007-06-30": "481.88100", "2007-03-31": "393.95400", "2006-12-31": "362.31590", "2006-09-30": "308.13200", "2006-06-30": "252.21300", "2006-03-31": "175.85900", "2005-12-31": "173.97500", "2005-09-30": "163.91200", "2005-06-30": "142.68400", "2005-03-31": "122.26700"}, "Operating Income": {"2020-09-30": "1025.26700", "2020-06-30": "858.28910", "2020-03-31": "-3666.89100", "2019-12-31": "1209.14800", "2019-09-30": "-754.07600", "2019-06-30": "-1782.32800", "2019-03-31": "-846.67000", "2018-12-31": "-2253.83100", "2018-09-30": "378.18700", "2018-06-30": "599.14900", "2018-03-31": "1328.26800", "2017-12-31": "751.73410", "2017-09-30": "368.68600", "2017-06-30": "14.19300", "2017-03-31": "441.38500", "2016-12-31": "1849.72700", "2016-09-30": "728.95400", "2016-06-30": "-278.57300", "2016-03-31": "-868.91700", "2015-12-31": "675.75110", "2015-09-30": "-627.86100", "2015-06-30": "892.38800", "2015-03-31": "-476.48500", "2014-12-31": "-658.48110", "2014-09-30": "357.24100", "2014-06-30": "-336.36410", "2014-03-31": "-199.35000", "2013-12-31": "1030.50600", "2013-09-30": "193.01500", "2013-06-30": "1638.30500", "2013-03-31": "876.08490", "2012-12-31": "694.36800", "2012-09-30": "238.67900", "2012-06-30": "-79.50300", "2012-03-31": "918.26810", "2011-12-31": "462.85900", "2011-09-30": "-906.39600", "2011-06-30": "133.57900", "2011-03-31": "712.33000", "2010-12-31": "1225.70900", "2010-09-30": "-3.85200", "2010-06-30": "-210.32700", "2010-03-31": "288.23900", "2009-12-31": "740.07590", "2009-09-30": "294.84600", "2009-06-30": "604.85500", "2009-03-31": "356.32700", "2008-12-31": "-500.67700", "2008-09-30": "309.66900", "2008-06-30": "315.51900", "2008-03-31": "247.70400", "2007-12-31": "156.27720", "2007-09-30": "110.72000", "2007-06-30": "86.58500", "2007-03-31": "70.32200", "2006-12-31": "54.92110", "2006-09-30": "45.15100", "2006-06-30": "11.81500", "2006-03-31": "-7.71600", "2005-12-31": "-133.96800", "2005-09-30": "24.53900", "2005-06-30": "50.01500", "2005-03-31": "60.91100"}, "Total Non-Operating Income/Expense": {"2020-09-30": "", "2020-06-30": "", "2020-03-31": "", "2019-12-31": "", "2019-09-30": "", "2019-06-30": "", "2019-03-31": "", "2018-12-31": "", "2018-09-30": "", "2018-06-30": "", "2018-03-31": "", "2017-12-31": "", "2017-09-30": "", "2017-06-30": "", "2017-03-31": "", "2016-12-31": "", "2016-09-30": "", "2016-06-30": "", "2016-03-31": "", "2015-12-31": "", "2015-09-30": "", "2015-06-30": "", "2015-03-31": "", "2014-12-31": "", "2014-09-30": "", "2014-06-30": "", "2014-03-31": "", "2013-12-31": "", "2013-09-30": "", "2013-06-30": "", "2013-03-31": "", "2012-12-31": "", "2012-09-30": "", "2012-06-30": "", "2012-03-31": "", "2011-12-31": "", "2011-09-30": "", "2011-06-30": "", "2011-03-31": "1.14000", "2010-12-31": "1.00200", "2010-09-30": "0.86800", "2010-06-30": "0.93500", "2010-03-31": "0.14000", "2009-12-31": "", "2009-09-30": "", "2009-06-30": "", "2009-03-31": "", "2008-12-31": "", "2008-09-30": "", "2008-06-30": "", "2008-03-31": "", "2007-12-31": "", "2007-09-30": "", "2007-06-30": "", "2007-03-31": "", "2006-12-31": "", "2006-09-30": "", "2006-06-30": "-1.34500", "2006-03-31": "-1.14800", "2005-12-31": "", "2005-09-30": "", "2005-06-30": "", "2005-03-31": ""}, "Pre-Tax Income": {"2020-09-30": "1025.26700", "2020-06-30": "858.28900", "2020-03-31": "-3666.89100", "2019-12-31": "1209.14800", "2019-09-30": "-754.07600", "2019-06-30": "-1782.32800", "2019-03-31": "-846.67000", "2018-12-31": "-2253.83100", "2018-09-30": "378.18700", "2018-06-30": "599.14900", "2018-03-31": "1328.26800", "2017-12-31": "751.73400", "2017-09-30": "368.68600", "2017-06-30": "14.19300", "2017-03-31": "441.38500", "2016-12-31": "1849.72700", "2016-09-30": "728.95400", "2016-06-30": "-278.57300", "2016-03-31": "-868.91700", "2015-12-31": "675.75100", "2015-09-30": "-627.86100", "2015-06-30": "892.38800", "2015-03-31": "-476.48500", "2014-12-31": "-658.48100", "2014-09-30": "357.24100", "2014-06-30": "-336.36400", "2014-03-31": "-199.35000", "2013-12-31": "1030.50600", "2013-09-30": "193.01500", "2013-06-30": "1638.30500", "2013-03-31": "876.08500", "2012-12-31": "694.36810", "2012-09-30": "238.67900", "2012-06-30": "-79.50300", "2012-03-31": "918.26800", "2011-12-31": "462.85900", "2011-09-30": "-906.39600", "2011-06-30": "133.57900", "2011-03-31": "713.47000", "2010-12-31": "1227.64600", "2010-09-30": "-2.98400", "2010-06-30": "-210.32700", "2010-03-31": "288.37900", "2009-12-31": "739.82410", "2009-09-30": "294.84600", "2009-06-30": "604.85500", "2009-03-31": "356.32700", "2008-12-31": "-500.67700", "2008-09-30": "309.66900", "2008-06-30": "315.51900", "2008-03-31": "247.70400", "2007-12-31": "156.27700", "2007-09-30": "110.72000", "2007-06-30": "86.58500", "2007-03-31": "70.32200", "2006-12-31": "54.92100", "2006-09-30": "45.15100", "2006-06-30": "10.47000", "2006-03-31": "-8.86400", "2005-12-31": "-133.96800", "2005-09-30": "24.53900", "2005-06-30": "50.01500", "2005-03-31": "60.91100"}, "Income Taxes": {"2020-09-30": "9.71900", "2020-06-30": "2.05500", "2020-03-31": "-26.70200", "2019-12-31": "-0.59400", "2019-09-30": "-6.90700", "2019-06-30": "-5.91500", "2019-03-31": "2.58100", "2018-12-31": "1.04100", "2018-09-30": "-7.24200", "2018-06-30": "3.26200", "2018-03-31": "0.56400", "2017-12-31": "4.96300", "2017-09-30": "1.37100", "2017-06-30": "-0.32900", "2017-03-31": "0.97700", "2016-12-31": "1.24400", "2016-09-30": "-1.92600", "2016-06-30": "-0.07600", "2016-03-31": "-0.83700", "2015-12-31": "6.08500", "2015-09-30": "-0.37000", "2015-06-30": "-7.68300", "2015-03-31": "0.01400", "2014-12-31": "-0.20900", "2014-09-30": "2.38500", "2014-06-30": "-0.85200", "2014-03-31": "4.00100", "2013-12-31": "1.75700", "2013-09-30": "0.55700", "2013-06-30": "0.09200", "2013-03-31": "5.80700", "2012-12-31": "-6.12700", "2012-09-30": "13.92100", "2012-06-30": "11.65600", "2012-03-31": "16.46200", "2011-12-31": "17.29700", "2011-09-30": "15.41700", "2011-06-30": "12.76200", "2011-03-31": "13.57500", "2010-12-31": "8.20700", "2010-09-30": "11.07600", "2010-06-30": "8.83700", "2010-03-31": "7.31400", "2009-12-31": "10.48900", "2009-09-30": "9.65700", "2009-06-30": "7.80100", "2009-03-31": "6.43400", "2008-12-31": "6.30200", "2008-09-30": "7.53800", "2008-06-30": "7.52700", "2008-03-31": "4.61000", "2007-12-31": "3.10000", "2007-09-30": "2.32700", "2007-06-30": "0.83900", "2007-03-31": "2.60400", "2006-12-31": "1.28800", "2006-09-30": "2.27300", "2006-06-30": "1.89200", "2006-03-31": "2.08500", "2005-12-31": "2.79100", "2005-09-30": "3.35300", "2005-06-30": "3.02200", "2005-03-31": "1.57800"}, "Income After Taxes": {"2020-09-30": "1015.54800", "2020-06-30": "856.23400", "2020-03-31": "-3640.18900", "2019-12-31": "1209.74200", "2019-09-30": "-747.16900", "2019-06-30": "-1776.41300", "2019-03-31": "-849.25100", "2018-12-31": "-2254.87200", "2018-09-30": "385.42900", "2018-06-30": "595.88700", "2018-03-31": "1327.70400", "2017-12-31": "746.77090", "2017-09-30": "367.31500", "2017-06-30": "14.52200", "2017-03-31": "440.40800", "2016-12-31": "1848.48300", "2016-09-30": "730.88000", "2016-06-30": "-278.49700", "2016-03-31": "-868.08000", "2015-12-31": "669.66600", "2015-09-30": "-627.49100", "2015-06-30": "900.07100", "2015-03-31": "-476.49900", "2014-12-31": "-658.27200", "2014-09-30": "354.85600", "2014-06-30": "-335.51200", "2014-03-31": "-203.35100", "2013-12-31": "1028.74900", "2013-09-30": "192.45800", "2013-06-30": "1638.21300", "2013-03-31": "870.27800", "2012-12-31": "700.49500", "2012-09-30": "224.75800", "2012-06-30": "-91.15900", "2012-03-31": "901.80600", "2011-12-31": "445.56200", "2011-09-30": "-921.81300", "2011-06-30": "120.81700", "2011-03-31": "699.89500", "2010-12-31": "1219.43900", "2010-09-30": "-14.06000", "2010-06-30": "-219.16400", "2010-03-31": "281.06500", "2009-12-31": "729.33510", "2009-09-30": "285.18900", "2009-06-30": "597.05400", "2009-03-31": "349.89300", "2008-12-31": "-506.97900", "2008-09-30": "302.13100", "2008-06-30": "307.99200", "2008-03-31": "243.09400", "2007-12-31": "153.17700", "2007-09-30": "108.39300", "2007-06-30": "85.74600", "2007-03-31": "67.71800", "2006-12-31": "53.63300", "2006-09-30": "42.87800", "2006-06-30": "8.57800", "2006-03-31": "-10.94900", "2005-12-31": "-136.75900", "2005-09-30": "21.18600", "2005-06-30": "46.99300", "2005-03-31": "59.33300"}, "Other Income": {"2020-09-30": "", "2020-06-30": "", "2020-03-31": "", "2019-12-31": "", "2019-09-30": "", "2019-06-30": "", "2019-03-31": "", "2018-12-31": "", "2018-09-30": "", "2018-06-30": "", "2018-03-31": "", "2017-12-31": "", "2017-09-30": "", "2017-06-30": "", "2017-03-31": "", "2016-12-31": "", "2016-09-30": "", "2016-06-30": "", "2016-03-31": "", "2015-12-31": "", "2015-09-30": "", "2015-06-30": "", "2015-03-31": "", "2014-12-31": "", "2014-09-30": "", "2014-06-30": "", "2014-03-31": "", "2013-12-31": "", "2013-09-30": "", "2013-06-30": "", "2013-03-31": "", "2012-12-31": "", "2012-09-30": "", "2012-06-30": "", "2012-03-31": "", "2011-12-31": "", "2011-09-30": "", "2011-06-30": "", "2011-03-31": "", "2010-12-31": "", "2010-09-30": "", "2010-06-30": "", "2010-03-31": "", "2009-12-31": "", "2009-09-30": "", "2009-06-30": "", "2009-03-31": "", "2008-12-31": "", "2008-09-30": "", "2008-06-30": "", "2008-03-31": "", "2007-12-31": "", "2007-09-30": "", "2007-06-30": "", "2007-03-31": "", "2006-12-31": "", "2006-09-30": "", "2006-06-30": "", "2006-03-31": "", "2005-12-31": "", "2005-09-30": "", "2005-06-30": "", "2005-03-31": ""}, "Income From Continuous Operations": {"2020-09-30": "1015.54800", "2020-06-30": "856.23400", "2020-03-31": "-3640.18900", "2019-12-31": "1209.74200", "2019-09-30": "-747.16900", "2019-06-30": "-1776.41300", "2019-03-31": "-849.25100", "2018-12-31": "-2254.87200", "2018-09-30": "385.42900", "2018-06-30": "595.88700", "2018-03-31": "1327.70400", "2017-12-31": "746.77090", "2017-09-30": "367.31500", "2017-06-30": "14.52200", "2017-03-31": "440.40800", "2016-12-31": "1848.48300", "2016-09-30": "730.88000", "2016-06-30": "-278.49700", "2016-03-31": "-868.08000", "2015-12-31": "669.66600", "2015-09-30": "-627.49100", "2015-06-30": "900.07100", "2015-03-31": "-476.49900", "2014-12-31": "-658.27200", "2014-09-30": "354.85600", "2014-06-30": "-335.51200", "2014-03-31": "-203.35100", "2013-12-31": "1028.74900", "2013-09-30": "192.45800", "2013-06-30": "1638.21300", "2013-03-31": "870.27800", "2012-12-31": "700.49500", "2012-09-30": "224.75800", "2012-06-30": "-91.15900", "2012-03-31": "901.80600", "2011-12-31": "445.56200", "2011-09-30": "-921.81300", "2011-06-30": "120.81700", "2011-03-31": "699.89500", "2010-12-31": "1219.43900", "2010-09-30": "-14.06000", "2010-06-30": "-219.16400", "2010-03-31": "281.06500", "2009-12-31": "729.33510", "2009-09-30": "285.18900", "2009-06-30": "597.05400", "2009-03-31": "349.89300", "2008-12-31": "-506.92100", "2008-09-30": "302.13100", "2008-06-30": "307.99200", "2008-03-31": "243.03600", "2007-12-31": "152.93200", "2007-09-30": "108.28700", "2007-06-30": "85.73300", "2007-03-31": "67.43200", "2006-12-31": "53.33700", "2006-09-30": "42.85000", "2006-06-30": "8.57800", "2006-03-31": "-10.94900", "2005-12-31": "-136.75900", "2005-09-30": "21.18600", "2005-06-30": "46.99300", "2005-03-31": "59.33300"}, "Income From Discontinued Operations": {"2020-09-30": "", "2020-06-30": "", "2020-03-31": "", "2019-12-31": "", "2019-09-30": "", "2019-06-30": "", "2019-03-31": "", "2018-12-31": "", "2018-09-30": "", "2018-06-30": "", "2018-03-31": "", "2017-12-31": "", "2017-09-30": "", "2017-06-30": "", "2017-03-31": "", "2016-12-31": "", "2016-09-30": "", "2016-06-30": "", "2016-03-31": "", "2015-12-31": "", "2015-09-30": "", "2015-06-30": "", "2015-03-31": "", "2014-12-31": "", "2014-09-30": "", "2014-06-30": "", "2014-03-31": "", "2013-12-31": "", "2013-09-30": "", "2013-06-30": "", "2013-03-31": "", "2012-12-31": "", "2012-09-30": "", "2012-06-30": "", "2012-03-31": "", "2011-12-31": "", "2011-09-30": "", "2011-06-30": "", "2011-03-31": "", "2010-12-31": "", "2010-09-30": "", "2010-06-30": "", "2010-03-31": "", "2009-12-31": "", "2009-09-30": "", "2009-06-30": "", "2009-03-31": "", "2008-12-31": "", "2008-09-30": "", "2008-06-30": "", "2008-03-31": "", "2007-12-31": "", "2007-09-30": "", "2007-06-30": "", "2007-03-31": "", "2006-12-31": "", "2006-09-30": "", "2006-06-30": "", "2006-03-31": "", "2005-12-31": "", "2005-09-30": "", "2005-06-30": "", "2005-03-31": ""}, "Net Income": {"2020-09-30": "980.16500", "2020-06-30": "820.69300", "2020-03-31": "-3675.76400", "2019-12-31": "1174.16500", "2019-09-30": "-783.21000", "2019-06-30": "-1808.75200", "2019-03-31": "-881.64400", "2018-12-31": "-2287.38300", "2018-09-30": "353.90300", "2018-06-30": "564.54200", "2018-03-31": "1294.03400", "2017-12-31": "714.58800", "2017-09-30": "337.19200", "2017-06-30": "-8.84900", "2017-03-31": "417.03800", "2016-12-31": "1825.09700", "2016-09-30": "708.41300", "2016-06-30": "-296.10400", "2016-03-31": "-885.91000", "2015-12-31": "652.04700", "2015-09-30": "-645.28600", "2015-06-30": "882.22800", "2015-03-31": "-494.40100", "2014-12-31": "-676.06800", "2014-09-30": "336.86400", "2014-06-30": "-353.50400", "2014-03-31": "-221.34300", "2013-12-31": "1010.75700", "2013-09-30": "174.46600", "2013-06-30": "1620.22100", "2013-03-31": "852.28600", "2012-12-31": "680.77800", "2012-09-30": "215.39100", "2012-06-30": "-97.66700", "2012-03-31": "897.86800", "2011-12-31": "441.41400", "2011-09-30": "-925.98500", "2011-06-30": "116.55000", "2011-03-31": "695.62800", "2010-12-31": "1214.23600", "2010-09-30": "-18.57500", "2010-06-30": "-222.85400", "2010-03-31": "276.44000", "2009-12-31": "724.71010", "2009-09-30": "280.56400", "2009-06-30": "592.42900", "2009-03-31": "345.26700", "2008-12-31": "-512.11400", "2008-09-30": "296.79600", "2008-06-30": "302.65800", "2008-03-31": "237.66300", "2007-12-31": "147.55800", "2007-09-30": "102.91400", "2007-06-30": "80.36000", "2007-03-31": "62.05900", "2006-12-31": "47.96400", "2006-09-30": "37.47700", "2006-06-30": "3.41500", "2006-03-31": "-14.59700", "2005-12-31": "-140.40800", "2005-09-30": "17.53800", "2005-06-30": "43.34500", "2005-03-31": "55.68500"}, "EBITDA": {"2020-09-30": "", "2020-06-30": "", "2020-03-31": "", "2019-12-31": "", "2019-09-30": "", "2019-06-30": "", "2019-03-31": "", "2018-12-31": "", "2018-09-30": "", "2018-06-30": "", "2018-03-31": "", "2017-12-31": "", "2017-09-30": "", "2017-06-30": "", "2017-03-31": "", "2016-12-31": "", "2016-09-30": "", "2016-06-30": "", "2016-03-31": "", "2015-12-31": "", "2015-09-30": "", "2015-06-30": "", "2015-03-31": "", "2014-12-31": "", "2014-09-30": "", "2014-06-30": "", "2014-03-31": "", "2013-12-31": "", "2013-09-30": "", "2013-06-30": "", "2013-03-31": "", "2012-12-31": "", "2012-09-30": "", "2012-06-30": "", "2012-03-31": "", "2011-12-31": "", "2011-09-30": "", "2011-06-30": "", "2011-03-31": "", "2010-12-31": "", "2010-09-30": "", "2010-06-30": "", "2010-03-31": "", "2009-12-31": "", "2009-09-30": "", "2009-06-30": "", "2009-03-31": "", "2008-12-31": "", "2008-09-30": "", "2008-06-30": "", "2008-03-31": "", "2007-12-31": "", "2007-09-30": "", "2007-06-30": "", "2007-03-31": "", "2006-12-31": "", "2006-09-30": "", "2006-06-30": "", "2006-03-31": "", "2005-12-31": "", "2005-09-30": "", "2005-06-30": "", "2005-03-31": ""}, "EBIT": {"2020-09-30": "", "2020-06-30": "", "2020-03-31": "", "2019-12-31": "", "2019-09-30": "", "2019-06-30": "", "2019-03-31": "", "2018-12-31": "", "2018-09-30": "", "2018-06-30": "", "2018-03-31": "", "2017-12-31": "", "2017-09-30": "", "2017-06-30": "", "2017-03-31": "", "2016-12-31": "", "2016-09-30": "", "2016-06-30": "", "2016-03-31": "", "2015-12-31": "", "2015-09-30": "", "2015-06-30": "", "2015-03-31": "", "2014-12-31": "", "2014-09-30": "", "2014-06-30": "", "2014-03-31": "", "2013-12-31": "", "2013-09-30": "", "2013-06-30": "", "2013-03-31": "", "2012-12-31": "", "2012-09-30": "", "2012-06-30": "", "2012-03-31": "", "2011-12-31": "", "2011-09-30": "", "2011-06-30": "", "2011-03-31": "", "2010-12-31": "", "2010-09-30": "", "2010-06-30": "", "2010-03-31": "", "2009-12-31": "", "2009-09-30": "", "2009-06-30": "", "2009-03-31": "", "2008-12-31": "", "2008-09-30": "", "2008-06-30": "", "2008-03-31": "", "2007-12-31": "", "2007-09-30": "", "2007-06-30": "", "2007-03-31": "", "2006-12-31": "", "2006-09-30": "", "2006-06-30": "", "2006-03-31": "", "2005-12-31": "", "2005-09-30": "", "2005-06-30": "", "2005-03-31": ""}, "Basic Shares Outstanding": {"2020-09-30": "1404.20300", "2020-06-30": "1423.90900", "2020-03-31": "1430.99400", "2019-12-31": "1434.91300", "2019-09-30": "1453.35900", "2019-06-30": "1456.03900", "2019-03-31": "1398.61400", "2018-12-31": "1209.60200", "2018-09-30": "1202.35400", "2018-06-30": "1160.43700", "2018-03-31": "1159.61800", "2017-12-31": "1065.92400", "2017-09-30": "1072.56600", "2017-06-30": "1019.00100", "2017-03-31": "1018.94300", "2016-12-31": "969.78800", "2016-09-30": "1007.60800", "2016-06-30": "924.88700", "2016-03-31": "926.81400", "2015-12-31": "947.06210", "2015-09-30": "947.79600", "2015-06-30": "947.73100", "2015-03-31": "947.67000", "2014-12-31": "947.61600", "2014-09-30": "947.56500", "2014-06-30": "947.51500", "2014-03-31": "947.45900", "2013-12-31": "947.38600", "2013-09-30": "947.30300", "2013-06-30": "947.41100", "2013-03-31": "947.25000", "2012-12-31": "972.90200", "2012-09-30": "974.72900", "2012-06-30": "974.55500", "2012-03-31": "971.72800", "2011-12-31": "874.21200", "2011-09-30": "948.54600", "2011-06-30": "822.62300", "2011-03-31": "752.41400", "2010-12-31": "588.19300", "2010-09-30": "611.90500", "2010-06-30": "559.70100", "2010-03-31": "554.99500", "2009-12-31": "546.97300", "2009-09-30": "547.61100", "2009-06-30": "544.34500", "2009-03-31": "542.90300", "2008-12-31": "507.02500", "2008-09-30": "538.70610", "2008-06-30": "503.75800", "2008-03-31": "443.81200", "2007-12-31": "297.48800", "2007-09-30": "315.97000", "2007-06-30": "264.99000", "2007-03-31": "217.49000", "2006-12-31": "167.66700", "2006-09-30": "181.76700", "2006-06-30": "158.63300", "2006-03-31": "123.69400", "2005-12-31": "122.47500", "2005-09-30": "123.17000", "2005-06-30": "121.74000", "2005-03-31": "121.27100"}, "Shares Outstanding": {"2020-09-30": "1404.36800", "2020-06-30": "1423.90900", "2020-03-31": "1430.99400", "2019-12-31": "1434.91300", "2019-09-30": "1453.35900", "2019-06-30": "1456.03900", "2019-03-31": "1398.61400", "2018-12-31": "1209.60200", "2018-09-30": "1202.35400", "2018-06-30": "1160.97900", "2018-03-31": "1160.10300", "2017-12-31": "1066.35200", "2017-09-30": "1073.04100", "2017-06-30": "1019.00100", "2017-03-31": "1019.30700", "2016-12-31": "970.10200", "2016-09-30": "1007.96300", "2016-06-30": "924.88700", "2016-03-31": "926.81400", "2015-12-31": "947.27670", "2015-09-30": "947.79600", "2015-06-30": "947.93000", "2015-03-31": "947.67000", "2014-12-31": "947.61600", "2014-09-30": "987.31600", "2014-06-30": "947.51500", "2014-03-31": "947.45900", "2013-12-31": "995.62600", "2013-09-30": "955.69000", "2013-06-30": "995.23000", "2013-03-31": "994.81500", "2012-12-31": "1005.75500", "2012-09-30": "997.00800", "2012-06-30": "974.55500", "2012-03-31": "1010.58900", "2011-12-31": "874.51900", "2011-09-30": "948.54600", "2011-06-30": "827.75500", "2011-03-31": "790.99400", "2010-12-31": "625.30700", "2010-09-30": "611.90500", "2010-06-30": "559.70100", "2010-03-31": "575.86000", "2009-12-31": "553.13060", "2009-09-30": "553.37600", "2009-06-30": "550.10000", "2009-03-31": "548.55100", "2008-12-31": "507.02500", "2008-09-30": "547.88250", "2008-06-30": "512.67900", "2008-03-31": "452.96700", "2007-12-31": "306.26400", "2007-09-30": "324.61500", "2007-06-30": "273.57900", "2007-03-31": "225.92800", "2006-12-31": "167.74600", "2006-09-30": "189.95200", "2006-06-30": "158.70400", "2006-03-31": "123.69400", "2005-12-31": "122.47500", "2005-09-30": "123.33100", "2005-06-30": "122.01300", "2005-03-31": "121.56400"}, "Basic EPS": {"2020-09-30": "0.70000", "2020-06-30": "0.58000", "2020-03-31": "-2.57000", "2019-12-31": "0.81000", "2019-09-30": "-0.54000", "2019-06-30": "-1.24000", "2019-03-31": "-0.63000", "2018-12-31": "-1.96000", "2018-09-30": "0.29000", "2018-06-30": "0.49000", "2018-03-31": "1.12000", "2017-12-31": "0.66000", "2017-09-30": "0.31000", "2017-06-30": "-0.01000", "2017-03-31": "0.41000", "2016-12-31": "1.97000", "2016-09-30": "0.70000", "2016-06-30": "-0.32000", "2016-03-31": "-0.96000", "2015-12-31": "0.69000", "2015-09-30": "-0.68000", "2015-06-30": "0.93000", "2015-03-31": "-0.52000", "2014-12-31": "-0.71000", "2014-09-30": "0.36000", "2014-06-30": "-0.37000", "2014-03-31": "-0.23000", "2013-12-31": "1.07000", "2013-09-30": "0.18000", "2013-06-30": "1.71000", "2013-03-31": "0.90000", "2012-12-31": "0.70000", "2012-09-30": "0.22000", "2012-06-30": "-0.10000", "2012-03-31": "0.92000", "2011-12-31": "0.29000", "2011-09-30": "-0.98000", "2011-06-30": "0.14000", "2011-03-31": "0.92000", "2010-12-31": "2.05000", "2010-09-30": "-0.03000", "2010-06-30": "-0.40000", "2010-03-31": "0.50000", "2009-12-31": "1.31000", "2009-09-30": "0.51000", "2009-06-30": "1.09000", "2009-03-31": "0.64000", "2008-12-31": "-1.05000", "2008-09-30": "0.55000", "2008-06-30": "0.60000", "2008-03-31": "0.54000", "2007-12-31": "0.40000", "2007-09-30": "0.33000", "2007-06-30": "0.30000", "2007-03-31": "0.29000", "2006-12-31": "0.33000", "2006-09-30": "0.21000", "2006-06-30": "0.02000", "2006-03-31": "-0.12000", "2005-12-31": "-1.15000", "2005-09-30": "0.14000", "2005-06-30": "0.36000", "2005-03-31": "0.46000"}, "EPS - Earnings Per Share": {"2020-09-30": "0.70000", "2020-06-30": "0.58000", "2020-03-31": "-2.57000", "2019-12-31": "0.81000", "2019-09-30": "-0.54000", "2019-06-30": "-1.24000", "2019-03-31": "-0.63000", "2018-12-31": "-1.96000", "2018-09-30": "0.29000", "2018-06-30": "0.49000", "2018-03-31": "1.12000", "2017-12-31": "0.66000", "2017-09-30": "0.31000", "2017-06-30": "-0.01000", "2017-03-31": "0.41000", "2016-12-31": "1.97000", "2016-09-30": "0.70000", "2016-06-30": "-0.32000", "2016-03-31": "-0.96000", "2015-12-31": "0.69000", "2015-09-30": "-0.68000", "2015-06-30": "0.93000", "2015-03-31": "-0.52000", "2014-12-31": "-0.71000", "2014-09-30": "0.35000", "2014-06-30": "-0.37000", "2014-03-31": "-0.23000", "2013-12-31": "1.03000", "2013-09-30": "0.18000", "2013-06-30": "1.64000", "2013-03-31": "0.87000", "2012-12-31": "0.70000", "2012-09-30": "0.22000", "2012-06-30": "-0.10000", "2012-03-31": "0.89000", "2011-12-31": "0.32000", "2011-09-30": "-0.98000", "2011-06-30": "0.14000", "2011-03-31": "0.89000", "2010-12-31": "1.98000", "2010-09-30": "-0.03000", "2010-06-30": "-0.40000", "2010-03-31": "0.49000", "2009-12-31": "1.30000", "2009-09-30": "0.51000", "2009-06-30": "1.08000", "2009-03-31": "0.63000", "2008-12-31": "-1.02000", "2008-09-30": "0.54000", "2008-06-30": "0.59000", "2008-03-31": "0.53000", "2007-12-31": "0.41000", "2007-09-30": "0.32000", "2007-06-30": "0.30000", "2007-03-31": "0.28000", "2006-12-31": "0.34000", "2006-09-30": "0.20000", "2006-06-30": "0.02000", "2006-03-31": "-0.12000", "2005-12-31": "-1.15000", "2005-09-30": "0.14000", "2005-06-30": "0.36000", "2005-03-31": "0.46000"}}, "balance sheet": {"Cash On Hand": {"2019-12-31": "1850.72900", "2018-12-31": "2385.78900", "2017-12-31": "706.58900", "2016-12-31": "1539.74600", "2015-12-31": "1769.25800", "2014-12-31": "1841.24400", "2013-12-31": "652.43600", "2012-12-31": "2426.88400", "2011-12-31": "1855.06400", "2010-12-31": "1288.78900", "2009-12-31": "2258.32500", "2008-12-31": "1471.47200", "2007-12-31": "115.63500", "2006-12-31": "110.14700", "2005-12-31": "4.80800"}, "Receivables": {"2019-12-31": "", "2018-12-31": "", "2017-12-31": "", "2016-12-31": "", "2015-12-31": "", "2014-12-31": "", "2013-12-31": "", "2012-12-31": "", "2011-12-31": "", "2010-12-31": "", "2009-12-31": "", "2008-12-31": "", "2007-12-31": "", "2006-12-31": "", "2005-12-31": ""}, "Inventory": {"2019-12-31": "", "2018-12-31": "", "2017-12-31": "", "2016-12-31": "", "2015-12-31": "", "2014-12-31": "", "2013-12-31": "", "2012-12-31": "", "2011-12-31": "", "2010-12-31": "", "2009-12-31": "", "2008-12-31": "", "2007-12-31": "", "2006-12-31": "", "2005-12-31": ""}, "Pre-Paid Expenses": {"2019-12-31": "", "2018-12-31": "", "2017-12-31": "", "2016-12-31": "", "2015-12-31": "", "2014-12-31": "", "2013-12-31": "", "2012-12-31": "", "2011-12-31": "", "2010-12-31": "", "2009-12-31": "", "2008-12-31": "", "2007-12-31": "", "2006-12-31": "", "2005-12-31": ""}, "Other Current Assets": {"2019-12-31": "", "2018-12-31": "", "2017-12-31": "", "2016-12-31": "", "2015-12-31": "", "2014-12-31": "", "2013-12-31": "", "2012-12-31": "", "2011-12-31": "", "2010-12-31": "", "2009-12-31": "", "2008-12-31": "", "2007-12-31": "", "2006-12-31": "", "2005-12-31": ""}, "Total Current Assets": {"2019-12-31": "6767.77700", "2018-12-31": "7397.90800", "2017-12-31": "4030.49500", "2016-12-31": "2318.32100", "2015-12-31": "2552.85700", "2014-12-31": "4498.17700", "2013-12-31": "5095.96900", "2012-12-31": "6164.16300", "2011-12-31": "3176.48900", "2010-12-31": "2913.20400", "2009-12-31": "3508.83400", "2008-12-31": "2375.93800", "2007-12-31": "645.14400", "2006-12-31": "308.91400", "2005-12-31": "79.64500"}, "Property, Plant, And Equipment": {"2019-12-31": "", "2018-12-31": "", "2017-12-31": "", "2016-12-31": "", "2015-12-31": "", "2014-12-31": "", "2013-12-31": "", "2012-12-31": "", "2011-12-31": "", "2010-12-31": "", "2009-12-31": "", "2008-12-31": "", "2007-12-31": "", "2006-12-31": "", "2005-12-31": ""}, "Long-Term Investments": {"2019-12-31": "115937.30000", "2018-12-31": "93921.08000", "2017-12-31": "93630.38000", "2016-12-31": "84324.18000", "2015-12-31": "72386.20000", "2014-12-31": "83688.59000", "2013-12-31": "76550.03000", "2012-12-31": "127174.30000", "2011-12-31": "106376.30000", "2010-12-31": "80034.56000", "2009-12-31": "65814.55000", "2008-12-31": "55175.34000", "2007-12-31": "53221.02000", "2006-12-31": "30370.60000", "2005-12-31": "15943.31000"}, "Goodwill And Intangible Assets": {"2019-12-31": "92.77200", "2018-12-31": "100.85400", "2017-12-31": "95.03500", "2016-12-31": "758.21500", "2015-12-31": "110.35100", "2014-12-31": "132.61600", "2013-12-31": "94.78100", "2012-12-31": "62.40600", "2011-12-31": "52.83700", "2010-12-31": "51.32000", "2009-12-31": "38.40800", "2008-12-31": "40.29700", "2007-12-31": "32.80800", "2006-12-31": "34.15000", "2005-12-31": "38.30500"}, "Other Long-Term Assets": {"2019-12-31": "7497.23600", "2018-12-31": "4367.69100", "2017-12-31": "4004.13500", "2016-12-31": "504.32900", "2015-12-31": "141.48800", "2014-12-31": "35.98500", "2013-12-31": "181.67400", "2012-12-31": "51.43700", "2011-12-31": "24.40800", "2010-12-31": "27.50600", "2009-12-31": "14.39700", "2008-12-31": "6.04400", "2007-12-31": "4.54300", "2006-12-31": "2.31400", "2005-12-31": "2.15900"}, "Total Long-Term Assets": {"2019-12-31": "123527.30000", "2018-12-31": "98389.62000", "2017-12-31": "97729.55000", "2016-12-31": "85586.73000", "2015-12-31": "72638.03000", "2014-12-31": "83857.19000", "2013-12-31": "76826.48000", "2012-12-31": "127288.10000", "2011-12-31": "106453.50000", "2010-12-31": "80113.39000", "2009-12-31": "65867.36000", "2008-12-31": "55221.68000", "2007-12-31": "53258.37000", "2006-12-31": "30407.07000", "2005-12-31": "15983.78000"}, "Total Assets": {"2019-12-31": "130295.10000", "2018-12-31": "105787.50000", "2017-12-31": "101760.00000", "2016-12-31": "87905.05000", "2015-12-31": "75190.89000", "2014-12-31": "88355.37000", "2013-12-31": "81922.46000", "2012-12-31": "133452.30000", "2011-12-31": "109630.00000", "2010-12-31": "83026.59000", "2009-12-31": "69376.19000", "2008-12-31": "57597.61000", "2007-12-31": "53903.52000", "2006-12-31": "30715.98000", "2005-12-31": "16063.42000"}, "Total Current Liabilities": {"2019-12-31": "102217.10000", "2018-12-31": "81686.80000", "2017-12-31": "77949.41000", "2016-12-31": "65563.14000", "2015-12-31": "56435.79000", "2014-12-31": "71589.76000", "2013-12-31": "61966.98000", "2012-12-31": "102983.40000", "2011-12-31": "85070.99000", "2010-12-31": "65658.22000", "2009-12-31": "54697.59000", "2008-12-31": "46883.25000", "2007-12-31": "46340.86000", "2006-12-31": "27616.83000", "2005-12-31": "13613.13000"}, "Long Term Debt": {"2019-12-31": "5622.80100", "2018-12-31": "3347.06200", "2017-12-31": "2971.77100", "2016-12-31": "3655.80200", "2015-12-31": "2540.71100", "2014-12-31": "1105.99500", "2013-12-31": "5271.32400", "2012-12-31": "3129.29300", "2011-12-31": "1344.81400", "2010-12-31": "1727.30300", "2009-12-31": "29.05700", "2008-12-31": "", "2007-12-31": "", "2006-12-31": "", "2005-12-31": ""}, "Other Non-Current Liabilities": {"2019-12-31": "897.25400", "2018-12-31": "964.33000", "2017-12-31": "815.62400", "2016-12-31": "1543.07100", "2015-12-31": "1740.82000", "2014-12-31": "1630.00600", "2013-12-31": "1211.41100", "2012-12-31": "2584.90700", "2011-12-31": "2552.68700", "2010-12-31": "756.88500", "2009-12-31": "533.36200", "2008-12-31": "1102.28500", "2007-12-31": "430.93100", "2006-12-31": "62.12700", "2005-12-31": "0.84800"}, "Total Long Term Liabilities": {"2019-12-31": "6520.05500", "2018-12-31": "4311.39200", "2017-12-31": "3787.39500", "2016-12-31": "5198.87300", "2015-12-31": "4281.53100", "2014-12-31": "2736.00100", "2013-12-31": "6482.73400", "2012-12-31": "5714.20000", "2011-12-31": "3897.50100", "2010-12-31": "2484.18800", "2009-12-31": "562.41900", "2008-12-31": "1102.28500", "2007-12-31": "432.50500", "2006-12-31": "67.45100", "2005-12-31": "0.84800"}, "Total Liabilities": {"2019-12-31": "114498.70000", "2018-12-31": "91669.73000", "2017-12-31": "86888.48000", "2016-12-31": "75329.07000", "2015-12-31": "63284.97000", "2014-12-31": "75021.59000", "2013-12-31": "69517.41000", "2012-12-31": "117527.90000", "2011-12-31": "93837.09000", "2010-12-31": "73161.69000", "2009-12-31": "59758.65000", "2008-12-31": "50318.30000", "2007-12-31": "48587.11000", "2006-12-31": "28061.47000", "2005-12-31": "14559.40000"}, "Common Stock Net": {"2019-12-31": "14.30100", "2018-12-31": "13.13800", "2017-12-31": "11.59600", "2016-12-31": "10.18900", "2015-12-31": "9.35900", "2014-12-31": "9.47600", "2013-12-31": "9.47400", "2012-12-31": "9.47200", "2011-12-31": "9.70200", "2010-12-31": "6.31600", "2009-12-31": "5.53100", "2008-12-31": "5.41500", "2007-12-31": "4.01800", "2006-12-31": "2.05300", "2005-12-31": "1.23700"}, "Retained Earnings (Accumulated Deficit)": {"2019-12-31": "-8309.42400", "2018-12-31": "-4493.66000", "2017-12-31": "-2961.74900", "2016-12-31": "-3136.01700", "2015-12-31": "-3324.61600", "2014-12-31": "-2585.43600", "2013-12-31": "-534.30600", "2012-12-31": "-2792.10300", "2011-12-31": "-2504.00600", "2010-12-31": "-658.39100", "2009-12-31": "-336.96400", "2008-12-31": "-884.89900", "2007-12-31": "-121.89300", "2006-12-31": "-175.00400", "2005-12-31": "-146.63700"}, "Comprehensive Income": {"2019-12-31": "2138.19100", "2018-12-31": "-1979.86500", "2017-12-31": "-1126.02000", "2016-12-31": "-1085.89300", "2015-12-31": "-377.59600", "2014-12-31": "204.88300", "2013-12-31": "-2748.93300", "2012-12-31": "3053.24200", "2011-12-31": "3008.98800", "2010-12-31": "1164.64200", "2009-12-31": "1891.31700", "2008-12-31": "252.23000", "2007-12-31": "-152.19700", "2006-12-31": "-76.11200", "2005-12-31": "-207.11700"}, "Other Share Holders Equity": {"2019-12-31": "", "2018-12-31": "", "2017-12-31": "", "2016-12-31": "", "2015-12-31": "", "2014-12-31": "", "2013-12-31": "", "2012-12-31": "", "2011-12-31": "", "2010-12-31": "", "2009-12-31": "", "2008-12-31": "", "2007-12-31": "", "2006-12-31": "", "2005-12-31": ""}, "Share Holder Equity": {"2019-12-31": "15796.34000", "2018-12-31": "14117.80000", "2017-12-31": "14871.57000", "2016-12-31": "12575.97000", "2015-12-31": "11905.92000", "2014-12-31": "13333.78000", "2013-12-31": "12405.05000", "2012-12-31": "15924.44000", "2011-12-31": "15792.91000", "2010-12-31": "9904.93200", "2009-12-31": "9617.54000", "2008-12-31": "7279.31400", "2007-12-31": "5316.40400", "2006-12-31": "2654.50700", "2005-12-31": "1504.02300"}, "Total Liabilities And Share Holders Equity": {"2019-12-31": "130295.10000", "2018-12-31": "105787.50000", "2017-12-31": "101760.00000", "2016-12-31": "87905.05000", "2015-12-31": "75190.89000", "2014-12-31": "88355.37000", "2013-12-31": "81922.46000", "2012-12-31": "133452.30000", "2011-12-31": "109630.00000", "2010-12-31": "83026.59000", "2009-12-31": "69376.19000", "2008-12-31": "57597.61000", "2007-12-31": "53903.52000", "2006-12-31": "30715.98000", "2005-12-31": "16063.42000"}}, "balance sheet, quarterly": {"Cash On Hand": {"2020-09-30": "77338.97000", "2020-06-30": "79199.65000", "2020-03-31": "82181.12000", "2019-12-31": "116684.30000", "2019-09-30": "1793.92100", "2019-06-30": "1982.31100", "2019-03-31": "2046.05400", "2018-12-31": "2385.78900", "2018-09-30": "2317.45100", "2018-06-30": "1395.09100", "2018-03-31": "1184.73400", "2017-12-31": "706.58900", "2017-09-30": "867.84000", "2017-06-30": "700.69200", "2017-03-31": "1506.36400", "2016-12-31": "1539.74600", "2016-09-30": "2382.18800", "2016-06-30": "2735.25000", "2016-03-31": "2416.13600", "2015-12-31": "1769.25800", "2015-09-30": "2237.42300", "2015-06-30": "1795.74700", "2015-03-31": "2030.59400", "2014-12-31": "1841.24400", "2014-09-30": "1178.62100", "2014-06-30": "1320.66600", "2014-03-31": "1368.57200", "2013-12-31": "652.43600", "2013-09-30": "1153.79600", "2013-06-30": "896.77100", "2013-03-31": "8441.94500", "2012-12-31": "2426.88400", "2012-09-30": "3877.23800", "2012-06-30": "2949.84500", "2012-03-31": "3473.36200", "2011-12-31": "1855.06400", "2011-09-30": "3834.18100", "2011-06-30": "995.70900", "2011-03-31": "1705.08100", "2010-12-31": "1288.78900", "2010-09-30": "1047.20800", "2010-06-30": "636.75500", "2010-03-31": "1438.12100", "2009-12-31": "2258.32500", "2009-09-30": "2049.60500", "2009-06-30": "1523.71400", "2009-03-31": "1487.59800", "2008-12-31": "1471.47200", "2008-09-30": "1705.67000", "2008-06-30": "1536.17900", "2008-03-31": "2350.87700", "2007-12-31": "115.63500", "2007-09-30": "101.01500", "2007-06-30": "103.91200", "2007-03-31": "104.48200", "2006-12-31": "110.14700", "2006-09-30": "90.25300", "2006-06-30": "53.84900", "2006-03-31": "2.40300", "2005-12-31": "4.80800", "2005-09-30": "1.68400", "2005-06-30": "3.66900", "2005-03-31": "2.41700"}, "Receivables": {"2020-09-30": "", "2020-06-30": "", "2020-03-31": "", "2019-12-31": "", "2019-09-30": "", "2019-06-30": "", "2019-03-31": "", "2018-12-31": "", "2018-09-30": "", "2018-06-30": "", "2018-03-31": "", "2017-12-31": "", "2017-09-30": "", "2017-06-30": "", "2017-03-31": "", "2016-12-31": "", "2016-09-30": "", "2016-06-30": "", "2016-03-31": "", "2015-12-31": "", "2015-09-30": "", "2015-06-30": "", "2015-03-31": "", "2014-12-31": "", "2014-09-30": "", "2014-06-30": "", "2014-03-31": "", "2013-12-31": "", "2013-09-30": "", "2013-06-30": "", "2013-03-31": "", "2012-12-31": "", "2012-09-30": "", "2012-06-30": "", "2012-03-31": "", "2011-12-31": "", "2011-09-30": "", "2011-06-30": "", "2011-03-31": "", "2010-12-31": "", "2010-09-30": "", "2010-06-30": "", "2010-03-31": "", "2009-12-31": "", "2009-09-30": "", "2009-06-30": "", "2009-03-31": "", "2008-12-31": "", "2008-09-30": "", "2008-06-30": "", "2008-03-31": "", "2007-12-31": "", "2007-09-30": "", "2007-06-30": "", "2007-03-31": "", "2006-12-31": "", "2006-09-30": "", "2006-06-30": "", "2006-03-31": "", "2005-12-31": "", "2005-09-30": "", "2005-06-30": "", "2005-03-31": ""}, "Inventory": {"2020-09-30": "", "2020-06-30": "", "2020-03-31": "", "2019-12-31": "", "2019-09-30": "", "2019-06-30": "", "2019-03-31": "", "2018-12-31": "", "2018-09-30": "", "2018-06-30": "", "2018-03-31": "", "2017-12-31": "", "2017-09-30": "", "2017-06-30": "", "2017-03-31": "", "2016-12-31": "", "2016-09-30": "", "2016-06-30": "", "2016-03-31": "", "2015-12-31": "", "2015-09-30": "", "2015-06-30": "", "2015-03-31": "", "2014-12-31": "", "2014-09-30": "", "2014-06-30": "", "2014-03-31": "", "2013-12-31": "", "2013-09-30": "", "2013-06-30": "", "2013-03-31": "", "2012-12-31": "", "2012-09-30": "", "2012-06-30": "", "2012-03-31": "", "2011-12-31": "", "2011-09-30": "", "2011-06-30": "", "2011-03-31": "", "2010-12-31": "", "2010-09-30": "", "2010-06-30": "", "2010-03-31": "", "2009-12-31": "", "2009-09-30": "", "2009-06-30": "", "2009-03-31": "", "2008-12-31": "", "2008-09-30": "", "2008-06-30": "", "2008-03-31": "", "2007-12-31": "", "2007-09-30": "", "2007-06-30": "", "2007-03-31": "", "2006-12-31": "", "2006-09-30": "", "2006-06-30": "", "2006-03-31": "", "2005-12-31": "", "2005-09-30": "", "2005-06-30": "", "2005-03-31": ""}, "Pre-Paid Expenses": {"2020-09-30": "", "2020-06-30": "", "2020-03-31": "", "2019-12-31": "", "2019-09-30": "", "2019-06-30": "", "2019-03-31": "", "2018-12-31": "", "2018-09-30": "", "2018-06-30": "", "2018-03-31": "", "2017-12-31": "", "2017-09-30": "", "2017-06-30": "", "2017-03-31": "", "2016-12-31": "", "2016-09-30": "", "2016-06-30": "", "2016-03-31": "", "2015-12-31": "", "2015-09-30": "", "2015-06-30": "", "2015-03-31": "", "2014-12-31": "", "2014-09-30": "", "2014-06-30": "", "2014-03-31": "", "2013-12-31": "", "2013-09-30": "", "2013-06-30": "", "2013-03-31": "", "2012-12-31": "", "2012-09-30": "", "2012-06-30": "", "2012-03-31": "", "2011-12-31": "", "2011-09-30": "", "2011-06-30": "", "2011-03-31": "", "2010-12-31": "", "2010-09-30": "", "2010-06-30": "", "2010-03-31": "", "2009-12-31": "", "2009-09-30": "", "2009-06-30": "", "2009-03-31": "", "2008-12-31": "", "2008-09-30": "", "2008-06-30": "", "2008-03-31": "", "2007-12-31": "", "2007-09-30": "", "2007-06-30": "", "2007-03-31": "", "2006-12-31": "", "2006-09-30": "", "2006-06-30": "", "2006-03-31": "", "2005-12-31": "", "2005-09-30": "", "2005-06-30": "", "2005-03-31": ""}, "Other Current Assets": {"2020-09-30": "", "2020-06-30": "", "2020-03-31": "", "2019-12-31": "", "2019-09-30": "", "2019-06-30": "", "2019-03-31": "", "2018-12-31": "", "2018-09-30": "", "2018-06-30": "", "2018-03-31": "", "2017-12-31": "", "2017-09-30": "", "2017-06-30": "", "2017-03-31": "", "2016-12-31": "", "2016-09-30": "", "2016-06-30": "", "2016-03-31": "", "2015-12-31": "", "2015-09-30": "", "2015-06-30": "", "2015-03-31": "", "2014-12-31": "", "2014-09-30": "", "2014-06-30": "", "2014-03-31": "", "2013-12-31": "", "2013-09-30": "", "2013-06-30": "", "2013-03-31": "", "2012-12-31": "", "2012-09-30": "", "2012-06-30": "", "2012-03-31": "", "2011-12-31": "", "2011-09-30": "", "2011-06-30": "", "2011-03-31": "", "2010-12-31": "", "2010-09-30": "", "2010-06-30": "", "2010-03-31": "", "2009-12-31": "", "2009-09-30": "", "2009-06-30": "", "2009-03-31": "", "2008-12-31": "", "2008-09-30": "", "2008-06-30": "", "2008-03-31": "", "2007-12-31": "", "2007-09-30": "", "2007-06-30": "", "2007-03-31": "", "2006-12-31": "", "2006-09-30": "", "2006-06-30": "", "2006-03-31": "", "2005-12-31": "", "2005-09-30": "", "2005-06-30": "", "2005-03-31": ""}, "Total Current Assets": {"2020-09-30": "81253.12000", "2020-06-30": "84219.49000", "2020-03-31": "87591.33000", "2019-12-31": "122327.00000", "2019-09-30": "6417.50800", "2019-06-30": "5975.04100", "2019-03-31": "7890.55900", "2018-12-31": "7397.90800", "2018-09-30": "8908.78600", "2018-06-30": "1783.04600", "2018-03-31": "1556.84900", "2017-12-31": "4030.49500", "2017-09-30": "2396.99900", "2017-06-30": "1753.37800", "2017-03-31": "74835.88000", "2016-12-31": "2318.32100", "2016-09-30": "3591.03300", "2016-06-30": "4857.96700", "2016-03-31": "3086.17100", "2015-12-31": "2552.85700", "2015-09-30": "3486.82000", "2015-06-30": "2706.95900", "2015-03-31": "5283.74000", "2014-12-31": "4498.17700", "2014-09-30": "3663.56300", "2014-06-30": "3809.79900", "2014-03-31": "4078.45200", "2013-12-31": "5095.96900", "2013-09-30": "5524.82900", "2013-06-30": "4554.28900", "2013-03-31": "14106.18000", "2012-12-31": "6164.16300", "2012-09-30": "7740.61100", "2012-06-30": "5965.75200", "2012-03-31": "5413.85800", "2011-12-31": "3176.48900", "2011-09-30": "5494.88000", "2011-06-30": "2148.65100", "2011-03-31": "2851.46500", "2010-12-31": "2913.20400", "2010-09-30": "3457.14200", "2010-06-30": "3366.66800", "2010-03-31": "4712.71800", "2009-12-31": "3508.83400", "2009-09-30": "3037.77400", "2009-06-30": "2893.51800", "2009-03-31": "1835.34700", "2008-12-31": "2375.93800", "2008-09-30": "2623.52800", "2008-06-30": "2576.10500", "2008-03-31": "3381.55600", "2007-12-31": "645.14400", "2007-09-30": "589.01600", "2007-06-30": "454.43300", "2007-03-31": "341.66800", "2006-12-31": "308.91400", "2006-09-30": "223.72500", "2006-06-30": "167.61000", "2006-03-31": "81.30000", "2005-12-31": "79.64500", "2005-09-30": "348.68500", "2005-06-30": "487.05500", "2005-03-31": "474.06500"}, "Property, Plant, And Equipment": {"2020-09-30": "", "2020-06-30": "", "2020-03-31": "", "2019-12-31": "", "2019-09-30": "", "2019-06-30": "", "2019-03-31": "", "2018-12-31": "", "2018-09-30": "", "2018-06-30": "", "2018-03-31": "", "2017-12-31": "", "2017-09-30": "", "2017-06-30": "", "2017-03-31": "", "2016-12-31": "", "2016-09-30": "", "2016-06-30": "", "2016-03-31": "", "2015-12-31": "", "2015-09-30": "", "2015-06-30": "", "2015-03-31": "", "2014-12-31": "", "2014-09-30": "", "2014-06-30": "", "2014-03-31": "", "2013-12-31": "", "2013-09-30": "", "2013-06-30": "", "2013-03-31": "", "2012-12-31": "", "2012-09-30": "", "2012-06-30": "", "2012-03-31": "", "2011-12-31": "", "2011-09-30": "", "2011-06-30": "", "2011-03-31": "", "2010-12-31": "", "2010-09-30": "", "2010-06-30": "", "2010-03-31": "", "2009-12-31": "", "2009-09-30": "", "2009-06-30": "", "2009-03-31": "", "2008-12-31": "", "2008-09-30": "", "2008-06-30": "", "2008-03-31": "", "2007-12-31": "", "2007-09-30": "", "2007-06-30": "", "2007-03-31": "", "2006-12-31": "", "2006-09-30": "", "2006-06-30": "", "2006-03-31": "", "2005-12-31": "", "2005-09-30": "", "2005-06-30": "", "2005-03-31": ""}, "Long-Term Investments": {"2020-09-30": "207.98500", "2020-06-30": "973.46700", "2020-03-31": "1032.29600", "2019-12-31": "378.07800", "2019-09-30": "116819.60000", "2019-06-30": "121085.40000", "2019-03-31": "106228.30000", "2018-12-31": "93921.08000", "2018-09-30": "91927.45000", "2018-06-30": "95755.02000", "2018-03-31": "98149.98000", "2017-12-31": "93630.38000", "2017-09-30": "94459.67000", "2017-06-30": "81963.56000", "2017-03-31": "9134.59900", "2016-12-31": "84324.18000", "2016-09-30": "82817.21000", "2016-06-30": "72367.94000", "2016-03-31": "73938.27000", "2015-12-31": "72386.20000", "2015-09-30": "71591.38000", "2015-06-30": "72647.24000", "2015-03-31": "73112.84000", "2014-12-31": "83688.59000", "2014-09-30": "83570.44000", "2014-06-30": "83187.69000", "2014-03-31": "78168.34000", "2013-12-31": "76550.03000", "2013-09-30": "87663.13000", "2013-06-30": "97652.63000", "2013-03-31": "111279.20000", "2012-12-31": "127174.30000", "2012-09-30": "133732.30000", "2012-06-30": "122228.00000", "2012-03-31": "114772.30000", "2011-12-31": "106376.30000", "2011-09-30": "108055.70000", "2011-06-30": "98331.13000", "2011-03-31": "95435.59000", "2010-12-31": "80034.56000", "2010-09-30": "79063.57000", "2010-06-30": "70060.84000", "2010-03-31": "67902.48000", "2009-12-31": "65814.55000", "2009-09-30": "67077.50000", "2009-06-30": "65329.38000", "2009-03-31": "58836.88000", "2008-12-31": "55175.34000", "2008-09-30": "57309.76000", "2008-06-30": "58874.25000", "2008-03-31": "56333.98000", "2007-12-31": "53221.02000", "2007-09-30": "45157.49000", "2007-06-30": "38696.41000", "2007-03-31": "39205.90000", "2006-12-31": "30370.60000", "2006-09-30": "28353.35000", "2006-06-30": "23579.44000", "2006-03-31": "16352.31000", "2005-12-31": "15943.31000", "2005-09-30": "18698.17000", "2005-06-30": "19165.74000", "2005-03-31": "18702.47000"}, "Goodwill And Intangible Assets": {"2020-09-30": "136.90000", "2020-06-30": "137.68000", "2020-03-31": "98.29300", "2019-12-31": "92.77200", "2019-09-30": "480.95500", "2019-06-30": "96.59100", "2019-03-31": "98.55100", "2018-12-31": "100.85400", "2018-09-30": "103.04300", "2018-06-30": "690.02300", "2018-03-31": "92.76300", "2017-12-31": "95.03500", "2017-09-30": "97.55700", "2017-06-30": "706.18300", "2017-03-31": "103.33200", "2016-12-31": "758.21500", "2016-09-30": "111.71800", "2016-06-30": "115.12100", "2016-03-31": "107.66800", "2015-12-31": "110.35100", "2015-09-30": "71.81500", "2015-06-30": "71.81500", "2015-03-31": "94.78100", "2014-12-31": "132.61600", "2014-09-30": "94.78100", "2014-06-30": "94.78100", "2014-03-31": "94.78100", "2013-12-31": "94.78100", "2013-09-30": "107.81700", "2013-06-30": "109.25700", "2013-03-31": "62.14800", "2012-12-31": "62.40600", "2012-09-30": "64.56300", "2012-06-30": "65.13100", "2012-03-31": "65.69800", "2011-12-31": "52.83700", "2011-09-30": "53.56100", "2011-06-30": "54.17100", "2011-03-31": "51.02000", "2010-12-31": "51.32000", "2010-09-30": "37.50700", "2010-06-30": "37.80800", "2010-03-31": "38.10800", "2009-12-31": "38.40800", "2009-09-30": "38.70800", "2009-06-30": "39.00800", "2009-03-31": "39.31600", "2008-12-31": "40.29700", "2008-09-30": "29.69200", "2008-06-30": "30.57000", "2008-03-31": "31.80600", "2007-12-31": "32.80800", "2007-09-30": "33.14400", "2007-06-30": "33.47900", "2007-03-31": "33.81500", "2006-12-31": "34.15000", "2006-09-30": "34.62800", "2006-06-30": "35.17200", "2006-03-31": "36.81700", "2005-12-31": "38.30500", "2005-09-30": "38.48900", "2005-06-30": "38.67400", "2005-03-31": "38.73500"}, "Other Long-Term Assets": {"2020-09-30": "7594.41200", "2020-06-30": "8128.01100", "2020-03-31": "8195.35600", "2019-12-31": "7497.23600", "2019-09-30": "5238.08800", "2019-06-30": "4643.75100", "2019-03-31": "4955.18400", "2018-12-31": "4367.69100", "2018-09-30": "5022.53000", "2018-06-30": "604.91000", "2018-03-31": "582.64100", "2017-12-31": "4004.13500", "2017-09-30": "619.95700", "2017-06-30": "553.46000", "2017-03-31": "585.15900", "2016-12-31": "504.32900", "2016-09-30": "389.34000", "2016-06-30": "375.44900", "2016-03-31": "311.85600", "2015-12-31": "141.48800", "2015-09-30": "188.67800", "2015-06-30": "119.66800", "2015-03-31": "184.31600", "2014-12-31": "35.98500", "2014-09-30": "59.20500", "2014-06-30": "58.68100", "2014-03-31": "73.20600", "2013-12-31": "181.67400", "2013-09-30": "137.39100", "2013-06-30": "152.41600", "2013-03-31": "54.28200", "2012-12-31": "51.43700", "2012-09-30": "39.15400", "2012-06-30": "45.65400", "2012-03-31": "29.73300", "2011-12-31": "24.40800", "2011-09-30": "27.56200", "2011-06-30": "23.04900", "2011-03-31": "89.52700", "2010-12-31": "27.50600", "2010-09-30": "26.53700", "2010-06-30": "42.66500", "2010-03-31": "65.85000", "2009-12-31": "14.39700", "2009-09-30": "8.69500", "2009-06-30": "5.34600", "2009-03-31": "5.71700", "2008-12-31": "6.04400", "2008-09-30": "2.60200", "2008-06-30": "3.21600", "2008-03-31": "4.34700", "2007-12-31": "4.54300", "2007-09-30": "3.02600", "2007-06-30": "3.14600", "2007-03-31": "3.13800", "2006-12-31": "2.31400", "2006-09-30": "2.67900", "2006-06-30": "1.56700", "2006-03-31": "2.28100", "2005-12-31": "2.15900", "2005-09-30": "1.21800", "2005-06-30": "1.47200", "2005-03-31": "1.87300"}, "Total Long-Term Assets": {"2020-09-30": "7939.29700", "2020-06-30": "9239.15800", "2020-03-31": "9325.94500", "2019-12-31": "7968.08600", "2019-09-30": "122538.60000", "2019-06-30": "125825.70000", "2019-03-31": "111282.00000", "2018-12-31": "98389.62000", "2018-09-30": "97053.02000", "2018-06-30": "97049.95000", "2018-03-31": "98825.38000", "2017-12-31": "97729.55000", "2017-09-30": "95177.19000", "2017-06-30": "83223.20000", "2017-03-31": "9823.09000", "2016-12-31": "85586.73000", "2016-09-30": "83318.27000", "2016-06-30": "72858.50000", "2016-03-31": "74357.80000", "2015-12-31": "72638.03000", "2015-09-30": "71851.87000", "2015-06-30": "72838.73000", "2015-03-31": "73391.93000", "2014-12-31": "83857.19000", "2014-09-30": "83724.42000", "2014-06-30": "83341.15000", "2014-03-31": "78336.33000", "2013-12-31": "76826.48000", "2013-09-30": "87908.34000", "2013-06-30": "97914.30000", "2013-03-31": "111395.70000", "2012-12-31": "127288.10000", "2012-09-30": "133836.00000", "2012-06-30": "122338.80000", "2012-03-31": "114867.70000", "2011-12-31": "106453.50000", "2011-09-30": "108136.80000", "2011-06-30": "98408.35000", "2011-03-31": "95576.13000", "2010-12-31": "80113.39000", "2010-09-30": "79127.62000", "2010-06-30": "70141.30000", "2010-03-31": "68006.45000", "2009-12-31": "65867.36000", "2009-09-30": "67124.91000", "2009-06-30": "65373.73000", "2009-03-31": "58881.91000", "2008-12-31": "55221.68000", "2008-09-30": "57342.05000", "2008-06-30": "58908.03000", "2008-03-31": "56370.14000", "2007-12-31": "53258.37000", "2007-09-30": "45193.66000", "2007-06-30": "38733.03000", "2007-03-31": "39242.85000", "2006-12-31": "30407.07000", "2006-09-30": "28390.66000", "2006-06-30": "23616.18000", "2006-03-31": "16391.41000", "2005-12-31": "15983.78000", "2005-09-30": "18737.88000", "2005-06-30": "19205.89000", "2005-03-31": "18743.08000"}, "Total Assets": {"2020-09-30": "89192.41000", "2020-06-30": "93458.66000", "2020-03-31": "96917.27000", "2019-12-31": "130295.10000", "2019-09-30": "128956.10000", "2019-06-30": "131800.80000", "2019-03-31": "119172.50000", "2018-12-31": "105787.50000", "2018-09-30": "105961.80000", "2018-06-30": "98833.00000", "2018-03-31": "100382.20000", "2017-12-31": "101760.00000", "2017-09-30": "97574.18000", "2017-06-30": "84976.58000", "2017-03-31": "84658.95000", "2016-12-31": "87905.05000", "2016-09-30": "86909.30000", "2016-06-30": "77716.47000", "2016-03-31": "77443.97000", "2015-12-31": "75190.89000", "2015-09-30": "75338.69000", "2015-06-30": "75545.68000", "2015-03-31": "78675.68000", "2014-12-31": "88355.37000", "2014-09-30": "87387.98000", "2014-06-30": "87150.95000", "2014-03-31": "82414.77000", "2013-12-31": "81922.46000", "2013-09-30": "93433.16000", "2013-06-30": "102468.60000", "2013-03-31": "125501.90000", "2012-12-31": "133452.30000", "2012-09-30": "141576.60000", "2012-06-30": "128304.60000", "2012-03-31": "120281.50000", "2011-12-31": "109630.00000", "2011-09-30": "113631.70000", "2011-06-30": "100557.00000", "2011-03-31": "98427.61000", "2010-12-31": "83026.59000", "2010-09-30": "82584.77000", "2010-06-30": "73507.98000", "2010-03-31": "72719.16000", "2009-12-31": "69376.19000", "2009-09-30": "70162.68000", "2009-06-30": "68267.26000", "2009-03-31": "60717.25000", "2008-12-31": "57597.61000", "2008-09-30": "59965.58000", "2008-06-30": "61484.14000", "2008-03-31": "59751.69000", "2007-12-31": "53903.52000", "2007-09-30": "45782.68000", "2007-06-30": "39187.46000", "2007-03-31": "39584.52000", "2006-12-31": "30715.98000", "2006-09-30": "28614.38000", "2006-06-30": "23783.79000", "2006-03-31": "16472.71000", "2005-12-31": "16063.42000", "2005-09-30": "19086.56000", "2005-06-30": "19692.95000", "2005-03-31": "19217.14000"}, "Total Current Liabilities": {"2020-09-30": "64788.79000", "2020-06-30": "73802.68000", "2020-03-31": "72841.48000", "2019-12-31": "102217.10000", "2019-09-30": "103247.90000", "2019-06-30": "105181.20000", "2019-03-31": "88978.56000", "2018-12-31": "81686.80000", "2018-09-30": "79472.63000", "2018-06-30": "76307.91000", "2018-03-31": "78374.39000", "2017-12-31": "77949.41000", "2017-09-30": "69783.11000", "2017-06-30": "62768.07000", "2017-03-31": "63062.94000", "2016-12-31": "65563.14000", "2016-09-30": "62073.05000", "2016-06-30": "54090.69000", "2016-03-31": "54666.80000", "2015-12-31": "56435.79000", "2015-09-30": "56658.20000", "2015-06-30": "57649.32000", "2015-03-31": "60773.22000", "2014-12-31": "71589.76000", "2014-09-30": "69827.57000", "2014-06-30": "70565.16000", "2014-03-31": "64753.68000", "2013-12-31": "61966.98000", "2013-09-30": "71822.57000", "2013-06-30": "81643.84000", "2013-03-31": "101146.90000", "2012-12-31": "102983.40000", "2012-09-30": "102716.50000", "2012-06-30": "98915.39000", "2012-03-31": "94485.81000", "2011-12-31": "85070.99000", "2011-09-30": "86699.11000", "2011-06-30": "79140.55000", "2011-03-31": "80176.10000", "2010-12-31": "65658.22000", "2010-09-30": "61205.95000", "2010-06-30": "56520.02000", "2010-03-31": "53943.12000", "2009-12-31": "54697.59000", "2009-09-30": "55978.52000", "2009-06-30": "51469.70000", "2009-03-31": "49087.61000", "2008-12-31": "46883.25000", "2008-09-30": "51270.50000", "2008-06-30": "52030.90000", "2008-03-31": "51516.70000", "2007-12-31": "46340.86000", "2007-09-30": "40313.81000", "2007-06-30": "35212.83000", "2007-03-31": "33435.32000", "2006-12-31": "27616.83000", "2006-09-30": "24981.33000", "2006-06-30": "21305.78000", "2006-03-31": "14670.86000", "2005-12-31": "13613.13000", "2005-09-30": "17081.00000", "2005-06-30": "17287.77000", "2005-03-31": "17476.46000"}, "Long Term Debt": {"2020-09-30": "6027.57600", "2020-06-30": "", "2020-03-31": "6364.94900", "2019-12-31": "5622.80100", "2019-09-30": "3856.08200", "2019-06-30": "3470.16800", "2019-03-31": "3693.76600", "2018-12-31": "3347.06200", "2018-09-30": "3799.54200", "2018-06-30": "2728.69200", "2018-03-31": "3214.66700", "2017-12-31": "2971.77100", "2017-09-30": "3357.92900", "2017-06-30": "3438.67500", "2017-03-31": "3477.05900", "2016-12-31": "3655.80200", "2016-09-30": "4040.45300", "2016-06-30": "4075.93200", "2016-03-31": "3802.68200", "2015-12-31": "2540.71100", "2015-09-30": "2553.39800", "2015-06-30": "2610.97400", "2015-03-31": "2241.34100", "2014-12-31": "1105.99500", "2014-09-30": "1097.33200", "2014-06-30": "1091.87400", "2014-03-31": "1601.69600", "2013-12-31": "5271.32400", "2013-09-30": "4123.60200", "2013-06-30": "3108.47400", "2013-03-31": "3154.96200", "2012-12-31": "3129.29300", "2012-09-30": "2248.71700", "2012-06-30": "2359.02200", "2012-03-31": "1401.26900", "2011-12-31": "1344.81400", "2011-09-30": "2013.61100", "2011-06-30": "1047.33000", "2011-03-31": "1748.75000", "2010-12-31": "1727.30300", "2010-09-30": "1542.92500", "2010-06-30": "868.44900", "2010-03-31": "660.37700", "2009-12-31": "29.05700", "2009-09-30": "", "2009-06-30": "", "2009-03-31": "", "2008-12-31": "", "2008-09-30": "", "2008-06-30": "", "2008-03-31": "", "2007-12-31": "", "2007-09-30": "", "2007-06-30": "", "2007-03-31": "", "2006-12-31": "", "2006-09-30": "", "2006-06-30": "", "2006-03-31": "", "2005-12-31": "", "2005-09-30": "", "2005-06-30": "", "2005-03-31": ""}, "Other Non-Current Liabilities": {"2020-09-30": "1327.42600", "2020-06-30": "1378.39700", "2020-03-31": "1431.96000", "2019-12-31": "897.25400", "2019-09-30": "1071.62900", "2019-06-30": "1830.34900", "2019-03-31": "865.96200", "2018-12-31": "964.33000", "2018-09-30": "505.40000", "2018-06-30": "494.03700", "2018-03-31": "580.94100", "2017-12-31": "815.62400", "2017-09-30": "682.48900", "2017-06-30": "713.96900", "2017-03-31": "637.67500", "2016-12-31": "1543.07100", "2016-09-30": "3005.91300", "2016-06-30": "3222.06500", "2016-03-31": "2865.31400", "2015-12-31": "1740.82000", "2015-09-30": "2287.36500", "2015-06-30": "1382.75800", "2015-03-31": "2100.53700", "2014-12-31": "1630.00600", "2014-09-30": "871.42600", "2014-06-30": "949.18800", "2014-03-31": "1292.62400", "2013-12-31": "1211.41100", "2013-09-30": "1643.89000", "2013-06-30": "1203.50200", "2013-03-31": "2263.98500", "2012-12-31": "2584.90700", "2012-09-30": "2926.46100", "2012-06-30": "2822.26400", "2012-03-31": "2211.04800", "2011-12-31": "2552.68700", "2011-09-30": "2540.55800", "2011-06-30": "1035.21500", "2011-03-31": "577.15000", "2010-12-31": "756.88500", "2010-09-30": "1604.63900", "2010-06-30": "1175.00400", "2010-03-31": "608.68800", "2009-12-31": "533.36200", "2009-09-30": "788.06500", "2009-06-30": "722.70000", "2009-03-31": "1012.57400", "2008-12-31": "1102.28500", "2008-09-30": "415.16100", "2008-06-30": "449.71600", "2008-03-31": "827.12700", "2007-12-31": "430.93100", "2007-09-30": "168.88400", "2007-06-30": "38.57200", "2007-03-31": "82.55000", "2006-12-31": "62.12700", "2006-09-30": "60.07300", "2006-06-30": "", "2006-03-31": "", "2005-12-31": "0.84800", "2005-09-30": "0.62500", "2005-06-30": "1.24100", "2005-03-31": "1.56900"}, "Total Long Term Liabilities": {"2020-09-30": "7355.00200", "2020-06-30": "1378.39700", "2020-03-31": "7796.90900", "2019-12-31": "6520.05500", "2019-09-30": "4927.71100", "2019-06-30": "5300.51700", "2019-03-31": "4559.72800", "2018-12-31": "4311.39200", "2018-09-30": "4304.94200", "2018-06-30": "3222.72900", "2018-03-31": "3795.60800", "2017-12-31": "3787.39500", "2017-09-30": "4040.41800", "2017-06-30": "4152.64400", "2017-03-31": "4114.73400", "2016-12-31": "5198.87300", "2016-09-30": "7046.36600", "2016-06-30": "7452.01400", "2016-03-31": "6667.99600", "2015-12-31": "4281.53100", "2015-09-30": "4840.76300", "2015-06-30": "3993.73200", "2015-03-31": "4341.87800", "2014-12-31": "2736.00100", "2014-09-30": "1968.75800", "2014-06-30": "2041.06200", "2014-03-31": "2894.32000", "2013-12-31": "6482.73400", "2013-09-30": "5767.49200", "2013-06-30": "4311.97600", "2013-03-31": "5418.94700", "2012-12-31": "5714.20000", "2012-09-30": "5175.17800", "2012-06-30": "5181.28600", "2012-03-31": "3612.31700", "2011-12-31": "3897.50100", "2011-09-30": "4554.16900", "2011-06-30": "2082.54500", "2011-03-31": "2325.90000", "2010-12-31": "2484.18800", "2010-09-30": "3147.56400", "2010-06-30": "2043.45300", "2010-03-31": "1269.06500", "2009-12-31": "562.41900", "2009-09-30": "788.06500", "2009-06-30": "722.70000", "2009-03-31": "1012.57400", "2008-12-31": "1102.28500", "2008-09-30": "415.16100", "2008-06-30": "449.71600", "2008-03-31": "827.12700", "2007-12-31": "432.50500", "2007-09-30": "170.21300", "2007-06-30": "44.19500", "2007-03-31": "88.16000", "2006-12-31": "67.45100", "2006-09-30": "65.10100", "2006-06-30": "5.00000", "2006-03-31": "", "2005-12-31": "0.84800", "2005-09-30": "0.62500", "2005-06-30": "1.24100", "2005-03-31": "1.56900"}, "Total Liabilities": {"2020-09-30": "74997.74000", "2020-06-30": "79661.05000", "2020-03-31": "84209.74000", "2019-12-31": "114498.70000", "2019-09-30": "113732.40000", "2019-06-30": "116093.40000", "2019-03-31": "103391.10000", "2018-12-31": "91669.73000", "2018-09-30": "91005.95000", "2018-06-30": "85059.14000", "2018-03-31": "86439.30000", "2017-12-31": "86888.48000", "2017-09-30": "83418.96000", "2017-06-30": "72367.16000", "2017-03-31": "72011.61000", "2016-12-31": "75329.07000", "2016-09-30": "73647.50000", "2016-06-30": "66154.59000", "2016-03-31": "65785.96000", "2015-12-31": "63284.97000", "2015-09-30": "63054.36000", "2015-06-30": "62950.88000", "2015-03-31": "65551.09000", "2014-12-31": "75021.59000", "2014-09-30": "74277.04000", "2014-06-30": "73702.02000", "2014-03-31": "69850.06000", "2013-12-31": "69517.41000", "2013-09-30": "80487.43000", "2013-06-30": "89205.28000", "2013-03-31": "110195.50000", "2012-12-31": "117527.90000", "2012-09-30": "124485.90000", "2012-06-30": "112020.00000", "2012-03-31": "104340.90000", "2011-12-31": "93837.09000", "2011-09-30": "97688.02000", "2011-06-30": "86587.68000", "2011-03-31": "85574.59000", "2010-12-31": "73161.69000", "2010-09-30": "72941.48000", "2010-06-30": "63812.05000", "2010-03-31": "63074.68000", "2009-12-31": "59758.65000", "2009-09-30": "60792.42000", "2009-06-30": "59536.46000", "2009-03-31": "52494.02000", "2008-12-31": "50318.30000", "2008-09-30": "52821.16000", "2008-06-30": "54181.93000", "2008-03-31": "53396.89000", "2007-12-31": "48587.11000", "2007-09-30": "41739.28000", "2007-06-30": "36065.71000", "2007-03-31": "36166.48000", "2006-12-31": "28061.47000", "2006-09-30": "26019.71000", "2006-06-30": "21939.89000", "2006-03-31": "15038.78000", "2005-12-31": "14559.40000", "2005-09-30": "17527.21000", "2005-06-30": "17992.46000", "2005-03-31": "17607.77000"}, "Common Stock Net": {"2020-09-30": "14.02900", "2020-06-30": "14.07700", "2020-03-31": "14.30400", "2019-12-31": "14.30100", "2019-09-30": "14.38000", "2019-06-30": "14.56200", "2019-03-31": "14.48100", "2018-12-31": "13.13800", "2018-09-30": "13.03100", "2018-06-30": "11.64300", "2018-03-31": "11.59700", "2017-12-31": "11.59600", "2017-09-30": "10.88100", "2017-06-30": "10.19000", "2017-03-31": "10.19000", "2016-12-31": "10.18900", "2016-09-30": "10.18900", "2016-06-30": "9.24900", "2016-03-31": "9.24900", "2015-12-31": "9.35900", "2015-09-30": "9.47800", "2015-06-30": "9.47800", "2015-03-31": "9.47700", "2014-12-31": "9.47600", "2014-09-30": "9.47600", "2014-06-30": "9.47500", "2014-03-31": "9.47500", "2013-12-31": "9.47400", "2013-09-30": "9.47300", "2013-06-30": "9.47500", "2013-03-31": "9.47300", "2012-12-31": "9.47200", "2012-09-30": "9.74800", "2012-06-30": "9.74700", "2012-03-31": "9.74300", "2011-12-31": "9.70200", "2011-09-30": "9.69900", "2011-06-30": "8.31000", "2011-03-31": "8.04400", "2010-12-31": "6.31600", "2010-09-30": "6.20600", "2010-06-30": "5.59800", "2010-03-31": "5.59700", "2009-12-31": "5.53100", "2009-09-30": "5.52800", "2009-06-30": "5.44400", "2009-03-31": "5.44300", "2008-12-31": "5.41500", "2008-09-30": "5.40200", "2008-06-30": "5.38500", "2008-03-31": "4.68400", "2007-12-31": "4.01800", "2007-09-30": "3.30500", "2007-06-30": "2.69400", "2007-03-31": "2.62900", "2006-12-31": "2.05300", "2006-09-30": "2.04800", "2006-06-30": "1.64000", "2006-03-31": "1.23700", "2005-12-31": "1.23700", "2005-09-30": "1.23700", "2005-06-30": "1.22600", "2005-03-31": "1.21300"}, "Retained Earnings (Accumulated Deficit)": {"2020-09-30": "-11200.94000", "2020-06-30": "-11871.93000", "2020-03-31": "-12382.65000", "2019-12-31": "-8309.42400", "2019-09-30": "-9125.89500", "2019-06-30": "-7982.64900", "2019-03-31": "-5809.93100", "2018-12-31": "-4493.66000", "2018-09-30": "-1811.95500", "2018-06-30": "-1800.37000", "2018-03-31": "-2015.61200", "2017-12-31": "-2961.74900", "2017-09-30": "-3320.16000", "2017-06-30": "-3339.22800", "2017-03-31": "-3024.67000", "2016-12-31": "-3136.01700", "2016-09-30": "-4655.44000", "2016-06-30": "-5061.56500", "2016-03-31": "-4487.98200", "2015-12-31": "-3324.61600", "2015-09-30": "-3695.88400", "2015-06-30": "-2766.25000", "2015-03-31": "-3364.14700", "2014-12-31": "-2585.43600", "2014-09-30": "-1625.07500", "2014-06-30": "-1677.66100", "2014-03-31": "-1039.89600", "2013-12-31": "-534.30600", "2013-09-30": "-1281.75600", "2013-06-30": "-1124.66500", "2013-03-31": "-2365.99000", "2012-12-31": "-2792.10300", "2012-09-30": "-3045.95100", "2012-06-30": "-2774.10300", "2012-03-31": "-2140.53800", "2011-12-31": "-2504.00600", "2011-09-30": "-2392.61400", "2011-06-30": "-884.87900", "2011-03-31": "-461.46000", "2010-12-31": "-658.39100", "2010-09-30": "-1468.39900", "2010-06-30": "-1027.78900", "2010-03-31": "-424.30200", "2009-12-31": "-336.96400", "2009-09-30": "-646.82200", "2009-06-30": "-545.98000", "2009-03-31": "-811.80100", "2008-12-31": "-884.89900", "2008-09-30": "-102.04900", "2008-06-30": "-102.59400", "2008-03-31": "-109.05400", "2007-12-31": "-121.89300", "2007-09-30": "-132.83200", "2007-06-30": "-149.81400", "2007-03-31": "-165.52200", "2006-12-31": "-175.00400", "2006-09-30": "-183.94900", "2006-06-30": "-192.74800", "2006-03-31": "-174.84100", "2005-12-31": "-146.63700", "2005-09-30": "6.13800", "2005-06-30": "4.68000", "2005-03-31": "5.45500"}, "Comprehensive Income": {"2020-09-30": "3589.05600", "2020-06-30": "3842.07400", "2020-03-31": "3121.37100", "2019-12-31": "2138.19100", "2019-09-30": "2313.81500", "2019-06-30": "1365.00300", "2019-03-31": "-319.37600", "2018-12-31": "-1979.86500", "2018-09-30": "-3822.95600", "2018-06-30": "-3434.44700", "2018-03-31": "-3000.08000", "2017-12-31": "-1126.02000", "2017-09-30": "-640.14900", "2017-06-30": "-850.76700", "2017-03-31": "-1126.09100", "2016-12-31": "-1085.89300", "2016-09-30": "1119.67700", "2016-06-30": "1117.04600", "2016-03-31": "640.36600", "2015-12-31": "-377.59600", "2015-09-30": "262.85500", "2015-06-30": "-354.96500", "2015-03-31": "773.99900", "2014-12-31": "204.88300", "2014-09-30": "-967.82000", "2014-06-30": "-572.25600", "2014-03-31": "-2088.47900", "2013-12-31": "-2748.93300", "2013-09-30": "-1454.79000", "2013-06-30": "-1289.24600", "2013-03-31": "2003.24800", "2012-12-31": "3053.24200", "2012-09-30": "4069.60700", "2012-06-30": "3413.32000", "2012-03-31": "2766.43000", "2011-12-31": "3008.98800", "2011-09-30": "3073.48800", "2011-06-30": "2049.83100", "2011-03-31": "1009.52800", "2010-12-31": "1164.64200", "2010-09-30": "1877.53700", "2010-06-30": "2540.20100", "2010-03-31": "1887.85200", "2009-12-31": "1891.31700", "2009-09-30": "1959.99400", "2009-06-30": "1362.13400", "2009-03-31": "1121.55100", "2008-12-31": "252.23000", "2008-09-30": "-661.49800", "2008-06-30": "-478.79100", "2008-03-31": "-335.81400", "2007-12-31": "-152.19700", "2007-09-30": "-385.96000", "2007-06-30": "-467.64000", "2007-03-31": "-60.04000", "2006-12-31": "-76.11200", "2006-09-30": "-119.97300", "2006-06-30": "-384.91200", "2006-03-31": "-249.45900", "2005-12-31": "-207.11700", "2005-09-30": "-304.55500", "2005-06-30": "-144.85300", "2005-03-31": "-213.28000"}, "Other Share Holders Equity": {"2020-09-30": "", "2020-06-30": "", "2020-03-31": "", "2019-12-31": "", "2019-09-30": "", "2019-06-30": "", "2019-03-31": "", "2018-12-31": "", "2018-09-30": "", "2018-06-30": "", "2018-03-31": "", "2017-12-31": "", "2017-09-30": "", "2017-06-30": "", "2017-03-31": "", "2016-12-31": "", "2016-09-30": "", "2016-06-30": "", "2016-03-31": "", "2015-12-31": "", "2015-09-30": "", "2015-06-30": "", "2015-03-31": "", "2014-12-31": "", "2014-09-30": "", "2014-06-30": "", "2014-03-31": "", "2013-12-31": "", "2013-09-30": "", "2013-06-30": "", "2013-03-31": "", "2012-12-31": "", "2012-09-30": "", "2012-06-30": "", "2012-03-31": "", "2011-12-31": "", "2011-09-30": "", "2011-06-30": "", "2011-03-31": "", "2010-12-31": "", "2010-09-30": "", "2010-06-30": "", "2010-03-31": "", "2009-12-31": "", "2009-09-30": "", "2009-06-30": "", "2009-03-31": "", "2008-12-31": "", "2008-09-30": "", "2008-06-30": "", "2008-03-31": "", "2007-12-31": "", "2007-09-30": "", "2007-06-30": "", "2007-03-31": "", "2006-12-31": "", "2006-09-30": "", "2006-06-30": "", "2006-03-31": "", "2005-12-31": "", "2005-09-30": "", "2005-06-30": "", "2005-03-31": ""}, "Share Holder Equity": {"2020-09-30": "14194.67000", "2020-06-30": "13797.60000", "2020-03-31": "12707.53000", "2019-12-31": "15796.34000", "2019-09-30": "15223.70000", "2019-06-30": "15707.41000", "2019-03-31": "15781.44000", "2018-12-31": "14117.80000", "2018-09-30": "14955.86000", "2018-06-30": "13773.86000", "2018-03-31": "13942.93000", "2017-12-31": "14871.57000", "2017-09-30": "14155.22000", "2017-06-30": "12609.42000", "2017-03-31": "12647.35000", "2016-12-31": "12575.97000", "2016-09-30": "13261.80000", "2016-06-30": "11561.87000", "2016-03-31": "11658.01000", "2015-12-31": "11905.92000", "2015-09-30": "12284.33000", "2015-06-30": "12594.80000", "2015-03-31": "13124.59000", "2014-12-31": "13333.78000", "2014-09-30": "13110.95000", "2014-06-30": "13448.92000", "2014-03-31": "12564.71000", "2013-12-31": "12405.05000", "2013-09-30": "12945.72000", "2013-06-30": "13263.30000", "2013-03-31": "15306.37000", "2012-12-31": "15924.44000", "2012-09-30": "17090.66000", "2012-06-30": "16284.59000", "2012-03-31": "15940.61000", "2011-12-31": "15792.91000", "2011-09-30": "15943.68000", "2011-06-30": "13969.32000", "2011-03-31": "12853.02000", "2010-12-31": "9904.93200", "2010-09-30": "9643.27700", "2010-06-30": "9695.93400", "2010-03-31": "9644.48400", "2009-12-31": "9617.54000", "2009-09-30": "9370.25800", "2009-06-30": "8730.79200", "2009-03-31": "8223.23500", "2008-12-31": "7279.31400", "2008-09-30": "7144.42800", "2008-06-30": "7302.20600", "2008-03-31": "6354.80300", "2007-12-31": "5316.40400", "2007-09-30": "4043.39700", "2007-06-30": "3121.75800", "2007-03-31": "3418.03800", "2006-12-31": "2654.50700", "2006-09-30": "2594.67500", "2006-06-30": "1843.89700", "2006-03-31": "1433.92900", "2005-12-31": "1504.02300", "2005-09-30": "1559.36000", "2005-06-30": "1700.48800", "2005-03-31": "1609.37600"}, "Total Liabilities And Share Holders Equity": {"2020-09-30": "89192.41000", "2020-06-30": "93458.66000", "2020-03-31": "96917.27000", "2019-12-31": "130295.10000", "2019-09-30": "128956.10000", "2019-06-30": "131800.80000", "2019-03-31": "119172.50000", "2018-12-31": "105787.50000", "2018-09-30": "105961.80000", "2018-06-30": "98833.00000", "2018-03-31": "100382.20000", "2017-12-31": "101760.00000", "2017-09-30": "97574.18000", "2017-06-30": "84976.58000", "2017-03-31": "84658.95000", "2016-12-31": "87905.05000", "2016-09-30": "86909.30000", "2016-06-30": "77716.47000", "2016-03-31": "77443.97000", "2015-12-31": "75190.89000", "2015-09-30": "75338.69000", "2015-06-30": "75545.68000", "2015-03-31": "78675.68000", "2014-12-31": "88355.37000", "2014-09-30": "87387.98000", "2014-06-30": "87150.95000", "2014-03-31": "82414.77000", "2013-12-31": "81922.46000", "2013-09-30": "93433.16000", "2013-06-30": "102468.60000", "2013-03-31": "125501.90000", "2012-12-31": "133452.30000", "2012-09-30": "141576.60000", "2012-06-30": "128304.60000", "2012-03-31": "120281.50000", "2011-12-31": "109630.00000", "2011-09-30": "113631.70000", "2011-06-30": "100557.00000", "2011-03-31": "98427.61000", "2010-12-31": "83026.59000", "2010-09-30": "82584.77000", "2010-06-30": "73507.98000", "2010-03-31": "72719.16000", "2009-12-31": "69376.19000", "2009-09-30": "70162.68000", "2009-06-30": "68267.26000", "2009-03-31": "60717.25000", "2008-12-31": "57597.61000", "2008-09-30": "59965.58000", "2008-06-30": "61484.14000", "2008-03-31": "59751.69000", "2007-12-31": "53903.52000", "2007-09-30": "45782.68000", "2007-06-30": "39187.46000", "2007-03-31": "39584.52000", "2006-12-31": "30715.98000", "2006-09-30": "28614.38000", "2006-06-30": "23783.79000", "2006-03-31": "16472.71000", "2005-12-31": "16063.42000", "2005-09-30": "19086.56000", "2005-06-30": "19692.95000", "2005-03-31": "19217.14000"}}, "cash flow statement": {"Net Income/Loss": {"2019-12-31": "-2163.09100", "2018-12-31": "54.14800", "2017-12-31": "1569.01600", "2016-12-31": "1432.78600", "2015-12-31": "465.74700", "2014-12-31": "-842.27900", "2013-12-31": "3729.69800", "2012-12-31": "1735.90000", "2011-12-31": "344.46100", "2010-12-31": "1267.28000", "2009-12-31": "1961.47100", "2008-12-31": "346.23800", "2007-12-31": "415.03400", "2006-12-31": "93.81600", "2005-12-31": "-9.24700"}, "Total Depreciation And Amortization - Cash Flow": {"2019-12-31": "2994.89600", "2018-12-31": "901.24900", "2017-12-31": "164.89800", "2016-12-31": "851.01300", "2015-12-31": "848.67400", "2014-12-31": "711.96500", "2013-12-31": "1025.58400", "2012-12-31": "1499.86300", "2011-12-31": "807.65500", "2010-12-31": "669.17900", "2009-12-31": "255.99900", "2008-12-31": "106.72700", "2007-12-31": "55.53800", "2006-12-31": "66.39400", "2005-12-31": "154.88000"}, "Other Non-Cash Items": {"2019-12-31": "-1842.77600", "2018-12-31": "1477.72300", "2017-12-31": "-129.16500", "2016-12-31": "-669.57600", "2015-12-31": "-4162.30100", "2014-12-31": "6947.86800", "2013-12-31": "-19114.85000", "2012-12-31": "-1154.23400", "2011-12-31": "1836.92700", "2010-12-31": "-371.03200", "2009-12-31": "-938.63600", "2008-12-31": "791.86500", "2007-12-31": "-19.26400", "2006-12-31": "49.16500", "2005-12-31": "133.87800"}, "Total Non-Cash Items": {"2019-12-31": "1152.12000", "2018-12-31": "2378.97200", "2017-12-31": "35.73300", "2016-12-31": "181.43700", "2015-12-31": "-3313.62700", "2014-12-31": "7659.83300", "2013-12-31": "-18089.26000", "2012-12-31": "345.62880", "2011-12-31": "2644.58200", "2010-12-31": "298.14700", "2009-12-31": "-682.63700", "2008-12-31": "898.59200", "2007-12-31": "36.27400", "2006-12-31": "115.55900", "2005-12-31": "288.75800"}, "Change In Accounts Receivable": {"2019-12-31": "-85.95100", "2018-12-31": "-19.56300", "2017-12-31": "-52.20200", "2016-12-31": "27.71200", "2015-12-31": "-725.35700", "2014-12-31": "-2549.04500", "2013-12-31": "860.54530", "2012-12-31": "997.26570", "2011-12-31": "522.69810", "2010-12-31": "161.65900", "2009-12-31": "-6.51700", "2008-12-31": "-8.40500", "2007-12-31": "-123.32200", "2006-12-31": "-76.22400", "2005-12-31": "10.55500"}, "Change In Inventories": {"2019-12-31": "", "2018-12-31": "", "2017-12-31": "", "2016-12-31": "", "2015-12-31": "-29.62300", "2014-12-31": "-761.17210", "2013-12-31": "1035.02200", "2012-12-31": "-718.07390", "2011-12-31": "677.50170", "2010-12-31": "-190.04480", "2009-12-31": "", "2008-12-31": "-16.93000", "2007-12-31": "-12.88900", "2006-12-31": "-32.65800", "2005-12-31": ""}, "Change In Accounts Payable": {"2019-12-31": "-94.59300", "2018-12-31": "295.64000", "2017-12-31": "89.77700", "2016-12-31": "6.33700", "2015-12-31": "-26.63000", "2014-12-31": "35.87600", "2013-12-31": "-22.06600", "2012-12-31": "51.17200", "2011-12-31": "21.50100", "2010-12-31": "25.22200", "2009-12-31": "-108.90000", "2008-12-31": "-86.49000", "2007-12-31": "173.61000", "2006-12-31": "56.00400", "2005-12-31": "-7.72700"}, "Change In Assets/Liabilities": {"2019-12-31": "-8.04200", "2018-12-31": "-87.17900", "2017-12-31": "-10.08500", "2016-12-31": "-67.40900", "2015-12-31": "-13.93700", "2014-12-31": "2585.27000", "2013-12-31": "-406.67230", "2012-12-31": "5227.53400", "2011-12-31": "-1790.67400", "2010-12-31": "9300.83700", "2009-12-31": "9654.29000", "2008-12-31": "-23.42200", "2007-12-31": "18.80500", "2006-12-31": "55.15400", "2005-12-31": "-1.56300"}, "Total Change In Assets/Liabilities": {"2019-12-31": "-188.58600", "2018-12-31": "188.89800", "2017-12-31": "27.49000", "2016-12-31": "-33.36000", "2015-12-31": "-795.54700", "2014-12-31": "-689.07150", "2013-12-31": "1466.82900", "2012-12-31": "5557.89800", "2011-12-31": "-568.97310", "2010-12-31": "9297.67300", "2009-12-31": "9538.87300", "2008-12-31": "-135.24700", "2007-12-31": "74.07600", "2006-12-31": "12.25400", "2005-12-31": "2.01800"}, "Cash Flow From Operating Activities": {"2019-12-31": "-1199.55700", "2018-12-31": "2622.01800", "2017-12-31": "1632.23900", "2016-12-31": "1580.86300", "2015-12-31": "-3643.41900", "2014-12-31": "6128.46800", "2013-12-31": "-12892.72000", "2012-12-31": "7639.50700", "2011-12-31": "2420.06300", "2010-12-31": "10863.11000", "2009-12-31": "10817.71000", "2008-12-31": "1109.58300", "2007-12-31": "525.38400", "2006-12-31": "221.62900", "2005-12-31": "281.52900"}, "Net Change In Property, Plant, And Equipment": {"2019-12-31": "24.95500", "2018-12-31": "", "2017-12-31": "", "2016-12-31": "", "2015-12-31": "", "2014-12-31": "", "2013-12-31": "", "2012-12-31": "", "2011-12-31": "", "2010-12-31": "", "2009-12-31": "", "2008-12-31": "", "2007-12-31": "", "2006-12-31": "", "2005-12-31": ""}, "Net Change In Intangible Assets": {"2019-12-31": "", "2018-12-31": "", "2017-12-31": "", "2016-12-31": "", "2015-12-31": "", "2014-12-31": "", "2013-12-31": "", "2012-12-31": "", "2011-12-31": "", "2010-12-31": "", "2009-12-31": "", "2008-12-31": "", "2007-12-31": "", "2006-12-31": "", "2005-12-31": ""}, "Net Acquisitions/Divestitures": {"2019-12-31": "", "2018-12-31": "-258.33400", "2017-12-31": "5.45100", "2016-12-31": "41.69800", "2015-12-31": "", "2014-12-31": "", "2013-12-31": "-724.88900", "2012-12-31": "", "2011-12-31": "", "2010-12-31": "", "2009-12-31": "", "2008-12-31": "", "2007-12-31": "", "2006-12-31": "", "2005-12-31": ""}, "Net Change In Short-term Investments": {"2019-12-31": "650.03630", "2018-12-31": "288.21040", "2017-12-31": "-0.00160", "2016-12-31": "0.00000", "2015-12-31": "", "2014-12-31": "-15972.14000", "2013-12-31": "", "2012-12-31": "", "2011-12-31": "", "2010-12-31": "259.00400", "2009-12-31": "303.11450", "2008-12-31": "-562.11900", "2007-12-31": "", "2006-12-31": "", "2005-12-31": ""}, "Net Change In Long-Term Investments": {"2019-12-31": "-21319.82000", "2018-12-31": "-964.52440", "2017-12-31": "-14679.40000", "2016-12-31": "-2108.46700", "2015-12-31": "14719.58000", "2014-12-31": "8169.26500", "2013-12-31": "38265.65000", "2012-12-31": "-18690.02000", "2011-12-31": "-25130.10000", "2010-12-31": "-14090.64000", "2009-12-31": "-7641.12300", "2008-12-31": "-1709.58200", "2007-12-31": "-21463.94000", "2006-12-31": "-15039.40000", "2005-12-31": "2998.21700"}, "Net Change In Investments - Total": {"2019-12-31": "-20669.78000", "2018-12-31": "-676.31400", "2017-12-31": "-14679.40000", "2016-12-31": "-2108.46700", "2015-12-31": "14719.58000", "2014-12-31": "-7802.87600", "2013-12-31": "38265.65000", "2012-12-31": "-18690.02000", "2011-12-31": "-25130.10000", "2010-12-31": "-13831.64000", "2009-12-31": "-7338.00800", "2008-12-31": "-2271.70100", "2007-12-31": "-21463.94000", "2006-12-31": "-15039.40000", "2005-12-31": "2998.21700"}, "Investing Activities - Other": {"2019-12-31": "3.15500", "2018-12-31": "26.22800", "2017-12-31": "7.99800", "2016-12-31": "4.62000", "2015-12-31": "-2574.27500", "2014-12-31": "", "2013-12-31": "7.46500", "2012-12-31": "-3.00800", "2011-12-31": "10.41000", "2010-12-31": "-14.11300", "2009-12-31": "", "2008-12-31": "", "2007-12-31": "", "2006-12-31": "", "2005-12-31": ""}, "Cash Flow From Investing Activities": {"2019-12-31": "-20641.67000", "2018-12-31": "-908.42000", "2017-12-31": "-14665.95000", "2016-12-31": "-2062.14900", "2015-12-31": "12145.32000", "2014-12-31": "-7802.87700", "2013-12-31": "37548.22000", "2012-12-31": "-18693.03000", "2011-12-31": "-25119.69000", "2010-12-31": "-13845.75000", "2009-12-31": "-7338.00900", "2008-12-31": "-2271.70300", "2007-12-31": "-21463.94000", "2006-12-31": "-15039.40000", "2005-12-31": "2998.21700"}, "Net Long-Term Debt": {"2019-12-31": "1385.89400", "2018-12-31": "-464.90690", "2017-12-31": "-1038.18600", "2016-12-31": "1577.75000", "2015-12-31": "1630.83700", "2014-12-31": "387.97800", "2013-12-31": "", "2012-12-31": "110.02400", "2011-12-31": "", "2010-12-31": "582.00000", "2009-12-31": "", "2008-12-31": "", "2007-12-31": "", "2006-12-31": "", "2005-12-31": ""}, "Net Current Debt": {"2019-12-31": "", "2018-12-31": "", "2017-12-31": "", "2016-12-31": "", "2015-12-31": "-10631.08000", "2014-12-31": "3683.06300", "2013-12-31": "-22941.81000", "2012-12-31": "12223.91000", "2011-12-31": "19636.34000", "2010-12-31": "1447.31300", "2009-12-31": "-1761.75000", "2008-12-31": "628.34380", "2007-12-31": "18532.53000", "2006-12-31": "13937.72000", "2005-12-31": "-3131.57800"}, "Debt Issuance/Retirement Net - Total": {"2019-12-31": "1385.89400", "2018-12-31": "-464.90690", "2017-12-31": "-1038.18600", "2016-12-31": "1577.75000", "2015-12-31": "-9000.24100", "2014-12-31": "4071.04100", "2013-12-31": "-22941.81000", "2012-12-31": "12333.93000", "2011-12-31": "19636.34000", "2010-12-31": "2029.31300", "2009-12-31": "-1761.75000", "2008-12-31": "628.34380", "2007-12-31": "18532.53000", "2006-12-31": "13937.72000", "2005-12-31": "-3131.57800"}, "Net Common Equity Issued/Repurchased": {"2019-12-31": "1605.45100", "2018-12-31": "1532.35600", "2017-12-31": "2347.05800", "2016-12-31": "2.36200", "2015-12-31": "-112.01400", "2014-12-31": "2.37000", "2013-12-31": "-136.29000", "2012-12-31": "-244.91700", "2011-12-31": "5816.34600", "2010-12-31": "1330.73600", "2009-12-31": "146.68900", "2008-12-31": "2315.83000", "2007-12-31": "2683.51600", "2006-12-31": "935.09500", "2005-12-31": "40.78500"}, "Net Total Equity Issued/Repurchased": {"2019-12-31": "1375.45100", "2018-12-31": "1119.85600", "2017-12-31": "2161.74600", "2016-12-31": "2.36200", "2015-12-31": "-112.01400", "2014-12-31": "2.37000", "2013-12-31": "-136.29000", "2012-12-31": "491.05400", "2011-12-31": "5816.34600", "2010-12-31": "1330.73600", "2009-12-31": "146.68900", "2008-12-31": "2315.83000", "2007-12-31": "2683.51600", "2006-12-31": "1046.56100", "2005-12-31": "40.78500"}, "Total Common And Preferred Stock Dividends Paid": {"2019-12-31": "-1689.01600", "2018-12-31": "-1540.88600", "2017-12-31": "-1353.17200", "2016-12-31": "-1220.93100", "2015-12-31": "-1209.25000", "2014-12-31": "-1208.98400", "2013-12-31": "-1640.74800", "2012-12-31": "-2149.87200", "2011-12-31": "-2041.48900", "2010-12-31": "-1599.33900", "2009-12-31": "-1269.42000", "2008-12-31": "-975.06800", "2007-12-31": "-263.67100", "2006-12-31": "-95.53400", "2005-12-31": "-189.99800"}, "Financial Activities - Other": {"2019-12-31": "20883.99000", "2018-12-31": "201.55600", "2017-12-31": "12430.08000", "2016-12-31": "-107.31000", "2015-12-31": "1847.61100", "2014-12-31": "-1.20500", "2013-12-31": "-0.20000", "2012-12-31": "", "2011-12-31": "", "2010-12-31": "", "2009-12-31": "", "2008-12-31": "-1.57400", "2007-12-31": "-1.65400", "2006-12-31": "16.00000", "2005-12-31": ""}, "Cash Flow From Financial Activities": {"2019-12-31": "21956.21000", "2018-12-31": "-684.43800", "2017-12-31": "12200.55000", "2016-12-31": "251.77400", "2015-12-31": "-8473.88200", "2014-12-31": "2863.21700", "2013-12-31": "-24718.85000", "2012-12-31": "10675.11000", "2011-12-31": "23411.20000", "2010-12-31": "1760.70100", "2009-12-31": "-2884.48700", "2008-12-31": "1967.51300", "2007-12-31": "20950.73000", "2006-12-31": "14904.74000", "2005-12-31": "-3280.79100"}, "Net Cash Flow": {"2019-12-31": "114.98000", "2018-12-31": "1029.16000", "2017-12-31": "-833.15700", "2016-12-31": "-229.51200", "2015-12-31": "28.01400", "2014-12-31": "1188.80800", "2013-12-31": "-63.35300", "2012-12-31": "-378.40900", "2011-12-31": "711.57200", "2010-12-31": "-1221.94200", "2009-12-31": "595.21500", "2008-12-31": "805.39300", "2007-12-31": "12.17800", "2006-12-31": "86.97400", "2005-12-31": "-1.04500"}, "Stock-Based Compensation": {"2019-12-31": "", "2018-12-31": "", "2017-12-31": "", "2016-12-31": "", "2015-12-31": "1.15600", "2014-12-31": "1.07200", "2013-12-31": "2.54700", "2012-12-31": "5.58400", "2011-12-31": "5.26900", "2010-12-31": "4.75700", "2009-12-31": "4.51400", "2008-12-31": "2.53400", "2007-12-31": "1.35500", "2006-12-31": "1.28500", "2005-12-31": "0.05600"}, "Common Stock Dividends Paid": {"2019-12-31": "-1689.01600", "2018-12-31": "-1540.88600", "2017-12-31": "-1353.17200", "2016-12-31": "-1220.93100", "2015-12-31": "-1209.25000", "2014-12-31": "-1208.98400", "2013-12-31": "-1640.74800", "2012-12-31": "-2149.87200", "2011-12-31": "-2041.48900", "2010-12-31": "-1599.33900", "2009-12-31": "-1269.42000", "2008-12-31": "-975.06800", "2007-12-31": "-263.67100", "2006-12-31": "-95.53400", "2005-12-31": "-189.99800"}}, "cash flow statement, quarterly": {"Net Income/Loss": {"2020-09-30": 1015.548, "2020-06-30": 856.234, "2020-03-31": "-3640.18900", "2019-12-31": 1209.742, "2019-09-30": -747.169, "2019-06-30": -1776.413, "2019-03-31": "-849.25100", "2018-12-31": -2254.872, "2018-09-30": 385.429, "2018-06-30": 595.887, "2018-03-31": "1327.70400", "2017-12-31": 746.771, "2017-09-30": 367.315, "2017-06-30": 14.522, "2017-03-31": "440.40800", "2016-12-31": 1848.483, "2016-09-30": 730.88, "2016-06-30": -278.497, "2016-03-31": "-868.08000", "2015-12-31": 669.666, "2015-09-30": -627.491, "2015-06-30": 900.071, "2015-03-31": "-476.49900", "2014-12-31": -658.272, "2014-09-30": 354.856, "2014-06-30": -335.512, "2014-03-31": "-203.35100", "2013-12-31": 1028.749, "2013-09-30": 192.458, "2013-06-30": 1638.213, "2013-03-31": "870.27800", "2012-12-31": 700.495, "2012-09-30": 224.758, "2012-06-30": -91.159, "2012-03-31": "901.80600", "2011-12-31": 445.562, "2011-09-30": -921.813, "2011-06-30": 120.817, "2011-03-31": "699.89500", "2010-12-31": 1218.504, "2010-09-30": -14.06, "2010-06-30": -218.229, "2010-03-31": "281.06500", "2009-12-31": 729.335, "2009-09-30": 285.189, "2009-06-30": 597.054, "2009-03-31": "349.89300", "2008-12-31": -506.979, "2008-09-30": 302.131, "2008-06-30": 307.992, "2008-03-31": "243.09400", "2007-12-31": 153.582, "2007-09-30": 108.287, "2007-06-30": 85.733, "2007-03-31": "67.43200", "2006-12-31": 53.337, "2006-09-30": 42.85, "2006-06-30": 8.578, "2006-03-31": "-10.94900", "2005-12-31": -136.759, "2005-09-30": 21.186, "2005-06-30": 46.993, "2005-03-31": "59.33300"}, "Total Depreciation And Amortization - Cash Flow": {"2020-09-30": 257.85, "2020-06-30": 269.75, "2020-03-31": "623.60300", "2019-12-31": 2038.969, "2019-09-30": 381.003, "2019-06-30": 325.329, "2019-03-31": "249.59500", "2018-12-31": 361.97, "2018-09-30": 526.574, "2018-06-30": -86.501, "2018-03-31": "99.20600", "2017-12-31": -525.601, "2017-09-30": 224.833, "2017-06-30": 256.73, "2017-03-31": "208.93600", "2016-12-31": 829.059, "2016-09-30": -614.096, "2016-06-30": 274.844, "2016-03-31": "361.20600", "2015-12-31": 798.832, "2015-09-30": -375.087, "2015-06-30": 122.812, "2015-03-31": "302.11700", "2014-12-31": 214.497, "2014-09-30": 209.873, "2014-06-30": 159.174, "2014-03-31": "128.42100", "2013-12-31": 61.632, "2013-09-30": 210.356, "2013-06-30": 326.854, "2013-03-31": "426.74200", "2012-12-31": 438.982, "2012-09-30": 459.754, "2012-06-30": 311.472, "2012-03-31": "289.65500", "2011-12-31": 299.36, "2011-09-30": 204.416, "2011-06-30": 127.87, "2011-03-31": "176.00900", "2010-12-31": 208.657, "2010-09-30": 157.175, "2010-06-30": 138.483, "2010-03-31": "164.86400", "2009-12-31": 79.588, "2009-09-30": 75.48, "2009-06-30": 58.829, "2009-03-31": "42.10200", "2008-12-31": 30.778, "2008-09-30": 14.81, "2008-06-30": 28.2, "2008-03-31": "32.93900", "2007-12-31": 5.502, "2007-09-30": 18.076, "2007-06-30": 16.235, "2007-03-31": "15.72500", "2006-12-31": 16.631, "2006-09-30": 15.501, "2006-06-30": 18.264, "2006-03-31": "15.99800", "2005-12-31": 32.062, "2005-09-30": 43.916, "2005-06-30": 42.78, "2005-03-31": "36.12200"}, "Other Non-Cash Items": {"2020-09-30": -336.5258, "2020-06-30": -441.5391, "2020-03-31": "967.30200", "2019-12-31": -1973.7323, "2019-09-30": -203.4557, "2019-06-30": 412.221, "2019-03-31": "-77.80900", "2018-12-31": 1255.032, "2018-09-30": -203.2909, "2018-06-30": 373.37, "2018-03-31": "52.61190", "2017-12-31": 228.288, "2017-09-30": 435.631, "2017-06-30": 177.412, "2017-03-31": "-970.49600", "2016-12-31": -1794.193, "2016-09-30": -1167.87, "2016-06-30": 1889.8305, "2016-03-31": "402.65650", "2015-12-31": -661.848, "2015-09-30": -3321.6776, "2015-06-30": 4693.4786, "2015-03-31": "-4872.25400", "2014-12-31": 1771.777, "2014-09-30": -1676.009, "2014-06-30": 1805.95, "2014-03-31": "5046.15000", "2013-12-31": -8217.67, "2013-09-30": 659.76, "2013-06-30": -6829.192, "2013-03-31": "-4727.74800", "2012-12-31": -555.7052, "2012-09-30": 494.9842, "2012-06-30": 1039.208, "2012-03-31": "-2132.72100", "2011-12-31": -509.017, "2011-09-30": 1684.3247, "2011-06-30": 1218.636, "2011-03-31": "-557.01670", "2010-12-31": -1118.8028, "2010-09-30": -63.1063, "2010-06-30": 777.4891, "2010-03-31": "33.38800", "2009-12-31": -623.287, "2009-09-30": 3.29, "2009-06-30": -278.95, "2009-03-31": "-39.68900", "2008-12-31": 766.591, "2008-09-30": 36.74, "2008-06-30": -2.313, "2008-03-31": "-9.15300", "2007-12-31": 4.783, "2007-09-30": -12.404, "2007-06-30": -4.572, "2007-03-31": "-7.07100", "2006-12-31": -1.073, "2006-09-30": -7.831, "2006-06-30": 23.017, "2006-03-31": "35.05200", "2005-12-31": 148.063, "2005-09-30": -0.647, "2005-06-30": -11.708, "2005-03-31": "-1.83000"}, "Total Non-Cash Items": {"2020-09-30": -78.676, "2020-06-30": -171.789, "2020-03-31": "1590.90500", "2019-12-31": 65.237, "2019-09-30": 177.5469, "2019-06-30": 737.5501, "2019-03-31": "171.78600", "2018-12-31": 1617.002, "2018-09-30": 323.2831, "2018-06-30": 286.869, "2018-03-31": "151.81790", "2017-12-31": -297.3129, "2017-09-30": 660.4639, "2017-06-30": 434.142, "2017-03-31": "-761.56000", "2016-12-31": -965.134, "2016-09-30": -1781.966, "2016-06-30": 2164.6745, "2016-03-31": "763.86250", "2015-12-31": 136.984, "2015-09-30": -3696.7653, "2015-06-30": 4816.2923, "2015-03-31": "-4570.13800", "2014-12-31": 1986.274, "2014-09-30": -1466.136, "2014-06-30": 1965.124, "2014-03-31": "5174.57100", "2013-12-31": -8156.028, "2013-09-30": 870.118, "2013-06-30": -6502.344, "2013-03-31": "-4301.00600", "2012-12-31": -116.7236, "2012-09-30": 954.7383, "2012-06-30": 1350.6801, "2012-03-31": "-1843.06600", "2011-12-31": -209.657, "2011-09-30": 1888.7406, "2011-06-30": 1346.5061, "2011-03-31": "-381.00770", "2010-12-31": -910.146, "2010-09-30": 94.069, "2010-06-30": 915.972, "2010-03-31": "198.25200", "2009-12-31": -543.699, "2009-09-30": 78.77, "2009-06-30": -220.121, "2009-03-31": "2.41300", "2008-12-31": 797.369, "2008-09-30": 51.55, "2008-06-30": 25.887, "2008-03-31": "23.78600", "2007-12-31": 10.285, "2007-09-30": 5.672, "2007-06-30": 11.663, "2007-03-31": "8.65400", "2006-12-31": 15.558, "2006-09-30": 7.67, "2006-06-30": 41.281, "2006-03-31": "51.05000", "2005-12-31": 180.125, "2005-09-30": 43.269, "2005-06-30": 31.072, "2005-03-31": "34.29200"}, "Change In Accounts Receivable": {"2020-09-30": 142.901, "2020-06-30": -110.077, "2020-03-31": "115.34100", "2019-12-31": 7.008, "2019-09-30": -72.29, "2019-06-30": 8.822, "2019-03-31": "-29.49100", "2018-12-31": 116.086, "2018-09-30": -72.779, "2018-06-30": -59.907, "2018-03-31": "-2.96300", "2017-12-31": 367.833, "2017-09-30": -536.338, "2017-06-30": -31.881, "2017-03-31": "148.18400", "2016-12-31": -154.789, "2016-09-30": 64.874, "2016-06-30": 119.174, "2016-03-31": "-1.54700", "2015-12-31": -777.414, "2015-09-30": 6.16, "2015-06-30": 17.011, "2015-03-31": "28.88600", "2014-12-31": 5.979, "2014-09-30": -1.943, "2014-06-30": -522.887, "2014-03-31": "-2030.19400", "2013-12-31": -749.4347, "2013-09-30": 1060.0971, "2013-06-30": 5.5213, "2013-03-31": "544.36160", "2012-12-31": 570.1401, "2012-09-30": 131.0504, "2012-06-30": 234.6961, "2012-03-31": "61.37910", "2011-12-31": -103.7296, "2011-09-30": 437.5827, "2011-06-30": 95.505, "2011-03-31": "93.34000", "2010-12-31": -36.313, "2010-09-30": -13.1819, "2010-06-30": 178.0879, "2010-03-31": "33.06600", "2009-12-31": 41.025, "2009-09-30": -25.356, "2009-06-30": -13.661, "2009-03-31": "-8.52500", "2008-12-31": 21.256, "2008-09-30": 2.689, "2008-06-30": -17.041, "2008-03-31": "-15.30900", "2007-12-31": -34.878, "2007-09-30": -37.982, "2007-06-30": -17.9, "2007-03-31": "-32.56200", "2006-12-31": -16.367, "2006-09-30": -20.236, "2006-06-30": -35, "2006-03-31": "-4.62100", "2005-12-31": 13.479, "2005-09-30": 4.032, "2005-06-30": -7.411, "2005-03-31": "0.45500"}, "Change In Inventories": {"2020-09-30": 0, "2020-06-30": 0, "2020-03-31": "", "2019-12-31": 0, "2019-09-30": 0, "2019-06-30": 0, "2019-03-31": "", "2018-12-31": 0, "2018-09-30": 0, "2018-06-30": 0, "2018-03-31": "", "2017-12-31": 0, "2017-09-30": 0, "2017-06-30": 0, "2017-03-31": "", "2016-12-31": 0, "2016-09-30": 0, "2016-06-30": 0, "2016-03-31": "", "2015-12-31": -29.623, "2015-09-30": 0, "2015-06-30": 0, "2015-03-31": "", "2014-12-31": 0, "2014-09-30": 0, "2014-06-30": 0, "2014-03-31": "-761.17210", "2013-12-31": 1022.6701, "2013-09-30": -267.4481, "2013-06-30": 753.2812, "2013-03-31": "-473.48120", "2012-12-31": 346.8301, "2012-09-30": -321.8291, "2012-06-30": -2465.2549, "2012-03-31": "1722.18000", "2011-12-31": 356.09, "2011-09-30": 413.4411, "2011-06-30": -16.6277, "2011-03-31": "-75.40170", "2010-12-31": -129.0368, "2010-09-30": -1.098, "2010-06-30": -59.91, "2010-03-31": "", "2009-12-31": 0, "2009-09-30": 0, "2009-06-30": 0, "2009-03-31": "", "2008-12-31": 0.002, "2008-09-30": -1.837, "2008-06-30": -15.094, "2008-03-31": "-0.00100", "2007-12-31": 9.633, "2007-09-30": -5.319, "2007-06-30": -9.403, "2007-03-31": "-7.80000", "2006-12-31": -39.181, "2006-09-30": 6.523, "2006-06-30": 0, "2006-03-31": "", "2005-12-31": 0, "2005-09-30": 0, "2005-06-30": 0, "2005-03-31": ""}, "Change In Accounts Payable": {"2020-09-30": -25.605, "2020-06-30": -80.362, "2020-03-31": "-215.03000", "2019-12-31": -89.462, "2019-09-30": -125.53, "2019-06-30": 266.936, "2019-03-31": "-146.53700", "2018-12-31": 171.324, "2018-09-30": -101.055, "2018-06-30": 193.743, "2018-03-31": "31.62800", "2017-12-31": 21.179, "2017-09-30": 134.709, "2017-06-30": -69.581, "2017-03-31": "3.47000", "2016-12-31": 13.77, "2016-09-30": -39.356, "2016-06-30": -6.747, "2016-03-31": "38.67000", "2015-12-31": -9.1, "2015-09-30": 17.375, "2015-06-30": -13.189, "2015-03-31": "-21.71600", "2014-12-31": -1.815, "2014-09-30": 29.446, "2014-06-30": -30.588, "2014-03-31": "38.83300", "2013-12-31": -21.763, "2013-09-30": -36.547, "2013-06-30": 21.141, "2013-03-31": "15.10300", "2012-12-31": -67.228, "2012-09-30": -5.084, "2012-06-30": 82.637, "2012-03-31": "40.84700", "2011-12-31": -57.02, "2011-09-30": 1.56, "2011-06-30": 9.46, "2011-03-31": "67.50100", "2010-12-31": -40.501, "2010-09-30": 32.007, "2010-06-30": -25.455, "2010-03-31": "59.17100", "2009-12-31": -6.609, "2009-09-30": -36.703, "2009-06-30": 6.35, "2009-03-31": "-71.93800", "2008-12-31": 2.757, "2008-09-30": 13.746, "2008-06-30": -17.96, "2008-03-31": "-85.03300", "2007-12-31": 109.146, "2007-09-30": 44.006, "2007-06-30": 25.094, "2007-03-31": "-4.63600", "2006-12-31": 12.921, "2006-09-30": 30.836, "2006-06-30": 2.503, "2006-03-31": "9.74400", "2005-12-31": -6.683, "2005-09-30": 6.585, "2005-06-30": -1.662, "2005-03-31": "-5.96700"}, "Change In Assets/Liabilities": {"2020-09-30": -53.699, "2020-06-30": 188.964, "2020-03-31": "125.71100", "2019-12-31": 3.311, "2019-09-30": 58.139, "2019-06-30": 19.112, "2019-03-31": "-88.60400", "2018-12-31": -50.679, "2018-09-30": 198.229, "2018-06-30": -59.458, "2018-03-31": "-175.27100", "2017-12-31": 20.302, "2017-09-30": 34.666, "2017-06-30": -12.15, "2017-03-31": "-52.90300", "2016-12-31": 5.391, "2016-09-30": -7.142, "2016-06-30": 0.736, "2016-03-31": "-66.39400", "2015-12-31": 8.977, "2015-09-30": 5242.961, "2015-06-30": -5263.382, "2015-03-31": "-2.49300", "2014-12-31": -2.678, "2014-09-30": 5.443, "2014-06-30": 500.737, "2014-03-31": "2081.76800", "2013-12-31": 875.2777, "2013-09-30": -1007.7507, "2013-06-30": 263.2116, "2013-03-31": "-537.41090", "2012-12-31": -1080.843, "2012-09-30": 2614.416, "2012-06-30": -417.332, "2012-03-31": "4111.29300", "2011-12-31": -2058.8451, "2011-09-30": -151.7373, "2011-06-30": -4132.0536, "2011-03-31": "4551.96200", "2010-12-31": 4042.728, "2010-09-30": 431.339, "2010-06-30": 3577.307, "2010-03-31": "1249.46300", "2009-12-31": 2053.973, "2009-09-30": 4173.473, "2009-06-30": 2541.002, "2009-03-31": "885.84200", "2008-12-31": -46.863, "2008-09-30": 8.82, "2008-06-30": 5.56, "2008-03-31": "9.06100", "2007-12-31": -2.394, "2007-09-30": 1.768, "2007-06-30": 2.362, "2007-03-31": "17.06900", "2006-12-31": 55.363, "2006-09-30": -1.143, "2006-06-30": 1.384, "2006-03-31": "-0.45000", "2005-12-31": 0.119, "2005-09-30": -0.099, "2005-06-30": -1.005, "2005-03-31": "-0.57800"}, "Total Change In Assets/Liabilities": {"2020-09-30": 63.597, "2020-06-30": -1.475, "2020-03-31": "26.02200", "2019-12-31": -79.143, "2019-09-30": -139.681, "2019-06-30": 294.87, "2019-03-31": "-264.63200", "2018-12-31": 236.731, "2018-09-30": 24.395, "2018-06-30": 74.378, "2018-03-31": "-146.60600", "2017-12-31": 453.25, "2017-09-30": -410.899, "2017-06-30": -113.612, "2017-03-31": "98.75100", "2016-12-31": -135.628, "2016-09-30": 18.376, "2016-06-30": 113.163, "2016-03-31": "-29.27100", "2015-12-31": -807.16, "2015-09-30": 5266.496, "2015-06-30": -5259.56, "2015-03-31": "4.67700", "2014-12-31": 1.4856, "2014-09-30": 32.9466, "2014-06-30": -52.7393, "2014-03-31": "-670.76440", "2013-12-31": 1126.7499, "2013-09-30": -251.6484, "2013-06-30": 1043.1551, "2013-03-31": "-451.42760", "2012-12-31": -231.101, "2012-09-30": 2418.554, "2012-06-30": -2565.254, "2012-03-31": "5935.69900", "2011-12-31": -1863.5041, "2011-09-30": 700.8459, "2011-06-30": -4043.7169, "2011-03-31": "4637.40200", "2010-12-31": 3836.877, "2010-09-30": 449.066, "2010-06-30": 3670.03, "2010-03-31": "1341.70000", "2009-12-31": 2058.78, "2009-09-30": 4141.023, "2009-06-30": 2533.691, "2009-03-31": "805.37900", "2008-12-31": -12.545, "2008-09-30": 13.178, "2008-06-30": -28.033, "2008-03-31": "-107.84700", "2007-12-31": 92.958, "2007-09-30": 13.19, "2007-06-30": 6.731, "2007-03-31": "-38.80300", "2006-12-31": 22.714, "2006-09-30": 15.98, "2006-06-30": -25.513, "2006-03-31": "-0.92700", "2005-12-31": 7.668, "2005-09-30": 10.518, "2005-06-30": -10.078, "2005-03-31": "-6.09000"}, "Cash Flow From Operating Activities": {"2020-09-30": 1000.469, "2020-06-30": 682.97, "2020-03-31": "-2023.26200", "2019-12-31": 1195.836, "2019-09-30": -709.303, "2019-06-30": -743.993, "2019-03-31": "-942.09700", "2018-12-31": -401.139, "2018-09-30": 733.107, "2018-06-30": 957.134, "2018-03-31": "1332.91600", "2017-12-31": 902.708, "2017-09-30": 616.88, "2017-06-30": 335.052, "2017-03-31": "-222.40100", "2016-12-31": 747.724, "2016-09-30": -1032.713, "2016-06-30": 1999.345, "2016-03-31": "-133.49300", "2015-12-31": -0.459, "2015-09-30": 942.196, "2015-06-30": 456.816, "2015-03-31": "-5041.97200", "2014-12-31": 1329.484, "2014-09-30": -1078.33, "2014-06-30": 1576.845, "2014-03-31": "4300.46900", "2013-12-31": -6000.478, "2013-09-30": 810.868, "2013-06-30": -3820.856, "2013-03-31": "-3882.25400", "2012-12-31": 352.762, "2012-09-30": 3597.992, "2012-06-30": -1305.682, "2012-03-31": "4994.43500", "2011-12-31": -1627.579, "2011-09-30": 1667.753, "2011-06-30": -2576.394, "2011-03-31": "4956.28300", "2010-12-31": 4145.247, "2010-09-30": 529.058, "2010-06-30": 4367.781, "2010-03-31": "1821.02400", "2009-12-31": 2244.412, "2009-09-30": 4504.989, "2009-06-30": 2910.624, "2009-03-31": "1157.68500", "2008-12-31": 277.845, "2008-09-30": 366.859, "2008-06-30": 305.846, "2008-03-31": "159.03300", "2007-12-31": 256.825, "2007-09-30": 127.149, "2007-06-30": 104.127, "2007-03-31": "37.28300", "2006-12-31": 91.609, "2006-09-30": 66.5, "2006-06-30": 24.346, "2006-03-31": "39.17400", "2005-12-31": 51.034, "2005-09-30": 74.973, "2005-06-30": 67.987, "2005-03-31": "87.53500"}, "Net Change In Property, Plant, And Equipment": {"2020-09-30": 0, "2020-06-30": 0, "2020-03-31": "", "2019-12-31": 18.294, "2019-09-30": 6.661, "2019-06-30": 0, "2019-03-31": "", "2018-12-31": 0, "2018-09-30": 0, "2018-06-30": 0, "2018-03-31": "", "2017-12-31": 0, "2017-09-30": 0, "2017-06-30": 0, "2017-03-31": "", "2016-12-31": 0, "2016-09-30": 0, "2016-06-30": 0, "2016-03-31": "", "2015-12-31": 0, "2015-09-30": 0, "2015-06-30": 0, "2015-03-31": "", "2014-12-31": 0, "2014-09-30": 0, "2014-06-30": 0, "2014-03-31": "", "2013-12-31": 0, "2013-09-30": 0, "2013-06-30": 0, "2013-03-31": "", "2012-12-31": 0, "2012-09-30": 0, "2012-06-30": 0, "2012-03-31": "", "2011-12-31": 0, "2011-09-30": 0, "2011-06-30": 0, "2011-03-31": "", "2010-12-31": 0, "2010-09-30": 0, "2010-06-30": 0, "2010-03-31": "", "2009-12-31": 0, "2009-09-30": 0, "2009-06-30": 0, "2009-03-31": "", "2008-12-31": 0, "2008-09-30": 0, "2008-06-30": 0, "2008-03-31": "", "2007-12-31": 0, "2007-09-30": 0, "2007-06-30": 0, "2007-03-31": "", "2006-12-31": 0, "2006-09-30": 0, "2006-06-30": 0, "2006-03-31": "", "2005-12-31": 0, "2005-09-30": 0, "2005-06-30": 0, "2005-03-31": ""}, "Net Change In Intangible Assets": {"2020-09-30": -24970.24, "2020-06-30": 0, "2020-03-31": "", "2019-12-31": 51502.67, "2019-09-30": -51502.67, "2019-06-30": 0, "2019-03-31": "", "2018-12-31": 0, "2018-09-30": 0, "2018-06-30": 0, "2018-03-31": "", "2017-12-31": 0, "2017-09-30": 10, "2017-06-30": -2.79, "2017-03-31": "-7.21000", "2016-12-31": 127.489, "2016-09-30": -127.489, "2016-06-30": 0, "2016-03-31": "", "2015-12-31": 0, "2015-09-30": 0, "2015-06-30": 0, "2015-03-31": "", "2014-12-31": 0, "2014-09-30": 0, "2014-06-30": 0, "2014-03-31": "", "2013-12-31": 0, "2013-09-30": 0, "2013-06-30": 0, "2013-03-31": "", "2012-12-31": 0, "2012-09-30": 0, "2012-06-30": 0, "2012-03-31": "", "2011-12-31": 0, "2011-09-30": 0, "2011-06-30": 0, "2011-03-31": "", "2010-12-31": 0, "2010-09-30": 0, "2010-06-30": 0, "2010-03-31": "", "2009-12-31": 0, "2009-09-30": 0, "2009-06-30": 0, "2009-03-31": "", "2008-12-31": 0, "2008-09-30": 0, "2008-06-30": 0, "2008-03-31": "", "2007-12-31": 0, "2007-09-30": 0, "2007-06-30": 0, "2007-03-31": "", "2006-12-31": 0, "2006-09-30": 0, "2006-06-30": 0, "2006-03-31": "", "2005-12-31": 0, "2005-09-30": 0, "2005-06-30": 0, "2005-03-31": ""}, "Net Acquisitions/Divestitures": {"2020-09-30": -2.746, "2020-06-30": 3.793, "2020-03-31": "", "2019-12-31": 0, "2019-09-30": 0, "2019-06-30": 0, "2019-03-31": "", "2018-12-31": -258.334, "2018-09-30": 0, "2018-06-30": 0, "2018-03-31": "", "2017-12-31": 5.451, "2017-09-30": 0, "2017-06-30": 0, "2017-03-31": "", "2016-12-31": 0.001, "2016-09-30": 41.697, "2016-06-30": 0, "2016-03-31": "", "2015-12-31": 0, "2015-09-30": 0, "2015-06-30": 0, "2015-03-31": "", "2014-12-31": 0, "2014-09-30": 0, "2014-06-30": 0, "2014-03-31": "", "2013-12-31": 0, "2013-09-30": -0.465, "2013-06-30": -724.424, "2013-03-31": "", "2012-12-31": 0, "2012-09-30": 0, "2012-06-30": 0, "2012-03-31": "", "2011-12-31": 0, "2011-09-30": 0, "2011-06-30": 0, "2011-03-31": "", "2010-12-31": 0, "2010-09-30": 0, "2010-06-30": 0, "2010-03-31": "", "2009-12-31": 0, "2009-09-30": 0, "2009-06-30": 0, "2009-03-31": "", "2008-12-31": 0, "2008-09-30": 0, "2008-06-30": 0, "2008-03-31": "", "2007-12-31": 0, "2007-09-30": 0, "2007-06-30": 0, "2007-03-31": "", "2006-12-31": 0, "2006-09-30": 0, "2006-06-30": 0, "2006-03-31": "", "2005-12-31": 0, "2005-09-30": 0, "2005-06-30": 0, "2005-03-31": ""}, "Net Change In Short-term Investments": {"2020-09-30": 0, "2020-06-30": 0, "2020-03-31": "0.00000", "2019-12-31": -0.0065, "2019-09-30": 0.0034, "2019-06-30": 523.4482, "2019-03-31": "126.59120", "2018-12-31": 584.6599, "2018-09-30": -36.6886, "2018-06-30": -59.3026, "2018-03-31": "-200.45830", "2017-12-31": -24427.5016, "2017-09-30": 24427.5, "2017-06-30": 0, "2017-03-31": "0.00000", "2016-12-31": 13628.52, "2016-09-30": -13628.52, "2016-06-30": 4644.731, "2016-03-31": "-4644.73100", "2015-12-31": -8908.067, "2015-09-30": 8908.067, "2015-06-30": 0, "2015-03-31": "", "2014-12-31": -3603.1, "2014-09-30": -12369.04, "2014-06-30": 0, "2014-03-31": "", "2013-12-31": 0, "2013-09-30": 0, "2013-06-30": 0, "2013-03-31": "", "2012-12-31": 0, "2012-09-30": 0, "2012-06-30": 0, "2012-03-31": "", "2011-12-31": 0, "2011-09-30": 0, "2011-06-30": 0, "2011-03-31": "", "2010-12-31": 0, "2010-09-30": 0, "2010-06-30": 0, "2010-03-31": "259.00400", "2009-12-31": -105.9283, "2009-09-30": -29.5932, "2009-06-30": 328.997, "2009-03-31": "109.63900", "2008-12-31": 57.538, "2008-09-30": -569.693, "2008-06-30": 750.036, "2008-03-31": "-800.00000", "2007-12-31": 0, "2007-09-30": 0, "2007-06-30": 0, "2007-03-31": "", "2006-12-31": 0, "2006-09-30": 0, "2006-06-30": 0, "2006-03-31": "", "2005-12-31": 0, "2005-09-30": 0, "2005-06-30": 0, "2005-03-31": ""}, "Net Change In Long-Term Investments": {"2020-09-30": 28303.3, "2020-06-30": 2356.46, "2020-03-31": "34504.63000", "2019-12-31": -52398.27, "2019-09-30": 57011.55, "2019-06-30": -17710.667, "2019-03-31": "-8222.43300", "2018-12-31": -9451.2324, "2018-09-30": 7157.109, "2018-06-30": 2077.895, "2018-03-31": "-748.29600", "2017-12-31": 14510.24, "2017-09-30": -31907.525, "2017-06-30": -169.54, "2017-03-31": "2887.42500", "2016-12-31": -17915.297, "2016-09-30": 14313.79, "2016-06-30": -2560.439, "2016-03-31": "4053.47900", "2015-12-31": 9854.494, "2015-09-30": -7338.524, "2015-06-30": 2258.085, "2015-03-31": "9945.52500", "2014-12-31": 2229.5, "2014-09-30": 12761.229, "2014-06-30": -5222.027, "2014-03-31": "-1599.43700", "2013-12-31": 5882.76, "2013-09-30": 12634.96, "2013-06-30": 12604.287, "2013-03-31": "7143.64300", "2012-12-31": -3265.05, "2012-09-30": -3320.14, "2012-06-30": -4305.485, "2012-03-31": "-7799.34500", "2011-12-31": -55.45, "2011-09-30": -8126.57, "2011-06-30": 167.19, "2011-03-31": "-17115.27000", "2010-12-31": -4359.156, "2010-09-30": -5458.863, "2010-06-30": -3442.1132, "2010-03-31": "-830.50780", "2009-12-31": 1344.031, "2009-09-30": -4251.335, "2009-06-30": -2476.732, "2009-03-31": "-2257.08700", "2008-12-31": 4192.387, "2008-09-30": 865.811, "2008-06-30": -2511.091, "2008-03-31": "-4256.68900", "2007-12-31": -7086.25, "2007-09-30": -5925.501, "2007-06-30": -1892.114, "2007-03-31": "-6560.07500", "2006-12-31": -2652.75, "2006-09-30": -4158.413, "2006-06-30": -7148.957, "2006-03-31": "-1079.28000", "2005-12-31": 3433.7536, "2005-09-30": 167.0503, "2005-06-30": 155.1111, "2005-03-31": "-757.69800"}, "Net Change In Investments - Total": {"2020-09-30": 28303.3, "2020-06-30": 2356.46, "2020-03-31": "34504.63000", "2019-12-31": -52398.27, "2019-09-30": 57011.55, "2019-06-30": -17187.219, "2019-03-31": "-8095.84100", "2018-12-31": -8866.572, "2018-09-30": 7120.42, "2018-06-30": 2018.5923, "2018-03-31": "-948.75430", "2017-12-31": -9917.259, "2017-09-30": -7480.026, "2017-06-30": -169.54, "2017-03-31": "2887.42500", "2016-12-31": -4286.781, "2016-09-30": 685.274, "2016-06-30": 2084.292, "2016-03-31": "-591.25200", "2015-12-31": 946.43, "2015-09-30": 1569.54, "2015-06-30": 2258.085, "2015-03-31": "9945.52500", "2014-12-31": -1373.601, "2014-09-30": 392.189, "2014-06-30": -5222.027, "2014-03-31": "-1599.43700", "2013-12-31": 5882.76, "2013-09-30": 12634.96, "2013-06-30": 12604.287, "2013-03-31": "7143.64300", "2012-12-31": -3265.05, "2012-09-30": -3320.14, "2012-06-30": -4305.485, "2012-03-31": "-7799.34500", "2011-12-31": -55.45, "2011-09-30": -8126.57, "2011-06-30": 167.19, "2011-03-31": "-17115.27000", "2010-12-31": -4359.16, "2010-09-30": -5458.863, "2010-06-30": -3442.1132, "2010-03-31": "-571.50380", "2009-12-31": 1238.103, "2009-09-30": -4280.927, "2009-06-30": -2147.736, "2009-03-31": "-2147.44800", "2008-12-31": 4249.925, "2008-09-30": 296.118, "2008-06-30": -1761.055, "2008-03-31": "-5056.68900", "2007-12-31": -7086.25, "2007-09-30": -5925.501, "2007-06-30": -1892.114, "2007-03-31": "-6560.07500", "2006-12-31": -2652.75, "2006-09-30": -4158.413, "2006-06-30": -7148.957, "2006-03-31": "-1079.28000", "2005-12-31": 3433.7536, "2005-09-30": 167.0503, "2005-06-30": 155.1111, "2005-03-31": "-757.69800"}, "Investing Activities - Other": {"2020-09-30": -1550.667, "2020-06-30": 1957.474, "2020-03-31": "-400.16600", "2019-12-31": 1.18, "2019-09-30": -2265.218, "2019-06-30": 2075.343, "2019-03-31": "191.85000", "2018-12-31": 8635.957, "2018-09-30": -8613.862, "2018-06-30": 1.32, "2018-03-31": "2.81300", "2017-12-31": 671.638, "2017-09-30": -749.283, "2017-06-30": 430.66, "2017-03-31": "-345.01700", "2016-12-31": -110.07, "2016-09-30": 1549.434, "2016-06-30": -1362.794, "2016-03-31": "-71.95000", "2015-12-31": -2587.394, "2015-09-30": 21.249, "2015-06-30": -8.13, "2015-03-31": "", "2014-12-31": 0, "2014-09-30": 0, "2014-06-30": 0, "2014-03-31": "", "2013-12-31": 0, "2013-09-30": 0, "2013-06-30": 0, "2013-03-31": "7.46500", "2012-12-31": 10.379, "2012-09-30": 0, "2012-06-30": 0, "2012-03-31": "-13.38700", "2011-12-31": 2.447, "2011-09-30": 0, "2011-06-30": -7.035, "2011-03-31": "14.99800", "2010-12-31": -14.113, "2010-09-30": 0, "2010-06-30": 0, "2010-03-31": "", "2009-12-31": 0, "2009-09-30": 0, "2009-06-30": 0, "2009-03-31": "", "2008-12-31": 0, "2008-09-30": 0, "2008-06-30": 0, "2008-03-31": "", "2007-12-31": -2.096, "2007-09-30": 2.029, "2007-06-30": 0, "2007-03-31": "0.06700", "2006-12-31": -8.414, "2006-09-30": 8.414, "2006-06-30": 0, "2006-03-31": "", "2005-12-31": 0, "2005-09-30": 0, "2005-06-30": 0, "2005-03-31": ""}, "Cash Flow From Investing Activities": {"2020-09-30": 1779.66, "2020-06-30": 4317.73, "2020-03-31": "34104.46000", "2019-12-31": -876.12, "2019-09-30": 3250.32, "2019-06-30": -15111.879, "2019-03-31": "-7903.99100", "2018-12-31": -488.945, "2018-09-30": -1493.063, "2018-06-30": 2019.53, "2018-03-31": "-945.94200", "2017-12-31": -9240.168, "2017-09-30": -8219.31, "2017-06-30": 258.33, "2017-03-31": "2535.19800", "2016-12-31": -4269.36, "2016-09-30": 2148.916, "2016-06-30": 721.497, "2016-03-31": "-663.20200", "2015-12-31": -1640.95, "2015-09-30": 1590.79, "2015-06-30": 2249.954, "2015-03-31": "9945.52600", "2014-12-31": -1373.603, "2014-09-30": 392.194, "2014-06-30": -5222.032, "2014-03-31": "-1599.43600", "2013-12-31": 5882.75, "2013-09-30": 12634.5, "2013-06-30": 11879.861, "2013-03-31": "7151.10900", "2012-12-31": -3254.68, "2012-09-30": -3320.14, "2012-06-30": -4305.478, "2012-03-31": "-7812.73200", "2011-12-31": -53, "2011-09-30": -8126.57, "2011-06-30": 160.15, "2011-03-31": "-17100.27000", "2010-12-31": -4373.272, "2010-09-30": -5458.861, "2010-06-30": -3442.113, "2010-03-31": "-571.50400", "2009-12-31": 1238.102, "2009-09-30": -4280.928, "2009-06-30": -2147.735, "2009-03-31": "-2147.44800", "2008-12-31": 4249.924, "2008-09-30": 296.117, "2008-06-30": -1761.055, "2008-03-31": "-5056.68900", "2007-12-31": -7088.34, "2007-09-30": -5923.478, "2007-06-30": -1892.114, "2007-03-31": "-6560.00800", "2006-12-31": -2661.17, "2006-09-30": -4149.993, "2006-06-30": -7148.957, "2006-03-31": "-1079.28000", "2005-12-31": 3433.753, "2005-09-30": 167.051, "2005-06-30": 155.111, "2005-03-31": "-757.69800"}, "Net Long-Term Debt": {"2020-09-30": 649.4149, "2020-06-30": -210.3329, "2020-03-31": "1116.70300", "2019-12-31": 1160.237, "2019-09-30": 121.3671, "2019-06-30": -238.2981, "2019-03-31": "342.58800", "2018-12-31": -464.8579, "2018-09-30": 209.083, "2018-06-30": -170.562, "2018-03-31": "-38.57000", "2017-12-31": -703.746, "2017-09-30": -78.513, "2017-06-30": -783762.327, "2017-03-31": "783506.40000", "2016-12-31": -1889.113, "2016-09-30": 2256.094, "2016-06-30": -1817.288, "2016-03-31": "3028.05700", "2015-12-31": -190.493, "2015-09-30": 2475.621, "2015-06-30": -1866.915, "2015-03-31": "1212.62400", "2014-12-31": 103.933, "2014-09-30": 12.331, "2014-06-30": 11.014, "2014-03-31": "260.70000", "2013-12-31": 0, "2013-09-30": 0, "2013-06-30": 0, "2013-03-31": "", "2012-12-31": -260.256, "2012-09-30": -357.22, "2012-06-30": 727.5, "2012-03-31": "", "2011-12-31": 0, "2011-09-30": 0, "2011-06-30": 0, "2011-03-31": "", "2010-12-31": 0, "2010-09-30": 0, "2010-06-30": 0, "2010-03-31": "582.00000", "2009-12-31": 0, "2009-09-30": 0, "2009-06-30": 0, "2009-03-31": "", "2008-12-31": 0, "2008-09-30": 0, "2008-06-30": 0, "2008-03-31": "", "2007-12-31": 0, "2007-09-30": 0, "2007-06-30": 0, "2007-03-31": "", "2006-12-31": 0, "2006-09-30": 0, "2006-06-30": 0, "2006-03-31": "", "2005-12-31": 0, "2005-09-30": 0, "2005-06-30": 0, "2005-03-31": ""}, "Net Current Debt": {"2020-09-30": -3207.75, "2020-06-30": -5683, "2020-03-31": "-31831.75000", "2019-12-31": -21848.5, "2019-09-30": -2161.5, "2019-06-30": 16610.375, "2019-03-31": "7399.62500", "2018-12-31": 1914.25, "2018-09-30": 98.5, "2018-06-30": -2324.375, "2018-03-31": "311.62500", "2017-12-31": -4043, "2017-09-30": 4043, "2017-06-30": 786209.5, "2017-03-31": "-786209.50000", "2016-12-31": 4419.492, "2016-09-30": -1207.015, "2016-06-30": -2029.758, "2016-03-31": "-1182.71900", "2015-12-31": -68.52, "2015-09-30": -1910.185, "2015-06-30": -3017.828, "2015-03-31": "-5634.54700", "2014-12-31": 801.219, "2014-09-30": 838.5, "2014-06-30": 4327.344, "2014-03-31": "-2284.00000", "2013-12-31": -103.62, "2013-09-30": -12633.99, "2013-06-30": -8772.38, "2013-03-31": "-1431.82000", "2012-12-31": 2272.769, "2012-09-30": 1517.875, "2012-06-30": 5121.274, "2012-03-31": "3311.99200", "2011-12-31": -214.13, "2011-09-30": 7662.81, "2011-06-30": 2505.793, "2011-03-31": "9681.86700", "2010-12-31": 484.1411, "2010-09-30": 4227.0389, "2010-06-30": -1136.633, "2010-03-31": "-2127.23400", "2009-12-31": -3319.703, "2009-09-30": 336.203, "2009-06-30": -168.516, "2009-03-31": "1390.26600", "2008-12-31": -4400.8442, "2008-09-30": -763.921, "2008-06-30": 515.664, "2008-03-31": "5277.44500", "2007-12-31": 5906.44, "2007-09-30": 5046.262, "2007-06-30": 1745.844, "2007-03-31": "5833.98400", "2006-12-31": 2612.59, "2006-09-30": 3644.732, "2006-06-30": 6626.816, "2006-03-31": "1053.58200", "2005-12-31": -3461.9218, "2005-09-30": -213.375, "2005-06-30": -187.0117, "2005-03-31": "730.73050"}, "Debt Issuance/Retirement Net - Total": {"2020-09-30": -2558.33, "2020-06-30": -5893.33, "2020-03-31": "-30715.05000", "2019-12-31": -20688.266, "2019-09-30": -2040.13, "2019-06-30": 16372.077, "2019-03-31": "7742.21300", "2018-12-31": 1449.3921, "2018-09-30": 307.583, "2018-06-30": -2494.937, "2018-03-31": "273.05500", "2017-12-31": -4746.746, "2017-09-30": 3964.487, "2017-06-30": 2447.136, "2017-03-31": "-2703.06300", "2016-12-31": 2530.3794, "2016-09-30": 1049.0786, "2016-06-30": -3847.046, "2016-03-31": "1845.33800", "2015-12-31": -259.009, "2015-09-30": 565.434, "2015-06-30": -4884.743, "2015-03-31": "-4421.92300", "2014-12-31": 905.152, "2014-09-30": 850.831, "2014-06-30": 4338.358, "2014-03-31": "-2023.30000", "2013-12-31": -103.62, "2013-09-30": -12633.99, "2013-06-30": -8772.38, "2013-03-31": "-1431.82000", "2012-12-31": 2012.51, "2012-09-30": 1160.654, "2012-06-30": 5848.774, "2012-03-31": "3311.99200", "2011-12-31": -214.13, "2011-09-30": 7662.81, "2011-06-30": 2505.793, "2011-03-31": "9681.86700", "2010-12-31": 484.141, "2010-09-30": 4227.039, "2010-06-30": -1136.633, "2010-03-31": "-1545.23400", "2009-12-31": -3319.703, "2009-09-30": 336.203, "2009-06-30": -168.516, "2009-03-31": "1390.26600", "2008-12-31": -4400.8442, "2008-09-30": -763.921, "2008-06-30": 515.664, "2008-03-31": "5277.44500", "2007-12-31": 5906.44, "2007-09-30": 5046.262, "2007-06-30": 1745.844, "2007-03-31": "5833.98400", "2006-12-31": 2612.59, "2006-09-30": 3644.732, "2006-06-30": 6626.816, "2006-03-31": "1053.58200", "2005-12-31": -3461.9218, "2005-09-30": -213.375, "2005-06-30": -187.0117, "2005-03-31": "730.73050"}, "Net Common Equity Issued/Repurchased": {"2020-09-30": -30.742, "2020-06-30": -143.259, "2020-03-31": "", "2019-12-31": -68.27, "2019-09-30": -114.158, "2019-06-30": 468.17, "2019-03-31": "1319.70900", "2018-12-31": 0.666, "2018-09-30": 1070.646, "2018-06-30": 48.963, "2018-03-31": "412.08100", "2017-12-31": 844.045, "2017-09-30": 1501.743, "2017-06-30": 0.674, "2017-03-31": "0.59600", "2016-12-31": 103.279, "2016-09-30": 0.619, "2016-06-30": 0.652, "2016-03-31": "-102.18800", "2015-12-31": -113.738, "2015-09-30": -2344.315, "2015-06-30": 2345.47, "2015-03-31": "0.56900", "2014-12-31": 0.585, "2014-09-30": 0.577, "2014-06-30": 0.601, "2014-03-31": "0.60700", "2013-12-31": 0.489, "2013-09-30": 0.735, "2013-06-30": 2.609, "2013-03-31": "-140.12300", "2012-12-31": -252.709, "2012-09-30": 1.787, "2012-06-30": 4.394, "2012-03-31": "1.61100", "2011-12-31": 0.93, "2011-09-30": 2412.187, "2011-06-30": 458.239, "2011-03-31": "2944.99000", "2010-12-31": 163.345, "2010-09-30": 1049.422, "2010-06-30": 1.393, "2010-03-31": "116.57600", "2009-12-31": 4.457, "2009-09-30": 141.51, "2009-06-30": 0.099, "2009-03-31": "0.62300", "2008-12-31": 0.034, "2008-09-30": 23.538, "2008-06-30": 1083.403, "2008-03-31": "1208.85500", "2007-12-31": 1027.962, "2007-09-30": 822.638, "2007-06-30": 95.25, "2007-03-31": "737.66600", "2006-12-31": 6.702, "2006-09-30": 476.722, "2006-06-30": 451.535, "2006-03-31": "0.13600", "2005-12-31": 0, "2005-09-30": 17.116, "2005-06-30": 23.393, "2005-03-31": "0.27600"}, "Net Total Equity Issued/Repurchased": {"2020-09-30": -30.742, "2020-06-30": -143.259, "2020-03-31": "", "2019-12-31": -68.27, "2019-09-30": -289.158, "2019-06-30": 413.17, "2019-03-31": "1319.70900", "2018-12-31": 0.666, "2018-09-30": 1070.646, "2018-06-30": 48.963, "2018-03-31": "-0.41900", "2017-12-31": 844.045, "2017-09-30": 1316.431, "2017-06-30": 0.674, "2017-03-31": "0.59600", "2016-12-31": 110.779, "2016-09-30": -6.881, "2016-06-30": 0.652, "2016-03-31": "-102.18800", "2015-12-31": -113.476, "2015-09-30": -2344.577, "2015-06-30": 2345.47, "2015-03-31": "0.56900", "2014-12-31": 0.585, "2014-09-30": 0.577, "2014-06-30": 0.601, "2014-03-31": "0.60700", "2013-12-31": 0.489, "2013-09-30": 0.735, "2013-06-30": 2.609, "2013-03-31": "-140.12300", "2012-12-31": -252.709, "2012-09-30": 447.244, "2012-06-30": 294.908, "2012-03-31": "1.61100", "2011-12-31": 0.93, "2011-09-30": 2412.187, "2011-06-30": 458.239, "2011-03-31": "2944.99000", "2010-12-31": 163.345, "2010-09-30": 1049.422, "2010-06-30": 1.393, "2010-03-31": "116.57600", "2009-12-31": 4.457, "2009-09-30": 141.51, "2009-06-30": 0.099, "2009-03-31": "0.62300", "2008-12-31": 0.034, "2008-09-30": 23.538, "2008-06-30": 1083.403, "2008-03-31": "1208.85500", "2007-12-31": 1027.962, "2007-09-30": 822.638, "2007-06-30": 95.25, "2007-03-31": "737.66600", "2006-12-31": 6.702, "2006-09-30": 476.717, "2006-06-30": 563.006, "2006-03-31": "0.13600", "2005-12-31": 0, "2005-09-30": 17.116, "2005-06-30": 23.393, "2005-03-31": "0.27600"}, "Total Common And Preferred Stock Dividends Paid": {"2020-09-30": -345.241, "2020-06-30": -393.143, "2020-03-31": "-393.06600", "2019-12-31": -395.025, "2019-09-30": -400.602, "2019-06-30": -466.57, "2019-03-31": "-426.81900", "2018-12-31": -135.497, "2018-09-30": -644.473, "2018-06-30": -379.274, "2018-03-31": "-381.64200", "2017-12-31": -367.098, "2017-09-30": -327.763, "2017-06-30": -329.164, "2017-03-31": "-329.14700", "2016-12-31": -293.253, "2016-09-30": -333.459, "2016-06-30": -295.448, "2016-03-31": "-298.77100", "2015-12-31": -302.34, "2015-09-30": -302.323, "2015-06-30": -302.302, "2015-03-31": "-302.28500", "2014-12-31": -302.27, "2014-09-30": -302.253, "2014-06-30": -302.239, "2014-03-31": "-302.22200", "2013-12-31": -349.549, "2013-09-30": -414.88, "2013-06-30": -426.173, "2013-03-31": "-450.14600", "2012-12-31": -506.954, "2012-09-30": -545.265, "2012-06-30": -540.909, "2012-03-31": "-556.74400", "2011-12-31": -585.9, "2011-09-30": -544.141, "2011-06-30": -502.961, "2011-03-31": "-408.48700", "2010-12-31": -426.311, "2010-09-30": -385.151, "2010-06-30": -368.406, "2010-03-31": "-419.47100", "2009-12-31": -386.036, "2009-09-30": -331.232, "2009-06-30": -276.79, "2009-03-31": "-275.36200", "2008-12-31": -301.39, "2008-09-30": -301.532, "2008-06-30": -230.155, "2008-03-31": "-141.99100", "2007-12-31": -91.307, "2007-09-30": -70.025, "2007-06-30": -57.95, "2007-03-31": "-44.38900", "2006-12-31": -35.777, "2006-09-30": -24.971, "2006-06-30": -18.769, "2006-03-31": "-16.01700", "2005-12-31": -19.727, "2005-09-30": -47.768, "2005-06-30": -58.223, "2005-03-31": "-64.28000"}, "Financial Activities - Other": {"2020-09-30": 0.288, "2020-06-30": -0.553, "2020-03-31": "-0.28800", "2019-12-31": 20889.212, "2019-09-30": 0.081, "2019-06-30": -3.161, "2019-03-31": "-2.14200", "2018-12-31": 228.761, "2018-09-30": -26.499, "2018-06-30": -0.373, "2018-03-31": "-0.33300", "2017-12-31": 12445.856, "2017-09-30": 2816.502, "2017-06-30": -2830.749, "2017-03-31": "-1.52900", "2016-12-31": 331.38, "2016-09-30": -2177.996, "2016-06-30": 1740.112, "2016-03-31": "-0.80600", "2015-12-31": 1848.066, "2015-09-30": 0.743, "2015-06-30": -0.366, "2015-03-31": "-0.83200", "2014-12-31": 3.29, "2014-09-30": -5.068, "2014-06-30": 4.933, "2014-03-31": "-4.36000", "2013-12-31": -0.068, "2013-09-30": -0.065, "2013-06-30": -0.067, "2013-03-31": "", "2012-12-31": 0, "2012-09-30": 0, "2012-06-30": 0, "2012-03-31": "", "2011-12-31": 0, "2011-09-30": 0, "2011-06-30": 0, "2011-03-31": "", "2010-12-31": 0, "2010-09-30": 0, "2010-06-30": 0, "2010-03-31": "", "2009-12-31": 0, "2009-09-30": 0, "2009-06-30": 0, "2009-03-31": "", "2008-12-31": -0.001, "2008-09-30": 0.009, "2008-06-30": -0.0055, "2008-03-31": "-1.57650", "2007-12-31": 2.3517, "2007-09-30": -4.298, "2007-06-30": 0.0032, "2007-03-31": "0.28910", "2006-12-31": 10.9839, "2006-09-30": 0.0156, "2006-06-30": 5.0005, "2006-03-31": "", "2005-12-31": -0.0156, "2005-09-30": 0.0156, "2005-06-30": 0, "2005-03-31": ""}, "Cash Flow From Financial Activities": {"2020-09-30": -2934.06, "2020-06-30": -6430.3, "2020-03-31": "-31108.41000", "2019-12-31": -262.9, "2019-09-30": -2729.41, "2019-06-30": 16315.576, "2019-03-31": "8632.94400", "2018-12-31": 1543.086, "2018-09-30": 707.374, "2018-06-30": -2825.61, "2018-03-31": "-109.28800", "2017-12-31": 8176.205, "2017-09-30": 7769.578, "2017-06-30": -712.111, "2017-03-31": "-3033.12200", "2016-12-31": 2679.194, "2016-09-30": -1469.265, "2016-06-30": -2401.728, "2016-03-31": "1443.57300", "2015-12-31": 1173.253, "2015-09-30": -2080.724, "2015-06-30": -2841.939, "2015-03-31": "-4724.47200", "2014-12-31": 606.742, "2014-09-30": 544.091, "2014-06-30": 4041.656, "2014-03-31": "-2329.27200", "2013-12-31": -452.56, "2013-09-30": -13048.18, "2013-06-30": -9196.016, "2013-03-31": "-2022.09400", "2012-12-31": 1252.845, "2012-09-30": 1062.63, "2012-06-30": 5602.775, "2012-03-31": "2756.86000", "2011-12-31": -799.09, "2011-09-30": 9530.84, "2011-06-30": 2461.08, "2011-03-31": "12218.37000", "2010-12-31": 221.168, "2010-09-30": 4891.31, "2010-06-30": -1503.644, "2010-03-31": "-1848.13300", "2009-12-31": -3701.288, "2009-09-30": 146.482, "2009-06-30": -445.209, "2009-03-31": "1115.52800", "2008-12-31": -4702.23, "2008-09-30": -1041.899, "2008-06-30": 1368.905, "2008-03-31": "6342.73700", "2007-12-31": 6845.44, "2007-09-30": 5794.579, "2007-06-30": 1783.158, "2007-03-31": "6527.55300", "2006-12-31": 2594.49, "2006-09-30": 4096.492, "2006-06-30": 7176.057, "2006-03-31": "1037.70100", "2005-12-31": -3481.663, "2005-09-30": -244.009, "2005-06-30": -221.846, "2005-03-31": "666.72700"}, "Net Cash Flow": {"2020-09-30": -153.928, "2020-06-30": -1429.611, "2020-03-31": "972.79200", "2019-12-31": 56.808, "2019-09-30": -188.39, "2019-06-30": 459.706, "2019-03-31": "-213.14400", "2018-12-31": 653.002, "2018-09-30": -52.582, "2018-06-30": 151.054, "2018-03-31": "277.68600", "2017-12-31": -161.251, "2017-09-30": 167.148, "2017-06-30": -118.729, "2017-03-31": "-720.32500", "2016-12-31": -842.442, "2016-09-30": -353.062, "2016-06-30": 319.114, "2016-03-31": "646.87800", "2015-12-31": -468.165, "2015-09-30": 452.265, "2015-06-30": -135.168, "2015-03-31": "179.08200", "2014-12-31": 562.623, "2014-09-30": -142.045, "2014-06-30": 396.469, "2014-03-31": "371.76100", "2013-12-31": -570.286, "2013-09-30": 397.185, "2013-06-30": -1137.013, "2013-03-31": "1246.76100", "2012-12-31": -1649.065, "2012-09-30": 1340.48, "2012-06-30": -8.387, "2012-03-31": "-61.43700", "2011-12-31": -2479.668, "2011-09-30": 3072.022, "2011-06-30": 44.832, "2011-03-31": "74.38600", "2010-12-31": -6.86, "2010-09-30": -38.493, "2010-06-30": -577.976, "2010-03-31": "-598.61300", "2009-12-31": -218.773, "2009-09-30": 370.543, "2009-06-30": 317.68, "2009-03-31": "125.76500", "2008-12-31": -174.461, "2008-09-30": -378.923, "2008-06-30": -86.304, "2008-03-31": "1445.08100", "2007-12-31": 13.932, "2007-09-30": -1.753, "2007-06-30": -4.829, "2007-03-31": "4.82800", "2006-12-31": 24.938, "2006-09-30": 12.995, "2006-06-30": 51.446, "2006-03-31": "-2.40500", "2005-12-31": 3.124, "2005-09-30": -1.985, "2005-06-30": 1.252, "2005-03-31": "-3.43600"}, "Stock-Based Compensation": {"2020-09-30": 0, "2020-06-30": 0, "2020-03-31": "", "2019-12-31": 0, "2019-09-30": 0, "2019-06-30": 0, "2019-03-31": "", "2018-12-31": 0, "2018-09-30": 0, "2018-06-30": 0, "2018-03-31": "", "2017-12-31": 0, "2017-09-30": 0, "2017-06-30": 0, "2017-03-31": "", "2016-12-31": -6.949, "2016-09-30": 5.865, "2016-06-30": 1.015, "2016-03-31": "0.06900", "2015-12-31": 0.067, "2015-09-30": 0.065, "2015-06-30": 0.985, "2015-03-31": "0.03900", "2014-12-31": 0.074, "2014-09-30": 0, "2014-06-30": 0.998, "2014-03-31": "", "2013-12-31": 0.785, "2013-09-30": 0, "2013-06-30": 0.945, "2013-03-31": "0.81700", "2012-12-31": 1.727, "2012-09-30": 0.997, "2012-06-30": 1.011, "2012-03-31": "1.84900", "2011-12-31": 1.407, "2011-09-30": 1.403, "2011-06-30": 1.197, "2011-03-31": "1.26200", "2010-12-31": 1.195, "2010-09-30": 1.196, "2010-06-30": 1.195, "2010-03-31": "1.17100", "2009-12-31": 1.643, "2009-09-30": 0.938, "2009-06-30": 1.054, "2009-03-31": "0.87900", "2008-12-31": 0.849, "2008-09-30": 0.846, "2008-06-30": 0.517, "2008-03-31": "0.32200", "2007-12-31": 0.343, "2007-09-30": 0.339, "2007-06-30": 0.362, "2007-03-31": "0.31100", "2006-12-31": 0.324, "2006-09-30": 0.324, "2006-06-30": 0.321, "2006-03-31": "0.31600", "2005-12-31": 0, "2005-09-30": 0, "2005-06-30": 0.056, "2005-03-31": ""}, "Common Stock Dividends Paid": {"2020-09-30": -345.241, "2020-06-30": -393.143, "2020-03-31": "-393.06600", "2019-12-31": -395.025, "2019-09-30": -400.602, "2019-06-30": -466.57, "2019-03-31": "-426.81900", "2018-12-31": -135.497, "2018-09-30": -644.473, "2018-06-30": -379.274, "2018-03-31": "-381.64200", "2017-12-31": -367.098, "2017-09-30": -327.763, "2017-06-30": -329.164, "2017-03-31": "-329.14700", "2016-12-31": -293.253, "2016-09-30": -333.459, "2016-06-30": -295.448, "2016-03-31": "-298.77100", "2015-12-31": -302.34, "2015-09-30": -302.323, "2015-06-30": -302.302, "2015-03-31": "-302.28500", "2014-12-31": -302.27, "2014-09-30": -302.253, "2014-06-30": -302.239, "2014-03-31": "-302.22200", "2013-12-31": -349.549, "2013-09-30": -414.88, "2013-06-30": -426.173, "2013-03-31": "-450.14600", "2012-12-31": -506.954, "2012-09-30": -545.265, "2012-06-30": -540.909, "2012-03-31": "-556.74400", "2011-12-31": -585.9, "2011-09-30": -544.141, "2011-06-30": -502.961, "2011-03-31": "-408.48700", "2010-12-31": -426.311, "2010-09-30": -385.151, "2010-06-30": -368.406, "2010-03-31": "-419.47100", "2009-12-31": -386.036, "2009-09-30": -331.232, "2009-06-30": -276.79, "2009-03-31": "-275.36200", "2008-12-31": -301.39, "2008-09-30": -301.532, "2008-06-30": -230.155, "2008-03-31": "-141.99100", "2007-12-31": -91.307, "2007-09-30": -70.025, "2007-06-30": -57.95, "2007-03-31": "-44.38900", "2006-12-31": -35.777, "2006-09-30": -24.971, "2006-06-30": -18.769, "2006-03-31": "-16.01700", "2005-12-31": -19.727, "2005-09-30": -47.768, "2005-06-30": -58.223, "2005-03-31": "-64.28000"}}, "financial ratios": {"Current Ratio": {"2019-12-31": "", "2018-12-31": "", "2017-12-31": "", "2016-12-31": "", "2015-12-31": "", "2014-12-31": "", "2013-12-31": "", "2012-12-31": "", "2011-12-31": "", "2010-12-31": "", "2009-12-31": "", "2008-12-31": "", "2007-12-31": "", "2006-12-31": "", "2005-12-31": ""}, "Long-term Debt / Capital": {"2019-12-31": "0.26250", "2018-12-31": "0.19160", "2017-12-31": "0.16650", "2016-12-31": "0.22520", "2015-12-31": "0.17590", "2014-12-31": "0.07660", "2013-12-31": "0.29820", "2012-12-31": "0.16420", "2011-12-31": "0.07850", "2010-12-31": "0.14850", "2009-12-31": "0.00300", "2008-12-31": "", "2007-12-31": "", "2006-12-31": "", "2005-12-31": ""}, "Debt/Equity Ratio": {"2019-12-31": "6.79670", "2018-12-31": "5.98270", "2017-12-31": "5.42430", "2016-12-31": "5.47640", "2015-12-31": "4.93630", "2014-12-31": "5.43490", "2013-12-31": "5.40520", "2012-12-31": "6.65110", "2011-12-31": "5.46260", "2010-12-31": "6.79060", "2009-12-31": "5.68000", "2008-12-31": "6.41200", "2007-12-31": "8.66120", "2006-12-31": "10.36500", "2005-12-31": "9.02670"}, "Gross Margin": {"2019-12-31": "", "2018-12-31": "", "2017-12-31": "", "2016-12-31": "", "2015-12-31": "", "2014-12-31": "", "2013-12-31": "", "2012-12-31": "", "2011-12-31": "", "2010-12-31": "", "2009-12-31": "", "2008-12-31": "", "2007-12-31": "", "2006-12-31": "", "2005-12-31": ""}, "Operating Margin": {"2019-12-31": "", "2018-12-31": "", "2017-12-31": "", "2016-12-31": "", "2015-12-31": "", "2014-12-31": "", "2013-12-31": "", "2012-12-31": "", "2011-12-31": "", "2010-12-31": "", "2009-12-31": "", "2008-12-31": "", "2007-12-31": "", "2006-12-31": "", "2005-12-31": ""}, "EBIT Margin": {"2019-12-31": "", "2018-12-31": "", "2017-12-31": "", "2016-12-31": "", "2015-12-31": "", "2014-12-31": "", "2013-12-31": "", "2012-12-31": "", "2011-12-31": "", "2010-12-31": "", "2009-12-31": "", "2008-12-31": "", "2007-12-31": "", "2006-12-31": "", "2005-12-31": ""}, "EBITDA Margin": {"2019-12-31": "", "2018-12-31": "", "2017-12-31": "", "2016-12-31": "", "2015-12-31": "", "2014-12-31": "", "2013-12-31": "", "2012-12-31": "", "2011-12-31": "", "2010-12-31": "", "2009-12-31": "", "2008-12-31": "", "2007-12-31": "", "2006-12-31": "", "2005-12-31": ""}, "Pre-Tax Profit Margin": {"2019-12-31": "116.11040", "2018-12-31": "13.56570", "2017-12-31": "87.54950", "2016-12-31": "85.11160", "2015-12-31": "69.84490", "2014-12-31": "133.35450", "2013-12-31": "94.15410", "2012-12-31": "88.26530", "2011-12-31": "63.07670", "2010-12-31": "88.52270", "2009-12-31": "93.78950", "2008-12-31": "77.96290", "2007-12-31": "86.47270", "2006-12-31": "68.85110", "2005-12-31": "4.18450"}, "Net Profit Margin": {"2019-12-31": "122.81420", "2018-12-31": "-19.62660", "2017-12-31": "81.10390", "2016-12-31": "80.37220", "2015-12-31": "59.42300", "2014-12-31": "145.63860", "2013-12-31": "92.13440", "2012-12-31": "84.50710", "2011-12-31": "51.21130", "2010-12-31": "84.88950", "2009-12-31": "91.30450", "2008-12-31": "68.07400", "2007-12-31": "80.14630", "2006-12-31": "50.28440", "2005-12-31": "-66.63870"}, "Asset Turnover": {"2019-12-31": "-0.01440", "2018-12-31": "0.00360", "2017-12-31": "0.01770", "2016-12-31": "0.01910", "2015-12-31": "0.00880", "2014-12-31": "-0.00710", "2013-12-31": "0.04850", "2012-12-31": "0.01500", "2011-12-31": "0.00580", "2010-12-31": "0.01770", "2009-12-31": "0.03070", "2008-12-31": "0.00830", "2007-12-31": "0.00910", "2006-12-31": "0.00480", "2005-12-31": "0.00220"}, "Inventory Turnover Ratio": {"2019-12-31": "", "2018-12-31": "", "2017-12-31": "", "2016-12-31": "", "2015-12-31": "", "2014-12-31": "", "2013-12-31": "", "2012-12-31": "", "2011-12-31": "", "2010-12-31": "", "2009-12-31": "", "2008-12-31": "", "2007-12-31": "", "2006-12-31": "", "2005-12-31": ""}, "Receiveable Turnover": {"2019-12-31": "", "2018-12-31": "", "2017-12-31": "", "2016-12-31": "", "2015-12-31": "", "2014-12-31": "", "2013-12-31": "", "2012-12-31": "", "2011-12-31": "", "2010-12-31": "", "2009-12-31": "", "2008-12-31": "", "2007-12-31": "", "2006-12-31": "", "2005-12-31": ""}, "Days Sales In Receivables": {"2019-12-31": "", "2018-12-31": "", "2017-12-31": "", "2016-12-31": "", "2015-12-31": "", "2014-12-31": "", "2013-12-31": "", "2012-12-31": "", "2011-12-31": "", "2010-12-31": "", "2009-12-31": "", "2008-12-31": "", "2007-12-31": "", "2006-12-31": "", "2005-12-31": ""}, "ROE - Return On Equity": {"2019-12-31": "-15.65830", "2018-12-31": "0.43880", "2017-12-31": "11.93060", "2016-12-31": "12.59550", "2015-12-31": "4.23680", "2014-12-31": "-6.78120", "2013-12-31": "32.45470", "2012-12-31": "11.56390", "2011-12-31": "2.21040", "2010-12-31": "13.08120", "2009-12-31": "20.91710", "2008-12-31": "4.94190", "2007-12-31": "8.24180", "2006-12-31": "3.96530", "2005-12-31": "-0.69690"}, "Return On Tangible Equity": {"2019-12-31": "-13.77450", "2018-12-31": "0.38630", "2017-12-31": "10.61830", "2016-12-31": "12.12400", "2015-12-31": "3.94850", "2014-12-31": "-6.38030", "2013-12-31": "30.29740", "2012-12-31": "10.94370", "2011-12-31": "2.18840", "2010-12-31": "12.91350", "2009-12-31": "20.47650", "2008-12-31": "4.78290", "2007-12-31": "7.84280", "2006-12-31": "3.58030", "2005-12-31": "-0.63090"}, "ROA - Return On Assets": {"2019-12-31": "-1.66010", "2018-12-31": "0.05120", "2017-12-31": "1.54190", "2016-12-31": "1.62990", "2015-12-31": "0.61940", "2014-12-31": "-0.95330", "2013-12-31": "4.55270", "2012-12-31": "1.30080", "2011-12-31": "0.31420", "2010-12-31": "1.52640", "2009-12-31": "2.82730", "2008-12-31": "0.60110", "2007-12-31": "0.76880", "2006-12-31": "0.30540", "2005-12-31": "-0.05760"}, "ROI - Return On Investment": {"2019-12-31": "-10.09890", "2018-12-31": "0.31000", "2017-12-31": "8.79330", "2016-12-31": "8.82700", "2015-12-31": "3.22390", "2014-12-31": "-5.83300", "2013-12-31": "21.09990", "2012-12-31": "9.11050", "2011-12-31": "2.01000", "2010-12-31": "10.89460", "2009-12-31": "20.33330", "2008-12-31": "4.75650", "2007-12-31": "7.79440", "2006-12-31": "3.53420", "2005-12-31": "-0.61480"}, "Book Value Per Share": {"2019-12-31": "11.04560", "2018-12-31": "10.74610", "2017-12-31": "12.82490", "2016-12-31": "12.34250", "2015-12-31": "12.72100", "2014-12-31": "14.07050", "2013-12-31": "13.09330", "2012-12-31": "16.81190", "2011-12-31": "16.27860", "2010-12-31": "15.68240", "2009-12-31": "17.38730", "2008-12-31": "13.44350", "2007-12-31": "13.23070", "2006-12-31": "12.92700", "2005-12-31": "12.16010"}, "Operating Cash Flow Per Share": {"2019-12-31": -3.0037, "2018-12-31": 0.637, "2017-12-31": -0.0989, "2016-12-31": 5.4758, "2015-12-31": -10.314, "2014-12-31": 19.4181, "2013-12-31": -20.5461, "2012-12-31": 4.8285, "2011-12-31": -14.6051, "2010-12-31": -2.1849, "2009-12-31": 17.3689, "2008-12-31": 0.4729, "2007-12-31": 0.3943, "2006-12-31": -0.9775, "2005-12-31": 2.2987}, "Free Cash Flow Per Share": {"2019-12-31": -2.9863, "2018-12-31": 0.637, "2017-12-31": -0.0989, "2016-12-31": 5.4758, "2015-12-31": -10.314, "2014-12-31": 19.4181, "2013-12-31": -20.5461, "2012-12-31": 4.8285, "2011-12-31": -14.6051, "2010-12-31": -2.1849, "2009-12-31": 17.3689, "2008-12-31": 0.4729, "2007-12-31": 0.3943, "2006-12-31": -0.9775, "2005-12-31": 2.2987}}, "financial ratios, quarterly": {"Current Ratio": {"2020-09-30": "", "2020-06-30": "", "2020-03-31": "", "2019-12-31": "", "2019-09-30": "", "2019-06-30": "", "2019-03-31": "", "2018-12-31": "", "2018-09-30": "", "2018-06-30": "", "2018-03-31": "", "2017-12-31": "", "2017-09-30": "", "2017-06-30": "", "2017-03-31": "", "2016-12-31": "", "2016-09-30": "", "2016-06-30": "", "2016-03-31": "", "2015-12-31": "", "2015-09-30": "", "2015-06-30": "", "2015-03-31": "", "2014-12-31": "", "2014-09-30": "", "2014-06-30": "", "2014-03-31": "", "2013-12-31": "", "2013-09-30": "", "2013-06-30": "", "2013-03-31": "", "2012-12-31": "", "2012-09-30": "", "2012-06-30": "", "2012-03-31": "", "2011-12-31": "", "2011-09-30": "", "2011-06-30": "", "2011-03-31": "", "2010-12-31": "", "2010-09-30": "", "2010-06-30": "", "2010-03-31": "", "2009-12-31": "", "2009-09-30": "", "2009-06-30": "", "2009-03-31": "", "2008-12-31": "", "2008-09-30": "", "2008-06-30": "", "2008-03-31": "", "2007-12-31": "", "2007-09-30": "", "2007-06-30": "", "2007-03-31": "", "2006-12-31": "", "2006-09-30": "", "2006-06-30": "", "2006-03-31": "", "2005-12-31": "", "2005-09-30": "", "2005-06-30": "", "2005-03-31": ""}, "Long-term Debt / Capital": {"2020-09-30": "0.29810", "2020-06-30": "", "2020-03-31": "0.33370", "2019-12-31": "0.26250", "2019-09-30": "0.20210", "2019-06-30": "0.18090", "2019-03-31": "0.18970", "2018-12-31": "0.19160", "2018-09-30": "0.20260", "2018-06-30": "0.16530", "2018-03-31": "0.18740", "2017-12-31": "0.16650", "2017-09-30": "0.19170", "2017-06-30": "0.21430", "2017-03-31": "0.21560", "2016-12-31": "0.22520", "2016-09-30": "0.23350", "2016-06-30": "0.26060", "2016-03-31": "0.24600", "2015-12-31": "0.17590", "2015-09-30": "0.17210", "2015-06-30": "0.17170", "2015-03-31": "0.14590", "2014-12-31": "0.07660", "2014-09-30": "0.07720", "2014-06-30": "0.07510", "2014-03-31": "0.11310", "2013-12-31": "0.29820", "2013-09-30": "0.24160", "2013-06-30": "0.18990", "2013-03-31": "0.17090", "2012-12-31": "0.16420", "2012-09-30": "0.11630", "2012-06-30": "0.12650", "2012-03-31": "0.08080", "2011-12-31": "0.07850", "2011-09-30": "0.11210", "2011-06-30": "0.06970", "2011-03-31": "0.11980", "2010-12-31": "0.14850", "2010-09-30": "0.13790", "2010-06-30": "0.08220", "2010-03-31": "0.06410", "2009-12-31": "0.00300", "2009-09-30": "", "2009-06-30": "", "2009-03-31": "", "2008-12-31": "", "2008-09-30": "", "2008-06-30": "", "2008-03-31": "", "2007-12-31": "", "2007-09-30": "", "2007-06-30": "", "2007-03-31": "", "2006-12-31": "", "2006-09-30": "", "2006-06-30": "", "2006-03-31": "", "2005-12-31": "", "2005-09-30": "", "2005-06-30": "", "2005-03-31": ""}, "Debt/Equity Ratio": {"2020-09-30": "4.97800", "2020-06-30": "5.33580", "2020-03-31": "6.21250", "2019-12-31": "6.79670", "2019-09-30": "6.99820", "2019-06-30": "6.91720", "2019-03-31": "5.84530", "2018-12-31": "5.98270", "2018-09-30": "5.54110", "2018-06-30": "5.69840", "2018-03-31": "5.82590", "2017-12-31": "5.42430", "2017-09-30": "5.14210", "2017-06-30": "5.22910", "2017-03-31": "5.23400", "2016-12-31": "5.47640", "2016-09-30": "4.96350", "2016-06-30": "5.01170", "2016-03-31": "4.99660", "2015-12-31": "4.93630", "2015-09-30": "4.80310", "2015-06-30": "4.76950", "2015-03-31": "4.77870", "2014-12-31": "5.43490", "2014-09-30": "5.39310", "2014-06-30": "5.31370", "2014-03-31": "5.26440", "2013-12-31": "5.40520", "2013-09-30": "5.85050", "2013-06-30": "6.37140", "2013-03-31": "6.80040", "2012-12-31": "6.65110", "2012-09-30": "6.12620", "2012-06-30": "6.20250", "2012-03-31": "6.00350", "2011-12-31": "5.46260", "2011-09-30": "5.55140", "2011-06-30": "5.72590", "2011-03-31": "6.35900", "2010-12-31": "6.79060", "2010-09-30": "6.48990", "2010-06-30": "5.90510", "2010-03-31": "5.64520", "2009-12-31": "5.68000", "2009-09-30": "5.95960", "2009-06-30": "5.87880", "2009-03-31": "5.95280", "2008-12-31": "6.41200", "2008-09-30": "7.14900", "2008-06-30": "7.09920", "2008-03-31": "8.07640", "2007-12-31": "8.66120", "2007-09-30": "9.92730", "2007-06-30": "11.24170", "2007-03-31": "9.75650", "2006-12-31": "10.36500", "2006-09-30": "9.59710", "2006-06-30": "11.52810", "2006-03-31": "10.20270", "2005-12-31": "9.02670", "2005-09-30": "10.92640", "2005-06-30": "10.14510", "2005-03-31": "10.83560"}, "Gross Margin": {"2020-09-30": "", "2020-06-30": "", "2020-03-31": "", "2019-12-31": "", "2019-09-30": "", "2019-06-30": "", "2019-03-31": "", "2018-12-31": "", "2018-09-30": "", "2018-06-30": "", "2018-03-31": "", "2017-12-31": "", "2017-09-30": "", "2017-06-30": "", "2017-03-31": "", "2016-12-31": "", "2016-09-30": "", "2016-06-30": "", "2016-03-31": "", "2015-12-31": "", "2015-09-30": "", "2015-06-30": "", "2015-03-31": "", "2014-12-31": "", "2014-09-30": "", "2014-06-30": "", "2014-03-31": "", "2013-12-31": "", "2013-09-30": "", "2013-06-30": "", "2013-03-31": "", "2012-12-31": "", "2012-09-30": "", "2012-06-30": "", "2012-03-31": "", "2011-12-31": "", "2011-09-30": "", "2011-06-30": "", "2011-03-31": "", "2010-12-31": "", "2010-09-30": "", "2010-06-30": "", "2010-03-31": "", "2009-12-31": "", "2009-09-30": "", "2009-06-30": "", "2009-03-31": "", "2008-12-31": "", "2008-09-30": "", "2008-06-30": "", "2008-03-31": "", "2007-12-31": "", "2007-09-30": "", "2007-06-30": "", "2007-03-31": "", "2006-12-31": "", "2006-09-30": "", "2006-06-30": "", "2006-03-31": "", "2005-12-31": "", "2005-09-30": "", "2005-06-30": "", "2005-03-31": ""}, "Operating Margin": {"2020-09-30": "", "2020-06-30": "", "2020-03-31": "", "2019-12-31": "", "2019-09-30": "", "2019-06-30": "", "2019-03-31": "", "2018-12-31": "", "2018-09-30": "", "2018-06-30": "", "2018-03-31": "", "2017-12-31": "", "2017-09-30": "", "2017-06-30": "", "2017-03-31": "", "2016-12-31": "", "2016-09-30": "", "2016-06-30": "", "2016-03-31": "", "2015-12-31": "", "2015-09-30": "", "2015-06-30": "", "2015-03-31": "", "2014-12-31": "", "2014-09-30": "", "2014-06-30": "", "2014-03-31": "", "2013-12-31": "", "2013-09-30": "", "2013-06-30": "", "2013-03-31": "", "2012-12-31": "", "2012-09-30": "", "2012-06-30": "", "2012-03-31": "", "2011-12-31": "", "2011-09-30": "", "2011-06-30": "", "2011-03-31": "", "2010-12-31": "", "2010-09-30": "", "2010-06-30": "", "2010-03-31": "", "2009-12-31": "", "2009-09-30": "", "2009-06-30": "", "2009-03-31": "", "2008-12-31": "", "2008-09-30": "", "2008-06-30": "", "2008-03-31": "", "2007-12-31": "", "2007-09-30": "", "2007-06-30": "", "2007-03-31": "", "2006-12-31": "", "2006-09-30": "", "2006-06-30": "", "2006-03-31": "", "2005-12-31": "", "2005-09-30": "", "2005-06-30": "", "2005-03-31": ""}, "EBIT Margin": {"2020-09-30": "", "2020-06-30": "", "2020-03-31": "", "2019-12-31": "", "2019-09-30": "", "2019-06-30": "", "2019-03-31": "", "2018-12-31": "", "2018-09-30": "", "2018-06-30": "", "2018-03-31": "", "2017-12-31": "", "2017-09-30": "", "2017-06-30": "", "2017-03-31": "", "2016-12-31": "", "2016-09-30": "", "2016-06-30": "", "2016-03-31": "", "2015-12-31": "", "2015-09-30": "", "2015-06-30": "", "2015-03-31": "", "2014-12-31": "", "2014-09-30": "", "2014-06-30": "", "2014-03-31": "", "2013-12-31": "", "2013-09-30": "", "2013-06-30": "", "2013-03-31": "", "2012-12-31": "", "2012-09-30": "", "2012-06-30": "", "2012-03-31": "", "2011-12-31": "", "2011-09-30": "", "2011-06-30": "", "2011-03-31": "", "2010-12-31": "", "2010-09-30": "", "2010-06-30": "", "2010-03-31": "", "2009-12-31": "", "2009-09-30": "", "2009-06-30": "", "2009-03-31": "", "2008-12-31": "", "2008-09-30": "", "2008-06-30": "", "2008-03-31": "", "2007-12-31": "", "2007-09-30": "", "2007-06-30": "", "2007-03-31": "", "2006-12-31": "", "2006-09-30": "", "2006-06-30": "", "2006-03-31": "", "2005-12-31": "", "2005-09-30": "", "2005-06-30": "", "2005-03-31": ""}, "EBITDA Margin": {"2020-09-30": "", "2020-06-30": "", "2020-03-31": "", "2019-12-31": "", "2019-09-30": "", "2019-06-30": "", "2019-03-31": "", "2018-12-31": "", "2018-09-30": "", "2018-06-30": "", "2018-03-31": "", "2017-12-31": "", "2017-09-30": "", "2017-06-30": "", "2017-03-31": "", "2016-12-31": "", "2016-09-30": "", "2016-06-30": "", "2016-03-31": "", "2015-12-31": "", "2015-09-30": "", "2015-06-30": "", "2015-03-31": "", "2014-12-31": "", "2014-09-30": "", "2014-06-30": "", "2014-03-31": "", "2013-12-31": "", "2013-09-30": "", "2013-06-30": "", "2013-03-31": "", "2012-12-31": "", "2012-09-30": "", "2012-06-30": "", "2012-03-31": "", "2011-12-31": "", "2011-09-30": "", "2011-06-30": "", "2011-03-31": "", "2010-12-31": "", "2010-09-30": "", "2010-06-30": "", "2010-03-31": "", "2009-12-31": "", "2009-09-30": "", "2009-06-30": "", "2009-03-31": "", "2008-12-31": "", "2008-09-30": "", "2008-06-30": "", "2008-03-31": "", "2007-12-31": "", "2007-09-30": "", "2007-06-30": "", "2007-03-31": "", "2006-12-31": "", "2006-09-30": "", "2006-06-30": "", "2006-03-31": "", "2005-12-31": "", "2005-09-30": "", "2005-06-30": "", "2005-03-31": ""}, "Pre-Tax Profit Margin": {"2020-09-30": "95.45370", "2020-06-30": "92.69230", "2020-03-31": "102.16280", "2019-12-31": "94.28060", "2019-09-30": "109.61390", "2019-06-30": "104.60160", "2019-03-31": "110.97570", "2018-12-31": "103.54070", "2018-09-30": "74.93360", "2018-06-30": "90.37890", "2018-03-31": "95.50540", "2017-12-31": "92.69330", "2017-09-30": "86.60660", "2017-06-30": "20.80600", "2017-03-31": "89.13030", "2016-12-31": "97.08940", "2016-09-30": "88.17730", "2016-06-30": "121.46090", "2016-03-31": "105.84000", "2015-12-31": "93.38910", "2015-09-30": "108.55060", "2015-06-30": "94.49290", "2015-03-31": "111.97000", "2014-12-31": "109.74190", "2014-09-30": "87.43950", "2014-06-30": "118.36510", "2014-03-31": "131.17550", "2013-12-31": "94.82020", "2013-09-30": "76.66660", "2013-06-30": "96.17650", "2013-03-31": "94.40600", "2012-12-31": "94.54240", "2012-09-30": "79.11580", "2012-06-30": "531.89860", "2012-03-31": "93.11340", "2011-12-31": "88.00390", "2011-09-30": "107.75010", "2011-06-30": "70.00700", "2011-03-31": "93.36690", "2010-12-31": "96.49750", "2010-09-30": "-7.53950", "2010-06-30": "124.61090", "2010-03-31": "87.75460", "2009-12-31": "95.16970", "2009-09-30": "89.70940", "2009-06-30": "95.20280", "2009-03-31": "92.16060", "2008-12-31": "105.75460", "2008-09-30": "92.32190", "2008-06-30": "91.96020", "2008-03-31": "90.95660", "2007-12-31": "88.17600", "2007-09-30": "85.72710", "2007-06-30": "86.82990", "2007-03-31": "83.60520", "2006-12-31": "80.84340", "2006-09-30": "78.44570", "2006-06-30": "48.57340", "2006-03-31": "-1404.75300", "2005-12-31": "106.52760", "2005-09-30": "73.45250", "2005-06-30": "84.85600", "2005-03-31": "88.04080"}, "Net Profit Margin": {"2020-09-30": "91.25460", "2020-06-30": "88.63210", "2020-03-31": "102.41000", "2019-12-31": "91.55290", "2019-09-30": "113.84890", "2019-06-30": "106.15240", "2019-03-31": "115.55980", "2018-12-31": "105.08210", "2018-09-30": "70.12200", "2018-06-30": "85.15860", "2018-03-31": "93.04390", "2017-12-31": "88.11300", "2017-09-30": "79.20850", "2017-06-30": "-12.97200", "2017-03-31": "84.21390", "2016-12-31": "95.79660", "2016-09-30": "85.69260", "2016-06-30": "129.10460", "2016-03-31": "107.90990", "2015-12-31": "90.11310", "2015-09-30": "111.56320", "2015-06-30": "93.41710", "2015-03-31": "116.18010", "2014-12-31": "112.67290", "2014-09-30": "82.45190", "2014-06-30": "124.39660", "2014-03-31": "145.64720", "2013-12-31": "93.00300", "2013-09-30": "69.29880", "2013-06-30": "95.11490", "2013-03-31": "91.84150", "2012-12-31": "92.69200", "2012-09-30": "71.39650", "2012-06-30": "653.42110", "2012-03-31": "91.04480", "2011-12-31": "83.92650", "2011-09-30": "110.07880", "2011-06-30": "61.08240", "2011-03-31": "91.03210", "2010-12-31": "95.44340", "2010-09-30": "-46.93260", "2010-06-30": "132.03260", "2010-03-31": "84.12150", "2009-12-31": "93.22540", "2009-09-30": "85.36400", "2009-06-30": "93.24700", "2009-03-31": "89.30000", "2008-12-31": "108.17030", "2008-09-30": "88.48410", "2008-06-30": "88.21170", "2008-03-31": "87.26960", "2007-12-31": "83.25650", "2007-09-30": "79.68320", "2007-06-30": "80.58730", "2007-03-31": "73.78140", "2006-12-31": "70.60280", "2006-09-30": "65.11290", "2006-06-30": "15.84320", "2006-03-31": "-2313.31000", "2005-12-31": "111.64850", "2005-09-30": "52.49640", "2005-06-30": "73.53960", "2005-03-31": "80.48710"}, "Asset Turnover": {"2020-09-30": "0.01200", "2020-06-30": "0.00990", "2020-03-31": "-0.03700", "2019-12-31": "0.00980", "2019-09-30": "-0.00530", "2019-06-30": "-0.01290", "2019-03-31": "-0.00640", "2018-12-31": "-0.02060", "2018-09-30": "0.00480", "2018-06-30": "0.00670", "2018-03-31": "0.01390", "2017-12-31": "0.00800", "2017-09-30": "0.00440", "2017-06-30": "0.00080", "2017-03-31": "0.00580", "2016-12-31": "0.02170", "2016-09-30": "0.00950", "2016-06-30": "-0.00300", "2016-03-31": "-0.01060", "2015-12-31": "0.00960", "2015-09-30": "-0.00770", "2015-06-30": "0.01250", "2015-03-31": "-0.00540", "2014-12-31": "-0.00680", "2014-09-30": "0.00470", "2014-06-30": "-0.00330", "2014-03-31": "-0.00180", "2013-12-31": "0.01330", "2013-09-30": "0.00270", "2013-06-30": "0.01660", "2013-03-31": "0.00740", "2012-12-31": "0.00550", "2012-09-30": "0.00210", "2012-06-30": "-0.00010", "2012-03-31": "0.00820", "2011-12-31": "0.00480", "2011-09-30": "-0.00740", "2011-06-30": "0.00190", "2011-03-31": "0.00780", "2010-12-31": "0.01530", "2010-09-30": "0.00050", "2010-06-30": "-0.00230", "2010-03-31": "0.00450", "2009-12-31": "0.01120", "2009-09-30": "0.00470", "2009-06-30": "0.00930", "2009-03-31": "0.00640", "2008-12-31": "-0.00820", "2008-09-30": "0.00560", "2008-06-30": "0.00560", "2008-03-31": "0.00460", "2007-12-31": "0.00330", "2007-09-30": "0.00280", "2007-06-30": "0.00250", "2007-03-31": "0.00210", "2006-12-31": "0.00220", "2006-09-30": "0.00200", "2006-06-30": "0.00090", "2006-03-31": "0.00000", "2005-12-31": "-0.00780", "2005-09-30": "0.00180", "2005-06-30": "0.00300", "2005-03-31": "0.00360"}, "Inventory Turnover Ratio": {"2020-09-30": "", "2020-06-30": "", "2020-03-31": "", "2019-12-31": "", "2019-09-30": "", "2019-06-30": "", "2019-03-31": "", "2018-12-31": "", "2018-09-30": "", "2018-06-30": "", "2018-03-31": "", "2017-12-31": "", "2017-09-30": "", "2017-06-30": "", "2017-03-31": "", "2016-12-31": "", "2016-09-30": "", "2016-06-30": "", "2016-03-31": "", "2015-12-31": "", "2015-09-30": "", "2015-06-30": "", "2015-03-31": "", "2014-12-31": "", "2014-09-30": "", "2014-06-30": "", "2014-03-31": "", "2013-12-31": "", "2013-09-30": "", "2013-06-30": "", "2013-03-31": "", "2012-12-31": "", "2012-09-30": "", "2012-06-30": "", "2012-03-31": "", "2011-12-31": "", "2011-09-30": "", "2011-06-30": "", "2011-03-31": "", "2010-12-31": "", "2010-09-30": "", "2010-06-30": "", "2010-03-31": "", "2009-12-31": "", "2009-09-30": "", "2009-06-30": "", "2009-03-31": "", "2008-12-31": "", "2008-09-30": "", "2008-06-30": "", "2008-03-31": "", "2007-12-31": "", "2007-09-30": "", "2007-06-30": "", "2007-03-31": "", "2006-12-31": "", "2006-09-30": "", "2006-06-30": "", "2006-03-31": "", "2005-12-31": "", "2005-09-30": "", "2005-06-30": "", "2005-03-31": ""}, "Receiveable Turnover": {"2020-09-30": "", "2020-06-30": "", "2020-03-31": "", "2019-12-31": "", "2019-09-30": "", "2019-06-30": "", "2019-03-31": "", "2018-12-31": "", "2018-09-30": "", "2018-06-30": "", "2018-03-31": "", "2017-12-31": "", "2017-09-30": "", "2017-06-30": "", "2017-03-31": "", "2016-12-31": "", "2016-09-30": "", "2016-06-30": "", "2016-03-31": "", "2015-12-31": "", "2015-09-30": "", "2015-06-30": "", "2015-03-31": "", "2014-12-31": "", "2014-09-30": "", "2014-06-30": "", "2014-03-31": "", "2013-12-31": "", "2013-09-30": "", "2013-06-30": "", "2013-03-31": "", "2012-12-31": "", "2012-09-30": "", "2012-06-30": "", "2012-03-31": "", "2011-12-31": "", "2011-09-30": "", "2011-06-30": "", "2011-03-31": "", "2010-12-31": "", "2010-09-30": "", "2010-06-30": "", "2010-03-31": "", "2009-12-31": "", "2009-09-30": "", "2009-06-30": "", "2009-03-31": "", "2008-12-31": "", "2008-09-30": "", "2008-06-30": "", "2008-03-31": "", "2007-12-31": "", "2007-09-30": "", "2007-06-30": "", "2007-03-31": "", "2006-12-31": "", "2006-09-30": "", "2006-06-30": "", "2006-03-31": "", "2005-12-31": "", "2005-09-30": "", "2005-06-30": "", "2005-03-31": ""}, "Days Sales In Receivables": {"2020-09-30": "", "2020-06-30": "", "2020-03-31": "", "2019-12-31": "", "2019-09-30": "", "2019-06-30": "", "2019-03-31": "", "2018-12-31": "", "2018-09-30": "", "2018-06-30": "", "2018-03-31": "", "2017-12-31": "", "2017-09-30": "", "2017-06-30": "", "2017-03-31": "", "2016-12-31": "", "2016-09-30": "", "2016-06-30": "", "2016-03-31": "", "2015-12-31": "", "2015-09-30": "", "2015-06-30": "", "2015-03-31": "", "2014-12-31": "", "2014-09-30": "", "2014-06-30": "", "2014-03-31": "", "2013-12-31": "", "2013-09-30": "", "2013-06-30": "", "2013-03-31": "", "2012-12-31": "", "2012-09-30": "", "2012-06-30": "", "2012-03-31": "", "2011-12-31": "", "2011-09-30": "", "2011-06-30": "", "2011-03-31": "", "2010-12-31": "", "2010-09-30": "", "2010-06-30": "", "2010-03-31": "", "2009-12-31": "", "2009-09-30": "", "2009-06-30": "", "2009-03-31": "", "2008-12-31": "", "2008-09-30": "", "2008-06-30": "", "2008-03-31": "", "2007-12-31": "", "2007-09-30": "", "2007-06-30": "", "2007-03-31": "", "2006-12-31": "", "2006-09-30": "", "2006-06-30": "", "2006-03-31": "", "2005-12-31": "", "2005-09-30": "", "2005-06-30": "", "2005-03-31": ""}, "ROE - Return On Equity": {"2020-09-30": "8.31550", "2020-06-30": "7.24670", "2020-03-31": "-33.93960", "2019-12-31": "8.75720", "2019-09-30": "-5.64260", "2019-06-30": "-13.06470", "2019-03-31": "-6.06470", "2018-12-31": "-18.27340", "2018-09-30": "2.92490", "2018-06-30": "4.94480", "2018-03-31": "10.86520", "2017-12-31": "5.67840", "2017-09-30": "2.95390", "2017-06-30": "0.12730", "2017-03-31": "3.84740", "2016-12-31": "16.24980", "2016-09-30": "6.05970", "2016-06-30": "-2.61530", "2016-03-31": "-8.07900", "2015-12-31": "6.09180", "2015-09-30": "-5.51820", "2015-06-30": "7.70490", "2015-03-31": "-3.90200", "2014-12-31": "-5.29980", "2014-09-30": "2.90920", "2014-06-30": "-2.67640", "2014-03-31": "-1.74530", "2013-12-31": "8.95190", "2013-09-30": "1.59950", "2013-06-30": "13.26460", "2013-03-31": "6.04640", "2012-12-31": "4.66640", "2012-09-30": "1.38930", "2012-06-30": "-0.57630", "2012-03-31": "5.72080", "2011-12-31": "2.85920", "2011-09-30": "-5.85910", "2011-06-30": "0.87850", "2011-03-31": "5.52140", "2010-12-31": "12.58740", "2010-09-30": "-0.14940", "2010-06-30": "-2.31780", "2010-03-31": "2.98870", "2009-12-31": "7.77760", "2009-09-30": "3.12360", "2009-06-30": "7.03200", "2009-03-31": "4.38300", "2008-12-31": "-7.23530", "2008-09-30": "4.40530", "2008-06-30": "4.38980", "2008-03-31": "4.00630", "2007-12-31": "3.04170", "2007-09-30": "2.88390", "2007-06-30": "3.02600", "2007-03-31": "2.15470", "2006-12-31": "2.25440", "2006-09-30": "1.85810", "2006-06-30": "0.55150", "2006-03-31": "-0.87120", "2005-12-31": "-10.30640", "2005-09-30": "1.53270", "2005-06-30": "3.08470", "2005-03-31": "4.14250"}, "Return On Tangible Equity": {"2020-09-30": "7.22410", "2020-06-30": "6.26820", "2020-03-31": "-28.86920", "2019-12-31": "7.70360", "2019-09-30": "-5.06800", "2019-06-30": "-11.37940", "2019-03-31": "-5.41510", "2018-12-31": "-16.08680", "2018-09-30": "2.59500", "2018-06-30": "4.55440", "2018-03-31": "9.58620", "2017-12-31": "5.05380", "2017-09-30": "2.61290", "2017-06-30": "0.12200", "2017-03-31": "3.51090", "2016-12-31": "15.64160", "2016-09-30": "5.55800", "2016-06-30": "-2.43300", "2016-03-31": "-7.51560", "2015-12-31": "5.67730", "2015-09-30": "-5.13810", "2015-06-30": "7.18730", "2015-03-31": "-3.65700", "2014-12-31": "-4.98650", "2014-09-30": "2.72630", "2014-06-30": "-2.51240", "2014-03-31": "-1.63070", "2013-12-31": "8.35680", "2013-09-30": "1.49910", "2013-06-30": "12.45410", "2013-03-31": "5.70890", "2012-12-31": "4.41620", "2012-09-30": "1.32010", "2012-06-30": "-0.56200", "2012-03-31": "5.68070", "2011-12-31": "2.83070", "2011-09-30": "-5.80120", "2011-06-30": "0.86820", "2011-03-31": "5.46710", "2010-12-31": "12.42600", "2010-09-30": "-0.14640", "2010-06-30": "-2.26920", "2010-03-31": "2.92580", "2009-12-31": "7.61380", "2009-09-30": "3.05620", "2009-06-30": "6.86920", "2009-03-31": "4.27540", "2008-12-31": "-7.00260", "2008-09-30": "4.24660", "2008-06-30": "4.23550", "2008-03-31": "3.84370", "2007-12-31": "2.89450", "2007-09-30": "2.70030", "2007-06-30": "2.77610", "2007-03-31": "1.99250", "2006-12-31": "2.03550", "2006-09-30": "1.67380", "2006-06-30": "0.47430", "2006-03-31": "-0.78370", "2005-12-31": "-9.33050", "2005-09-30": "1.39300", "2005-06-30": "2.82780", "2005-03-31": "3.77760"}, "ROA - Return On Assets": {"2020-09-30": "1.13860", "2020-06-30": "0.91620", "2020-03-31": "-3.75600", "2019-12-31": "0.92850", "2019-09-30": "-0.57940", "2019-06-30": "-1.34780", "2019-03-31": "-0.71260", "2018-12-31": "-2.13150", "2018-09-30": "0.36370", "2018-06-30": "0.60290", "2018-03-31": "1.32260", "2017-12-31": "0.73390", "2017-09-30": "0.37640", "2017-06-30": "0.01710", "2017-03-31": "0.52020", "2016-12-31": "2.10280", "2016-09-30": "0.84100", "2016-06-30": "-0.35840", "2016-03-31": "-1.12090", "2015-12-31": "0.89060", "2015-09-30": "-0.83290", "2015-06-30": "1.19140", "2015-03-31": "-0.60560", "2014-12-31": "-0.74500", "2014-09-30": "0.40610", "2014-06-30": "-0.38500", "2014-03-31": "-0.24670", "2013-12-31": "1.25580", "2013-09-30": "0.20600", "2013-06-30": "1.59870", "2013-03-31": "0.69340", "2012-12-31": "0.52490", "2012-09-30": "0.15880", "2012-06-30": "-0.07100", "2012-03-31": "0.74970", "2011-12-31": "0.40640", "2011-09-30": "-0.81120", "2011-06-30": "0.12010", "2011-03-31": "0.71110", "2010-12-31": "1.46870", "2010-09-30": "-0.01700", "2010-06-30": "-0.29810", "2010-03-31": "0.38650", "2009-12-31": "1.05130", "2009-09-30": "0.40650", "2009-06-30": "0.87460", "2009-03-31": "0.57630", "2008-12-31": "-0.88010", "2008-09-30": "0.50380", "2008-06-30": "0.50090", "2008-03-31": "0.40670", "2007-12-31": "0.28370", "2007-09-30": "0.23650", "2007-06-30": "0.21880", "2007-03-31": "0.17030", "2006-12-31": "0.17360", "2006-09-30": "0.14970", "2006-06-30": "0.03610", "2006-03-31": "-0.06650", "2005-12-31": "-0.85140", "2005-09-30": "0.11100", "2005-06-30": "0.23860", "2005-03-31": "0.30880"}, "ROI - Return On Investment": {"2020-09-30": "5.02190", "2020-06-30": "6.20570", "2020-03-31": "-19.08610", "2019-12-31": "5.64790", "2019-09-30": "-3.91600", "2019-06-30": "-9.26300", "2019-03-31": "-4.36070", "2018-12-31": "-12.91090", "2018-09-30": "2.05500", "2018-06-30": "3.61090", "2018-03-31": "7.73830", "2017-12-31": "4.18520", "2017-09-30": "2.09740", "2017-06-30": "0.09050", "2017-03-31": "2.73130", "2016-12-31": "11.38810", "2016-09-30": "4.22420", "2016-06-30": "-1.78090", "2016-03-31": "-5.61480", "2015-12-31": "4.63540", "2015-09-30": "-4.22900", "2015-06-30": "5.91930", "2015-03-31": "-3.10100", "2014-12-31": "-4.55870", "2014-09-30": "2.49750", "2014-06-30": "-2.30740", "2014-03-31": "-1.43540", "2013-12-31": "5.81990", "2013-09-30": "1.12750", "2013-06-30": "10.00630", "2013-03-31": "4.71410", "2012-12-31": "3.67640", "2012-09-30": "1.16220", "2012-06-30": "-0.48900", "2012-03-31": "5.20020", "2011-12-31": "2.59990", "2011-09-30": "-5.13340", "2011-06-30": "0.80460", "2011-03-31": "4.79320", "2010-12-31": "10.48330", "2010-09-30": "-0.12570", "2010-06-30": "-2.07460", "2010-03-31": "2.72750", "2009-12-31": "7.56050", "2009-09-30": "3.04360", "2009-06-30": "6.83850", "2009-03-31": "4.25490", "2008-12-31": "-6.96390", "2008-09-30": "4.22890", "2008-06-30": "4.21780", "2008-03-31": "3.82440", "2007-12-31": "2.87660", "2007-09-30": "2.67810", "2007-06-30": "2.74630", "2007-03-31": "1.97280", "2006-12-31": "2.00930", "2006-09-30": "1.65150", "2006-06-30": "0.46520", "2006-03-31": "-0.76360", "2005-12-31": "-9.09290", "2005-09-30": "1.35860", "2005-06-30": "2.76350", "2005-03-31": "3.68670"}, "Book Value Per Share": {"2020-09-30": "10.11790", "2020-06-30": "9.80180", "2020-03-31": "8.88380", "2019-12-31": "11.04560", "2019-09-30": "10.58700", "2019-06-30": "10.78610", "2019-03-31": "10.89800", "2018-12-31": "10.74610", "2018-09-30": "11.47730", "2018-06-30": "11.82980", "2018-03-31": "12.02330", "2017-12-31": "12.82490", "2017-09-30": "13.00930", "2017-06-30": "12.37400", "2017-03-31": "12.41190", "2016-12-31": "12.34250", "2016-09-30": "13.01630", "2016-06-30": "12.50030", "2016-03-31": "12.60530", "2015-12-31": "12.72100", "2015-09-30": "12.96050", "2015-06-30": "13.28890", "2015-03-31": "13.84890", "2014-12-31": "14.07050", "2014-09-30": "13.83610", "2014-06-30": "14.19350", "2014-03-31": "13.26110", "2013-12-31": "13.09330", "2013-09-30": "13.66590", "2013-06-30": "13.99850", "2013-03-31": "16.15800", "2012-12-31": "16.81190", "2012-09-30": "17.53250", "2012-06-30": "16.70760", "2012-03-31": "16.36070", "2011-12-31": "16.27860", "2011-09-30": "16.43830", "2011-06-30": "16.80930", "2011-03-31": "15.97940", "2010-12-31": "15.68240", "2010-09-30": "15.53760", "2010-06-30": "17.32150", "2010-03-31": "17.23250", "2009-12-31": "17.38730", "2009-09-30": "16.95120", "2009-06-30": "16.03880", "2009-03-31": "15.10680", "2008-12-31": "13.44350", "2008-09-30": "13.22580", "2008-06-30": "13.55910", "2008-03-31": "13.56760", "2007-12-31": "13.23070", "2007-09-30": "12.23390", "2007-06-30": "11.58850", "2007-03-31": "13.00190", "2006-12-31": "12.92700", "2006-09-30": "12.66650", "2006-06-30": "11.24230", "2006-03-31": "11.59180", "2005-12-31": "12.16010", "2005-09-30": "12.60750", "2005-06-30": "13.87530", "2005-03-31": "13.27010"}, "Operating Cash Flow Per Share": {"2020-09-30": 0.6993, "2020-06-30": 0.4726, "2020-03-31": "-1.41390", "2019-12-31": 0.8122, "2019-09-30": -0.4902, "2019-06-30": -0.4844, "2019-03-31": "-0.67360", "2018-12-31": -0.3467, "2018-09-30": 0.5419, "2018-06-30": 0.8235, "2018-03-31": "1.14900", "2017-12-31": 0.8508, "2017-09-30": 0.5693, "2017-06-30": 0.3288, "2017-03-31": "-0.21820", "2016-12-31": 0.803, "2016-09-30": -1.1908, "2016-06-30": 2.1614, "2016-03-31": "-0.14400", "2015-12-31": -0.0026, "2015-09-30": 0.9934, "2015-06-30": 0.4834, "2015-03-31": "-5.32040", "2014-12-31": 1.6066, "2014-09-30": -1.3423, "2014-06-30": 1.6639, "2014-03-31": "4.53900", "2013-12-31": -5.7376, "2013-09-30": 0.5282, "2013-06-30": -3.8375, "2013-03-31": "-3.90250", "2012-12-31": 0.2872, "2012-09-30": 3.5235, "2012-06-30": -1.157, "2012-03-31": "4.94210", "2011-12-31": -1.4999, "2011-09-30": 1.3921, "2011-06-30": -3.3908, "2011-03-31": "6.26590", "2010-12-31": 6.3938, "2010-09-30": -0.0787, "2010-06-30": 7.895, "2010-03-31": "3.16230", "2009-12-31": 4.0646, "2009-09-30": 8.0971, "2009-06-30": 5.2852, "2009-03-31": "2.11040", "2008-12-31": 0.6703, "2008-09-30": 0.6113, "2008-06-30": 0.5557, "2008-03-31": "0.35110", "2007-12-31": 0.8882, "2007-09-30": 0.3104, "2007-06-30": 0.3519, "2007-03-31": "0.16500", "2006-12-31": 0.6367, "2006-09-30": 0.2843, "2006-06-30": 0.0835, "2006-03-31": "0.31670", "2005-12-31": 0.4298, "2005-09-30": 0.5943, "2005-06-30": 0.5545, "2005-03-31": "0.72010"}, "Free Cash Flow Per Share": {"2020-09-30": 0.6993, "2020-06-30": 0.4726, "2020-03-31": "-1.41390", "2019-12-31": 0.825, "2019-09-30": -0.4856, "2019-06-30": -0.4844, "2019-03-31": "-0.67360", "2018-12-31": -0.3467, "2018-09-30": 0.5419, "2018-06-30": 0.8235, "2018-03-31": "1.14900", "2017-12-31": 0.8508, "2017-09-30": 0.5693, "2017-06-30": 0.3288, "2017-03-31": "-0.21820", "2016-12-31": 0.803, "2016-09-30": -1.1908, "2016-06-30": 2.1614, "2016-03-31": "-0.14400", "2015-12-31": -0.0026, "2015-09-30": 0.9934, "2015-06-30": 0.4834, "2015-03-31": "-5.32040", "2014-12-31": 1.6066, "2014-09-30": -1.3423, "2014-06-30": 1.6639, "2014-03-31": "4.53900", "2013-12-31": -5.7376, "2013-09-30": 0.5282, "2013-06-30": -3.8375, "2013-03-31": "-3.90250", "2012-12-31": 0.2872, "2012-09-30": 3.5235, "2012-06-30": -1.157, "2012-03-31": "4.94210", "2011-12-31": -1.4999, "2011-09-30": 1.3921, "2011-06-30": -3.3908, "2011-03-31": "6.26590", "2010-12-31": 6.3938, "2010-09-30": -0.0787, "2010-06-30": 7.895, "2010-03-31": "3.16230", "2009-12-31": 4.0646, "2009-09-30": 8.0971, "2009-06-30": 5.2852, "2009-03-31": "2.11040", "2008-12-31": 0.6703, "2008-09-30": 0.6113, "2008-06-30": 0.5557, "2008-03-31": "0.35110", "2007-12-31": 0.8882, "2007-09-30": 0.3104, "2007-06-30": 0.3519, "2007-03-31": "0.16500", "2006-12-31": 0.6367, "2006-09-30": 0.2843, "2006-06-30": 0.0835, "2006-03-31": "0.31670", "2005-12-31": 0.4298, "2005-09-30": 0.5943, "2005-06-30": 0.5545, "2005-03-31": "0.72010"}}, "revenue": {"Annaly Capital Management Inc Annual Revenue (Millions of US $)": {"2019": "$913", "2018": "$2,280", "2017": "$2,808", "2016": "$2,339", "2015": "$1,136", "2014": "$-115", "2013": "$4,595", "2012": "$2,675", "2011": "$1,120", "2010": "$1,900", "2009": "$2,704", "2008": "$2,366", "2007": "$2,417", "2006": "$1,203", "2005": "$604"}, "Annaly Capital Management Inc Quarterly Revenue (Millions of US $)": {"2020-09-30": "$1,189", "2020-06-30": "$1,112", "2020-03-31": "$-3,086", "2019-12-31": "$1,903", "2019-09-30": "$79", "2019-06-30": "$-954", "2019-03-31": "$-115", "2018-12-31": "$-1,590", "2018-09-30": "$1,006", "2018-06-30": "$1,106", "2018-03-31": "$1,758", "2017-12-31": "$1,130", "2017-09-30": "$695", "2017-06-30": "$290", "2017-03-31": "$694", "2016-12-31": "$2,089", "2016-09-30": "$1,001", "2016-06-30": "$-77", "2016-03-31": "$-674", "2015-12-31": "$842", "2015-09-30": "$-468", "2015-06-30": "$1,057", "2015-03-31": "$-296", "2014-12-31": "$-466", "2014-09-30": "$536", "2014-06-30": "$-158", "2014-03-31": "$-27", "2013-12-31": "$1,224", "2013-09-30": "$397", "2013-06-30": "$1,868", "2013-03-31": "$1,106", "2012-12-31": "$920", "2012-09-30": "$484", "2012-06-30": "$151", "2012-03-31": "$1,120", "2011-12-31": "$656", "2011-09-30": "$-720", "2011-06-30": "$304", "2011-03-31": "$880", "2010-12-31": "$1,205", "2010-09-30": "$154", "2010-06-30": "$-64", "2010-03-31": "$605", "2009-12-31": "$344", "2009-09-30": "$636", "2009-06-30": "$958", "2009-03-31": "$765", "2008-12-31": "$-23", "2008-09-30": "$794", "2008-06-30": "$785", "2008-03-31": "$810", "2007-12-31": "$736", "2007-09-30": "$648", "2007-06-30": "$568", "2007-03-31": "$464", "2006-12-31": "$417", "2006-09-30": "$353", "2006-06-30": "$264", "2006-03-31": "$168", "2005-12-31": "$40", "2005-09-30": "$188", "2005-06-30": "$193", "2005-03-31": "$183"}}, "gross-profit": {"Annaly Capital Management Inc Annual Gross Profit (Millions of US $)": {"2019": "$-1,872", "2018": "$382", "2017": "$1,800", "2016": "$1,682", "2015": "$664", "2014": "$-628", "2013": "$3,970", "2012": "$2,007", "2011": "$640", "2010": "$1,472", "2009": "$2,128", "2008": "$477", "2007": "$490", "2006": "$148", "2005": "$36"}, "Annaly Capital Management Inc Quarterly Gross Profit (Millions of US $)": {"2020-09-30": "$1,074", "2020-06-30": "$926", "2020-03-31": "$-3,589", "2019-12-31": "$1,282", "2019-09-30": "$-688", "2019-06-30": "$-1,704", "2019-03-31": "$-763", "2018-12-31": "$-2,177", "2018-09-30": "$505", "2018-06-30": "$663", "2018-03-31": "$1,391", "2017-12-31": "$811", "2017-09-30": "$426", "2017-06-30": "$68", "2017-03-31": "$495", "2016-12-31": "$1,905", "2016-09-30": "$827", "2016-06-30": "$-229", "2016-03-31": "$-821", "2015-12-31": "$724", "2015-09-30": "$-578", "2015-06-30": "$944", "2015-03-31": "$-426", "2014-12-31": "$-600", "2014-09-30": "$409", "2014-06-30": "$-284", "2014-03-31": "$-152", "2013-12-31": "$1,087", "2013-09-30": "$252", "2013-06-30": "$1,703", "2013-03-31": "$928", "2012-12-31": "$734", "2012-09-30": "$302", "2012-06-30": "$-15", "2012-03-31": "$986", "2011-12-31": "$526", "2011-09-30": "$-841", "2011-06-30": "$191", "2011-03-31": "$764", "2010-12-31": "$1,272", "2010-09-30": "$40", "2010-06-30": "$-169", "2010-03-31": "$329", "2009-12-31": "$777", "2009-09-30": "$329", "2009-06-30": "$635", "2009-03-31": "$387", "2008-12-31": "$-473", "2008-09-30": "$335", "2008-06-30": "$343", "2008-03-31": "$272", "2007-12-31": "$177", "2007-09-30": "$129", "2007-06-30": "$100", "2007-03-31": "$84", "2006-12-31": "$68", "2006-09-30": "$58", "2006-06-30": "$22", "2006-03-31": "$1", "2005-12-31": "$-126", "2005-09-30": "$33", "2005-06-30": "$59", "2005-03-31": "$69"}}, "operating-income": {"Annaly Capital Management Inc Annual Operating Income (Millions of US $)": {"2019": "$-2,174", "2018": "$52", "2017": "$1,576", "2016": "$1,431", "2015": "$464", "2014": "$-837", "2013": "$3,738", "2012": "$1,772", "2011": "$402", "2010": "$1,300", "2009": "$1,996", "2008": "$372", "2007": "$424", "2006": "$104", "2005": "$1"}, "Annaly Capital Management Inc Quarterly Operating Income (Millions of US $)": {"2020-09-30": "$1,025", "2020-06-30": "$858", "2020-03-31": "$-3,667", "2019-12-31": "$1,209", "2019-09-30": "$-754", "2019-06-30": "$-1,782", "2019-03-31": "$-847", "2018-12-31": "$-2,254", "2018-09-30": "$378", "2018-06-30": "$599", "2018-03-31": "$1,328", "2017-12-31": "$752", "2017-09-30": "$369", "2017-06-30": "$14", "2017-03-31": "$441", "2016-12-31": "$1,850", "2016-09-30": "$729", "2016-06-30": "$-279", "2016-03-31": "$-869", "2015-12-31": "$676", "2015-09-30": "$-628", "2015-06-30": "$892", "2015-03-31": "$-476", "2014-12-31": "$-658", "2014-09-30": "$357", "2014-06-30": "$-336", "2014-03-31": "$-199", "2013-12-31": "$1,031", "2013-09-30": "$193", "2013-06-30": "$1,638", "2013-03-31": "$876", "2012-12-31": "$694", "2012-09-30": "$239", "2012-06-30": "$-80", "2012-03-31": "$918", "2011-12-31": "$463", "2011-09-30": "$-906", "2011-06-30": "$134", "2011-03-31": "$712", "2010-12-31": "$1,226", "2010-09-30": "$-4", "2010-06-30": "$-210", "2010-03-31": "$288", "2009-12-31": "$740", "2009-09-30": "$295", "2009-06-30": "$605", "2009-03-31": "$356", "2008-12-31": "$-501", "2008-09-30": "$310", "2008-06-30": "$316", "2008-03-31": "$248", "2007-12-31": "$156", "2007-09-30": "$111", "2007-06-30": "$87", "2007-03-31": "$70", "2006-12-31": "$55", "2006-09-30": "$45", "2006-06-30": "$12", "2006-03-31": "$-8", "2005-12-31": "$-134", "2005-09-30": "$25", "2005-06-30": "$50", "2005-03-31": "$61"}}, "ebitda": {"Annaly Capital Management Inc Annual EBITDA (Millions of US $)": {"2019": "$", "2018": "$", "2017": "$", "2016": "$", "2015": "$", "2014": "$", "2013": "$", "2012": "$", "2011": "$", "2010": "$", "2009": "$", "2008": "$", "2007": "$", "2006": "$", "2005": "$"}, "Annaly Capital Management Inc Quarterly EBITDA (Millions of US $)": {"2020-09-30": "", "2020-06-30": "", "2020-03-31": "", "2019-12-31": "", "2019-09-30": "", "2019-06-30": "", "2019-03-31": "", "2018-12-31": "", "2018-09-30": "", "2018-06-30": "", "2018-03-31": "", "2017-12-31": "", "2017-09-30": "", "2017-06-30": "", "2017-03-31": "", "2016-12-31": "", "2016-09-30": "", "2016-06-30": "", "2016-03-31": "", "2015-12-31": "", "2015-09-30": "", "2015-06-30": "", "2015-03-31": "", "2014-12-31": "", "2014-09-30": "", "2014-06-30": "", "2014-03-31": "", "2013-12-31": "", "2013-09-30": "", "2013-06-30": "", "2013-03-31": "", "2012-12-31": "", "2012-09-30": "", "2012-06-30": "", "2012-03-31": "", "2011-12-31": "", "2011-09-30": "", "2011-06-30": "", "2011-03-31": "", "2010-12-31": "", "2010-09-30": "", "2010-06-30": "", "2010-03-31": "", "2009-12-31": "", "2009-09-30": "", "2009-06-30": "", "2009-03-31": "", "2008-12-31": "", "2008-09-30": "", "2008-06-30": "", "2008-03-31": "", "2007-12-31": "", "2007-09-30": "", "2007-06-30": "", "2007-03-31": "", "2006-12-31": "", "2006-09-30": "", "2006-06-30": "", "2006-03-31": "", "2005-12-31": "", "2005-09-30": "", "2005-06-30": "", "2005-03-31": ""}}, "net-income": {"Annaly Capital Management Inc Annual Net Income (Millions of US $)": {"2019": "$-2,299", "2018": "$-75", "2017": "$1,460", "2016": "$1,351", "2015": "$395", "2014": "$-914", "2013": "$3,658", "2012": "$1,696", "2011": "$328", "2010": "$1,249", "2009": "$1,943", "2008": "$325", "2007": "$393", "2006": "$74", "2005": "$-24"}, "Annaly Capital Management Inc Quarterly Net Income (Millions of US $)": {"2020-09-30": "$980", "2020-06-30": "$821", "2020-03-31": "$-3,676", "2019-12-31": "$1,174", "2019-09-30": "$-783", "2019-06-30": "$-1,809", "2019-03-31": "$-882", "2018-12-31": "$-2,287", "2018-09-30": "$354", "2018-06-30": "$565", "2018-03-31": "$1,294", "2017-12-31": "$715", "2017-09-30": "$337", "2017-06-30": "$-9", "2017-03-31": "$417", "2016-12-31": "$1,825", "2016-09-30": "$708", "2016-06-30": "$-296", "2016-03-31": "$-886", "2015-12-31": "$652", "2015-09-30": "$-645", "2015-06-30": "$882", "2015-03-31": "$-494", "2014-12-31": "$-676", "2014-09-30": "$337", "2014-06-30": "$-354", "2014-03-31": "$-221", "2013-12-31": "$1,011", "2013-09-30": "$174", "2013-06-30": "$1,620", "2013-03-31": "$852", "2012-12-31": "$681", "2012-09-30": "$215", "2012-06-30": "$-98", "2012-03-31": "$898", "2011-12-31": "$441", "2011-09-30": "$-926", "2011-06-30": "$117", "2011-03-31": "$696", "2010-12-31": "$1,214", "2010-09-30": "$-19", "2010-06-30": "$-223", "2010-03-31": "$276", "2009-12-31": "$725", "2009-09-30": "$281", "2009-06-30": "$592", "2009-03-31": "$345", "2008-12-31": "$-512", "2008-09-30": "$297", "2008-06-30": "$303", "2008-03-31": "$238", "2007-12-31": "$148", "2007-09-30": "$103", "2007-06-30": "$80", "2007-03-31": "$62", "2006-12-31": "$48", "2006-09-30": "$37", "2006-06-30": "$3", "2006-03-31": "$-15", "2005-12-31": "$-140", "2005-09-30": "$18", "2005-06-30": "$43", "2005-03-31": "$56"}}, "eps-earnings-per-share-diluted": {"Annaly Capital Management Inc Annual EPS": {"2019": "$-1.60", "2018": "$-0.06", "2017": "$1.37", "2016": "$1.39", "2015": "$0.42", "2014": "$-0.96", "2013": "$3.74", "2012": "$1.71", "2011": "$0.37", "2010": "$2.04", "2009": "$3.52", "2008": "$0.64", "2007": "$1.31", "2006": "$0.44", "2005": "$-0.19"}, "Annaly Capital Management Inc Quarterly EPS": {"2020-09-30": "$0.70", "2020-06-30": "$0.58", "2020-03-31": "$-2.57", "2019-12-31": "$0.81", "2019-09-30": "$-0.54", "2019-06-30": "$-1.24", "2019-03-31": "$-0.63", "2018-12-31": "$-1.96", "2018-09-30": "$0.29", "2018-06-30": "$0.49", "2018-03-31": "$1.12", "2017-12-31": "$0.66", "2017-09-30": "$0.31", "2017-06-30": "$-0.01", "2017-03-31": "$0.41", "2016-12-31": "$1.97", "2016-09-30": "$0.70", "2016-06-30": "$-0.32", "2016-03-31": "$-0.96", "2015-12-31": "$0.69", "2015-09-30": "$-0.68", "2015-06-30": "$0.93", "2015-03-31": "$-0.52", "2014-12-31": "$-0.71", "2014-09-30": "$0.35", "2014-06-30": "$-0.37", "2014-03-31": "$-0.23", "2013-12-31": "$1.03", "2013-09-30": "$0.18", "2013-06-30": "$1.64", "2013-03-31": "$0.87", "2012-12-31": "$0.70", "2012-09-30": "$0.22", "2012-06-30": "$-0.10", "2012-03-31": "$0.89", "2011-12-31": "$0.32", "2011-09-30": "$-0.98", "2011-06-30": "$0.14", "2011-03-31": "$0.89", "2010-12-31": "$1.98", "2010-09-30": "$-0.03", "2010-06-30": "$-0.40", "2010-03-31": "$0.49", "2009-12-31": "$1.30", "2009-09-30": "$0.51", "2009-06-30": "$1.08", "2009-03-31": "$0.63", "2008-12-31": "$-1.02", "2008-09-30": "$0.54", "2008-06-30": "$0.59", "2008-03-31": "$0.53", "2007-12-31": "$0.41", "2007-09-30": "$0.32", "2007-06-30": "$0.30", "2007-03-31": "$0.28", "2006-12-31": "$0.34", "2006-09-30": "$0.20", "2006-06-30": "$0.02", "2006-03-31": "$-0.12", "2005-12-31": "$-1.15", "2005-09-30": "$0.14", "2005-06-30": "$0.36", "2005-03-31": "$0.46"}}, "shares-outstanding": {"Annaly Capital Management Inc Annual Shares Outstanding (Millions of Shares)": {"2019": "1,435", "2018": "1,210", "2017": "1,066", "2016": "970", "2015": "947", "2014": "948", "2013": "996", "2012": "1,006", "2011": "875", "2010": "625", "2009": "553", "2008": "507", "2007": "306", "2006": "168", "2005": "122"}, "Annaly Capital Management Inc Quarterly Shares Outstanding (Millions of Shares)": {"2020-09-30": "1,404", "2020-06-30": "1,424", "2020-03-31": "1,431", "2019-12-31": "1,435", "2019-09-30": "1,453", "2019-06-30": "1,456", "2019-03-31": "1,399", "2018-12-31": "1,210", "2018-09-30": "1,202", "2018-06-30": "1,161", "2018-03-31": "1,160", "2017-12-31": "1,066", "2017-09-30": "1,073", "2017-06-30": "1,019", "2017-03-31": "1,019", "2016-12-31": "970", "2016-09-30": "1,008", "2016-06-30": "925", "2016-03-31": "927", "2015-12-31": "947", "2015-09-30": "948", "2015-06-30": "948", "2015-03-31": "948", "2014-12-31": "948", "2014-09-30": "987", "2014-06-30": "948", "2014-03-31": "947", "2013-12-31": "996", "2013-09-30": "956", "2013-06-30": "995", "2013-03-31": "995", "2012-12-31": "1,006", "2012-09-30": "997", "2012-06-30": "975", "2012-03-31": "1,011", "2011-12-31": "875", "2011-09-30": "949", "2011-06-30": "828", "2011-03-31": "791", "2010-12-31": "625", "2010-09-30": "612", "2010-06-30": "560", "2010-03-31": "576", "2009-12-31": "553", "2009-09-30": "553", "2009-06-30": "550", "2009-03-31": "549", "2008-12-31": "507", "2008-09-30": "548", "2008-06-30": "513", "2008-03-31": "453", "2007-12-31": "306", "2007-09-30": "325", "2007-06-30": "274", "2007-03-31": "226", "2006-12-31": "168", "2006-09-30": "190", "2006-06-30": "159", "2006-03-31": "124", "2005-12-31": "122", "2005-09-30": "123", "2005-06-30": "122", "2005-03-31": "122"}}, "total-assets": {"Annaly Capital Management Inc Annual Total Assets (Millions of US $)": {"2019": "$130,295", "2018": "$105,788", "2017": "$101,760", "2016": "$87,905", "2015": "$75,191", "2014": "$88,355", "2013": "$81,922", "2012": "$133,452", "2011": "$109,630", "2010": "$83,027", "2009": "$69,376", "2008": "$57,598", "2007": "$53,904", "2006": "$30,716", "2005": "$16,063"}, "Annaly Capital Management Inc Quarterly Total Assets (Millions of US $)": {"2020-09-30": "$89,192", "2020-06-30": "$93,459", "2020-03-31": "$96,917", "2019-12-31": "$130,295", "2019-09-30": "$128,956", "2019-06-30": "$131,801", "2019-03-31": "$119,173", "2018-12-31": "$105,788", "2018-09-30": "$105,962", "2018-06-30": "$98,833", "2018-03-31": "$100,382", "2017-12-31": "$101,760", "2017-09-30": "$97,574", "2017-06-30": "$84,977", "2017-03-31": "$84,659", "2016-12-31": "$87,905", "2016-09-30": "$86,909", "2016-06-30": "$77,716", "2016-03-31": "$77,444", "2015-12-31": "$75,191", "2015-09-30": "$75,339", "2015-06-30": "$75,546", "2015-03-31": "$78,676", "2014-12-31": "$88,355", "2014-09-30": "$87,388", "2014-06-30": "$87,151", "2014-03-31": "$82,415", "2013-12-31": "$81,922", "2013-09-30": "$93,433", "2013-06-30": "$102,469", "2013-03-31": "$125,502", "2012-12-31": "$133,452", "2012-09-30": "$141,577", "2012-06-30": "$128,305", "2012-03-31": "$120,282", "2011-12-31": "$109,630", "2011-09-30": "$113,632", "2011-06-30": "$100,557", "2011-03-31": "$98,428", "2010-12-31": "$83,027", "2010-09-30": "$82,585", "2010-06-30": "$73,508", "2010-03-31": "$72,719", "2009-12-31": "$69,376", "2009-09-30": "$70,163", "2009-06-30": "$68,267", "2009-03-31": "$60,717", "2008-12-31": "$57,598", "2008-09-30": "$59,966", "2008-06-30": "$61,484", "2008-03-31": "$59,752", "2007-12-31": "$53,904", "2007-09-30": "$45,783", "2007-06-30": "$39,187", "2007-03-31": "$39,585", "2006-12-31": "$30,716", "2006-09-30": "$28,614", "2006-06-30": "$23,784", "2006-03-31": "$16,473", "2005-12-31": "$16,063", "2005-09-30": "$19,087", "2005-06-30": "$19,693", "2005-03-31": "$19,217"}}, "cash-on-hand": {"Annaly Capital Management Inc Annual Cash on Hand (Millions of US $)": {"2019": "$1,851", "2018": "$2,386", "2017": "$707", "2016": "$1,540", "2015": "$1,769", "2014": "$1,841", "2013": "$652", "2012": "$2,427", "2011": "$1,855", "2010": "$1,289", "2009": "$2,258", "2008": "$1,471", "2007": "$116", "2006": "$110", "2005": "$5"}, "Annaly Capital Management Inc Quarterly Cash on Hand (Millions of US $)": {"2020-09-30": "$77,339", "2020-06-30": "$79,200", "2020-03-31": "$82,181", "2019-12-31": "$116,684", "2019-09-30": "$1,794", "2019-06-30": "$1,982", "2019-03-31": "$2,046", "2018-12-31": "$2,386", "2018-09-30": "$2,317", "2018-06-30": "$1,395", "2018-03-31": "$1,185", "2017-12-31": "$707", "2017-09-30": "$868", "2017-06-30": "$701", "2017-03-31": "$1,506", "2016-12-31": "$1,540", "2016-09-30": "$2,382", "2016-06-30": "$2,735", "2016-03-31": "$2,416", "2015-12-31": "$1,769", "2015-09-30": "$2,237", "2015-06-30": "$1,796", "2015-03-31": "$2,031", "2014-12-31": "$1,841", "2014-09-30": "$1,179", "2014-06-30": "$1,321", "2014-03-31": "$1,369", "2013-12-31": "$652", "2013-09-30": "$1,154", "2013-06-30": "$897", "2013-03-31": "$8,442", "2012-12-31": "$2,427", "2012-09-30": "$3,877", "2012-06-30": "$2,950", "2012-03-31": "$3,473", "2011-12-31": "$1,855", "2011-09-30": "$3,834", "2011-06-30": "$996", "2011-03-31": "$1,705", "2010-12-31": "$1,289", "2010-09-30": "$1,047", "2010-06-30": "$637", "2010-03-31": "$1,438", "2009-12-31": "$2,258", "2009-09-30": "$2,050", "2009-06-30": "$1,524", "2009-03-31": "$1,488", "2008-12-31": "$1,471", "2008-09-30": "$1,706", "2008-06-30": "$1,536", "2008-03-31": "$2,351", "2007-12-31": "$116", "2007-09-30": "$101", "2007-06-30": "$104", "2007-03-31": "$104", "2006-12-31": "$110", "2006-09-30": "$90", "2006-06-30": "$54", "2006-03-31": "$2", "2005-12-31": "$5", "2005-09-30": "$2", "2005-06-30": "$4", "2005-03-31": "$2"}}, "long-term-debt": {"Annaly Capital Management Inc Annual Long Term Debt (Millions of US $)": {"2019": "$5,623", "2018": "$3,347", "2017": "$2,972", "2016": "$3,656", "2015": "$2,541", "2014": "$1,106", "2013": "$5,271", "2012": "$3,129", "2011": "$1,345", "2010": "$1,727", "2009": "$29", "2008": "$", "2007": "$", "2006": "$", "2005": "$"}, "Annaly Capital Management Inc Quarterly Long Term Debt (Millions of US $)": {"2020-09-30": "$6,028", "2020-06-30": "", "2020-03-31": "$6,365", "2019-12-31": "$5,623", "2019-09-30": "$3,856", "2019-06-30": "$3,470", "2019-03-31": "$3,694", "2018-12-31": "$3,347", "2018-09-30": "$3,800", "2018-06-30": "$2,729", "2018-03-31": "$3,215", "2017-12-31": "$2,972", "2017-09-30": "$3,358", "2017-06-30": "$3,439", "2017-03-31": "$3,477", "2016-12-31": "$3,656", "2016-09-30": "$4,040", "2016-06-30": "$4,076", "2016-03-31": "$3,803", "2015-12-31": "$2,541", "2015-09-30": "$2,553", "2015-06-30": "$2,611", "2015-03-31": "$2,241", "2014-12-31": "$1,106", "2014-09-30": "$1,097", "2014-06-30": "$1,092", "2014-03-31": "$1,602", "2013-12-31": "$5,271", "2013-09-30": "$4,124", "2013-06-30": "$3,108", "2013-03-31": "$3,155", "2012-12-31": "$3,129", "2012-09-30": "$2,249", "2012-06-30": "$2,359", "2012-03-31": "$1,401", "2011-12-31": "$1,345", "2011-09-30": "$2,014", "2011-06-30": "$1,047", "2011-03-31": "$1,749", "2010-12-31": "$1,727", "2010-09-30": "$1,543", "2010-06-30": "$868", "2010-03-31": "$660", "2009-12-31": "$29", "2009-09-30": "", "2009-06-30": "", "2009-03-31": "", "2008-12-31": "", "2008-09-30": "", "2008-06-30": "", "2008-03-31": "", "2007-12-31": "", "2007-09-30": "", "2007-06-30": "", "2007-03-31": "", "2006-12-31": "", "2006-09-30": "", "2006-06-30": "", "2006-03-31": "", "2005-12-31": "", "2005-09-30": "", "2005-06-30": "", "2005-03-31": ""}}, "total-liabilities": {"Annaly Capital Management Inc Annual Total Liabilities (Millions of US $)": {"2019": "$114,499", "2018": "$91,670", "2017": "$86,888", "2016": "$75,329", "2015": "$63,285", "2014": "$75,022", "2013": "$69,517", "2012": "$117,528", "2011": "$93,837", "2010": "$73,162", "2009": "$59,759", "2008": "$50,318", "2007": "$48,587", "2006": "$28,061", "2005": "$14,559"}, "Annaly Capital Management Inc Quarterly Total Liabilities (Millions of US $)": {"2020-09-30": "$74,998", "2020-06-30": "$79,661", "2020-03-31": "$84,210", "2019-12-31": "$114,499", "2019-09-30": "$113,732", "2019-06-30": "$116,093", "2019-03-31": "$103,391", "2018-12-31": "$91,670", "2018-09-30": "$91,006", "2018-06-30": "$85,059", "2018-03-31": "$86,439", "2017-12-31": "$86,888", "2017-09-30": "$83,419", "2017-06-30": "$72,367", "2017-03-31": "$72,012", "2016-12-31": "$75,329", "2016-09-30": "$73,648", "2016-06-30": "$66,155", "2016-03-31": "$65,786", "2015-12-31": "$63,285", "2015-09-30": "$63,054", "2015-06-30": "$62,951", "2015-03-31": "$65,551", "2014-12-31": "$75,022", "2014-09-30": "$74,277", "2014-06-30": "$73,702", "2014-03-31": "$69,850", "2013-12-31": "$69,517", "2013-09-30": "$80,487", "2013-06-30": "$89,205", "2013-03-31": "$110,196", "2012-12-31": "$117,528", "2012-09-30": "$124,486", "2012-06-30": "$112,020", "2012-03-31": "$104,341", "2011-12-31": "$93,837", "2011-09-30": "$97,688", "2011-06-30": "$86,588", "2011-03-31": "$85,575", "2010-12-31": "$73,162", "2010-09-30": "$72,941", "2010-06-30": "$63,812", "2010-03-31": "$63,075", "2009-12-31": "$59,759", "2009-09-30": "$60,792", "2009-06-30": "$59,536", "2009-03-31": "$52,494", "2008-12-31": "$50,318", "2008-09-30": "$52,821", "2008-06-30": "$54,182", "2008-03-31": "$53,397", "2007-12-31": "$48,587", "2007-09-30": "$41,739", "2007-06-30": "$36,066", "2007-03-31": "$36,166", "2006-12-31": "$28,061", "2006-09-30": "$26,020", "2006-06-30": "$21,940", "2006-03-31": "$15,039", "2005-12-31": "$14,559", "2005-09-30": "$17,527", "2005-06-30": "$17,992", "2005-03-31": "$17,608"}}, "total-share-holder-equity": {"Annaly Capital Management Inc Annual Share Holder Equity (Millions of US $)": {"2019": "$15,796", "2018": "$14,118", "2017": "$14,872", "2016": "$12,576", "2015": "$11,906", "2014": "$13,334", "2013": "$12,405", "2012": "$15,924", "2011": "$15,793", "2010": "$9,905", "2009": "$9,618", "2008": "$7,279", "2007": "$5,316", "2006": "$2,655", "2005": "$1,504"}, "Annaly Capital Management Inc Quarterly Share Holder Equity (Millions of US $)": {"2020-09-30": "$14,195", "2020-06-30": "$13,798", "2020-03-31": "$12,708", "2019-12-31": "$15,796", "2019-09-30": "$15,224", "2019-06-30": "$15,707", "2019-03-31": "$15,781", "2018-12-31": "$14,118", "2018-09-30": "$14,956", "2018-06-30": "$13,774", "2018-03-31": "$13,943", "2017-12-31": "$14,872", "2017-09-30": "$14,155", "2017-06-30": "$12,609", "2017-03-31": "$12,647", "2016-12-31": "$12,576", "2016-09-30": "$13,262", "2016-06-30": "$11,562", "2016-03-31": "$11,658", "2015-12-31": "$11,906", "2015-09-30": "$12,284", "2015-06-30": "$12,595", "2015-03-31": "$13,125", "2014-12-31": "$13,334", "2014-09-30": "$13,111", "2014-06-30": "$13,449", "2014-03-31": "$12,565", "2013-12-31": "$12,405", "2013-09-30": "$12,946", "2013-06-30": "$13,263", "2013-03-31": "$15,306", "2012-12-31": "$15,924", "2012-09-30": "$17,091", "2012-06-30": "$16,285", "2012-03-31": "$15,941", "2011-12-31": "$15,793", "2011-09-30": "$15,944", "2011-06-30": "$13,969", "2011-03-31": "$12,853", "2010-12-31": "$9,905", "2010-09-30": "$9,643", "2010-06-30": "$9,696", "2010-03-31": "$9,644", "2009-12-31": "$9,618", "2009-09-30": "$9,370", "2009-06-30": "$8,731", "2009-03-31": "$8,223", "2008-12-31": "$7,279", "2008-09-30": "$7,144", "2008-06-30": "$7,302", "2008-03-31": "$6,355", "2007-12-31": "$5,316", "2007-09-30": "$4,043", "2007-06-30": "$3,122", "2007-03-31": "$3,418", "2006-12-31": "$2,655", "2006-09-30": "$2,595", "2006-06-30": "$1,844", "2006-03-31": "$1,434", "2005-12-31": "$1,504", "2005-09-30": "$1,559", "2005-06-30": "$1,700", "2005-03-31": "$1,609"}}, "profit-margins": {"current": "-20.12%"}, "gross margin": {"2020-09-30": "-27.46%", "2020-06-30": "-25862.50%", "2020-03-31": "228.33%", "2019-12-31": "-205.15%", "2019-09-30": "206.67%", "2019-06-30": "250.39%", "2019-03-31": "-435.38%", "2018-12-31": "16.75%", "2018-09-30": "67.40%", "2018-06-30": "70.19%", "2018-03-31": "69.61%", "2017-12-31": "64.08%", "2017-09-30": "76.80%", "2017-06-30": "80.88%", "2017-03-31": "80.87%", "2016-12-31": "71.91%", "2016-09-30": "45.88%", "2016-06-30": "239.79%", "2016-03-31": "35.54%", "2015-12-31": "58.50%", "2015-09-30": "381.50%", "2015-06-30": "39.35%", "2015-03-31": "234.64%", "2014-12-31": "545.22%", "2014-09-30": "67.30%", "2014-06-30": "62.88%", "2014-03-31": "83.48%", "2013-12-31": "86.40%", "2013-09-30": "84.29%", "2013-06-30": "83.76%", "2013-03-31": "73.24%", "2012-12-31": "75.03%", "2012-09-30": "74.62%", "2012-06-30": "54.35%", "2012-03-31": "63.38%", "2011-12-31": "57.14%", "2011-09-30": "83.04%", "2011-06-30": "89.15%", "2011-03-31": "87.68%", "2010-12-31": "77.47%", "2010-09-30": "94.03%", "2010-06-30": "83.23%", "2010-03-31": "81.40%", "2009-12-31": "78.73%", "2009-09-30": "37.59%", "2009-06-30": "35.45%", "2009-03-31": "25.51%", "2008-12-31": "20.16%", "2008-09-30": "36.06%", "2008-06-30": "30.92%", "2008-03-31": "24.55%", "2007-12-31": "20.28%", "2007-09-30": "18.17%", "2007-06-30": "17.20%", "2007-03-31": "15.49%", "2006-12-31": "12.40%", "2006-09-30": "-5.45%", "2006-06-30": "-10.61%", "2006-03-31": "-5.60%", "2005-12-31": "5.79%"}, "operating margin": {"2020-09-30": "-51.43%", "2020-06-30": "-29425.00%", "2020-03-31": "242.66%", "2019-12-31": "-238.12%", "2019-09-30": "218.49%", "2019-06-30": "272.53%", "2019-03-31": "-521.87%", "2018-12-31": "2.24%", "2018-09-30": "61.14%", "2018-06-30": "65.00%", "2018-03-31": "63.59%", "2017-12-31": "56.11%", "2017-09-30": "70.97%", "2017-06-30": "74.47%", "2017-03-31": "73.94%", "2016-12-31": "61.18%", "2016-09-30": "23.53%", "2016-06-30": "291.78%", "2016-03-31": "9.38%", "2015-12-31": "40.88%", "2015-09-30": "502.89%", "2015-06-30": "13.84%", "2015-03-31": "289.84%", "2014-12-31": "726.96%", "2014-09-30": "54.16%", "2014-06-30": "47.98%", "2014-03-31": "76.92%", "2013-12-31": "81.35%", "2013-09-30": "79.26%", "2013-06-30": "78.73%", "2013-03-31": "64.98%", "2012-12-31": "66.21%", "2012-09-30": "63.87%", "2012-06-30": "32.73%", "2012-03-31": "44.78%", "2011-12-31": "35.98%", "2011-09-30": "69.86%", "2011-06-30": "81.32%", "2011-03-31": "79.26%", "2010-12-31": "68.42%", "2010-09-30": "78.34%", "2010-06-30": "73.18%", "2010-03-31": "75.82%", "2009-12-31": "73.84%", "2009-09-30": "32.32%", "2009-06-30": "30.87%", "2009-03-31": "20.72%", "2008-12-31": "15.77%", "2008-09-30": "32.96%", "2008-06-30": "27.90%", "2008-03-31": "21.80%", "2007-12-31": "17.55%", "2007-09-30": "15.40%", "2007-06-30": "14.26%", "2007-03-31": "12.15%", "2006-12-31": "8.65%", "2006-09-30": "-10.30%", "2006-06-30": "-15.91%", "2006-03-31": "-11.38%", "2005-12-31": "0.33%"}, "ebitda margin": {"2020-09-30": "0.00%", "2020-06-30": "0.00%", "2020-03-31": "0.00%", "2019-12-31": "0.00%", "2019-09-30": "0.00%", "2019-06-30": "0.00%", "2019-03-31": "0.00%", "2018-12-31": "0.00%", "2018-09-30": "0.00%", "2018-06-30": "0.00%", "2018-03-31": "0.00%", "2017-12-31": "0.00%", "2017-09-30": "0.00%", "2017-06-30": "0.00%", "2017-03-31": "0.00%", "2016-12-31": "0.00%", "2016-09-30": "0.00%", "2016-06-30": "0.00%", "2016-03-31": "0.00%", "2015-12-31": "0.00%", "2015-09-30": "0.00%", "2015-06-30": "0.00%", "2015-03-31": "0.00%", "2014-12-31": "0.00%", "2014-09-30": "0.00%", "2014-06-30": "0.00%", "2014-03-31": "0.00%", "2013-12-31": "0.00%", "2013-09-30": "0.00%", "2013-06-30": "0.00%", "2013-03-31": "0.00%", "2012-12-31": "0.00%", "2012-09-30": "0.00%", "2012-06-30": "0.00%", "2012-03-31": "0.00%", "2011-12-31": "0.00%", "2011-09-30": "0.00%", "2011-06-30": "0.00%", "2011-03-31": "0.00%", "2010-12-31": "0.00%", "2010-09-30": "0.00%", "2010-06-30": "0.00%", "2010-03-31": "0.00%", "2009-12-31": "0.00%", "2009-09-30": "0.00%", "2009-06-30": "0.00%", "2009-03-31": "0.00%", "2008-12-31": "0.00%", "2008-09-30": "0.00%", "2008-06-30": "0.00%", "2008-03-31": "0.00%", "2007-12-31": "0.00%", "2007-09-30": "0.00%", "2007-06-30": "0.00%", "2007-03-31": "0.00%", "2006-12-31": "0.00%", "2006-09-30": "0.00%", "2006-06-30": "0.00%", "2006-03-31": "0.00%", "2005-12-31": "0.00%"}, "pre tax profit margin": {"2020-09-30": "-51.43%", "2020-06-30": "-29425.00%", "2020-03-31": "242.66%", "2019-12-31": "-238.12%", "2019-09-30": "218.49%", "2019-06-30": "272.53%", "2019-03-31": "-521.87%", "2018-12-31": "2.24%", "2018-09-30": "61.14%", "2018-06-30": "65.00%", "2018-03-31": "63.59%", "2017-12-31": "56.11%", "2017-09-30": "70.97%", "2017-06-30": "74.47%", "2017-03-31": "73.94%", "2016-12-31": "61.18%", "2016-09-30": "23.53%", "2016-06-30": "291.78%", "2016-03-31": "9.38%", "2015-12-31": "40.88%", "2015-09-30": "502.89%", "2015-06-30": "13.84%", "2015-03-31": "289.84%", "2014-12-31": "726.96%", "2014-09-30": "54.16%", "2014-06-30": "47.98%", "2014-03-31": "76.92%", "2013-12-31": "81.35%", "2013-09-30": "79.26%", "2013-06-30": "78.73%", "2013-03-31": "64.98%", "2012-12-31": "66.21%", "2012-09-30": "63.87%", "2012-06-30": "32.73%", "2012-03-31": "44.78%", "2011-12-31": "36.07%", "2011-09-30": "70.04%", "2011-06-30": "81.48%", "2011-03-31": "79.45%", "2010-12-31": "68.58%", "2010-09-30": "78.44%", "2010-06-30": "73.18%", "2010-03-31": "75.82%", "2009-12-31": "73.84%", "2009-09-30": "32.32%", "2009-06-30": "30.87%", "2009-03-31": "20.72%", "2008-12-31": "15.77%", "2008-09-30": "32.96%", "2008-06-30": "27.90%", "2008-03-31": "21.80%", "2007-12-31": "17.55%", "2007-09-30": "15.40%", "2007-06-30": "14.26%", "2007-03-31": "12.02%", "2006-12-31": "8.40%", "2006-09-30": "-10.67%", "2006-06-30": "-16.36%", "2006-03-31": "-11.54%", "2005-12-31": "0.33%"}, "net profit margin": {"2020-09-30": "-62.70%", "2020-06-30": "-30800.00%", "2020-03-31": "247.52%", "2019-12-31": "-251.92%", "2019-09-30": "223.29%", "2019-06-30": "279.73%", "2019-03-31": "-552.83%", "2018-12-31": "-3.25%", "2018-09-30": "58.56%", "2018-06-30": "62.08%", "2018-03-31": "60.34%", "2017-12-31": "51.98%", "2017-09-30": "68.21%", "2017-06-30": "72.19%", "2017-03-31": "71.59%", "2016-12-31": "57.76%", "2016-09-30": "16.30%", "2016-06-30": "311.67%", "2016-03-31": "0.40%", "2015-12-31": "34.80%", "2015-09-30": "539.31%", "2015-06-30": "5.90%", "2015-03-31": "309.11%", "2014-12-31": "794.78%", "2014-09-30": "49.08%", "2014-06-30": "42.48%", "2014-03-31": "74.64%", "2013-12-31": "79.59%", "2013-09-30": "77.53%", "2013-06-30": "76.93%", "2013-03-31": "62.01%", "2012-12-31": "63.40%", "2012-09-30": "60.39%", "2012-06-30": "26.10%", "2012-03-31": "38.97%", "2011-12-31": "29.29%", "2011-09-30": "65.97%", "2011-06-30": "78.96%", "2011-03-31": "76.69%", "2010-12-31": "65.68%", "2010-09-30": "73.05%", "2010-06-30": "69.63%", "2010-03-31": "73.69%", "2009-12-31": "71.88%", "2009-09-30": "30.22%", "2009-06-30": "28.95%", "2009-03-31": "18.66%", "2008-12-31": "13.78%", "2008-09-30": "31.55%", "2008-06-30": "26.59%", "2008-03-31": "20.60%", "2007-12-31": "16.27%", "2007-09-30": "13.97%", "2007-06-30": "12.60%", "2007-03-31": "10.01%", "2006-12-31": "6.07%", "2006-09-30": "-13.94%", "2006-06-30": "-20.30%", "2006-03-31": "-15.96%", "2005-12-31": "-3.81%"}, "pe ratio": {"current": "8.08", "2021-02-05": "0.00", "2020-09-30": "0.00", "2020-06-30": "0.00", "2020-03-31": "0.00", "2019-12-31": "0.00", "2019-09-30": "0.00", "2019-06-30": "0.00", "2019-03-31": "0.00", "2018-12-31": "48.11", "2018-09-30": "3.09", "2018-06-30": "3.00", "2018-03-31": "3.67", "2017-12-31": "6.24", "2017-09-30": "3.32", "2017-06-30": "2.77", "2017-03-31": "2.79", "2016-12-31": "5.21", "2016-09-30": "58.55", "2016-06-30": "0.00", "2016-03-31": "0.00", "2015-12-31": "12.59", "2015-09-30": "0.00", "2015-06-30": "97.47", "2015-03-31": "0.00", "2014-12-31": "0.00", "2014-09-30": "6.66", "2014-06-30": "8.87", "2014-03-31": "1.93", "2013-12-31": "1.20", "2013-09-30": "1.50", "2013-06-30": "1.56", "2013-03-31": "3.90", "2012-12-31": "3.31", "2012-09-30": "4.49", "2012-06-30": "25.18", "2012-03-31": "11.72", "2011-12-31": "11.42", "2011-09-30": "2.98", "2011-06-30": "2.08", "2011-03-31": "2.40", "2010-12-31": "2.88", "2010-09-30": "3.81", "2010-06-30": "2.56", "2010-03-31": "1.39", "2009-12-31": "1.30", "2009-09-30": "3.60", "2009-06-30": "2.83", "2009-03-31": "4.00", "2008-12-31": "5.04", "2008-09-30": "1.45", "2008-06-30": "1.81", "2008-03-31": "2.07", "2007-12-31": "2.85", "2007-09-30": "2.76", "2007-06-30": "2.75", "2007-03-31": "3.20", "2006-12-31": "5.06"}, "price sales": {"2021-02-05": "10.75", "2020-09-30": "8.70", "2020-06-30": "0.00", "2020-03-31": "0.00", "2019-12-31": "12.83", "2019-09-30": "0.00", "2019-06-30": "0.00", "2019-03-31": "20.58", "2018-12-31": "3.87", "2018-09-30": "1.78", "2018-06-30": "1.82", "2018-03-31": "2.14", "2017-12-31": "3.11", "2017-09-30": "2.21", "2017-06-30": "1.95", "2017-03-31": "1.93", "2016-12-31": "2.70", "2016-09-30": "6.00", "2016-06-30": "0.00", "2016-03-31": "7.59", "2015-12-31": "4.41", "2015-09-30": "0.00", "2015-06-30": "5.70", "2015-03-31": "0.00", "2014-12-31": "0.00", "2014-09-30": "3.29", "2014-06-30": "3.73", "2014-03-31": "1.45", "2013-12-31": "0.97", "2013-09-30": "1.17", "2013-06-30": "1.21", "2013-03-31": "2.44", "2012-12-31": "2.10", "2012-09-30": "2.60", "2012-06-30": "5.02", "2012-03-31": "3.92", "2011-12-31": "3.81", "2011-09-30": "2.13", "2011-06-30": "1.61", "2011-03-31": "1.73", "2010-12-31": "1.75", "2010-09-30": "2.86", "2010-06-30": "1.79", "2010-03-31": "1.03", "2009-12-31": "0.93", "2009-09-30": "1.08", "2009-06-30": "0.81", "2009-03-31": "0.75", "2008-12-31": "0.76", "2008-09-30": "0.41", "2008-06-30": "0.42", "2008-03-31": "0.38", "2007-12-31": "0.42", "2007-09-30": "0.36", "2007-06-30": "0.32", "2007-03-31": "0.36", "2006-12-31": "0.35"}, "price book": {"current": "0.98", "2021-02-05": "0.85", "2020-09-30": "0.69", "2020-06-30": "0.63", "2020-03-31": "0.52", "2019-12-31": "0.75", "2019-09-30": "0.71", "2019-06-30": "0.70", "2019-03-31": "0.74", "2018-12-31": "0.72", "2018-09-30": "0.68", "2018-06-30": "0.64", "2018-03-31": "0.62", "2017-12-31": "0.65", "2017-09-30": "0.64", "2017-06-30": "0.65", "2017-03-31": "0.58", "2016-12-31": "0.51", "2016-09-30": "0.49", "2016-06-30": "0.53", "2016-03-31": "0.47", "2015-12-31": "0.42", "2015-09-30": "0.42", "2015-06-30": "0.37", "2015-03-31": "0.39", "2014-12-31": "0.38", "2014-09-30": "0.38", "2014-06-30": "0.38", "2014-03-31": "0.38", "2013-12-31": "0.34", "2013-09-30": "0.37", "2013-06-30": "0.38", "2013-03-31": "0.40", "2012-12-31": "0.33", "2012-09-30": "0.37", "2012-06-30": "0.38", "2012-03-31": "0.35", "2011-12-31": "0.34", "2011-09-30": "0.34", "2011-06-30": "0.35", "2011-03-31": "0.34", "2010-12-31": "0.35", "2010-09-30": "0.33", "2010-06-30": "0.28", "2010-03-31": "0.27", "2009-12-31": "0.26", "2009-09-30": "0.27", "2009-06-30": "0.23", "2009-03-31": "0.21", "2008-12-31": "0.27", "2008-09-30": "0.22", "2008-06-30": "0.24", "2008-03-31": "0.23", "2007-12-31": "0.27", "2007-09-30": "0.25", "2007-06-30": "0.24", "2007-03-31": "0.22", "2006-12-31": "0.20", "2006-09-30": "0.19", "2006-06-30": "0.21", "2006-03-31": "0.19"}, "price fcf": {"2021-02-05": "", "2020-09-30": "$0.58", "2020-06-30": "$-0.60", "2020-03-31": "$-1.56", "2019-12-31": "$-0.82", "2019-09-30": "$-1.99", "2019-06-30": "$-0.96", "2019-03-31": "$0.35", "2018-12-31": "$2.17", "2018-09-30": "$3.37", "2018-06-30": "$3.39", "2018-03-31": "$2.90", "2017-12-31": "$1.53", "2017-09-30": "$1.48", "2017-06-30": "$-0.28", "2017-03-31": "$1.56", "2016-12-31": "$1.63", "2016-09-30": "$0.82", "2016-06-30": "$3.01", "2016-03-31": "$1.33", "2015-12-31": "$-3.85", "2015-09-30": "$-2.24", "2015-06-30": "$-4.57", "2015-03-31": "$-3.39", "2014-12-31": "$6.47", "2014-09-30": "$-0.88", "2014-06-30": "$0.99", "2014-03-31": "$-4.51", "2013-12-31": "$-12.95", "2013-09-30": "$-6.92", "2013-06-30": "$-3.93", "2013-03-31": "$-1.25", "2012-12-31": "$7.60", "2012-09-30": "$5.81", "2012-06-30": "$3.68", "2012-03-31": "$1.44", "2011-12-31": "$2.77", "2011-09-30": "$10.66", "2011-06-30": "$9.19", "2011-03-31": "$20.48", "2010-12-31": "$17.37", "2010-09-30": "$15.04", "2010-06-30": "$23.22", "2010-03-31": "$20.61", "2009-12-31": "$19.56", "2009-09-30": "$16.16", "2009-06-30": "$8.68", "2009-03-31": "$3.95", "2008-12-31": "$2.19", "2008-09-30": "$2.41", "2008-06-30": "$2.11", "2008-03-31": "$1.90", "2007-12-31": "$1.72", "2007-09-30": "$1.46", "2007-06-30": "$1.44", "2007-03-31": "$1.17", "2006-12-31": "$1.32"}, "net worth": {"value": "$11.98B"}, "current ratio": {"2020-09-30": "1.25", "2020-06-30": "1.14", "2020-03-31": "1.20", "2019-12-31": "1.20", "2019-09-30": "0.06", "2019-06-30": "0.06", "2019-03-31": "0.09", "2018-12-31": "0.09", "2018-09-30": "0.11", "2018-06-30": "0.02", "2018-03-31": "0.02", "2017-12-31": "0.05", "2017-09-30": "0.03", "2017-06-30": "0.03", "2017-03-31": "1.19", "2016-12-31": "0.04", "2016-09-30": "0.06", "2016-06-30": "0.09", "2016-03-31": "0.06", "2015-12-31": "0.05", "2015-09-30": "0.06", "2015-06-30": "0.05", "2015-03-31": "0.09", "2014-12-31": "0.06", "2014-09-30": "0.05", "2014-06-30": "0.05", "2014-03-31": "0.06", "2013-12-31": "0.08", "2013-09-30": "0.08", "2013-06-30": "0.06", "2013-03-31": "0.14", "2012-12-31": "0.06", "2012-09-30": "0.08", "2012-06-30": "0.06", "2012-03-31": "0.06", "2011-12-31": "0.04", "2011-09-30": "0.06", "2011-06-30": "0.03", "2011-03-31": "0.04", "2010-12-31": "0.04", "2010-09-30": "0.06", "2010-06-30": "0.06", "2010-03-31": "0.09", "2009-12-31": "0.06", "2009-09-30": "0.05", "2009-06-30": "0.06", "2009-03-31": "0.04", "2008-12-31": "0.05", "2008-09-30": "0.05", "2008-06-30": "0.05", "2008-03-31": "0.07", "2007-12-31": "0.01", "2007-09-30": "0.02", "2007-06-30": "0.01", "2007-03-31": "0.01", "2006-12-31": "0.01", "2006-09-30": "0.01", "2006-06-30": "0.01", "2006-03-31": "0.01", "2005-12-31": "0.01", "2005-09-30": "0.02", "2005-06-30": "0.03", "2005-03-31": "0.03"}, "quick ratio": {"2020-09-30": "0.00", "2020-06-30": "0.00", "2020-03-31": "0.00", "2019-12-31": "0.00", "2019-09-30": "0.00", "2019-06-30": "0.00", "2019-03-31": "0.00", "2018-12-31": "0.00", "2018-09-30": "0.00", "2018-06-30": "0.00", "2018-03-31": "0.00", "2017-12-31": "0.00", "2017-09-30": "0.00", "2017-06-30": "0.00", "2017-03-31": "0.00", "2016-12-31": "0.00", "2016-09-30": "0.00", "2016-06-30": "0.00", "2016-03-31": "0.00", "2015-12-31": "0.00", "2015-09-30": "0.00", "2015-06-30": "0.00", "2015-03-31": "0.00", "2014-12-31": "0.00", "2014-09-30": "0.00", "2014-06-30": "0.00", "2014-03-31": "0.00", "2013-12-31": "0.00", "2013-09-30": "0.00", "2013-06-30": "0.00", "2013-03-31": "0.00", "2012-12-31": "0.00", "2012-09-30": "0.00", "2012-06-30": "0.00", "2012-03-31": "0.00", "2011-12-31": "0.00", "2011-09-30": "0.00", "2011-06-30": "0.00", "2011-03-31": "0.00", "2010-12-31": "0.00", "2010-09-30": "0.00", "2010-06-30": "0.00", "2010-03-31": "0.00", "2009-12-31": "0.00", "2009-09-30": "0.00", "2009-06-30": "0.00", "2009-03-31": "0.00", "2008-12-31": "0.00", "2008-09-30": "0.00", "2008-06-30": "0.00", "2008-03-31": "0.00", "2007-12-31": "0.00", "2007-09-30": "0.00", "2007-06-30": "0.00", "2007-03-31": "0.00", "2006-12-31": "0.00", "2006-09-30": "0.00", "2006-06-30": "0.00", "2006-03-31": "0.00", "2005-12-31": "0.00", "2005-09-30": "0.00", "2005-06-30": "0.00", "2005-03-31": "0.00"}, "debt equity ratio": {"current": "0.49", "2020-09-30": "5.28", "2020-06-30": "5.77", "2020-03-31": "6.63", "2019-12-31": "7.25", "2019-09-30": "7.47", "2019-06-30": "7.39", "2019-03-31": "6.55", "2018-12-31": "6.49", "2018-09-30": "6.09", "2018-06-30": "6.18", "2018-03-31": "6.20", "2017-12-31": "5.84", "2017-09-30": "5.89", "2017-06-30": "5.74", "2017-03-31": "5.69", "2016-12-31": "5.99", "2016-09-30": "5.55", "2016-06-30": "5.72", "2016-03-31": "5.64", "2015-12-31": "5.32", "2015-09-30": "5.13", "2015-06-30": "5.00", "2015-03-31": "5.00", "2014-12-31": "5.63", "2014-09-30": "5.67", "2014-06-30": "5.48", "2014-03-31": "5.56", "2013-12-31": "5.60", "2013-09-30": "6.22", "2013-06-30": "6.73", "2013-03-31": "7.20", "2012-12-31": "7.38", "2012-09-30": "7.28", "2012-06-30": "6.88", "2012-03-31": "6.55", "2011-12-31": "5.94", "2011-09-30": "6.13", "2011-06-30": "6.20", "2011-03-31": "6.66", "2010-12-31": "7.39", "2010-09-30": "7.56", "2010-06-30": "6.58", "2010-03-31": "6.54", "2009-12-31": "6.21", "2009-09-30": "6.49", "2009-06-30": "6.82", "2009-03-31": "6.38", "2008-12-31": "6.91", "2008-09-30": "7.39", "2008-06-30": "7.42", "2008-03-31": "8.40", "2007-12-31": "9.14", "2007-09-30": "10.32", "2007-06-30": "11.55", "2007-03-31": "10.58", "2006-12-31": "10.57", "2006-09-30": "10.03", "2006-06-30": "11.90", "2006-03-31": "10.49", "2005-12-31": "9.68", "2005-09-30": "11.24", "2005-06-30": "10.58", "2005-03-31": "10.94"}, "return on equity": {"2020-09-30": "-4.96%", "2020-06-30": "-17.13%", "2020-03-31": "-34.28%", "2019-12-31": "-14.72%", "2019-09-30": "-37.88%", "2019-06-30": "-30.54%", "2019-03-31": "-15.35%", "2018-12-31": "-0.52%", "2018-09-30": "20.35%", "2018-06-30": "20.52%", "2018-03-31": "16.82%", "2017-12-31": "10.76%", "2017-09-30": "19.77%", "2017-06-30": "23.02%", "2017-03-31": "21.21%", "2016-12-31": "11.02%", "2016-09-30": "1.47%", "2016-06-30": "-9.91%", "2016-03-31": "0.02%", "2015-12-31": "3.17%", "2015-09-30": "-7.27%", "2015-06-30": "0.38%", "2015-03-31": "-8.96%", "2014-12-31": "-6.97%", "2014-09-30": "6.00%", "2014-06-30": "4.75%", "2014-03-31": "20.20%", "2013-12-31": "27.13%", "2013-09-30": "23.17%", "2013-06-30": "21.88%", "2013-03-31": "10.22%", "2012-12-31": "10.40%", "2012-09-30": "8.94%", "2012-06-30": "1.97%", "2012-03-31": "3.44%", "2011-12-31": "2.24%", "2011-09-30": "8.36%", "2011-06-30": "17.32%", "2011-03-31": "15.85%", "2010-12-31": "12.84%", "2010-09-30": "7.87%", "2010-06-30": "11.05%", "2010-03-31": "20.06%", "2009-12-31": "21.62%", "2009-09-30": "8.40%", "2009-06-30": "9.20%", "2009-03-31": "5.78%", "2008-12-31": "4.64%", "2008-09-30": "15.10%", "2008-06-30": "13.76%", "2008-03-31": "12.08%", "2007-12-31": "9.89%", "2007-09-30": "8.85%", "2007-06-30": "7.70%", "2007-03-31": "5.71%", "2006-12-31": "3.42%", "2006-09-30": "-6.24%", "2006-06-30": "-8.45%", "2006-03-31": "-6.07%", "2005-12-31": "-1.44%"}, "return on assets": {"2020-09-30": "-0.68%", "2020-06-30": "-2.19%", "2020-03-31": "-4.18%", "2019-12-31": "-1.80%", "2019-09-30": "-4.74%", "2019-06-30": "-4.00%", "2019-03-31": "-2.09%", "2018-12-31": "-0.07%", "2018-09-30": "2.88%", "2018-06-30": "2.92%", "2018-03-31": "2.43%", "2017-12-31": "1.58%", "2017-09-30": "2.89%", "2017-06-30": "3.42%", "2017-03-31": "3.15%", "2016-12-31": "1.64%", "2016-09-30": "0.22%", "2016-06-30": "-1.54%", "2016-03-31": "0.00%", "2015-12-31": "0.52%", "2015-09-30": "-1.17%", "2015-06-30": "0.06%", "2015-03-31": "-1.39%", "2014-12-31": "-1.06%", "2014-09-30": "0.91%", "2014-06-30": "0.71%", "2014-03-31": "2.87%", "2013-12-31": "3.63%", "2013-09-30": "2.93%", "2013-06-30": "2.68%", "2013-03-31": "1.25%", "2012-12-31": "1.30%", "2012-09-30": "1.17%", "2012-06-30": "0.27%", "2012-03-31": "0.48%", "2011-12-31": "0.31%", "2011-09-30": "1.11%", "2011-06-30": "2.20%", "2011-03-31": "1.98%", "2010-12-31": "1.60%", "2010-09-30": "1.02%", "2010-06-30": "1.48%", "2010-03-31": "2.67%", "2009-12-31": "2.89%", "2009-09-30": "1.10%", "2009-06-30": "1.17%", "2009-03-31": "0.72%", "2008-12-31": "0.55%", "2008-09-30": "1.68%", "2008-06-30": "1.43%", "2008-03-31": "1.15%", "2007-12-31": "0.88%", "2007-09-30": "0.75%", "2007-06-30": "0.66%", "2007-03-31": "0.49%", "2006-12-31": "0.29%", "2006-09-30": "-0.54%", "2006-06-30": "-0.71%", "2006-03-31": "-0.53%", "2005-12-31": "-0.12%"}, "return on investments": {"2020-09-30": "-3.79%", "2020-06-30": "-15.81%", "2020-03-31": "-25.37%", "2019-12-31": "-10.99%", "2019-09-30": "-29.98%", "2019-06-30": "-24.07%", "2019-03-31": "-11.77%", "2018-12-31": "0.29%", "2018-09-30": "17.40%", "2018-06-30": "17.67%", "2018-03-31": "14.37%", "2017-12-31": "9.34%", "2017-09-30": "16.23%", "2017-06-30": "18.47%", "2017-03-31": "16.79%", "2016-12-31": "8.86%", "2016-09-30": "1.64%", "2016-06-30": "-7.29%", "2016-03-31": "0.47%", "2015-12-31": "3.10%", "2015-09-30": "-5.81%", "2015-06-30": "0.78%", "2015-03-31": "-7.60%", "2014-12-31": "-5.83%", "2014-09-30": "5.63%", "2014-06-30": "4.34%", "2014-03-31": "16.32%", "2013-12-31": "21.49%", "2013-09-30": "19.17%", "2013-06-30": "18.83%", "2013-03-31": "9.16%", "2012-12-31": "9.52%", "2012-09-30": "8.50%", "2012-06-30": "2.22%", "2012-03-31": "3.61%", "2011-12-31": "2.49%", "2011-09-30": "7.88%", "2011-06-30": "15.78%", "2011-03-31": "14.37%", "2010-12-31": "11.90%", "2010-09-30": "7.81%", "2010-06-30": "14.59%", "2010-03-31": "38.65%", "2009-12-31": "82.76%", "2009-09-30": "inf%", "2009-06-30": "inf%", "2009-03-31": "inf%", "2008-12-31": "inf%", "2008-09-30": "inf%", "2008-06-30": "inf%", "2008-03-31": "inf%", "2007-12-31": "inf%", "2007-09-30": "inf%", "2007-06-30": "inf%", "2007-03-31": "inf%", "2006-12-31": "inf%", "2006-09-30": "inf%", "2006-06-30": "inf%", "2006-03-31": "inf%", "2005-12-31": "inf%"}, "return on tangible equity": {"2020-09-30": "-5.00%", "2020-06-30": "-17.38%", "2020-03-31": "-34.73%", "2019-12-31": "-14.90%", "2019-09-30": "-38.37%", "2019-06-30": "-30.74%", "2019-03-31": "-15.61%", "2018-12-31": "-0.53%", "2018-09-30": "20.71%", "2018-06-30": "20.88%", "2018-03-31": "17.12%", "2017-12-31": "10.96%", "2017-09-30": "20.43%", "2017-06-30": "23.81%", "2017-03-31": "21.68%", "2016-12-31": "11.27%", "2016-09-30": "1.49%", "2016-06-30": "-10.00%", "2016-03-31": "0.02%", "2015-12-31": "3.19%", "2015-09-30": "-7.32%", "2015-06-30": "0.38%", "2015-03-31": "-9.03%", "2014-12-31": "-7.03%", "2014-09-30": "6.04%", "2014-06-30": "4.79%", "2014-03-31": "20.36%", "2013-12-31": "27.32%", "2013-09-30": "23.31%", "2013-06-30": "21.98%", "2013-03-31": "10.26%", "2012-12-31": "10.44%", "2012-09-30": "8.98%", "2012-06-30": "1.98%", "2012-03-31": "3.45%", "2011-12-31": "2.25%", "2011-09-30": "8.40%", "2011-06-30": "17.41%", "2011-03-31": "15.93%", "2010-12-31": "12.90%", "2010-09-30": "7.90%", "2010-06-30": "11.10%", "2010-03-31": "20.15%", "2009-12-31": "21.72%", "2009-09-30": "8.44%", "2009-06-30": "9.25%", "2009-03-31": "5.81%", "2008-12-31": "4.67%", "2008-09-30": "15.17%", "2008-06-30": "13.84%", "2008-03-31": "12.17%", "2007-12-31": "9.97%", "2007-09-30": "8.95%", "2007-06-30": "7.79%", "2007-03-31": "5.78%", "2006-12-31": "3.48%", "2006-09-30": "-6.36%", "2006-06-30": "-8.65%", "2006-03-31": "-6.22%", "2005-12-31": "-1.48%"}, "dividend yield history": {"last payout": "$0.88", "last yield": "10.27%"}}