{"ticker": "ANSS", "price": {"title": "ANSYS Historical Annual Stock Price Data", "value": 379.48, "historical": {"2021": {"Average Stock Price": "367.8250", "Year Open": "357.6700", "Year High": "379.4800", "Year Low": "348.8500", "Year Close": "379.4800", "Annual % Change": "4.31%"}, "2020": {"Average Stock Price": "293.3842", "Year Open": "259.5900", "Year High": "364.1700", "Year Low": "204.4600", "Year Close": "363.8000", "Annual % Change": "41.33%"}, "2019": {"Average Stock Price": "202.1379", "Year Open": "143.0100", "Year High": "258.8900", "Year Low": "137.6400", "Year Close": "257.4100", "Annual % Change": "80.08%"}, "2018": {"Average Stock Price": "165.2181", "Year Open": "148.5500", "Year High": "189.5100", "Year Low": "136.8100", "Year Close": "142.9400", "Annual % Change": "-3.15%"}, "2017": {"Average Stock Price": "121.3648", "Year Open": "93.3500", "Year High": "153.4000", "Year Low": "93.2400", "Year Close": "147.5900", "Annual % Change": "59.57%"}, "2016": {"Average Stock Price": "90.0235", "Year Open": "90.1000", "Year High": "98.5100", "Year Low": "81.9200", "Year Close": "92.4900", "Annual % Change": "-0.01%"}, "2015": {"Average Stock Price": "89.4468", "Year Open": "81.6400", "Year High": "97.7700", "Year Low": "79.2600", "Year Close": "92.5000", "Annual % Change": "12.80%"}, "2014": {"Average Stock Price": "78.3782", "Year Open": "86.0100", "Year High": "86.0100", "Year Low": "72.2100", "Year Close": "82.0000", "Annual % Change": "-5.96%"}, "2013": {"Average Stock Price": "80.1864", "Year Open": "70.0500", "Year High": "89.5500", "Year Low": "69.7700", "Year Close": "87.2000", "Annual % Change": "29.49%"}, "2012": {"Average Stock Price": "65.0912", "Year Open": "57.3900", "Year High": "73.8400", "Year Low": "56.1900", "Year Close": "67.3400", "Annual % Change": "17.56%"}, "2011": {"Average Stock Price": "53.8465", "Year Open": "52.5700", "Year High": "61.9800", "Year Low": "45.9800", "Year Close": "57.2800", "Annual % Change": "10.01%"}, "2010": {"Average Stock Price": "44.4038", "Year Open": "44.6400", "Year High": "53.2500", "Year Low": "38.7800", "Year Close": "52.0700", "Annual % Change": "19.81%"}, "2009": {"Average Stock Price": "32.1906", "Year Open": "28.7400", "Year High": "43.7800", "Year Low": "18.0600", "Year Close": "43.4600", "Annual % Change": "55.83%"}, "2008": {"Average Stock Price": "37.7836", "Year Open": "40.3700", "Year High": "49.1500", "Year Low": "24.1000", "Year Close": "27.8900", "Annual % Change": "-32.73%"}, "2007": {"Average Stock Price": "30.2388", "Year Open": "22.0950", "Year High": "42.1200", "Year Low": "21.5950", "Year Close": "41.4600", "Annual % Change": "90.66%"}, "2006": {"Average Stock Price": "23.6299", "Year Open": "19.7950", "Year High": "28.7000", "Year Low": "18.0900", "Year Close": "21.7450", "Annual % Change": "1.87%"}, "2005": {"Average Stock Price": "18.1238", "Year Open": "16.1250", "Year High": "22.5450", "Year Low": "14.4000", "Year Close": "21.3450", "Annual % Change": "33.16%"}, "2004": {"Average Stock Price": "11.7037", "Year Open": "9.9350", "Year High": "16.5800", "Year Low": "9.0950", "Year Close": "16.0300", "Annual % Change": "61.51%"}, "2003": {"Average Stock Price": "7.7585", "Year Open": "5.0625", "Year High": "10.3225", "Year Low": "4.6275", "Year Close": "9.9250", "Annual % Change": "96.53%"}, "2002": {"Average Stock Price": "5.5298", "Year Open": "6.0200", "Year High": "7.2800", "Year Low": "3.5025", "Year Close": "5.0500", "Annual % Change": "-18.05%"}, "2001": {"Average Stock Price": "4.1559", "Year Open": "2.9375", "Year High": "6.9325", "Year Low": "2.5325", "Year Close": "6.1625", "Annual % Change": "119.11%"}, "2000": {"Average Stock Price": "2.7619", "Year Open": "2.7650", "Year High": "3.5775", "Year Low": "2.1720", "Year Close": "2.8125", "Annual % Change": "2.27%"}, "1999": {"Average Stock Price": "2.3083", "Year Open": "2.7350", "Year High": "2.9700", "Year Low": "1.6250", "Year Close": "2.7500", "Annual % Change": "0.00%"}, "1998": {"Average Stock Price": "2.2457", "Year Open": "1.7500", "Year High": "2.9375", "Year Low": "1.4375", "Year Close": "2.7500", "Annual % Change": "57.14%"}, "1997": {"Average Stock Price": "2.1012", "Year Open": "3.2500", "Year High": "3.2500", "Year Low": "1.4063", "Year Close": "1.7500", "Annual % Change": "-48.15%"}}}, "market cap": {"value": "$32.59B"}, "income statement": {"Revenue": {"2019-12-31": "1515.89200", "2018-12-31": "1293.63600", "2017-12-31": "1095.25000", "2016-12-31": "988.46500", "2015-12-31": "942.75300", "2014-12-31": "936.02100", "2013-12-31": "861.26000", "2012-12-31": "798.01800", "2011-12-31": "691.44900", "2010-12-31": "580.23600", "2009-12-31": "516.88500", "2008-12-31": "478.33900", "2007-12-31": "385.34000", "2006-12-31": "263.64000", "2005-12-31": "158.03600"}, "Cost Of Goods Sold": {"2019-12-31": "166.27300", "2018-12-31": "155.88500", "2017-12-31": "150.16400", "2016-12-31": "146.86000", "2015-12-31": "147.24600", "2014-12-31": "153.38600", "2013-12-31": "146.69200", "2012-12-31": "139.51600", "2011-12-31": "119.01400", "2010-12-31": "100.87900", "2009-12-31": "97.23600", "2008-12-31": "91.41400", "2007-12-31": "78.04700", "2006-12-31": "56.72700", "2005-12-31": "24.03900"}, "Gross Profit": {"2019-12-31": "1349.61900", "2018-12-31": "1137.75100", "2017-12-31": "945.08600", "2016-12-31": "841.60500", "2015-12-31": "795.50700", "2014-12-31": "782.63500", "2013-12-31": "714.56800", "2012-12-31": "658.50200", "2011-12-31": "572.43500", "2010-12-31": "479.35700", "2009-12-31": "419.64900", "2008-12-31": "386.92500", "2007-12-31": "307.29300", "2006-12-31": "206.91300", "2005-12-31": "133.99700"}, "Research And Development Expenses": {"2019-12-31": "298.21000", "2018-12-31": "233.80200", "2017-12-31": "202.74600", "2016-12-31": "183.09300", "2015-12-31": "168.83100", "2014-12-31": "165.42100", "2013-12-31": "151.43900", "2012-12-31": "132.62800", "2011-12-31": "108.53000", "2010-12-31": "88.99000", "2009-12-31": "79.85600", "2008-12-31": "71.59400", "2007-12-31": "56.48100", "2006-12-31": "49.40600", "2005-12-31": "30.68800"}, "SG&A Expenses": {"2019-12-31": "521.20000", "2018-12-31": "413.58000", "2017-12-31": "338.64000", "2016-12-31": "269.51500", "2015-12-31": "253.60300", "2014-12-31": "246.37600", "2013-12-31": "218.90700", "2012-12-31": "205.17800", "2011-12-31": "180.35700", "2010-12-31": "155.09600", "2009-12-31": "137.26400", "2008-12-31": "134.88700", "2007-12-31": "115.10800", "2006-12-31": "86.90100", "2005-12-31": "43.28500"}, "Other Operating Income Or Expenses": {"2019-12-31": "", "2018-12-31": "", "2017-12-31": "", "2016-12-31": "", "2015-12-31": "", "2014-12-31": "", "2013-12-31": "", "2012-12-31": "", "2011-12-31": "", "2010-12-31": "", "2009-12-31": "", "2008-12-31": "", "2007-12-31": "", "2006-12-31": "", "2005-12-31": ""}, "Operating Expenses": {"2019-12-31": "1000.85200", "2018-12-31": "817.06200", "2017-12-31": "704.52200", "2016-12-31": "612.22300", "2015-12-31": "589.07400", "2014-12-31": "588.57100", "2013-12-31": "539.39700", "2012-12-31": "503.76500", "2011-12-31": "425.89000", "2010-12-31": "360.96800", "2009-12-31": "333.40800", "2008-12-31": "308.60800", "2007-12-31": "258.57100", "2006-12-31": "227.48400", "2005-12-31": "99.19600"}, "Operating Income": {"2019-12-31": "515.04000", "2018-12-31": "476.57400", "2017-12-31": "390.72800", "2016-12-31": "376.24200", "2015-12-31": "353.67900", "2014-12-31": "347.45000", "2013-12-31": "321.86300", "2012-12-31": "294.25300", "2011-12-31": "265.55900", "2010-12-31": "219.26800", "2009-12-31": "183.47700", "2008-12-31": "169.73100", "2007-12-31": "126.76900", "2006-12-31": "36.15600", "2005-12-31": "58.84000"}, "Total Non-Operating Income/Expense": {"2019-12-31": "7.54300", "2018-12-31": "10.51100", "2017-12-31": "4.96600", "2016-12-31": "4.07300", "2015-12-31": "3.08600", "2014-12-31": "0.68900", "2013-12-31": "0.62600", "2012-12-31": "-0.70600", "2011-12-31": "-0.70100", "2010-12-31": "-2.87400", "2009-12-31": "-9.94800", "2008-12-31": "-3.04000", "2007-12-31": "-2.50600", "2006-12-31": "-3.09500", "2005-12-31": "4.27100"}, "Pre-Tax Income": {"2019-12-31": "522.58300", "2018-12-31": "487.08500", "2017-12-31": "395.69400", "2016-12-31": "380.31500", "2015-12-31": "356.76500", "2014-12-31": "348.13900", "2013-12-31": "322.48900", "2012-12-31": "293.54700", "2011-12-31": "264.85800", "2010-12-31": "216.39400", "2009-12-31": "173.52900", "2008-12-31": "166.69100", "2007-12-31": "124.26300", "2006-12-31": "33.06100", "2005-12-31": "63.11100"}, "Income Taxes": {"2019-12-31": "71.28800", "2018-12-31": "67.71000", "2017-12-31": "136.44300", "2016-12-31": "114.67900", "2015-12-31": "104.24400", "2014-12-31": "93.44900", "2013-12-31": "77.16200", "2012-12-31": "90.06400", "2011-12-31": "84.18300", "2010-12-31": "63.26200", "2009-12-31": "57.13800", "2008-12-31": "55.02000", "2007-12-31": "41.87100", "2006-12-31": "18.90500", "2005-12-31": "19.20800"}, "Income After Taxes": {"2019-12-31": "451.29500", "2018-12-31": "419.37500", "2017-12-31": "259.25100", "2016-12-31": "265.63600", "2015-12-31": "252.52100", "2014-12-31": "254.69000", "2013-12-31": "245.32700", "2012-12-31": "203.48300", "2011-12-31": "180.67500", "2010-12-31": "153.13200", "2009-12-31": "116.39100", "2008-12-31": "111.67100", "2007-12-31": "82.39200", "2006-12-31": "14.15600", "2005-12-31": "43.90300"}, "Other Income": {"2019-12-31": "", "2018-12-31": "", "2017-12-31": "", "2016-12-31": "", "2015-12-31": "", "2014-12-31": "", "2013-12-31": "", "2012-12-31": "", "2011-12-31": "", "2010-12-31": "", "2009-12-31": "", "2008-12-31": "", "2007-12-31": "", "2006-12-31": "", "2005-12-31": ""}, "Income From Continuous Operations": {"2019-12-31": "451.29500", "2018-12-31": "419.37500", "2017-12-31": "259.25100", "2016-12-31": "265.63600", "2015-12-31": "252.52100", "2014-12-31": "254.69000", "2013-12-31": "245.32700", "2012-12-31": "203.48300", "2011-12-31": "180.67500", "2010-12-31": "153.13200", "2009-12-31": "116.39100", "2008-12-31": "111.67100", "2007-12-31": "82.39200", "2006-12-31": "14.15600", "2005-12-31": "43.90300"}, "Income From Discontinued Operations": {"2019-12-31": "", "2018-12-31": "", "2017-12-31": "", "2016-12-31": "", "2015-12-31": "", "2014-12-31": "", "2013-12-31": "", "2012-12-31": "", "2011-12-31": "", "2010-12-31": "", "2009-12-31": "", "2008-12-31": "", "2007-12-31": "", "2006-12-31": "", "2005-12-31": ""}, "Net Income": {"2019-12-31": "451.29500", "2018-12-31": "419.37500", "2017-12-31": "259.25100", "2016-12-31": "265.63600", "2015-12-31": "252.52100", "2014-12-31": "254.69000", "2013-12-31": "245.32700", "2012-12-31": "203.48300", "2011-12-31": "180.67500", "2010-12-31": "153.13200", "2009-12-31": "116.39100", "2008-12-31": "111.67100", "2007-12-31": "82.39200", "2006-12-31": "14.15600", "2005-12-31": "43.90300"}, "EBITDA": {"2019-12-31": "594.01500", "2018-12-31": "535.82900", "2017-12-31": "458.40600", "2016-12-31": "445.82900", "2015-12-31": "431.34900", "2014-12-31": "429.37400", "2013-12-31": "402.56400", "2012-12-31": "379.67500", "2011-12-31": "331.51400", "2010-12-31": "280.09400", "2009-12-31": "247.66300", "2008-12-31": "219.82400", "2007-12-31": "165.71800", "2006-12-31": "63.61900", "2005-12-31": "66.94700"}, "EBIT": {"2019-12-31": "515.04000", "2018-12-31": "476.57400", "2017-12-31": "390.72800", "2016-12-31": "376.24200", "2015-12-31": "353.67900", "2014-12-31": "347.45000", "2013-12-31": "321.86300", "2012-12-31": "294.25300", "2011-12-31": "265.55900", "2010-12-31": "219.26800", "2009-12-31": "183.47700", "2008-12-31": "169.73100", "2007-12-31": "126.76900", "2006-12-31": "36.15600", "2005-12-31": "58.84000"}, "Basic Shares Outstanding": {"2019-12-31": "84.25900", "2018-12-31": "83.97300", "2017-12-31": "84.98800", "2016-12-31": "87.22700", "2015-12-31": "89.56100", "2014-12-31": "92.06700", "2013-12-31": "92.69100", "2012-12-31": "92.62200", "2011-12-31": "92.12000", "2010-12-31": "90.68400", "2009-12-31": "88.48600", "2008-12-31": "82.97500", "2007-12-31": "77.79200", "2006-12-31": "72.68600", "2005-12-31": "63.49800"}, "Shares Outstanding": {"2019-12-31": "85.92500", "2018-12-31": "85.91300", "2017-12-31": "86.85400", "2016-12-31": "88.96900", "2015-12-31": "91.50200", "2014-12-31": "94.19400", "2013-12-31": "95.13900", "2012-12-31": "94.95400", "2011-12-31": "94.38100", "2010-12-31": "93.20900", "2009-12-31": "91.78500", "2008-12-31": "86.76800", "2007-12-31": "81.13500", "2006-12-31": "76.39800", "2005-12-31": "67.38400"}, "Basic EPS": {"2019-12-31": "5.36000", "2018-12-31": "4.99000", "2017-12-31": "3.05000", "2016-12-31": "3.05000", "2015-12-31": "2.82000", "2014-12-31": "2.77000", "2013-12-31": "2.65000", "2012-12-31": "2.20000", "2011-12-31": "1.96000", "2010-12-31": "1.69000", "2009-12-31": "1.32000", "2008-12-31": "1.35000", "2007-12-31": "1.06000", "2006-12-31": "0.19000", "2005-12-31": "0.69000"}, "EPS - Earnings Per Share": {"2019-12-31": "5.25000", "2018-12-31": "4.88000", "2017-12-31": "2.98000", "2016-12-31": "2.99000", "2015-12-31": "2.76000", "2014-12-31": "2.70000", "2013-12-31": "2.58000", "2012-12-31": "2.14000", "2011-12-31": "1.91000", "2010-12-31": "1.64000", "2009-12-31": "1.27000", "2008-12-31": "1.29000", "2007-12-31": "1.02000", "2006-12-31": "0.19000", "2005-12-31": "0.65000"}}, "income statement, quarterly": {"Revenue": {"2020-09-30": "366.96500", "2020-06-30": "385.66100", "2020-03-31": "304.98500", "2019-12-31": "486.22790", "2019-09-30": "343.89900", "2019-06-30": "368.63500", "2019-03-31": "317.13000", "2018-12-31": "415.43210", "2018-09-30": "289.41800", "2018-06-30": "305.91300", "2018-03-31": "282.87300", "2017-12-31": "302.33600", "2017-09-30": "275.58500", "2017-06-30": "263.92400", "2017-03-31": "253.40500", "2016-12-31": "270.62800", "2016-09-30": "245.86200", "2016-06-30": "246.06900", "2016-03-31": "225.90600", "2015-12-31": "251.64700", "2015-09-30": "237.84000", "2015-06-30": "235.48500", "2015-03-31": "217.78100", "2014-12-31": "254.37500", "2014-09-30": "234.00000", "2014-06-30": "232.37500", "2014-03-31": "215.27100", "2013-12-31": "236.02000", "2013-09-30": "212.65800", "2013-06-30": "214.85000", "2013-03-31": "197.73200", "2012-12-31": "220.74800", "2012-09-30": "196.90900", "2012-06-30": "195.01600", "2012-03-31": "185.34500", "2011-12-31": "198.20900", "2011-09-30": "172.93500", "2011-06-30": "162.25800", "2011-03-31": "158.04700", "2010-12-31": "166.57300", "2010-09-30": "139.84300", "2010-06-30": "137.76700", "2010-03-31": "136.05300", "2009-12-31": "150.36200", "2009-09-30": "128.18700", "2009-06-30": "122.02600", "2009-03-31": "116.31000", "2008-12-31": "135.30100", "2008-09-30": "122.24700", "2008-06-30": "111.24600", "2008-03-31": "109.54500", "2007-12-31": "111.23600", "2007-09-30": "94.03400", "2007-06-30": "92.21100", "2007-03-31": "87.85900", "2006-12-31": "85.24800", "2006-09-30": "70.11700", "2006-06-30": "62.26400", "2006-03-31": "46.01100", "2005-12-31": "43.72100", "2005-09-30": "39.03500", "2005-06-30": "37.65600", "2005-03-31": "37.62400"}, "Cost Of Goods Sold": {"2020-09-30": "53.38500", "2020-06-30": "53.86000", "2020-03-31": "50.11600", "2019-12-31": "49.59600", "2019-09-30": "41.36500", "2019-06-30": "40.49700", "2019-03-31": "34.81500", "2018-12-31": "40.08900", "2018-09-30": "36.30800", "2018-06-30": "40.45000", "2018-03-31": "39.03800", "2017-12-31": "40.81200", "2017-09-30": "35.98300", "2017-06-30": "36.33800", "2017-03-31": "37.03100", "2016-12-31": "38.97800", "2016-09-30": "35.58600", "2016-06-30": "37.01100", "2016-03-31": "35.28500", "2015-12-31": "36.99200", "2015-09-30": "36.58100", "2015-06-30": "37.78500", "2015-03-31": "35.88800", "2014-12-31": "39.76900", "2014-09-30": "37.19400", "2014-06-30": "38.67800", "2014-03-31": "37.74500", "2013-12-31": "38.60900", "2013-09-30": "35.16900", "2013-06-30": "36.68000", "2013-03-31": "36.23400", "2012-12-31": "36.68100", "2012-09-30": "33.75600", "2012-06-30": "34.73700", "2012-03-31": "34.34200", "2011-12-31": "33.34200", "2011-09-30": "31.02700", "2011-06-30": "28.06300", "2011-03-31": "26.58200", "2010-12-31": "26.80700", "2010-09-30": "25.27900", "2010-06-30": "24.14000", "2010-03-31": "24.65300", "2009-12-31": "25.66100", "2009-09-30": "23.88900", "2009-06-30": "24.05800", "2009-03-31": "23.62800", "2008-12-31": "25.39000", "2008-09-30": "24.58700", "2008-06-30": "20.53000", "2008-03-31": "20.90700", "2007-12-31": "20.84500", "2007-09-30": "19.39100", "2007-06-30": "18.93100", "2007-03-31": "18.88000", "2006-12-31": "19.08600", "2006-09-30": "17.32000", "2006-06-30": "13.45300", "2006-03-31": "6.86800", "2005-12-31": "6.15100", "2005-09-30": "6.03300", "2005-06-30": "5.83700", "2005-03-31": "6.01800"}, "Gross Profit": {"2020-09-30": "313.58000", "2020-06-30": "331.80100", "2020-03-31": "254.86900", "2019-12-31": "436.63190", "2019-09-30": "302.53400", "2019-06-30": "328.13800", "2019-03-31": "282.31500", "2018-12-31": "375.34310", "2018-09-30": "253.11000", "2018-06-30": "265.46300", "2018-03-31": "243.83500", "2017-12-31": "261.52400", "2017-09-30": "239.60200", "2017-06-30": "227.58600", "2017-03-31": "216.37400", "2016-12-31": "231.65000", "2016-09-30": "210.27600", "2016-06-30": "209.05800", "2016-03-31": "190.62100", "2015-12-31": "214.65500", "2015-09-30": "201.25900", "2015-06-30": "197.70000", "2015-03-31": "181.89300", "2014-12-31": "214.60600", "2014-09-30": "196.80600", "2014-06-30": "193.69700", "2014-03-31": "177.52600", "2013-12-31": "197.41100", "2013-09-30": "177.48900", "2013-06-30": "178.17000", "2013-03-31": "161.49800", "2012-12-31": "184.06700", "2012-09-30": "163.15300", "2012-06-30": "160.27900", "2012-03-31": "151.00300", "2011-12-31": "164.86700", "2011-09-30": "141.90800", "2011-06-30": "134.19500", "2011-03-31": "131.46500", "2010-12-31": "139.76600", "2010-09-30": "114.56400", "2010-06-30": "113.62700", "2010-03-31": "111.40000", "2009-12-31": "124.70100", "2009-09-30": "104.29800", "2009-06-30": "97.96800", "2009-03-31": "92.68200", "2008-12-31": "109.91100", "2008-09-30": "97.66000", "2008-06-30": "90.71600", "2008-03-31": "88.63800", "2007-12-31": "90.39100", "2007-09-30": "74.64300", "2007-06-30": "73.28000", "2007-03-31": "68.97900", "2006-12-31": "66.16200", "2006-09-30": "52.79700", "2006-06-30": "48.81100", "2006-03-31": "39.14300", "2005-12-31": "37.57000", "2005-09-30": "33.00200", "2005-06-30": "31.81900", "2005-03-31": "31.60600"}, "Research And Development Expenses": {"2020-09-30": "86.61600", "2020-06-30": "86.13300", "2020-03-31": "86.11200", "2019-12-31": "79.15200", "2019-09-30": "73.01800", "2019-06-30": "75.30200", "2019-03-31": "70.73800", "2018-12-31": "117.91500", "2018-09-30": "", "2018-06-30": "58.35700", "2018-03-31": "57.53000", "2017-12-31": "49.22200", "2017-09-30": "50.14400", "2017-06-30": "49.00200", "2017-03-31": "54.37800", "2016-12-31": "45.56000", "2016-09-30": "45.41800", "2016-06-30": "47.44300", "2016-03-31": "44.67200", "2015-12-31": "41.39200", "2015-09-30": "44.78400", "2015-06-30": "42.64600", "2015-03-31": "40.00900", "2014-12-31": "42.17000", "2014-09-30": "41.03300", "2014-06-30": "42.09800", "2014-03-31": "40.12000", "2013-12-31": "37.88000", "2013-09-30": "38.88200", "2013-06-30": "38.67000", "2013-03-31": "36.00700", "2012-12-31": "34.20600", "2012-09-30": "33.50600", "2012-06-30": "33.41500", "2012-03-31": "31.50100", "2011-12-31": "29.75100", "2011-09-30": "28.89900", "2011-06-30": "25.18200", "2011-03-31": "24.69800", "2010-12-31": "23.31700", "2010-09-30": "21.69600", "2010-06-30": "21.39000", "2010-03-31": "22.58700", "2009-12-31": "20.45500", "2009-09-30": "19.46200", "2009-06-30": "19.90900", "2009-03-31": "20.03000", "2008-12-31": "18.82600", "2008-09-30": "20.28200", "2008-06-30": "16.52800", "2008-03-31": "15.95800", "2007-12-31": "15.63500", "2007-09-30": "14.19800", "2007-06-30": "13.57600", "2007-03-31": "13.07200", "2006-12-31": "15.13200", "2006-09-30": "13.29500", "2006-06-30": "11.62200", "2006-03-31": "9.35700", "2005-12-31": "8.20200", "2005-09-30": "7.66700", "2005-06-30": "7.50600", "2005-03-31": "7.31300"}, "SG&A Expenses": {"2020-09-30": "132.64200", "2020-06-30": "128.69800", "2020-03-31": "130.52200", "2019-12-31": "167.93700", "2019-09-30": "120.68200", "2019-06-30": "120.41200", "2019-03-31": "112.16900", "2018-12-31": "133.13700", "2018-09-30": "97.57600", "2018-06-30": "95.05800", "2018-03-31": "87.80900", "2017-12-31": "108.15700", "2017-09-30": "80.01500", "2017-06-30": "77.05100", "2017-03-31": "73.41700", "2016-12-31": "85.95000", "2016-09-30": "61.53700", "2016-06-30": "64.25900", "2016-03-31": "57.76900", "2015-12-31": "71.96300", "2015-09-30": "61.36700", "2015-06-30": "63.52400", "2015-03-31": "56.74900", "2014-12-31": "72.37400", "2014-09-30": "58.17200", "2014-06-30": "62.28000", "2014-03-31": "53.55000", "2013-12-31": "62.28700", "2013-09-30": "51.34500", "2013-06-30": "55.26200", "2013-03-31": "50.01300", "2012-12-31": "61.75400", "2012-09-30": "49.19500", "2012-06-30": "48.98000", "2012-03-31": "45.24900", "2011-12-31": "56.57100", "2011-09-30": "43.18000", "2011-06-30": "40.13000", "2011-03-31": "40.47600", "2010-12-31": "46.93500", "2010-09-30": "36.95400", "2010-06-30": "35.97900", "2010-03-31": "35.22800", "2009-12-31": "39.15000", "2009-09-30": "31.71900", "2009-06-30": "32.57000", "2009-03-31": "33.82500", "2008-12-31": "41.95400", "2008-09-30": "36.07100", "2008-06-30": "28.15300", "2008-03-31": "28.70900", "2007-12-31": "34.52600", "2007-09-30": "26.59600", "2007-06-30": "27.09500", "2007-03-31": "26.89100", "2006-12-31": "28.70900", "2006-09-30": "24.33300", "2006-06-30": "22.02000", "2006-03-31": "11.83900", "2005-12-31": "11.43100", "2005-09-30": "10.70800", "2005-06-30": "10.60000", "2005-03-31": "10.54600"}, "Other Operating Income Or Expenses": {"2020-09-30": "", "2020-06-30": "", "2020-03-31": "", "2019-12-31": "", "2019-09-30": "", "2019-06-30": "", "2019-03-31": "", "2018-12-31": "", "2018-09-30": "", "2018-06-30": "", "2018-03-31": "", "2017-12-31": "", "2017-09-30": "", "2017-06-30": "", "2017-03-31": "", "2016-12-31": "", "2016-09-30": "", "2016-06-30": "", "2016-03-31": "", "2015-12-31": "", "2015-09-30": "", "2015-06-30": "", "2015-03-31": "", "2014-12-31": "", "2014-09-30": "", "2014-06-30": "", "2014-03-31": "", "2013-12-31": "", "2013-09-30": "", "2013-06-30": "", "2013-03-31": "", "2012-12-31": "", "2012-09-30": "", "2012-06-30": "", "2012-03-31": "", "2011-12-31": "", "2011-09-30": "", "2011-06-30": "", "2011-03-31": "", "2010-12-31": "", "2010-09-30": "", "2010-06-30": "", "2010-03-31": "", "2009-12-31": "", "2009-09-30": "", "2009-06-30": "", "2009-03-31": "", "2008-12-31": "", "2008-09-30": "", "2008-06-30": "", "2008-03-31": "", "2007-12-31": "", "2007-09-30": "", "2007-06-30": "", "2007-03-31": "", "2006-12-31": "", "2006-09-30": "", "2006-06-30": "", "2006-03-31": "", "2005-12-31": "", "2005-09-30": "", "2005-06-30": "", "2005-03-31": ""}, "Operating Expenses": {"2020-09-30": "276.88000", "2020-06-30": "272.85400", "2020-03-31": "270.91200", "2019-12-31": "300.51200", "2019-09-30": "238.85200", "2019-06-30": "240.00700", "2019-03-31": "221.48100", "2018-12-31": "235.49600", "2018-09-30": "196.39400", "2018-06-30": "197.36000", "2018-03-31": "187.81200", "2017-12-31": "201.65700", "2017-09-30": "169.40200", "2017-06-30": "165.53000", "2017-03-31": "167.93300", "2016-12-31": "173.66200", "2016-09-30": "145.76300", "2016-06-30": "151.91400", "2016-03-31": "140.88400", "2015-12-31": "154.70400", "2015-09-30": "147.65700", "2015-06-30": "148.99000", "2015-03-31": "137.72300", "2014-12-31": "160.32700", "2014-09-30": "143.19200", "2014-06-30": "148.84300", "2014-03-31": "136.20900", "2013-12-31": "143.76800", "2013-09-30": "131.02100", "2013-06-30": "136.42500", "2013-03-31": "128.18300", "2012-12-31": "139.10900", "2012-09-30": "123.25700", "2012-06-30": "123.88200", "2012-03-31": "117.51700", "2011-12-31": "125.06600", "2011-09-30": "107.60600", "2011-06-30": "97.44500", "2011-03-31": "95.77300", "2010-12-31": "101.18800", "2010-09-30": "87.96600", "2010-06-30": "85.38400", "2010-03-31": "86.43000", "2009-12-31": "90.00600", "2009-09-30": "80.55500", "2009-06-30": "81.36600", "2009-03-31": "81.48100", "2008-12-31": "89.52100", "2008-09-30": "83.95100", "2008-06-30": "67.39200", "2008-03-31": "67.74400", "2007-12-31": "73.29400", "2007-09-30": "62.42400", "2007-06-30": "61.81500", "2007-03-31": "61.03800", "2006-12-31": "65.25900", "2006-09-30": "57.26200", "2006-06-30": "76.77100", "2006-03-31": "28.19200", "2005-12-31": "25.95900", "2005-09-30": "24.70600", "2005-06-30": "24.32800", "2005-03-31": "24.20300"}, "Operating Income": {"2020-09-30": "90.08500", "2020-06-30": "112.80700", "2020-03-31": "34.07300", "2019-12-31": "185.71590", "2019-09-30": "105.04700", "2019-06-30": "128.62800", "2019-03-31": "95.64900", "2018-12-31": "179.93600", "2018-09-30": "93.02400", "2018-06-30": "108.55300", "2018-03-31": "95.06100", "2017-12-31": "100.67900", "2017-09-30": "106.18300", "2017-06-30": "98.39400", "2017-03-31": "85.47200", "2016-12-31": "96.96600", "2016-09-30": "100.09900", "2016-06-30": "94.15500", "2016-03-31": "85.02200", "2015-12-31": "96.94300", "2015-09-30": "90.18300", "2015-06-30": "86.49500", "2015-03-31": "80.05800", "2014-12-31": "94.04800", "2014-09-30": "90.80800", "2014-06-30": "83.53200", "2014-03-31": "79.06200", "2013-12-31": "92.25200", "2013-09-30": "81.63700", "2013-06-30": "78.42500", "2013-03-31": "69.54900", "2012-12-31": "81.63900", "2012-09-30": "73.65200", "2012-06-30": "71.13400", "2012-03-31": "67.82800", "2011-12-31": "73.14300", "2011-09-30": "65.32900", "2011-06-30": "64.81300", "2011-03-31": "62.27400", "2010-12-31": "65.38500", "2010-09-30": "51.87700", "2010-06-30": "52.38300", "2010-03-31": "49.62300", "2009-12-31": "60.35600", "2009-09-30": "47.63200", "2009-06-30": "40.66000", "2009-03-31": "34.82900", "2008-12-31": "45.78000", "2008-09-30": "38.29600", "2008-06-30": "43.85400", "2008-03-31": "41.80100", "2007-12-31": "37.94200", "2007-09-30": "31.61000", "2007-06-30": "30.39600", "2007-03-31": "26.82100", "2006-12-31": "19.98900", "2006-09-30": "12.85500", "2006-06-30": "-14.50700", "2006-03-31": "17.81900", "2005-12-31": "17.76200", "2005-09-30": "14.32900", "2005-06-30": "13.32800", "2005-03-31": "13.42100"}, "Total Non-Operating Income/Expense": {"2020-09-30": "0.05900", "2020-06-30": "-0.22200", "2020-03-31": "-0.74900", "2019-12-31": "-0.56900", "2019-09-30": "3.78200", "2019-06-30": "1.31300", "2019-03-31": "3.01700", "2018-12-31": "5.12600", "2018-09-30": "2.23900", "2018-06-30": "1.16900", "2018-03-31": "1.97700", "2017-12-31": "1.65100", "2017-09-30": "1.74200", "2017-06-30": "1.47800", "2017-03-31": "0.09500", "2016-12-31": "1.10000", "2016-09-30": "0.89400", "2016-06-30": "1.32300", "2016-03-31": "0.75600", "2015-12-31": "0.85700", "2015-09-30": "0.19600", "2015-06-30": "0.76400", "2015-03-31": "1.26900", "2014-12-31": "-0.16700", "2014-09-30": "0.11100", "2014-06-30": "0.35000", "2014-03-31": "0.39500", "2013-12-31": "0.31300", "2013-09-30": "0.07300", "2013-06-30": "0.20000", "2013-03-31": "0.04000", "2012-12-31": "-0.08500", "2012-09-30": "-0.21300", "2012-06-30": "0.12500", "2012-03-31": "-0.53300", "2011-12-31": "-0.02300", "2011-09-30": "0.11400", "2011-06-30": "-0.17000", "2011-03-31": "-0.62200", "2010-12-31": "0.48300", "2010-09-30": "-0.98500", "2010-06-30": "-0.68400", "2010-03-31": "-1.68800", "2009-12-31": "-1.52000", "2009-09-30": "-1.83400", "2009-06-30": "-3.39800", "2009-03-31": "-3.19600", "2008-12-31": "-2.45200", "2008-09-30": "-1.72300", "2008-06-30": "-0.40800", "2008-03-31": "1.54300", "2007-12-31": "0.53000", "2007-09-30": "-0.66400", "2007-06-30": "-1.33500", "2007-03-31": "-1.03700", "2006-12-31": "-1.96800", "2006-09-30": "-1.64300", "2006-06-30": "-1.18200", "2006-03-31": "1.69800", "2005-12-31": "1.47100", "2005-09-30": "1.14100", "2005-06-30": "1.04600", "2005-03-31": "0.61300"}, "Pre-Tax Income": {"2020-09-30": "90.14400", "2020-06-30": "112.58500", "2020-03-31": "33.32400", "2019-12-31": "185.14700", "2019-09-30": "108.82900", "2019-06-30": "129.94100", "2019-03-31": "98.66600", "2018-12-31": "185.06200", "2018-09-30": "95.26300", "2018-06-30": "109.72200", "2018-03-31": "97.03800", "2017-12-31": "102.33000", "2017-09-30": "107.92500", "2017-06-30": "99.87200", "2017-03-31": "85.56700", "2016-12-31": "98.06600", "2016-09-30": "100.99300", "2016-06-30": "95.47800", "2016-03-31": "85.77800", "2015-12-31": "97.80000", "2015-09-30": "90.37900", "2015-06-30": "87.25900", "2015-03-31": "81.32700", "2014-12-31": "93.88100", "2014-09-30": "90.91900", "2014-06-30": "83.88200", "2014-03-31": "79.45700", "2013-12-31": "92.56500", "2013-09-30": "81.71000", "2013-06-30": "78.62500", "2013-03-31": "69.58900", "2012-12-31": "81.55400", "2012-09-30": "73.43900", "2012-06-30": "71.25900", "2012-03-31": "67.29500", "2011-12-31": "73.12000", "2011-09-30": "65.44300", "2011-06-30": "64.64300", "2011-03-31": "61.65200", "2010-12-31": "65.86800", "2010-09-30": "50.89200", "2010-06-30": "51.69900", "2010-03-31": "47.93500", "2009-12-31": "58.83600", "2009-09-30": "45.79800", "2009-06-30": "37.26200", "2009-03-31": "31.63300", "2008-12-31": "43.32800", "2008-09-30": "36.57300", "2008-06-30": "43.44600", "2008-03-31": "43.34400", "2007-12-31": "38.47200", "2007-09-30": "30.94600", "2007-06-30": "29.06100", "2007-03-31": "25.78400", "2006-12-31": "18.02100", "2006-09-30": "11.21200", "2006-06-30": "-15.68900", "2006-03-31": "19.51700", "2005-12-31": "19.23300", "2005-09-30": "15.47000", "2005-06-30": "14.37400", "2005-03-31": "14.03400"}, "Income Taxes": {"2020-09-30": "14.51700", "2020-06-30": "16.02100", "2020-03-31": "-12.74000", "2019-12-31": "19.29500", "2019-09-30": "19.36600", "2019-06-30": "20.19100", "2019-03-31": "12.43600", "2018-12-31": "31.89900", "2018-09-30": "5.92700", "2018-06-30": "17.12600", "2018-03-31": "12.75800", "2017-12-31": "49.74500", "2017-09-30": "34.29500", "2017-06-30": "30.14200", "2017-03-31": "22.26100", "2016-12-31": "28.08300", "2016-09-30": "31.43600", "2016-06-30": "25.85000", "2016-03-31": "29.31000", "2015-12-31": "29.77900", "2015-09-30": "24.34600", "2015-06-30": "24.92400", "2015-03-31": "25.19500", "2014-12-31": "24.24800", "2014-09-30": "25.44000", "2014-06-30": "20.84600", "2014-03-31": "22.91500", "2013-12-31": "16.63600", "2013-09-30": "19.28000", "2013-06-30": "22.68000", "2013-03-31": "18.56600", "2012-12-31": "25.49100", "2012-09-30": "21.82000", "2012-06-30": "20.99700", "2012-03-31": "21.75600", "2011-12-31": "25.66300", "2011-09-30": "19.89700", "2011-06-30": "19.21200", "2011-03-31": "19.41100", "2010-12-31": "16.72800", "2010-09-30": "14.76200", "2010-06-30": "16.20600", "2010-03-31": "15.56600", "2009-12-31": "21.20600", "2009-09-30": "15.26900", "2009-06-30": "10.12500", "2009-03-31": "10.53800", "2008-12-31": "11.41500", "2008-09-30": "10.79800", "2008-06-30": "15.31700", "2008-03-31": "17.49000", "2007-12-31": "9.18300", "2007-09-30": "12.25000", "2007-06-30": "10.80500", "2007-03-31": "9.63300", "2006-12-31": "5.75700", "2006-09-30": "2.84000", "2006-06-30": "3.70400", "2006-03-31": "6.60400", "2005-12-31": "5.96200", "2005-09-30": "4.29600", "2005-06-30": "4.59900", "2005-03-31": "4.35100"}, "Income After Taxes": {"2020-09-30": "75.62700", "2020-06-30": "96.56400", "2020-03-31": "46.06400", "2019-12-31": "165.85200", "2019-09-30": "89.46300", "2019-06-30": "109.75000", "2019-03-31": "86.23000", "2018-12-31": "153.16300", "2018-09-30": "89.33600", "2018-06-30": "92.59600", "2018-03-31": "84.28000", "2017-12-31": "52.58500", "2017-09-30": "73.63000", "2017-06-30": "69.73000", "2017-03-31": "63.30600", "2016-12-31": "69.98300", "2016-09-30": "69.55700", "2016-06-30": "69.62800", "2016-03-31": "56.46800", "2015-12-31": "68.02100", "2015-09-30": "66.03300", "2015-06-30": "62.33500", "2015-03-31": "56.13200", "2014-12-31": "69.63300", "2014-09-30": "65.47900", "2014-06-30": "63.03600", "2014-03-31": "56.54200", "2013-12-31": "75.92900", "2013-09-30": "62.43000", "2013-06-30": "55.94500", "2013-03-31": "51.02300", "2012-12-31": "56.06300", "2012-09-30": "51.61900", "2012-06-30": "50.26200", "2012-03-31": "45.53900", "2011-12-31": "47.45700", "2011-09-30": "45.54600", "2011-06-30": "45.43100", "2011-03-31": "42.24100", "2010-12-31": "49.14000", "2010-09-30": "36.13000", "2010-06-30": "35.49300", "2010-03-31": "32.36900", "2009-12-31": "37.63000", "2009-09-30": "30.52900", "2009-06-30": "27.13700", "2009-03-31": "21.09500", "2008-12-31": "31.91300", "2008-09-30": "25.77500", "2008-06-30": "28.12900", "2008-03-31": "25.85400", "2007-12-31": "29.28900", "2007-09-30": "18.69600", "2007-06-30": "18.25600", "2007-03-31": "16.15100", "2006-12-31": "12.26400", "2006-09-30": "8.37200", "2006-06-30": "-19.39300", "2006-03-31": "12.91300", "2005-12-31": "13.27100", "2005-09-30": "11.17400", "2005-06-30": "9.77500", "2005-03-31": "9.68300"}, "Other Income": {"2020-09-30": "", "2020-06-30": "", "2020-03-31": "", "2019-12-31": "", "2019-09-30": "", "2019-06-30": "", "2019-03-31": "", "2018-12-31": "", "2018-09-30": "", "2018-06-30": "", "2018-03-31": "", "2017-12-31": "", "2017-09-30": "", "2017-06-30": "", "2017-03-31": "", "2016-12-31": "", "2016-09-30": "", "2016-06-30": "", "2016-03-31": "", "2015-12-31": "", "2015-09-30": "", "2015-06-30": "", "2015-03-31": "", "2014-12-31": "", "2014-09-30": "", "2014-06-30": "", "2014-03-31": "", "2013-12-31": "", "2013-09-30": "", "2013-06-30": "", "2013-03-31": "", "2012-12-31": "", "2012-09-30": "", "2012-06-30": "", "2012-03-31": "", "2011-12-31": "", "2011-09-30": "", "2011-06-30": "", "2011-03-31": "", "2010-12-31": "", "2010-09-30": "", "2010-06-30": "", "2010-03-31": "", "2009-12-31": "", "2009-09-30": "", "2009-06-30": "", "2009-03-31": "", "2008-12-31": "", "2008-09-30": "", "2008-06-30": "", "2008-03-31": "", "2007-12-31": "", "2007-09-30": "", "2007-06-30": "", "2007-03-31": "", "2006-12-31": "", "2006-09-30": "", "2006-06-30": "", "2006-03-31": "", "2005-12-31": "", "2005-09-30": "", "2005-06-30": "", "2005-03-31": ""}, "Income From Continuous Operations": {"2020-09-30": "75.62700", "2020-06-30": "96.56400", "2020-03-31": "46.06400", "2019-12-31": "165.85200", "2019-09-30": "89.46300", "2019-06-30": "109.75000", "2019-03-31": "86.23000", "2018-12-31": "153.16300", "2018-09-30": "89.33600", "2018-06-30": "92.59600", "2018-03-31": "84.28000", "2017-12-31": "52.58500", "2017-09-30": "73.63000", "2017-06-30": "69.73000", "2017-03-31": "63.30600", "2016-12-31": "69.98300", "2016-09-30": "69.55700", "2016-06-30": "69.62800", "2016-03-31": "56.46800", "2015-12-31": "68.02100", "2015-09-30": "66.03300", "2015-06-30": "62.33500", "2015-03-31": "56.13200", "2014-12-31": "69.63300", "2014-09-30": "65.47900", "2014-06-30": "63.03600", "2014-03-31": "56.54200", "2013-12-31": "75.92900", "2013-09-30": "62.43000", "2013-06-30": "55.94500", "2013-03-31": "51.02300", "2012-12-31": "56.06300", "2012-09-30": "51.61900", "2012-06-30": "50.26200", "2012-03-31": "45.53900", "2011-12-31": "47.45700", "2011-09-30": "45.54600", "2011-06-30": "45.43100", "2011-03-31": "42.24100", "2010-12-31": "49.14000", "2010-09-30": "36.13000", "2010-06-30": "35.49300", "2010-03-31": "32.36900", "2009-12-31": "37.63000", "2009-09-30": "30.52900", "2009-06-30": "27.13700", "2009-03-31": "21.09500", "2008-12-31": "31.91300", "2008-09-30": "25.77500", "2008-06-30": "28.12900", "2008-03-31": "25.85400", "2007-12-31": "29.28900", "2007-09-30": "18.69600", "2007-06-30": "18.25600", "2007-03-31": "16.15100", "2006-12-31": "12.26400", "2006-09-30": "8.37200", "2006-06-30": "-19.39300", "2006-03-31": "12.91300", "2005-12-31": "13.27100", "2005-09-30": "11.17400", "2005-06-30": "9.77500", "2005-03-31": "9.68300"}, "Income From Discontinued Operations": {"2020-09-30": "", "2020-06-30": "", "2020-03-31": "", "2019-12-31": "", "2019-09-30": "", "2019-06-30": "", "2019-03-31": "", "2018-12-31": "", "2018-09-30": "", "2018-06-30": "", "2018-03-31": "", "2017-12-31": "", "2017-09-30": "", "2017-06-30": "", "2017-03-31": "", "2016-12-31": "", "2016-09-30": "", "2016-06-30": "", "2016-03-31": "", "2015-12-31": "", "2015-09-30": "", "2015-06-30": "", "2015-03-31": "", "2014-12-31": "", "2014-09-30": "", "2014-06-30": "", "2014-03-31": "", "2013-12-31": "", "2013-09-30": "", "2013-06-30": "", "2013-03-31": "", "2012-12-31": "", "2012-09-30": "", "2012-06-30": "", "2012-03-31": "", "2011-12-31": "", "2011-09-30": "", "2011-06-30": "", "2011-03-31": "", "2010-12-31": "", "2010-09-30": "", "2010-06-30": "", "2010-03-31": "", "2009-12-31": "", "2009-09-30": "", "2009-06-30": "", "2009-03-31": "", "2008-12-31": "", "2008-09-30": "", "2008-06-30": "", "2008-03-31": "", "2007-12-31": "", "2007-09-30": "", "2007-06-30": "", "2007-03-31": "", "2006-12-31": "", "2006-09-30": "", "2006-06-30": "", "2006-03-31": "", "2005-12-31": "", "2005-09-30": "", "2005-06-30": "", "2005-03-31": ""}, "Net Income": {"2020-09-30": "75.62700", "2020-06-30": "96.56400", "2020-03-31": "46.06400", "2019-12-31": "165.85200", "2019-09-30": "89.46300", "2019-06-30": "109.75000", "2019-03-31": "86.23000", "2018-12-31": "153.16300", "2018-09-30": "89.33600", "2018-06-30": "92.59600", "2018-03-31": "84.28000", "2017-12-31": "52.58500", "2017-09-30": "73.63000", "2017-06-30": "69.73000", "2017-03-31": "63.30600", "2016-12-31": "69.98300", "2016-09-30": "69.55700", "2016-06-30": "69.62800", "2016-03-31": "56.46800", "2015-12-31": "68.02100", "2015-09-30": "66.03300", "2015-06-30": "62.33500", "2015-03-31": "56.13200", "2014-12-31": "69.63300", "2014-09-30": "65.47900", "2014-06-30": "63.03600", "2014-03-31": "56.54200", "2013-12-31": "75.92900", "2013-09-30": "62.43000", "2013-06-30": "55.94500", "2013-03-31": "51.02300", "2012-12-31": "56.06300", "2012-09-30": "51.61900", "2012-06-30": "50.26200", "2012-03-31": "45.53900", "2011-12-31": "47.45700", "2011-09-30": "45.54600", "2011-06-30": "45.43100", "2011-03-31": "42.24100", "2010-12-31": "49.14000", "2010-09-30": "36.13000", "2010-06-30": "35.49300", "2010-03-31": "32.36900", "2009-12-31": "37.63000", "2009-09-30": "30.52900", "2009-06-30": "27.13700", "2009-03-31": "21.09500", "2008-12-31": "31.91300", "2008-09-30": "25.77500", "2008-06-30": "28.12900", "2008-03-31": "25.85400", "2007-12-31": "29.28900", "2007-09-30": "18.69600", "2007-06-30": "18.25600", "2007-03-31": "16.15100", "2006-12-31": "12.26400", "2006-09-30": "8.37200", "2006-06-30": "-19.39300", "2006-03-31": "12.91300", "2005-12-31": "13.27100", "2005-09-30": "11.17400", "2005-06-30": "9.77500", "2005-03-31": "9.68300"}, "EBITDA": {"2020-09-30": "116.04600", "2020-06-30": "138.60200", "2020-03-31": "59.85000", "2019-12-31": "208.56290", "2019-09-30": "124.68700", "2019-06-30": "147.21800", "2019-03-31": "113.54700", "2018-12-31": "191.85000", "2018-09-30": "106.62700", "2018-06-30": "125.67800", "2018-03-31": "111.67400", "2017-12-31": "118.41800", "2017-09-30": "123.11300", "2017-06-30": "114.81200", "2017-03-31": "102.06300", "2016-12-31": "114.23300", "2016-09-30": "117.54300", "2016-06-30": "111.59900", "2016-03-31": "102.45400", "2015-12-31": "115.83100", "2015-09-30": "109.83000", "2015-06-30": "106.20200", "2015-03-31": "99.48600", "2014-12-31": "114.74900", "2014-09-30": "112.15900", "2014-06-30": "103.94600", "2014-03-31": "98.52000", "2013-12-31": "111.69000", "2013-09-30": "101.51500", "2013-06-30": "99.12700", "2013-03-31": "90.23200", "2012-12-31": "103.39200", "2012-09-30": "95.40400", "2012-06-30": "92.33900", "2012-03-31": "88.54000", "2011-12-31": "92.18200", "2011-09-30": "82.42000", "2011-06-30": "79.80700", "2011-03-31": "77.10500", "2010-12-31": "80.79400", "2010-09-30": "67.02900", "2010-06-30": "67.43200", "2010-03-31": "64.83900", "2009-12-31": "76.59100", "2009-09-30": "63.79900", "2009-06-30": "56.62900", "2009-03-31": "50.64400", "2008-12-31": "61.72600", "2008-09-30": "52.89000", "2008-06-30": "53.73500", "2008-03-31": "51.47300", "2007-12-31": "47.95200", "2007-09-30": "41.18000", "2007-06-30": "40.28700", "2007-03-31": "36.29900", "2006-12-31": "29.51200", "2006-09-30": "22.13700", "2006-06-30": "-7.72100", "2006-03-31": "19.69100", "2005-12-31": "19.71000", "2005-09-30": "16.35600", "2005-06-30": "15.43900", "2005-03-31": "15.44200"}, "EBIT": {"2020-09-30": "90.08500", "2020-06-30": "112.80700", "2020-03-31": "34.07300", "2019-12-31": "185.71600", "2019-09-30": "105.04700", "2019-06-30": "128.62800", "2019-03-31": "95.64900", "2018-12-31": "179.93600", "2018-09-30": "93.02400", "2018-06-30": "108.55300", "2018-03-31": "95.06100", "2017-12-31": "100.67900", "2017-09-30": "106.18300", "2017-06-30": "98.39400", "2017-03-31": "85.47200", "2016-12-31": "96.96600", "2016-09-30": "100.09900", "2016-06-30": "94.15500", "2016-03-31": "85.02200", "2015-12-31": "96.94300", "2015-09-30": "90.18300", "2015-06-30": "86.49500", "2015-03-31": "80.05800", "2014-12-31": "94.04800", "2014-09-30": "90.80800", "2014-06-30": "83.53200", "2014-03-31": "79.06200", "2013-12-31": "92.25200", "2013-09-30": "81.63700", "2013-06-30": "78.42500", "2013-03-31": "69.54900", "2012-12-31": "81.63900", "2012-09-30": "73.65200", "2012-06-30": "71.13400", "2012-03-31": "67.82800", "2011-12-31": "73.14300", "2011-09-30": "65.32900", "2011-06-30": "64.81300", "2011-03-31": "62.27400", "2010-12-31": "65.38510", "2010-09-30": "51.87700", "2010-06-30": "52.38300", "2010-03-31": "49.62300", "2009-12-31": "60.35600", "2009-09-30": "47.63200", "2009-06-30": "40.66000", "2009-03-31": "34.82900", "2008-12-31": "45.78000", "2008-09-30": "38.29600", "2008-06-30": "43.85400", "2008-03-31": "41.80100", "2007-12-31": "37.94200", "2007-09-30": "31.61000", "2007-06-30": "30.39600", "2007-03-31": "26.82100", "2006-12-31": "19.98900", "2006-09-30": "12.85500", "2006-06-30": "-14.50700", "2006-03-31": "17.81900", "2005-12-31": "17.76200", "2005-09-30": "14.32900", "2005-06-30": "13.32800", "2005-03-31": "13.42100"}, "Basic Shares Outstanding": {"2020-09-30": "85.79800", "2020-06-30": "85.65100", "2020-03-31": "85.79800", "2019-12-31": "84.25900", "2019-09-30": "84.10900", "2019-06-30": "83.97800", "2019-03-31": "83.76400", "2018-12-31": "83.97300", "2018-09-30": "84.15800", "2018-06-30": "84.10500", "2018-03-31": "83.93100", "2017-12-31": "84.98800", "2017-09-30": "84.77400", "2017-06-30": "85.16700", "2017-03-31": "85.45600", "2016-12-31": "87.22700", "2016-09-30": "86.95900", "2016-06-30": "87.63800", "2016-03-31": "88.11400", "2015-12-31": "89.56100", "2015-09-30": "89.69400", "2015-06-30": "89.86600", "2015-03-31": "90.05900", "2014-12-31": "92.06700", "2014-09-30": "91.87500", "2014-06-30": "92.31400", "2014-03-31": "92.48300", "2013-12-31": "92.69100", "2013-09-30": "92.54100", "2013-06-30": "92.86000", "2013-03-31": "92.90800", "2012-12-31": "92.62200", "2012-09-30": "92.44800", "2012-06-30": "92.62600", "2012-03-31": "92.81700", "2011-12-31": "92.12000", "2011-09-30": "92.27700", "2011-06-30": "91.94000", "2011-03-31": "91.76700", "2010-12-31": "90.68400", "2010-09-30": "90.88000", "2010-06-30": "90.61400", "2010-03-31": "89.96400", "2009-12-31": "88.48600", "2009-09-30": "88.28400", "2009-06-30": "87.72600", "2009-03-31": "88.86600", "2008-12-31": "82.97500", "2008-09-30": "85.68700", "2008-06-30": "78.50300", "2008-03-31": "78.30200", "2007-12-31": "77.79200", "2007-09-30": "77.98100", "2007-06-30": "77.61100", "2007-03-31": "77.36600", "2006-12-31": "72.68600", "2006-09-30": "76.80400", "2006-06-30": "72.61200", "2006-03-31": "64.24400", "2005-12-31": "63.49800", "2005-09-30": "63.70200", "2005-06-30": "63.33400", "2005-03-31": "62.98400"}, "Shares Outstanding": {"2020-09-30": "87.22400", "2020-06-30": "86.93400", "2020-03-31": "87.36900", "2019-12-31": "85.92500", "2019-09-30": "85.73300", "2019-06-30": "85.48300", "2019-03-31": "85.49300", "2018-12-31": "85.91300", "2018-09-30": "86.04300", "2018-06-30": "85.98600", "2018-03-31": "86.15200", "2017-12-31": "86.85400", "2017-09-30": "86.58800", "2017-06-30": "86.89500", "2017-03-31": "87.22400", "2016-12-31": "88.96900", "2016-09-30": "88.67600", "2016-06-30": "89.30500", "2016-03-31": "90.08400", "2015-12-31": "91.50200", "2015-09-30": "91.59300", "2015-06-30": "91.72600", "2015-03-31": "92.14000", "2014-12-31": "94.19400", "2014-09-30": "93.90500", "2014-06-30": "94.33800", "2014-03-31": "94.94900", "2013-12-31": "95.13900", "2013-09-30": "95.26500", "2013-06-30": "95.04000", "2013-03-31": "95.16600", "2012-12-31": "94.95400", "2012-09-30": "94.75500", "2012-06-30": "94.92800", "2012-03-31": "95.19000", "2011-12-31": "94.38100", "2011-09-30": "94.44500", "2011-06-30": "94.18800", "2011-03-31": "94.17100", "2010-12-31": "93.20900", "2010-09-30": "93.21200", "2010-06-30": "93.14600", "2010-03-31": "92.77400", "2009-12-31": "91.78500", "2009-09-30": "91.64000", "2009-06-30": "91.04800", "2009-03-31": "92.17500", "2008-12-31": "86.76800", "2008-09-30": "90.11700", "2008-06-30": "82.08300", "2008-03-31": "81.64300", "2007-12-31": "81.13500", "2007-09-30": "81.19600", "2007-06-30": "80.88600", "2007-03-31": "80.73400", "2006-12-31": "76.39800", "2006-09-30": "80.58000", "2006-06-30": "72.61200", "2006-03-31": "68.33000", "2005-12-31": "67.38400", "2005-09-30": "67.84400", "2005-06-30": "67.56400", "2005-03-31": "67.53200"}, "Basic EPS": {"2020-09-30": "0.88000", "2020-06-30": "1.13000", "2020-03-31": "0.54000", "2019-12-31": "1.96000", "2019-09-30": "1.06000", "2019-06-30": "1.31000", "2019-03-31": "1.03000", "2018-12-31": "1.83000", "2018-09-30": "1.06000", "2018-06-30": "1.10000", "2018-03-31": "1.00000", "2017-12-31": "0.62000", "2017-09-30": "0.87000", "2017-06-30": "0.82000", "2017-03-31": "0.74000", "2016-12-31": "0.82000", "2016-09-30": "0.80000", "2016-06-30": "0.79000", "2016-03-31": "0.64000", "2015-12-31": "0.77000", "2015-09-30": "0.74000", "2015-06-30": "0.69000", "2015-03-31": "0.62000", "2014-12-31": "0.77000", "2014-09-30": "0.71000", "2014-06-30": "0.68000", "2014-03-31": "0.61000", "2013-12-31": "0.83000", "2013-09-30": "0.67000", "2013-06-30": "0.60000", "2013-03-31": "0.55000", "2012-12-31": "0.61000", "2012-09-30": "0.56000", "2012-06-30": "0.54000", "2012-03-31": "0.49000", "2011-12-31": "0.52000", "2011-09-30": "0.49000", "2011-06-30": "0.49000", "2011-03-31": "0.46000", "2010-12-31": "0.54000", "2010-09-30": "0.40000", "2010-06-30": "0.39000", "2010-03-31": "0.36000", "2009-12-31": "0.42000", "2009-09-30": "0.35000", "2009-06-30": "0.31000", "2009-03-31": "0.24000", "2008-12-31": "0.36000", "2008-09-30": "0.30000", "2008-06-30": "0.36000", "2008-03-31": "0.33000", "2007-12-31": "0.37000", "2007-09-30": "0.24000", "2007-06-30": "0.24000", "2007-03-31": "0.21000", "2006-12-31": "0.15000", "2006-09-30": "0.11000", "2006-06-30": "-0.27000", "2006-03-31": "0.20000", "2005-12-31": "0.20500", "2005-09-30": "0.17500", "2005-06-30": "0.15500", "2005-03-31": "0.15500"}, "EPS - Earnings Per Share": {"2020-09-30": "0.87000", "2020-06-30": "1.11000", "2020-03-31": "0.53000", "2019-12-31": "1.92000", "2019-09-30": "1.04000", "2019-06-30": "1.28000", "2019-03-31": "1.01000", "2018-12-31": "1.78000", "2018-09-30": "1.04000", "2018-06-30": "1.08000", "2018-03-31": "0.98000", "2017-12-31": "0.60000", "2017-09-30": "0.85000", "2017-06-30": "0.80000", "2017-03-31": "0.73000", "2016-12-31": "0.80000", "2016-09-30": "0.78000", "2016-06-30": "0.78000", "2016-03-31": "0.63000", "2015-12-31": "0.75000", "2015-09-30": "0.72000", "2015-06-30": "0.68000", "2015-03-31": "0.61000", "2014-12-31": "0.73000", "2014-09-30": "0.70000", "2014-06-30": "0.67000", "2014-03-31": "0.60000", "2013-12-31": "0.79000", "2013-09-30": "0.66000", "2013-06-30": "0.59000", "2013-03-31": "0.54000", "2012-12-31": "0.59000", "2012-09-30": "0.54000", "2012-06-30": "0.53000", "2012-03-31": "0.48000", "2011-12-31": "0.50000", "2011-09-30": "0.48000", "2011-06-30": "0.48000", "2011-03-31": "0.45000", "2010-12-31": "0.52000", "2010-09-30": "0.39000", "2010-06-30": "0.38000", "2010-03-31": "0.35000", "2009-12-31": "0.41000", "2009-09-30": "0.33000", "2009-06-30": "0.30000", "2009-03-31": "0.23000", "2008-12-31": "0.34000", "2008-09-30": "0.29000", "2008-06-30": "0.34000", "2008-03-31": "0.32000", "2007-12-31": "0.36000", "2007-09-30": "0.23000", "2007-06-30": "0.23000", "2007-03-31": "0.20000", "2006-12-31": "0.17000", "2006-09-30": "0.10000", "2006-06-30": "-0.27000", "2006-03-31": "0.19000", "2005-12-31": "0.19500", "2005-09-30": "0.16500", "2005-06-30": "0.14500", "2005-03-31": "0.14500"}}, "balance sheet": {"Cash On Hand": {"2019-12-31": "872.38200", "2018-12-31": "777.36400", "2017-12-31": "881.78700", "2016-12-31": "822.86000", "2015-12-31": "784.61400", "2014-12-31": "788.77800", "2013-12-31": "742.98600", "2012-12-31": "577.15500", "2011-12-31": "472.40400", "2010-12-31": "472.93400", "2009-12-31": "343.84400", "2008-12-31": "233.87500", "2007-12-31": "171.85100", "2006-12-31": "104.48600", "2005-12-31": "194.23200"}, "Receivables": {"2019-12-31": "683.09800", "2018-12-31": "533.81300", "2017-12-31": "388.47900", "2016-12-31": "346.54100", "2015-12-31": "291.81200", "2014-12-31": "293.53700", "2013-12-31": "298.57900", "2012-12-31": "312.86600", "2011-12-31": "247.89800", "2010-12-31": "224.00600", "2009-12-31": "153.81900", "2008-12-31": "157.28500", "2007-12-31": "115.78000", "2006-12-31": "90.48200", "2005-12-31": "44.19900"}, "Inventory": {"2019-12-31": "", "2018-12-31": "", "2017-12-31": "", "2016-12-31": "", "2015-12-31": "", "2014-12-31": "", "2013-12-31": "", "2012-12-31": "", "2011-12-31": "", "2010-12-31": "", "2009-12-31": "", "2008-12-31": "", "2007-12-31": "", "2006-12-31": "", "2005-12-31": ""}, "Pre-Paid Expenses": {"2019-12-31": "", "2018-12-31": "", "2017-12-31": "", "2016-12-31": "", "2015-12-31": "", "2014-12-31": "", "2013-12-31": "", "2012-12-31": "", "2011-12-31": "", "2010-12-31": "", "2009-12-31": "", "2008-12-31": "", "2007-12-31": "", "2006-12-31": "", "2005-12-31": ""}, "Other Current Assets": {"2019-12-31": "", "2018-12-31": "", "2017-12-31": "", "2016-12-31": "", "2015-12-31": "", "2014-12-31": "", "2013-12-31": "", "2012-12-31": "", "2011-12-31": "", "2010-12-31": "", "2009-12-31": "", "2008-12-31": "", "2007-12-31": "", "2006-12-31": "", "2005-12-31": ""}, "Total Current Assets": {"2019-12-31": "1555.48000", "2018-12-31": "1311.17700", "2017-12-31": "1270.26600", "2016-12-31": "1169.40100", "2015-12-31": "1076.42600", "2014-12-31": "1082.31500", "2013-12-31": "1067.59600", "2012-12-31": "913.35900", "2011-12-31": "740.03300", "2010-12-31": "714.63300", "2009-12-31": "515.49000", "2008-12-31": "397.15300", "2007-12-31": "305.16900", "2006-12-31": "215.94400", "2005-12-31": "244.36200"}, "Property, Plant, And Equipment": {"2019-12-31": "83.63600", "2018-12-31": "61.65500", "2017-12-31": "57.09600", "2016-12-31": "54.67700", "2015-12-31": "61.92400", "2014-12-31": "64.64300", "2013-12-31": "60.53800", "2012-12-31": "52.25300", "2011-12-31": "45.63800", "2010-12-31": "36.92100", "2009-12-31": "35.13100", "2008-12-31": "36.81200", "2007-12-31": "29.08200", "2006-12-31": "25.53000", "2005-12-31": "6.36200"}, "Long-Term Investments": {"2019-12-31": "", "2018-12-31": "", "2017-12-31": "", "2016-12-31": "", "2015-12-31": "", "2014-12-31": "", "2013-12-31": "", "2012-12-31": "", "2011-12-31": "", "2010-12-31": "", "2009-12-31": "", "2008-12-31": "", "2007-12-31": "", "2006-12-31": "", "2005-12-31": ""}, "Goodwill And Intangible Assets": {"2019-12-31": "2889.99100", "2018-12-31": "1783.72700", "2017-12-31": "1536.17800", "2016-12-31": "1509.83400", "2015-12-31": "1552.90100", "2014-12-31": "1571.49400", "2013-12-31": "1547.09400", "2012-12-31": "1602.42000", "2011-12-31": "1608.79500", "2010-12-31": "1313.40300", "2009-12-31": "1361.13700", "2008-12-31": "1421.40100", "2007-12-31": "630.53900", "2006-12-31": "656.93900", "2005-12-31": "53.39900"}, "Other Long-Term Assets": {"2019-12-31": "180.03200", "2018-12-31": "82.77500", "2017-12-31": "35.97200", "2016-12-31": "24.28700", "2015-12-31": "5.75700", "2014-12-31": "6.18700", "2013-12-31": "10.58600", "2012-12-31": "24.39300", "2011-12-31": "46.94200", "2010-12-31": "56.12300", "2009-12-31": "5.84800", "2008-12-31": "8.69200", "2007-12-31": "3.60700", "2006-12-31": "3.01700", "2005-12-31": "0.46700"}, "Total Long-Term Assets": {"2019-12-31": "3283.40700", "2018-12-31": "1954.78700", "2017-12-31": "1671.35700", "2016-12-31": "1631.12500", "2015-12-31": "1653.47800", "2014-12-31": "1670.56400", "2013-12-31": "1654.78600", "2012-12-31": "1694.05800", "2011-12-31": "1708.43700", "2010-12-31": "1412.24300", "2009-12-31": "1404.69200", "2008-12-31": "1467.36100", "2007-12-31": "664.12300", "2006-12-31": "686.75210", "2005-12-31": "61.14700"}, "Total Assets": {"2019-12-31": "4838.88700", "2018-12-31": "3265.96400", "2017-12-31": "2941.62300", "2016-12-31": "2800.52600", "2015-12-31": "2729.90400", "2014-12-31": "2752.87900", "2013-12-31": "2722.38200", "2012-12-31": "2607.41700", "2011-12-31": "2448.47000", "2010-12-31": "2126.87600", "2009-12-31": "1920.18200", "2008-12-31": "1864.51400", "2007-12-31": "969.29200", "2006-12-31": "902.69600", "2005-12-31": "305.50900"}, "Total Current Liabilities": {"2019-12-31": "695.14000", "2018-12-31": "524.76700", "2017-12-31": "608.55300", "2016-12-31": "539.10000", "2015-12-31": "484.14600", "2014-12-31": "465.07500", "2013-12-31": "440.43100", "2012-12-31": "477.38700", "2011-12-31": "438.75100", "2010-12-31": "311.36900", "2009-12-31": "266.76600", "2008-12-31": "267.66400", "2007-12-31": "195.86700", "2006-12-31": "179.53800", "2005-12-31": "76.47000"}, "Long Term Debt": {"2019-12-31": "423.53100", "2018-12-31": "", "2017-12-31": "", "2016-12-31": "", "2015-12-31": "", "2014-12-31": "", "2013-12-31": "18.13600", "2012-12-31": "", "2011-12-31": "53.14900", "2010-12-31": "127.56300", "2009-12-31": "198.66800", "2008-12-31": "249.79500", "2007-12-31": "52.43000", "2006-12-31": "109.39300", "2005-12-31": ""}, "Other Non-Current Liabilities": {"2019-12-31": "96.42600", "2018-12-31": "61.57300", "2017-12-31": "85.77800", "2016-12-31": "50.76200", "2015-12-31": "49.24000", "2014-12-31": "54.11300", "2013-12-31": "60.67000", "2012-12-31": "96.91700", "2011-12-31": "100.47900", "2010-12-31": "82.98900", "2009-12-31": "34.80400", "2008-12-31": "36.62900", "2007-12-31": "17.31400", "2006-12-31": "7.53000", "2005-12-31": "4.06200"}, "Total Long Term Liabilities": {"2019-12-31": "690.36800", "2018-12-31": "91.65000", "2017-12-31": "87.23900", "2016-12-31": "53.02100", "2015-12-31": "51.33100", "2014-12-31": "70.30300", "2013-12-31": "145.70500", "2012-12-31": "189.73900", "2011-12-31": "255.24600", "2010-12-31": "285.57800", "2009-12-31": "340.78500", "2008-12-31": "413.95100", "2007-12-31": "132.21500", "2006-12-31": "188.36500", "2005-12-31": "4.06200"}, "Total Liabilities": {"2019-12-31": "1385.50800", "2018-12-31": "616.41700", "2017-12-31": "695.79200", "2016-12-31": "592.12100", "2015-12-31": "535.47700", "2014-12-31": "535.37800", "2013-12-31": "586.13600", "2012-12-31": "667.12600", "2011-12-31": "693.99700", "2010-12-31": "596.94700", "2009-12-31": "607.55100", "2008-12-31": "681.61500", "2007-12-31": "328.08200", "2006-12-31": "367.90300", "2005-12-31": "80.53200"}, "Common Stock Net": {"2019-12-31": "0.94600", "2018-12-31": "0.93200", "2017-12-31": "0.93200", "2016-12-31": "0.93200", "2015-12-31": "0.93200", "2014-12-31": "0.93200", "2013-12-31": "0.93200", "2012-12-31": "0.93200", "2011-12-31": "0.92700", "2010-12-31": "0.91600", "2009-12-31": "0.89700", "2008-12-31": "0.89700", "2007-12-31": "0.78300", "2006-12-31": "0.78300", "2005-12-31": "0.33200"}, "Retained Earnings (Accumulated Deficit)": {"2019-12-31": "3370.70600", "2018-12-31": "2919.41100", "2017-12-31": "2316.91600", "2016-12-31": "2057.66500", "2015-12-31": "1792.02900", "2014-12-31": "1539.50800", "2013-12-31": "1284.81800", "2012-12-31": "1039.49100", "2011-12-31": "836.00800", "2010-12-31": "655.33300", "2009-12-31": "502.20100", "2008-12-31": "385.81000", "2007-12-31": "274.13900", "2006-12-31": "193.32700", "2005-12-31": "179.17100"}, "Comprehensive Income": {"2019-12-31": "-65.38100", "2018-12-31": "-62.37900", "2017-12-31": "-37.84400", "2016-12-31": "-57.65200", "2015-12-31": "-52.16400", "2014-12-31": "-31.75400", "2013-12-31": "-2.64400", "2012-12-31": "8.65100", "2011-12-31": "11.87600", "2010-12-31": "16.96200", "2009-12-31": "8.81200", "2008-12-31": "-1.48400", "2007-12-31": "16.22900", "2006-12-31": "7.71800", "2005-12-31": "4.27100"}, "Other Share Holders Equity": {"2019-12-31": "", "2018-12-31": "", "2017-12-31": "", "2016-12-31": "", "2015-12-31": "", "2014-12-31": "", "2013-12-31": "", "2012-12-31": "", "2011-12-31": "", "2010-12-31": "", "2009-12-31": "", "2008-12-31": "", "2007-12-31": "", "2006-12-31": "", "2005-12-31": ""}, "Share Holder Equity": {"2019-12-31": "3453.37900", "2018-12-31": "2649.54700", "2017-12-31": "2245.83100", "2016-12-31": "2208.40500", "2015-12-31": "2194.42700", "2014-12-31": "2217.50100", "2013-12-31": "2136.24600", "2012-12-31": "1940.29100", "2011-12-31": "1754.47300", "2010-12-31": "1529.92900", "2009-12-31": "1312.63100", "2008-12-31": "1182.89900", "2007-12-31": "641.21000", "2006-12-31": "534.79300", "2005-12-31": "224.97700"}, "Total Liabilities And Share Holders Equity": {"2019-12-31": "4838.88700", "2018-12-31": "3265.96400", "2017-12-31": "2941.62300", "2016-12-31": "2800.52600", "2015-12-31": "2729.90400", "2014-12-31": "2752.87900", "2013-12-31": "2722.38200", "2012-12-31": "2607.41700", "2011-12-31": "2448.47000", "2010-12-31": "2126.87600", "2009-12-31": "1920.18200", "2008-12-31": "1864.51400", "2007-12-31": "969.29200", "2006-12-31": "902.69600", "2005-12-31": "305.50900"}}, "balance sheet, quarterly": {"Cash On Hand": {"2020-09-30": "845.20900", "2020-06-30": "744.97900", "2020-03-31": "718.03000", "2019-12-31": "872.38200", "2019-09-30": "732.90200", "2019-06-30": "631.69600", "2019-03-31": "607.62800", "2018-12-31": "777.36400", "2018-09-30": "729.39100", "2018-06-30": "696.16300", "2018-03-31": "889.76800", "2017-12-31": "881.78700", "2017-09-30": "926.63500", "2017-06-30": "863.48200", "2017-03-31": "866.55600", "2016-12-31": "822.86000", "2016-09-30": "838.27200", "2016-06-30": "843.76500", "2016-03-31": "863.87700", "2015-12-31": "784.61400", "2015-09-30": "776.92300", "2015-06-30": "841.17000", "2015-03-31": "761.18300", "2014-12-31": "788.77800", "2014-09-30": "817.47000", "2014-06-30": "783.55900", "2014-03-31": "858.24300", "2013-12-31": "742.98600", "2013-09-30": "707.77400", "2013-06-30": "659.86400", "2013-03-31": "651.48100", "2012-12-31": "577.15500", "2012-09-30": "555.34100", "2012-06-30": "551.95200", "2012-03-31": "558.44500", "2011-12-31": "472.40400", "2011-09-30": "406.88000", "2011-06-30": "630.25990", "2011-03-31": "550.46900", "2010-12-31": "472.93400", "2010-09-30": "495.83600", "2010-06-30": "416.58500", "2010-03-31": "390.31200", "2009-12-31": "343.84400", "2009-09-30": "293.70600", "2009-06-30": "254.18700", "2009-03-31": "229.60300", "2008-12-31": "233.87500", "2008-09-30": "212.37400", "2008-06-30": "202.04400", "2008-03-31": "201.22700", "2007-12-31": "171.85100", "2007-09-30": "150.86700", "2007-06-30": "137.97100", "2007-03-31": "117.54300", "2006-12-31": "104.48600", "2006-09-30": "101.76800", "2006-06-30": "103.10900", "2006-03-31": "203.23000", "2005-12-31": "194.23200", "2005-09-30": "174.47200", "2005-06-30": "163.37000", "2005-03-31": "149.74400"}, "Receivables": {"2020-09-30": "613.51200", "2020-06-30": "549.28500", "2020-03-31": "572.67000", "2019-12-31": "683.09800", "2019-09-30": "473.32400", "2019-06-30": "501.64900", "2019-03-31": "455.18300", "2018-12-31": "533.81300", "2018-09-30": "398.17600", "2018-06-30": "446.82200", "2018-03-31": "437.56100", "2017-12-31": "388.47900", "2017-09-30": "275.03900", "2017-06-30": "282.19800", "2017-03-31": "315.51300", "2016-12-31": "346.54100", "2016-09-30": "261.87900", "2016-06-30": "265.97700", "2016-03-31": "254.80200", "2015-12-31": "291.81200", "2015-09-30": "239.63000", "2015-06-30": "246.90000", "2015-03-31": "248.80500", "2014-12-31": "293.53700", "2014-09-30": "231.32200", "2014-06-30": "256.76500", "2014-03-31": "252.55100", "2013-12-31": "298.57900", "2013-09-30": "228.56400", "2013-06-30": "235.14700", "2013-03-31": "264.09700", "2012-12-31": "312.86600", "2012-09-30": "249.09800", "2012-06-30": "271.17500", "2012-03-31": "255.16200", "2011-12-31": "247.89800", "2011-09-30": "199.27500", "2011-06-30": "203.36800", "2011-03-31": "217.49600", "2010-12-31": "224.00600", "2010-09-30": "170.72800", "2010-06-30": "145.25200", "2010-03-31": "161.19900", "2009-12-31": "153.81900", "2009-09-30": "117.86000", "2009-06-30": "128.48200", "2009-03-31": "137.64600", "2008-12-31": "157.28500", "2008-09-30": "140.08700", "2008-06-30": "121.83300", "2008-03-31": "135.48100", "2007-12-31": "115.78000", "2007-09-30": "108.06800", "2007-06-30": "96.34600", "2007-03-31": "104.66100", "2006-12-31": "90.48200", "2006-09-30": "69.48200", "2006-06-30": "76.08600", "2006-03-31": "50.50500", "2005-12-31": "44.19900", "2005-09-30": "37.53300", "2005-06-30": "36.85500", "2005-03-31": "42.04300"}, "Inventory": {"2020-09-30": "", "2020-06-30": "", "2020-03-31": "", "2019-12-31": "", "2019-09-30": "", "2019-06-30": "", "2019-03-31": "", "2018-12-31": "", "2018-09-30": "", "2018-06-30": "", "2018-03-31": "", "2017-12-31": "", "2017-09-30": "", "2017-06-30": "", "2017-03-31": "", "2016-12-31": "", "2016-09-30": "", "2016-06-30": "", "2016-03-31": "", "2015-12-31": "", "2015-09-30": "", "2015-06-30": "", "2015-03-31": "", "2014-12-31": "", "2014-09-30": "", "2014-06-30": "", "2014-03-31": "", "2013-12-31": "", "2013-09-30": "", "2013-06-30": "", "2013-03-31": "", "2012-12-31": "", "2012-09-30": "", "2012-06-30": "", "2012-03-31": "", "2011-12-31": "", "2011-09-30": "", "2011-06-30": "", "2011-03-31": "", "2010-12-31": "", "2010-09-30": "", "2010-06-30": "", "2010-03-31": "", "2009-12-31": "", "2009-09-30": "", "2009-06-30": "", "2009-03-31": "", "2008-12-31": "", "2008-09-30": "", "2008-06-30": "", "2008-03-31": "", "2007-12-31": "", "2007-09-30": "", "2007-06-30": "", "2007-03-31": "", "2006-12-31": "", "2006-09-30": "", "2006-06-30": "", "2006-03-31": "", "2005-12-31": "", "2005-09-30": "", "2005-06-30": "", "2005-03-31": ""}, "Pre-Paid Expenses": {"2020-09-30": "", "2020-06-30": "", "2020-03-31": "", "2019-12-31": "", "2019-09-30": "", "2019-06-30": "", "2019-03-31": "", "2018-12-31": "", "2018-09-30": "", "2018-06-30": "", "2018-03-31": "", "2017-12-31": "", "2017-09-30": "", "2017-06-30": "", "2017-03-31": "", "2016-12-31": "", "2016-09-30": "", "2016-06-30": "", "2016-03-31": "", "2015-12-31": "", "2015-09-30": "", "2015-06-30": "", "2015-03-31": "", "2014-12-31": "", "2014-09-30": "", "2014-06-30": "", "2014-03-31": "", "2013-12-31": "", "2013-09-30": "", "2013-06-30": "", "2013-03-31": "", "2012-12-31": "", "2012-09-30": "", "2012-06-30": "", "2012-03-31": "", "2011-12-31": "", "2011-09-30": "", "2011-06-30": "", "2011-03-31": "", "2010-12-31": "", "2010-09-30": "", "2010-06-30": "", "2010-03-31": "", "2009-12-31": "", "2009-09-30": "", "2009-06-30": "", "2009-03-31": "", "2008-12-31": "", "2008-09-30": "", "2008-06-30": "", "2008-03-31": "", "2007-12-31": "", "2007-09-30": "", "2007-06-30": "", "2007-03-31": "", "2006-12-31": "", "2006-09-30": "", "2006-06-30": "", "2006-03-31": "", "2005-12-31": "", "2005-09-30": "", "2005-06-30": "", "2005-03-31": ""}, "Other Current Assets": {"2020-09-30": "", "2020-06-30": "", "2020-03-31": "", "2019-12-31": "", "2019-09-30": "", "2019-06-30": "", "2019-03-31": "", "2018-12-31": "", "2018-09-30": "", "2018-06-30": "", "2018-03-31": "", "2017-12-31": "", "2017-09-30": "", "2017-06-30": "", "2017-03-31": "", "2016-12-31": "", "2016-09-30": "", "2016-06-30": "", "2016-03-31": "", "2015-12-31": "", "2015-09-30": "", "2015-06-30": "", "2015-03-31": "", "2014-12-31": "", "2014-09-30": "", "2014-06-30": "", "2014-03-31": "", "2013-12-31": "", "2013-09-30": "", "2013-06-30": "", "2013-03-31": "", "2012-12-31": "", "2012-09-30": "", "2012-06-30": "", "2012-03-31": "", "2011-12-31": "", "2011-09-30": "", "2011-06-30": "", "2011-03-31": "", "2010-12-31": "", "2010-09-30": "", "2010-06-30": "", "2010-03-31": "", "2009-12-31": "", "2009-09-30": "", "2009-06-30": "", "2009-03-31": "", "2008-12-31": "", "2008-09-30": "", "2008-06-30": "", "2008-03-31": "", "2007-12-31": "", "2007-09-30": "", "2007-06-30": "", "2007-03-31": "", "2006-12-31": "", "2006-09-30": "", "2006-06-30": "", "2006-03-31": "", "2005-12-31": "", "2005-09-30": "", "2005-06-30": "", "2005-03-31": ""}, "Total Current Assets": {"2020-09-30": "1458.72100", "2020-06-30": "1294.26400", "2020-03-31": "1290.70000", "2019-12-31": "1555.48000", "2019-09-30": "1206.22600", "2019-06-30": "1133.34500", "2019-03-31": "1062.81100", "2018-12-31": "1311.17700", "2018-09-30": "1127.56700", "2018-06-30": "1142.98500", "2018-03-31": "1327.32900", "2017-12-31": "1270.26600", "2017-09-30": "1201.67400", "2017-06-30": "1145.68000", "2017-03-31": "1182.06900", "2016-12-31": "1169.40100", "2016-09-30": "1100.15100", "2016-06-30": "1109.74200", "2016-03-31": "1118.67900", "2015-12-31": "1076.42600", "2015-09-30": "1045.26400", "2015-06-30": "1110.35500", "2015-03-31": "1029.28800", "2014-12-31": "1082.31500", "2014-09-30": "1075.02000", "2014-06-30": "1064.65700", "2014-03-31": "1132.26200", "2013-12-31": "1067.59600", "2013-09-30": "959.95600", "2013-06-30": "915.48400", "2013-03-31": "931.60800", "2012-12-31": "913.35900", "2012-09-30": "825.83100", "2012-06-30": "841.15300", "2012-03-31": "830.80200", "2011-12-31": "740.03300", "2011-09-30": "626.42700", "2011-06-30": "854.25100", "2011-03-31": "784.74500", "2010-12-31": "714.63300", "2010-09-30": "686.39200", "2010-06-30": "578.74200", "2010-03-31": "566.08200", "2009-12-31": "515.49000", "2009-09-30": "430.48100", "2009-06-30": "399.30700", "2009-03-31": "378.20800", "2008-12-31": "397.15300", "2008-09-30": "358.33800", "2008-06-30": "337.88200", "2008-03-31": "355.93600", "2007-12-31": "305.16900", "2007-09-30": "281.28200", "2007-06-30": "253.06600", "2007-03-31": "245.50000", "2006-12-31": "215.94400", "2006-09-30": "184.17900", "2006-06-30": "191.44800", "2006-03-31": "257.91400", "2005-12-31": "244.36200", "2005-09-30": "215.32000", "2005-06-30": "203.65100", "2005-03-31": "195.35800"}, "Property, Plant, And Equipment": {"2020-09-30": "90.29900", "2020-06-30": "88.79200", "2020-03-31": "82.47100", "2019-12-31": "83.63600", "2019-09-30": "70.29500", "2019-06-30": "68.29400", "2019-03-31": "63.30100", "2018-12-31": "61.65500", "2018-09-30": "57.90200", "2018-06-30": "56.50100", "2018-03-31": "55.80600", "2017-12-31": "57.09600", "2017-09-30": "57.16000", "2017-06-30": "53.93000", "2017-03-31": "54.51300", "2016-12-31": "54.67700", "2016-09-30": "55.62800", "2016-06-30": "58.09500", "2016-03-31": "60.15100", "2015-12-31": "61.92400", "2015-09-30": "58.59000", "2015-06-30": "60.66400", "2015-03-31": "62.49600", "2014-12-31": "64.64300", "2014-09-30": "65.09900", "2014-06-30": "62.48700", "2014-03-31": "59.63100", "2013-12-31": "60.53800", "2013-09-30": "54.95200", "2013-06-30": "50.27900", "2013-03-31": "50.82200", "2012-12-31": "52.25300", "2012-09-30": "51.17800", "2012-06-30": "51.65900", "2012-03-31": "46.80900", "2011-12-31": "45.63800", "2011-09-30": "40.25100", "2011-06-30": "38.52900", "2011-03-31": "37.43600", "2010-12-31": "36.92100", "2010-09-30": "34.71500", "2010-06-30": "33.56500", "2010-03-31": "34.08100", "2009-12-31": "35.13100", "2009-09-30": "36.03400", "2009-06-30": "36.24600", "2009-03-31": "37.06500", "2008-12-31": "36.81200", "2008-09-30": "33.62100", "2008-06-30": "31.51900", "2008-03-31": "29.67800", "2007-12-31": "29.08200", "2007-09-30": "29.01000", "2007-06-30": "28.46000", "2007-03-31": "26.13900", "2006-12-31": "25.53000", "2006-09-30": "24.43000", "2006-06-30": "24.25200", "2006-03-31": "6.26500", "2005-12-31": "6.36200", "2005-09-30": "6.23400", "2005-06-30": "6.39100", "2005-03-31": "6.16800"}, "Long-Term Investments": {"2020-09-30": "", "2020-06-30": "", "2020-03-31": "", "2019-12-31": "", "2019-09-30": "", "2019-06-30": "", "2019-03-31": "", "2018-12-31": "", "2018-09-30": "", "2018-06-30": "", "2018-03-31": "", "2017-12-31": "", "2017-09-30": "", "2017-06-30": "", "2017-03-31": "", "2016-12-31": "", "2016-09-30": "", "2016-06-30": "", "2016-03-31": "", "2015-12-31": "", "2015-09-30": "", "2015-06-30": "", "2015-03-31": "", "2014-12-31": "", "2014-09-30": "", "2014-06-30": "", "2014-03-31": "", "2013-12-31": "", "2013-09-30": "", "2013-06-30": "", "2013-03-31": "", "2012-12-31": "", "2012-09-30": "", "2012-06-30": "", "2012-03-31": "", "2011-12-31": "", "2011-09-30": "", "2011-06-30": "", "2011-03-31": "", "2010-12-31": "", "2010-09-30": "", "2010-06-30": "", "2010-03-31": "", "2009-12-31": "", "2009-09-30": "", "2009-06-30": "", "2009-03-31": "", "2008-12-31": "", "2008-09-30": "", "2008-06-30": "", "2008-03-31": "", "2007-12-31": "", "2007-09-30": "", "2007-06-30": "", "2007-03-31": "", "2006-12-31": "", "2006-09-30": "", "2006-06-30": "", "2006-03-31": "", "2005-12-31": "", "2005-09-30": "", "2005-06-30": "", "2005-03-31": ""}, "Goodwill And Intangible Assets": {"2020-09-30": "2966.37500", "2020-06-30": "2955.99300", "2020-03-31": "2856.82000", "2019-12-31": "2889.99100", "2019-09-30": "2039.24000", "2019-06-30": "2057.80400", "2019-03-31": "2026.55500", "2018-12-31": "1783.72700", "2018-09-30": "1795.13100", "2018-06-30": "1804.93000", "2018-03-31": "1525.85400", "2017-12-31": "1536.17800", "2017-09-30": "1508.44000", "2017-06-30": "1496.60700", "2017-03-31": "1504.50300", "2016-12-31": "1509.83400", "2016-09-30": "1518.29900", "2016-06-30": "1530.33000", "2016-03-31": "1543.80600", "2015-12-31": "1552.90100", "2015-09-30": "1567.77100", "2015-06-30": "1544.97000", "2015-03-31": "1559.82200", "2014-12-31": "1571.49400", "2014-09-30": "1591.26800", "2014-06-30": "1615.39400", "2014-03-31": "1549.76800", "2013-12-31": "1547.09400", "2013-09-30": "1561.10800", "2013-06-30": "1572.26500", "2013-03-31": "1581.97600", "2012-12-31": "1602.42000", "2012-09-30": "1621.68600", "2012-06-30": "1576.79100", "2012-03-31": "1595.25100", "2011-12-31": "1608.79500", "2011-09-30": "1626.51700", "2011-06-30": "1292.97100", "2011-03-31": "1302.73400", "2010-12-31": "1313.40300", "2010-09-30": "1325.40800", "2010-06-30": "1330.62400", "2010-03-31": "1344.68400", "2009-12-31": "1361.13700", "2009-09-30": "1379.03500", "2009-06-30": "1392.22300", "2009-03-31": "1400.74600", "2008-12-31": "1421.40100", "2008-09-30": "1440.01400", "2008-06-30": "618.41700", "2008-03-31": "626.17400", "2007-12-31": "630.53900", "2007-09-30": "614.69300", "2007-06-30": "621.34700", "2007-03-31": "627.56000", "2006-12-31": "656.93900", "2006-09-30": "642.35600", "2006-06-30": "649.33600", "2006-03-31": "54.02200", "2005-12-31": "53.39900", "2005-09-30": "48.63700", "2005-06-30": "49.86000", "2005-03-31": "51.84500"}, "Other Long-Term Assets": {"2020-09-30": "189.22700", "2020-06-30": "191.32600", "2020-03-31": "152.52100", "2019-12-31": "180.03200", "2019-09-30": "134.75700", "2019-06-30": "124.38400", "2019-03-31": "97.69900", "2018-12-31": "82.77500", "2018-09-30": "53.22600", "2018-06-30": "39.10100", "2018-03-31": "34.73100", "2017-12-31": "35.97200", "2017-09-30": "33.63300", "2017-06-30": "25.63900", "2017-03-31": "19.12200", "2016-12-31": "24.28700", "2016-09-30": "17.27100", "2016-06-30": "16.92600", "2016-03-31": "5.96600", "2015-12-31": "5.75700", "2015-09-30": "5.66500", "2015-06-30": "6.07900", "2015-03-31": "6.34600", "2014-12-31": "6.18700", "2014-09-30": "4.07400", "2014-06-30": "5.70300", "2014-03-31": "8.19000", "2013-12-31": "10.58600", "2013-09-30": "13.20600", "2013-06-30": "15.85100", "2013-03-31": "19.59400", "2012-12-31": "24.39300", "2012-09-30": "45.81300", "2012-06-30": "31.94200", "2012-03-31": "34.86300", "2011-12-31": "46.94200", "2011-09-30": "48.85800", "2011-06-30": "49.26500", "2011-03-31": "51.48500", "2010-12-31": "56.12300", "2010-09-30": "65.54200", "2010-06-30": "5.25300", "2010-03-31": "5.62800", "2009-12-31": "5.84800", "2009-09-30": "6.24900", "2009-06-30": "6.18300", "2009-03-31": "7.65300", "2008-12-31": "8.69200", "2008-09-30": "8.18300", "2008-06-30": "3.82000", "2008-03-31": "6.39000", "2007-12-31": "3.60700", "2007-09-30": "2.76600", "2007-06-30": "2.80500", "2007-03-31": "2.95100", "2006-12-31": "3.01700", "2006-09-30": "2.84200", "2006-06-30": "3.05900", "2006-03-31": "3.86400", "2005-12-31": "0.46700", "2005-09-30": "", "2005-06-30": "", "2005-03-31": ""}, "Total Long-Term Assets": {"2020-09-30": "3387.57400", "2020-06-30": "3377.60200", "2020-03-31": "3235.38500", "2019-12-31": "3283.40700", "2019-09-30": "2375.78600", "2019-06-30": "2379.49700", "2019-03-31": "2309.45200", "2018-12-31": "1954.78700", "2018-09-30": "1928.54400", "2018-06-30": "1915.26500", "2018-03-31": "1631.83700", "2017-12-31": "1671.35700", "2017-09-30": "1644.33900", "2017-06-30": "1615.28500", "2017-03-31": "1612.62400", "2016-12-31": "1631.12500", "2016-09-30": "1630.20600", "2016-06-30": "1637.91900", "2016-03-31": "1640.14900", "2015-12-31": "1653.47800", "2015-09-30": "1656.30200", "2015-06-30": "1635.67500", "2015-03-31": "1651.80600", "2014-12-31": "1670.56400", "2014-09-30": "1714.01800", "2014-06-30": "1734.53900", "2014-03-31": "1660.96700", "2013-12-31": "1654.78600", "2013-09-30": "1658.32300", "2013-06-30": "1660.55200", "2013-03-31": "1668.09200", "2012-12-31": "1694.05800", "2012-09-30": "1732.47300", "2012-06-30": "1672.06900", "2012-03-31": "1686.25600", "2011-12-31": "1708.43700", "2011-09-30": "1721.47800", "2011-06-30": "1383.72400", "2011-03-31": "1393.61500", "2010-12-31": "1412.24300", "2010-09-30": "1432.09000", "2010-06-30": "1374.80800", "2010-03-31": "1388.44900", "2009-12-31": "1404.69200", "2009-09-30": "1422.24800", "2009-06-30": "1435.81700", "2009-03-31": "1446.36000", "2008-12-31": "1467.36100", "2008-09-30": "1482.75300", "2008-06-30": "658.23000", "2008-03-31": "663.05200", "2007-12-31": "664.12300", "2007-09-30": "647.47800", "2007-06-30": "653.72500", "2007-03-31": "657.90200", "2006-12-31": "686.75210", "2006-09-30": "670.37490", "2006-06-30": "677.44600", "2006-03-31": "67.62900", "2005-12-31": "61.14700", "2005-09-30": "57.69800", "2005-06-30": "58.36000", "2005-03-31": "59.62100"}, "Total Assets": {"2020-09-30": "4846.29500", "2020-06-30": "4671.86600", "2020-03-31": "4526.08500", "2019-12-31": "4838.88700", "2019-09-30": "3582.01200", "2019-06-30": "3512.84200", "2019-03-31": "3372.26300", "2018-12-31": "3265.96400", "2018-09-30": "3056.11100", "2018-06-30": "3058.25000", "2018-03-31": "2959.16600", "2017-12-31": "2941.62300", "2017-09-30": "2846.01300", "2017-06-30": "2760.96500", "2017-03-31": "2794.69300", "2016-12-31": "2800.52600", "2016-09-30": "2730.35700", "2016-06-30": "2747.66100", "2016-03-31": "2758.82800", "2015-12-31": "2729.90400", "2015-09-30": "2701.56600", "2015-06-30": "2746.03000", "2015-03-31": "2681.09400", "2014-12-31": "2752.87900", "2014-09-30": "2789.03800", "2014-06-30": "2799.19600", "2014-03-31": "2793.22900", "2013-12-31": "2722.38200", "2013-09-30": "2618.27900", "2013-06-30": "2576.03600", "2013-03-31": "2599.70000", "2012-12-31": "2607.41700", "2012-09-30": "2558.30400", "2012-06-30": "2513.22200", "2012-03-31": "2517.05800", "2011-12-31": "2448.47000", "2011-09-30": "2347.90500", "2011-06-30": "2237.97500", "2011-03-31": "2178.36000", "2010-12-31": "2126.87600", "2010-09-30": "2118.48200", "2010-06-30": "1953.55000", "2010-03-31": "1954.53100", "2009-12-31": "1920.18200", "2009-09-30": "1852.72900", "2009-06-30": "1835.12400", "2009-03-31": "1824.56800", "2008-12-31": "1864.51400", "2008-09-30": "1841.09100", "2008-06-30": "996.11200", "2008-03-31": "1018.98800", "2007-12-31": "969.29200", "2007-09-30": "928.76000", "2007-06-30": "906.79100", "2007-03-31": "903.40200", "2006-12-31": "902.69600", "2006-09-30": "854.55400", "2006-06-30": "868.89400", "2006-03-31": "325.54300", "2005-12-31": "305.50900", "2005-09-30": "273.01800", "2005-06-30": "262.01100", "2005-03-31": "254.97900"}, "Total Current Liabilities": {"2020-09-30": "561.84700", "2020-06-30": "543.80600", "2020-03-31": "537.14200", "2019-12-31": "695.14000", "2019-09-30": "473.83000", "2019-06-30": "505.66600", "2019-03-31": "503.41000", "2018-12-31": "524.76700", "2018-09-30": "415.43900", "2018-06-30": "435.00100", "2018-03-31": "442.09200", "2017-12-31": "608.55300", "2017-09-30": "496.35200", "2017-06-30": "514.78700", "2017-03-31": "528.72600", "2016-12-31": "539.10000", "2016-09-30": "454.43700", "2016-06-30": "467.71000", "2016-03-31": "474.82400", "2015-12-31": "484.14600", "2015-09-30": "411.95700", "2015-06-30": "430.31000", "2015-03-31": "444.11100", "2014-12-31": "465.07500", "2014-09-30": "407.28000", "2014-06-30": "447.03700", "2014-03-31": "441.74700", "2013-12-31": "440.43100", "2013-09-30": "386.95600", "2013-06-30": "425.66600", "2013-03-31": "419.30600", "2012-12-31": "477.38700", "2012-09-30": "453.10700", "2012-06-30": "463.91700", "2012-03-31": "457.01600", "2011-12-31": "438.75100", "2011-09-30": "371.47900", "2011-06-30": "347.45700", "2011-03-31": "330.52600", "2010-12-31": "311.36900", "2010-09-30": "355.54300", "2010-06-30": "273.26700", "2010-03-31": "278.35700", "2009-12-31": "266.76600", "2009-09-30": "244.20000", "2009-06-30": "264.95200", "2009-03-31": "264.75100", "2008-12-31": "267.66400", "2008-09-30": "246.54200", "2008-06-30": "209.36400", "2008-03-31": "217.20000", "2007-12-31": "195.86700", "2007-09-30": "192.69100", "2007-06-30": "189.67300", "2007-03-31": "194.37600", "2006-12-31": "179.53800", "2006-09-30": "157.80300", "2006-06-30": "166.62000", "2006-03-31": "80.32200", "2005-12-31": "76.47000", "2005-09-30": "63.98200", "2005-06-30": "65.44200", "2005-03-31": "67.00400"}, "Long Term Debt": {"2020-09-30": "423.75900", "2020-06-30": "423.68300", "2020-03-31": "423.60700", "2019-12-31": "423.53100", "2019-09-30": "", "2019-06-30": "", "2019-03-31": "", "2018-12-31": "", "2018-09-30": "", "2018-06-30": "", "2018-03-31": "", "2017-12-31": "", "2017-09-30": "", "2017-06-30": "", "2017-03-31": "", "2016-12-31": "", "2016-09-30": "", "2016-06-30": "", "2016-03-31": "", "2015-12-31": "", "2015-09-30": "", "2015-06-30": "", "2015-03-31": "", "2014-12-31": "", "2014-09-30": "32.00900", "2014-06-30": "29.57500", "2014-03-31": "23.78700", "2013-12-31": "18.13600", "2013-09-30": "11.22200", "2013-06-30": "6.25800", "2013-03-31": "", "2012-12-31": "", "2012-09-30": "", "2012-06-30": "26.57400", "2012-03-31": "26.57400", "2011-12-31": "53.14900", "2011-09-30": "79.72300", "2011-06-30": "106.29800", "2011-03-31": "116.93000", "2010-12-31": "127.56300", "2010-09-30": "138.20000", "2010-06-30": "148.83900", "2010-03-31": "180.26000", "2009-12-31": "198.66800", "2009-09-30": "205.34400", "2009-06-30": "211.91100", "2009-03-31": "242.40300", "2008-12-31": "249.79500", "2008-09-30": "269.26600", "2008-06-30": "0.04400", "2008-03-31": "41.80900", "2007-12-31": "52.43000", "2007-09-30": "66.15300", "2007-06-30": "86.70700", "2007-03-31": "101.51200", "2006-12-31": "109.39300", "2006-09-30": "128.71500", "2006-06-30": "146.19100", "2006-03-31": "", "2005-12-31": "", "2005-09-30": "", "2005-06-30": "", "2005-03-31": ""}, "Other Non-Current Liabilities": {"2020-09-30": "105.40600", "2020-06-30": "96.08300", "2020-03-31": "96.17300", "2019-12-31": "96.42600", "2019-09-30": "62.48400", "2019-06-30": "62.98800", "2019-03-31": "58.84300", "2018-12-31": "61.57300", "2018-09-30": "62.17100", "2018-06-30": "76.99800", "2018-03-31": "80.86500", "2017-12-31": "85.77800", "2017-09-30": "60.61400", "2017-06-30": "54.48700", "2017-03-31": "52.29500", "2016-12-31": "50.76200", "2016-09-30": "44.49400", "2016-06-30": "41.93100", "2016-03-31": "43.53000", "2015-12-31": "49.24000", "2015-09-30": "48.61700", "2015-06-30": "45.29400", "2015-03-31": "50.81000", "2014-12-31": "54.11300", "2014-09-30": "52.86100", "2014-06-30": "54.30600", "2014-03-31": "60.81900", "2013-12-31": "60.67000", "2013-09-30": "60.68800", "2013-06-30": "67.31900", "2013-03-31": "90.85400", "2012-12-31": "96.91700", "2012-09-30": "111.53800", "2012-06-30": "106.92300", "2012-03-31": "107.53300", "2011-12-31": "100.47900", "2011-09-30": "93.99500", "2011-06-30": "74.22400", "2011-03-31": "83.79700", "2010-12-31": "82.98900", "2010-09-30": "72.23100", "2010-06-30": "33.74000", "2010-03-31": "37.06800", "2009-12-31": "34.80400", "2009-09-30": "32.16000", "2009-06-30": "32.06700", "2009-03-31": "36.30000", "2008-12-31": "36.62900", "2008-09-30": "26.39300", "2008-06-30": "21.20300", "2008-03-31": "22.99500", "2007-12-31": "17.31400", "2007-09-30": "14.92100", "2007-06-30": "7.77300", "2007-03-31": "7.60100", "2006-12-31": "7.53000", "2006-09-30": "1.37500", "2006-06-30": "1.37500", "2006-03-31": "1.37500", "2005-12-31": "4.06200", "2005-09-30": "", "2005-06-30": "", "2005-03-31": ""}, "Total Long Term Liabilities": {"2020-09-30": "694.83500", "2020-06-30": "690.01200", "2020-03-31": "696.59290", "2019-12-31": "690.36800", "2019-09-30": "184.85800", "2019-06-30": "189.89000", "2019-03-31": "184.47200", "2018-12-31": "91.65000", "2018-09-30": "92.12600", "2018-06-30": "115.77000", "2018-03-31": "109.71400", "2017-12-31": "87.23900", "2017-09-30": "62.40700", "2017-06-30": "56.76300", "2017-03-31": "54.52200", "2016-12-31": "53.02100", "2016-09-30": "46.15500", "2016-06-30": "44.09100", "2016-03-31": "50.10100", "2015-12-31": "51.33100", "2015-09-30": "78.01300", "2015-06-30": "74.41500", "2015-03-31": "85.71800", "2014-12-31": "70.30300", "2014-09-30": "126.04100", "2014-06-30": "132.38700", "2014-03-31": "142.76900", "2013-12-31": "145.70500", "2013-09-30": "143.02500", "2013-06-30": "152.53500", "2013-03-31": "174.50600", "2012-12-31": "189.73900", "2012-09-30": "208.70700", "2012-06-30": "228.45600", "2012-03-31": "239.14900", "2011-12-31": "255.24600", "2011-09-30": "283.40900", "2011-06-30": "250.22400", "2011-03-31": "271.20100", "2010-12-31": "285.57800", "2010-09-30": "302.79900", "2010-06-30": "277.73300", "2010-03-31": "317.13600", "2009-12-31": "340.78500", "2009-09-30": "351.48800", "2009-06-30": "361.43100", "2009-03-31": "398.89300", "2008-12-31": "413.95100", "2008-09-30": "432.11000", "2008-06-30": "77.77800", "2008-03-31": "124.50700", "2007-12-31": "132.21500", "2007-09-30": "122.54600", "2007-06-30": "137.72300", "2007-03-31": "155.01000", "2006-12-31": "188.36500", "2006-09-30": "179.14400", "2006-06-30": "198.97200", "2006-03-31": "1.37500", "2005-12-31": "4.06200", "2005-09-30": "", "2005-06-30": "", "2005-03-31": ""}, "Total Liabilities": {"2020-09-30": "1256.68200", "2020-06-30": "1233.81800", "2020-03-31": "1233.73500", "2019-12-31": "1385.50800", "2019-09-30": "658.68800", "2019-06-30": "695.55600", "2019-03-31": "687.88200", "2018-12-31": "616.41700", "2018-09-30": "507.56500", "2018-06-30": "550.77100", "2018-03-31": "551.80600", "2017-12-31": "695.79200", "2017-09-30": "558.75900", "2017-06-30": "571.55000", "2017-03-31": "583.24800", "2016-12-31": "592.12100", "2016-09-30": "500.59200", "2016-06-30": "511.80100", "2016-03-31": "524.92500", "2015-12-31": "535.47700", "2015-09-30": "489.97000", "2015-06-30": "504.72500", "2015-03-31": "529.82900", "2014-12-31": "535.37800", "2014-09-30": "533.32100", "2014-06-30": "579.42400", "2014-03-31": "584.51600", "2013-12-31": "586.13600", "2013-09-30": "529.98100", "2013-06-30": "578.20100", "2013-03-31": "593.81200", "2012-12-31": "667.12600", "2012-09-30": "661.81400", "2012-06-30": "692.37300", "2012-03-31": "696.16500", "2011-12-31": "693.99700", "2011-09-30": "654.88800", "2011-06-30": "597.68100", "2011-03-31": "601.72700", "2010-12-31": "596.94700", "2010-09-30": "658.34200", "2010-06-30": "551.00000", "2010-03-31": "595.49300", "2009-12-31": "607.55100", "2009-09-30": "595.68800", "2009-06-30": "626.38300", "2009-03-31": "663.64400", "2008-12-31": "681.61500", "2008-09-30": "678.65200", "2008-06-30": "287.14200", "2008-03-31": "341.70700", "2007-12-31": "328.08200", "2007-09-30": "315.23700", "2007-06-30": "327.39600", "2007-03-31": "349.38600", "2006-12-31": "367.90300", "2006-09-30": "336.94700", "2006-06-30": "365.59200", "2006-03-31": "81.69700", "2005-12-31": "80.53200", "2005-09-30": "63.98200", "2005-06-30": "65.44200", "2005-03-31": "67.00400"}, "Common Stock Net": {"2020-09-30": "0.94600", "2020-06-30": "0.94600", "2020-03-31": "0.94600", "2019-12-31": "0.94600", "2019-09-30": "0.93200", "2019-06-30": "0.93200", "2019-03-31": "0.93200", "2018-12-31": "0.93200", "2018-09-30": "0.93200", "2018-06-30": "0.93200", "2018-03-31": "0.93200", "2017-12-31": "0.93200", "2017-09-30": "0.93200", "2017-06-30": "0.93200", "2017-03-31": "0.93200", "2016-12-31": "0.93200", "2016-09-30": "0.93200", "2016-06-30": "0.93200", "2016-03-31": "0.93200", "2015-12-31": "0.93200", "2015-09-30": "0.93200", "2015-06-30": "0.93200", "2015-03-31": "0.93200", "2014-12-31": "0.93200", "2014-09-30": "0.93200", "2014-06-30": "0.93200", "2014-03-31": "0.93200", "2013-12-31": "0.93200", "2013-09-30": "0.93200", "2013-06-30": "0.93200", "2013-03-31": "0.93200", "2012-12-31": "0.93200", "2012-09-30": "0.93200", "2012-06-30": "0.93200", "2012-03-31": "0.93100", "2011-12-31": "0.92700", "2011-09-30": "0.92300", "2011-06-30": "0.92200", "2011-03-31": "0.92000", "2010-12-31": "0.91600", "2010-09-30": "0.90900", "2010-06-30": "0.90800", "2010-03-31": "0.90400", "2009-12-31": "0.89700", "2009-09-30": "0.89700", "2009-06-30": "0.89700", "2009-03-31": "0.89700", "2008-12-31": "0.89700", "2008-09-30": "0.89200", "2008-06-30": "0.78600", "2008-03-31": "0.78400", "2007-12-31": "0.78300", "2007-09-30": "0.78300", "2007-06-30": "0.78300", "2007-03-31": "0.39200", "2006-12-31": "0.78300", "2006-09-30": "0.39200", "2006-06-30": "0.39200", "2006-03-31": "0.33200", "2005-12-31": "0.33200", "2005-09-30": "0.33200", "2005-06-30": "0.33200", "2005-03-31": "0.33200"}, "Retained Earnings (Accumulated Deficit)": {"2020-09-30": "3588.96100", "2020-06-30": "3513.33400", "2020-03-31": "3416.77000", "2019-12-31": "3370.70600", "2019-09-30": "3204.85400", "2019-06-30": "3115.39100", "2019-03-31": "3005.64100", "2018-12-31": "2919.41100", "2018-09-30": "2766.25900", "2018-06-30": "2676.92400", "2018-03-31": "2584.32800", "2017-12-31": "2316.91600", "2017-09-30": "2264.33100", "2017-06-30": "2190.70100", "2017-03-31": "2120.97100", "2016-12-31": "2057.66500", "2016-09-30": "1987.68200", "2016-06-30": "1918.12500", "2016-03-31": "1848.49700", "2015-12-31": "1792.02900", "2015-09-30": "1724.00800", "2015-06-30": "1657.97500", "2015-03-31": "1595.64000", "2014-12-31": "1539.50800", "2014-09-30": "1469.87500", "2014-06-30": "1404.39600", "2014-03-31": "1341.36000", "2013-12-31": "1284.81800", "2013-09-30": "1208.88900", "2013-06-30": "1146.45900", "2013-03-31": "1090.51400", "2012-12-31": "1039.49100", "2012-09-30": "983.42800", "2012-06-30": "931.80900", "2012-03-31": "881.54700", "2011-12-31": "836.00800", "2011-09-30": "788.55100", "2011-06-30": "743.00500", "2011-03-31": "697.57400", "2010-12-31": "655.33300", "2010-09-30": "606.19300", "2010-06-30": "570.06300", "2010-03-31": "534.57000", "2009-12-31": "502.20100", "2009-09-30": "464.57100", "2009-06-30": "434.04200", "2009-03-31": "406.90500", "2008-12-31": "385.81000", "2008-09-30": "353.89600", "2008-06-30": "328.12200", "2008-03-31": "299.99300", "2007-12-31": "274.13900", "2007-09-30": "244.85000", "2007-06-30": "226.15300", "2007-03-31": "207.89800", "2006-12-31": "193.32700", "2006-09-30": "181.06300", "2006-06-30": "172.69100", "2006-03-31": "192.08400", "2005-12-31": "179.17100", "2005-09-30": "165.90000", "2005-06-30": "154.72600", "2005-03-31": "144.95100"}, "Comprehensive Income": {"2020-09-30": "-51.33700", "2020-06-30": "-79.38500", "2020-03-31": "-89.67300", "2019-12-31": "-65.38100", "2019-09-30": "-90.14100", "2019-06-30": "-69.37900", "2019-03-31": "-69.93700", "2018-12-31": "-62.37900", "2018-09-30": "-60.89100", "2018-06-30": "-55.78900", "2018-03-31": "-29.60100", "2017-12-31": "-37.84400", "2017-09-30": "-39.42700", "2017-06-30": "-43.57600", "2017-03-31": "-50.08300", "2016-12-31": "-57.65200", "2016-09-30": "-37.89700", "2016-06-30": "-39.94100", "2016-03-31": "-41.09300", "2015-12-31": "-52.16400", "2015-09-30": "-46.36600", "2015-06-30": "-44.51200", "2015-03-31": "-49.38400", "2014-12-31": "-31.75400", "2014-09-30": "-18.53400", "2014-06-30": "0.81400", "2014-03-31": "-1.71300", "2013-12-31": "-2.64400", "2013-09-30": "-0.17400", "2013-06-30": "-5.65100", "2013-03-31": "-0.27400", "2012-12-31": "8.65100", "2012-09-30": "14.37300", "2012-06-30": "7.32400", "2012-03-31": "11.80400", "2011-12-31": "11.87600", "2011-09-30": "15.47700", "2011-06-30": "23.33000", "2011-03-31": "20.10100", "2010-12-31": "16.96200", "2010-09-30": "16.34500", "2010-06-30": "3.56800", "2010-03-31": "6.69800", "2009-12-31": "8.81200", "2009-09-30": "9.77000", "2009-06-30": "4.06900", "2009-03-31": "-9.56800", "2008-12-31": "-1.48400", "2008-09-30": "6.19700", "2008-06-30": "18.95900", "2008-03-31": "21.22200", "2007-12-31": "16.22900", "2007-09-30": "16.48700", "2007-06-30": "11.04700", "2007-03-31": "8.69500", "2006-12-31": "7.71800", "2006-09-30": "6.41600", "2006-06-30": "6.80100", "2006-03-31": "4.54600", "2005-12-31": "4.27100", "2005-09-30": "4.82400", "2005-06-30": "4.49200", "2005-03-31": "5.92800"}, "Other Share Holders Equity": {"2020-09-30": "", "2020-06-30": "", "2020-03-31": "", "2019-12-31": "", "2019-09-30": "", "2019-06-30": "", "2019-03-31": "", "2018-12-31": "", "2018-09-30": "", "2018-06-30": "", "2018-03-31": "", "2017-12-31": "", "2017-09-30": "", "2017-06-30": "", "2017-03-31": "", "2016-12-31": "", "2016-09-30": "", "2016-06-30": "", "2016-03-31": "", "2015-12-31": "", "2015-09-30": "", "2015-06-30": "", "2015-03-31": "", "2014-12-31": "", "2014-09-30": "", "2014-06-30": "", "2014-03-31": "", "2013-12-31": "", "2013-09-30": "", "2013-06-30": "", "2013-03-31": "", "2012-12-31": "", "2012-09-30": "", "2012-06-30": "", "2012-03-31": "", "2011-12-31": "", "2011-09-30": "", "2011-06-30": "", "2011-03-31": "", "2010-12-31": "", "2010-09-30": "", "2010-06-30": "", "2010-03-31": "", "2009-12-31": "", "2009-09-30": "", "2009-06-30": "", "2009-03-31": "", "2008-12-31": "", "2008-09-30": "", "2008-06-30": "", "2008-03-31": "", "2007-12-31": "", "2007-09-30": "", "2007-06-30": "", "2007-03-31": "", "2006-12-31": "", "2006-09-30": "", "2006-06-30": "", "2006-03-31": "", "2005-12-31": "", "2005-09-30": "", "2005-06-30": "", "2005-03-31": ""}, "Share Holder Equity": {"2020-09-30": "3589.61300", "2020-06-30": "3438.04800", "2020-03-31": "3292.35000", "2019-12-31": "3453.37900", "2019-09-30": "2923.32400", "2019-06-30": "2817.28600", "2019-03-31": "2684.38100", "2018-12-31": "2649.54700", "2018-09-30": "2548.54600", "2018-06-30": "2507.47900", "2018-03-31": "2407.36000", "2017-12-31": "2245.83100", "2017-09-30": "2287.25400", "2017-06-30": "2189.41500", "2017-03-31": "2211.44500", "2016-12-31": "2208.40500", "2016-09-30": "2229.76500", "2016-06-30": "2235.86000", "2016-03-31": "2233.90300", "2015-12-31": "2194.42700", "2015-09-30": "2211.59600", "2015-06-30": "2241.30500", "2015-03-31": "2151.26500", "2014-12-31": "2217.50100", "2014-09-30": "2255.71700", "2014-06-30": "2219.77200", "2014-03-31": "2208.71300", "2013-12-31": "2136.24600", "2013-09-30": "2088.29800", "2013-06-30": "1997.83500", "2013-03-31": "2005.88800", "2012-12-31": "1940.29100", "2012-09-30": "1896.49000", "2012-06-30": "1820.84900", "2012-03-31": "1820.89300", "2011-12-31": "1754.47300", "2011-09-30": "1693.01700", "2011-06-30": "1640.29400", "2011-03-31": "1576.63300", "2010-12-31": "1529.92900", "2010-09-30": "1460.14000", "2010-06-30": "1402.55000", "2010-03-31": "1359.03800", "2009-12-31": "1312.63100", "2009-09-30": "1257.04100", "2009-06-30": "1208.74100", "2009-03-31": "1160.92400", "2008-12-31": "1182.89900", "2008-09-30": "1162.43900", "2008-06-30": "708.97000", "2008-03-31": "677.28100", "2007-12-31": "641.21000", "2007-09-30": "613.52300", "2007-06-30": "579.39500", "2007-03-31": "554.01600", "2006-12-31": "534.79300", "2006-09-30": "517.60700", "2006-06-30": "503.30200", "2006-03-31": "243.84600", "2005-12-31": "224.97700", "2005-09-30": "209.03600", "2005-06-30": "196.56900", "2005-03-31": "187.97500"}, "Total Liabilities And Share Holders Equity": {"2020-09-30": "4846.29500", "2020-06-30": "4671.86600", "2020-03-31": "4526.08500", "2019-12-31": "4838.88700", "2019-09-30": "3582.01200", "2019-06-30": "3512.84200", "2019-03-31": "3372.26300", "2018-12-31": "3265.96400", "2018-09-30": "3056.11100", "2018-06-30": "3058.25000", "2018-03-31": "2959.16600", "2017-12-31": "2941.62300", "2017-09-30": "2846.01300", "2017-06-30": "2760.96500", "2017-03-31": "2794.69300", "2016-12-31": "2800.52600", "2016-09-30": "2730.35700", "2016-06-30": "2747.66100", "2016-03-31": "2758.82800", "2015-12-31": "2729.90400", "2015-09-30": "2701.56600", "2015-06-30": "2746.03000", "2015-03-31": "2681.09400", "2014-12-31": "2752.87900", "2014-09-30": "2789.03800", "2014-06-30": "2799.19600", "2014-03-31": "2793.22900", "2013-12-31": "2722.38200", "2013-09-30": "2618.27900", "2013-06-30": "2576.03600", "2013-03-31": "2599.70000", "2012-12-31": "2607.41700", "2012-09-30": "2558.30400", "2012-06-30": "2513.22200", "2012-03-31": "2517.05800", "2011-12-31": "2448.47000", "2011-09-30": "2347.90500", "2011-06-30": "2237.97500", "2011-03-31": "2178.36000", "2010-12-31": "2126.87600", "2010-09-30": "2118.48200", "2010-06-30": "1953.55000", "2010-03-31": "1954.53100", "2009-12-31": "1920.18200", "2009-09-30": "1852.72900", "2009-06-30": "1835.12400", "2009-03-31": "1824.56800", "2008-12-31": "1864.51400", "2008-09-30": "1841.09100", "2008-06-30": "996.11200", "2008-03-31": "1018.98800", "2007-12-31": "969.29200", "2007-09-30": "928.76000", "2007-06-30": "906.79100", "2007-03-31": "903.40200", "2006-12-31": "902.69600", "2006-09-30": "854.55400", "2006-06-30": "868.89400", "2006-03-31": "325.54300", "2005-12-31": "305.50900", "2005-09-30": "273.01800", "2005-06-30": "262.01100", "2005-03-31": "254.97900"}}, "cash flow statement": {"Net Income/Loss": {"2019-12-31": "451.29500", "2018-12-31": "419.37500", "2017-12-31": "259.25100", "2016-12-31": "265.63600", "2015-12-31": "252.52100", "2014-12-31": "254.69000", "2013-12-31": "245.32700", "2012-12-31": "203.48300", "2011-12-31": "180.67500", "2010-12-31": "153.13200", "2009-12-31": "116.39100", "2008-12-31": "111.67100", "2007-12-31": "82.39200", "2006-12-31": "14.15600", "2005-12-31": "43.90300"}, "Total Depreciation And Amortization - Cash Flow": {"2019-12-31": "78.97500", "2018-12-31": "59.25500", "2017-12-31": "67.67800", "2016-12-31": "69.58700", "2015-12-31": "77.67000", "2014-12-31": "81.92400", "2013-12-31": "80.70100", "2012-12-31": "85.42200", "2011-12-31": "65.95500", "2010-12-31": "60.82600", "2009-12-31": "64.18600", "2008-12-31": "50.09300", "2007-12-31": "38.94900", "2006-12-31": "27.46300", "2005-12-31": "8.10700"}, "Other Non-Cash Items": {"2019-12-31": "104.60700", "2018-12-31": "51.24800", "2017-12-31": "51.93500", "2016-12-31": "24.43500", "2015-12-31": "20.05900", "2014-12-31": "5.57500", "2013-12-31": "2.76700", "2012-12-31": "0.56900", "2011-12-31": "10.42500", "2010-12-31": "-17.61800", "2009-12-31": "-26.38400", "2008-12-31": "-2.95300", "2007-12-31": "5.78500", "2006-12-31": "19.42900", "2005-12-31": "-1.25500"}, "Total Non-Cash Items": {"2019-12-31": "183.58200", "2018-12-31": "110.50300", "2017-12-31": "119.61300", "2016-12-31": "94.02200", "2015-12-31": "97.72900", "2014-12-31": "87.49900", "2013-12-31": "83.46800", "2012-12-31": "85.99100", "2011-12-31": "76.38000", "2010-12-31": "43.20800", "2009-12-31": "37.80200", "2008-12-31": "47.14000", "2007-12-31": "44.73400", "2006-12-31": "46.89200", "2005-12-31": "6.85200"}, "Change In Accounts Receivable": {"2019-12-31": "-154.40300", "2018-12-31": "-74.45500", "2017-12-31": "-14.40600", "2016-12-31": "-17.38800", "2015-12-31": "6.04400", "2014-12-31": "-5.55400", "2013-12-31": "-2.98300", "2012-12-31": "-12.40100", "2011-12-31": "-8.08600", "2010-12-31": "-11.14900", "2009-12-31": "-6.43400", "2008-12-31": "-4.55100", "2007-12-31": "-10.39200", "2006-12-31": "-6.15700", "2005-12-31": "-1.03300"}, "Change In Inventories": {"2019-12-31": "", "2018-12-31": "", "2017-12-31": "", "2016-12-31": "", "2015-12-31": "", "2014-12-31": "", "2013-12-31": "", "2012-12-31": "", "2011-12-31": "", "2010-12-31": "", "2009-12-31": "", "2008-12-31": "", "2007-12-31": "", "2006-12-31": "", "2005-12-31": ""}, "Change In Accounts Payable": {"2019-12-31": "", "2018-12-31": "", "2017-12-31": "", "2016-12-31": "", "2015-12-31": "", "2014-12-31": "", "2013-12-31": "", "2012-12-31": "", "2011-12-31": "", "2010-12-31": "", "2009-12-31": "", "2008-12-31": "", "2007-12-31": "", "2006-12-31": "", "2005-12-31": ""}, "Change In Assets/Liabilities": {"2019-12-31": "-22.43400", "2018-12-31": "8.14900", "2017-12-31": "34.92100", "2016-12-31": "-3.55100", "2015-12-31": "19.21500", "2014-12-31": "27.49400", "2013-12-31": "-20.51500", "2012-12-31": "-2.89100", "2011-12-31": "30.62200", "2010-12-31": "-45.47600", "2009-12-31": "12.90900", "2008-12-31": "32.85500", "2007-12-31": "4.25900", "2006-12-31": "19.71900", "2005-12-31": "6.41100"}, "Total Change In Assets/Liabilities": {"2019-12-31": "-137.71900", "2018-12-31": "-45.30000", "2017-12-31": "48.77500", "2016-12-31": "5.03200", "2015-12-31": "24.03600", "2014-12-31": "42.25000", "2013-12-31": "4.11500", "2012-12-31": "8.87200", "2011-12-31": "50.42600", "2010-12-31": "-29.47500", "2009-12-31": "19.38800", "2008-12-31": "37.77100", "2007-12-31": "-0.07800", "2006-12-31": "28.49900", "2005-12-31": "17.07000"}, "Cash Flow From Operating Activities": {"2019-12-31": "499.93600", "2018-12-31": "484.98800", "2017-12-31": "427.66000", "2016-12-31": "365.98000", "2015-12-31": "375.69900", "2014-12-31": "385.30700", "2013-12-31": "332.98300", "2012-12-31": "298.41500", "2011-12-31": "307.66100", "2010-12-31": "166.88400", "2009-12-31": "173.68900", "2008-12-31": "196.70800", "2007-12-31": "127.12800", "2006-12-31": "89.69700", "2005-12-31": "67.82500"}, "Net Change In Property, Plant, And Equipment": {"2019-12-31": "-44.94000", "2018-12-31": "-21.76200", "2017-12-31": "-19.14900", "2016-12-31": "-12.44300", "2015-12-31": "-16.14500", "2014-12-31": "-26.02300", "2013-12-31": "-28.84800", "2012-12-31": "-23.97700", "2011-12-31": "-22.06300", "2010-12-31": "-14.26000", "2009-12-31": "-8.32300", "2008-12-31": "-16.63900", "2007-12-31": "-10.75800", "2006-12-31": "-7.84300", "2005-12-31": "-4.75200"}, "Net Change In Intangible Assets": {"2019-12-31": "", "2018-12-31": "", "2017-12-31": "", "2016-12-31": "", "2015-12-31": "", "2014-12-31": "", "2013-12-31": "", "2012-12-31": "", "2011-12-31": "", "2010-12-31": "", "2009-12-31": "", "2008-12-31": "", "2007-12-31": "", "2006-12-31": "", "2005-12-31": ""}, "Net Acquisitions/Divestitures": {"2019-12-31": "-787.19600", "2018-12-31": "-283.02600", "2017-12-31": "-63.88500", "2016-12-31": "-7.89100", "2015-12-31": "-46.11700", "2014-12-31": "-103.01600", "2013-12-31": "-4.22400", "2012-12-31": "-45.07500", "2011-12-31": "-269.48600", "2010-12-31": "", "2009-12-31": "", "2008-12-31": "-320.13000", "2007-12-31": "", "2006-12-31": "-304.81200", "2005-12-31": "-4.38500"}, "Net Change In Short-term Investments": {"2019-12-31": "", "2018-12-31": "", "2017-12-31": "", "2016-12-31": "", "2015-12-31": "", "2014-12-31": "", "2013-12-31": "", "2012-12-31": "0.09600", "2011-12-31": "-0.09400", "2010-12-31": "7.61200", "2009-12-31": "-2.40800", "2008-12-31": "-1.23000", "2007-12-31": "-4.44000", "2006-12-31": "18.02400", "2005-12-31": "37.29900"}, "Net Change In Long-Term Investments": {"2019-12-31": "", "2018-12-31": "", "2017-12-31": "", "2016-12-31": "", "2015-12-31": "", "2014-12-31": "", "2013-12-31": "", "2012-12-31": "", "2011-12-31": "", "2010-12-31": "", "2009-12-31": "", "2008-12-31": "", "2007-12-31": "", "2006-12-31": "", "2005-12-31": ""}, "Net Change In Investments - Total": {"2019-12-31": "", "2018-12-31": "", "2017-12-31": "", "2016-12-31": "", "2015-12-31": "", "2014-12-31": "", "2013-12-31": "", "2012-12-31": "0.09600", "2011-12-31": "-0.09400", "2010-12-31": "7.61200", "2009-12-31": "-2.40800", "2008-12-31": "-1.23000", "2007-12-31": "-4.44000", "2006-12-31": "18.02400", "2005-12-31": "37.29900"}, "Investing Activities - Other": {"2019-12-31": "-1.41200", "2018-12-31": "-7.44300", "2017-12-31": "-11.63100", "2016-12-31": "-11.83900", "2015-12-31": "0.23000", "2014-12-31": "-0.23100", "2013-12-31": "-0.10500", "2012-12-31": "", "2011-12-31": "", "2010-12-31": "", "2009-12-31": "", "2008-12-31": "", "2007-12-31": "-0.22000", "2006-12-31": "", "2005-12-31": ""}, "Cash Flow From Investing Activities": {"2019-12-31": "-833.54800", "2018-12-31": "-312.23100", "2017-12-31": "-94.66500", "2016-12-31": "-32.17300", "2015-12-31": "-62.03200", "2014-12-31": "-129.27000", "2013-12-31": "-33.17700", "2012-12-31": "-68.95600", "2011-12-31": "-291.64300", "2010-12-31": "-6.64800", "2009-12-31": "-10.73100", "2008-12-31": "-337.99900", "2007-12-31": "-15.41800", "2006-12-31": "-294.63100", "2005-12-31": "28.16200"}, "Net Long-Term Debt": {"2019-12-31": "500.00000", "2018-12-31": "", "2017-12-31": "", "2016-12-31": "", "2015-12-31": "", "2014-12-31": "", "2013-12-31": "-53.14900", "2012-12-31": "-74.42200", "2011-12-31": "-31.97600", "2010-12-31": "-65.91300", "2009-12-31": "-54.23000", "2008-12-31": "218.99500", "2007-12-31": "-63.17900", "2006-12-31": "121.26700", "2005-12-31": ""}, "Net Current Debt": {"2019-12-31": "", "2018-12-31": "", "2017-12-31": "", "2016-12-31": "", "2015-12-31": "", "2014-12-31": "", "2013-12-31": "", "2012-12-31": "", "2011-12-31": "", "2010-12-31": "", "2009-12-31": "", "2008-12-31": "", "2007-12-31": "", "2006-12-31": "", "2005-12-31": ""}, "Debt Issuance/Retirement Net - Total": {"2019-12-31": "500.00000", "2018-12-31": "", "2017-12-31": "", "2016-12-31": "", "2015-12-31": "", "2014-12-31": "", "2013-12-31": "-53.14900", "2012-12-31": "-74.42200", "2011-12-31": "-31.97600", "2010-12-31": "-65.91300", "2009-12-31": "-54.23000", "2008-12-31": "218.99500", "2007-12-31": "-63.17900", "2006-12-31": "121.26700", "2005-12-31": ""}, "Net Common Equity Issued/Repurchased": {"2019-12-31": "-25.02300", "2018-12-31": "-228.78200", "2017-12-31": "-283.53900", "2016-12-31": "-282.52400", "2015-12-31": "-294.28700", "2014-12-31": "-190.47000", "2013-12-31": "-79.13800", "2012-12-31": "-61.07100", "2011-12-31": "12.25400", "2010-12-31": "24.52100", "2009-12-31": "-23.02800", "2008-12-31": "-0.70600", "2007-12-31": "-0.05600", "2006-12-31": "6.25600", "2005-12-31": "-1.46100"}, "Net Total Equity Issued/Repurchased": {"2019-12-31": "-25.02300", "2018-12-31": "-228.78200", "2017-12-31": "-283.53900", "2016-12-31": "-282.52400", "2015-12-31": "-294.28700", "2014-12-31": "-190.47000", "2013-12-31": "-79.13800", "2012-12-31": "-61.07100", "2011-12-31": "12.25400", "2010-12-31": "24.52100", "2009-12-31": "-23.02800", "2008-12-31": "-0.70600", "2007-12-31": "-0.05600", "2006-12-31": "6.25600", "2005-12-31": "-1.46100"}, "Total Common And Preferred Stock Dividends Paid": {"2019-12-31": "", "2018-12-31": "", "2017-12-31": "", "2016-12-31": "", "2015-12-31": "", "2014-12-31": "", "2013-12-31": "", "2012-12-31": "", "2011-12-31": "", "2010-12-31": "", "2009-12-31": "", "2008-12-31": "", "2007-12-31": "", "2006-12-31": "", "2005-12-31": ""}, "Financial Activities - Other": {"2019-12-31": "-45.56800", "2018-12-31": "-33.89300", "2017-12-31": "-11.11200", "2016-12-31": "-6.10600", "2015-12-31": "-5.64000", "2014-12-31": "4.82800", "2013-12-31": "2.52800", "2012-12-31": "10.64700", "2011-12-31": "10.04600", "2010-12-31": "11.75300", "2009-12-31": "13.16800", "2008-12-31": "-0.53900", "2007-12-31": "7.40600", "2006-12-31": "3.25100", "2005-12-31": ""}, "Cash Flow From Financial Activities": {"2019-12-31": "429.40900", "2018-12-31": "-262.67500", "2017-12-31": "-294.65100", "2016-12-31": "-288.63000", "2015-12-31": "-299.92700", "2014-12-31": "-185.64200", "2013-12-31": "-129.75900", "2012-12-31": "-124.84600", "2011-12-31": "-9.67600", "2010-12-31": "-29.63900", "2009-12-31": "-64.09000", "2008-12-31": "217.75000", "2007-12-31": "-55.82900", "2006-12-31": "130.77400", "2005-12-31": "-1.46100"}, "Net Cash Flow": {"2019-12-31": "94.95500", "2018-12-31": "-104.36200", "2017-12-31": "59.02200", "2016-12-31": "38.31100", "2015-12-31": "-3.89600", "2014-12-31": "45.57800", "2013-12-31": "165.78300", "2012-12-31": "104.87500", "2011-12-31": "-0.65100", "2010-12-31": "136.60100", "2009-12-31": "107.70200", "2008-12-31": "60.95200", "2007-12-31": "62.90900", "2006-12-31": "-71.85100", "2005-12-31": "92.61900"}, "Stock-Based Compensation": {"2019-12-31": "116.19000", "2018-12-31": "83.34600", "2017-12-31": "53.15400", "2016-12-31": "33.34700", "2015-12-31": "33.95100", "2014-12-31": "36.86100", "2013-12-31": "35.29800", "2012-12-31": "32.41500", "2011-12-31": "23.08800", "2010-12-31": "19.01900", "2009-12-31": "13.21200", "2008-12-31": "11.77900", "2007-12-31": "8.91800", "2006-12-31": "5.62600", "2005-12-31": ""}, "Common Stock Dividends Paid": {"2019-12-31": "", "2018-12-31": "", "2017-12-31": "", "2016-12-31": "", "2015-12-31": "", "2014-12-31": "", "2013-12-31": "", "2012-12-31": "", "2011-12-31": "", "2010-12-31": "", "2009-12-31": "", "2008-12-31": "", "2007-12-31": "", "2006-12-31": "", "2005-12-31": ""}}, "cash flow statement, quarterly": {"Net Income/Loss": {"2020-09-30": 75.627, "2020-06-30": 96.564, "2020-03-31": "46.06400", "2019-12-31": 165.852, "2019-09-30": 89.463, "2019-06-30": 109.75, "2019-03-31": "86.23000", "2018-12-31": 153.163, "2018-09-30": 89.336, "2018-06-30": 92.596, "2018-03-31": "84.28000", "2017-12-31": 52.585, "2017-09-30": 73.63, "2017-06-30": 69.73, "2017-03-31": "63.30600", "2016-12-31": 69.983, "2016-09-30": 69.557, "2016-06-30": 69.628, "2016-03-31": "56.46800", "2015-12-31": 68.021, "2015-09-30": 66.033, "2015-06-30": 62.335, "2015-03-31": "56.13200", "2014-12-31": 69.633, "2014-09-30": 65.479, "2014-06-30": 63.036, "2014-03-31": "56.54200", "2013-12-31": 75.929, "2013-09-30": 62.43, "2013-06-30": 55.945, "2013-03-31": "51.02300", "2012-12-31": 56.063, "2012-09-30": 51.619, "2012-06-30": 50.262, "2012-03-31": "45.53900", "2011-12-31": 47.457, "2011-09-30": 45.546, "2011-06-30": 45.431, "2011-03-31": "42.24100", "2010-12-31": 49.14, "2010-09-30": 36.13, "2010-06-30": 35.493, "2010-03-31": "32.36900", "2009-12-31": 37.63, "2009-09-30": 30.529, "2009-06-30": 27.137, "2009-03-31": "21.09500", "2008-12-31": 31.913, "2008-09-30": 25.775, "2008-06-30": 28.129, "2008-03-31": "25.85400", "2007-12-31": 29.289, "2007-09-30": 18.696, "2007-06-30": 18.256, "2007-03-31": "16.15100", "2006-12-31": 12.264, "2006-09-30": 8.372, "2006-06-30": -19.393, "2006-03-31": "12.91300", "2005-12-31": 13.271, "2005-09-30": 11.174, "2005-06-30": 9.775, "2005-03-31": "9.68300"}, "Total Depreciation And Amortization - Cash Flow": {"2020-09-30": 25.961, "2020-06-30": 25.795, "2020-03-31": "25.77700", "2019-12-31": 22.847, "2019-09-30": 19.64, "2019-06-30": 18.59, "2019-03-31": "17.89800", "2018-12-31": 11.914, "2018-09-30": 13.603, "2018-06-30": 17.125, "2018-03-31": "16.61300", "2017-12-31": 17.739, "2017-09-30": 16.93, "2017-06-30": 16.418, "2017-03-31": "16.59100", "2016-12-31": 17.267, "2016-09-30": 17.444, "2016-06-30": 17.444, "2016-03-31": "17.43200", "2015-12-31": 18.888, "2015-09-30": 19.647, "2015-06-30": 19.707, "2015-03-31": "19.42800", "2014-12-31": 20.701, "2014-09-30": 21.351, "2014-06-30": 20.414, "2014-03-31": "19.45800", "2013-12-31": 19.438, "2013-09-30": 19.878, "2013-06-30": 20.702, "2013-03-31": "20.68300", "2012-12-31": 21.753, "2012-09-30": 21.752, "2012-06-30": 21.205, "2012-03-31": "20.71200", "2011-12-31": 19.039, "2011-09-30": 17.091, "2011-06-30": 14.994, "2011-03-31": "14.83100", "2010-12-31": 15.409, "2010-09-30": 15.152, "2010-06-30": 15.049, "2010-03-31": "15.21600", "2009-12-31": 16.235, "2009-09-30": 16.167, "2009-06-30": 15.969, "2009-03-31": "15.81500", "2008-12-31": 15.946, "2008-09-30": 14.594, "2008-06-30": 9.881, "2008-03-31": "9.67200", "2007-12-31": 10.01, "2007-09-30": 9.57, "2007-06-30": 9.891, "2007-03-31": "9.47800", "2006-12-31": 9.523, "2006-09-30": 9.282, "2006-06-30": 6.786, "2006-03-31": "1.87200", "2005-12-31": 1.948, "2005-09-30": 2.027, "2005-06-30": 2.111, "2005-03-31": "2.02100"}, "Other Non-Cash Items": {"2020-09-30": 31.369, "2020-06-30": 26.444, "2020-03-31": "28.61500", "2019-12-31": 30.485, "2019-09-30": 25.428, "2019-06-30": 25.891, "2019-03-31": "22.80300", "2018-12-31": 19.147, "2018-09-30": 7.655, "2018-06-30": 12.358, "2018-03-31": "12.08800", "2017-12-31": 15.362, "2017-09-30": 6.066, "2017-06-30": 9.663, "2017-03-31": "20.84400", "2016-12-31": 1.967, "2016-09-30": 2.779, "2016-06-30": 3.808, "2016-03-31": "15.88100", "2015-12-31": 6.709, "2015-09-30": -1.916, "2015-06-30": 2.585, "2015-03-31": "12.68100", "2014-12-31": -0.336, "2014-09-30": -0.835, "2014-06-30": 2.272, "2014-03-31": "4.47400", "2013-12-31": 1.819, "2013-09-30": -3.285, "2013-06-30": 0.808, "2013-03-31": "3.42500", "2012-12-31": -2.951, "2012-09-30": -0.497, "2012-06-30": -1.705, "2012-03-31": "5.72200", "2011-12-31": 3.638, "2011-09-30": 0.222, "2011-06-30": -0.002, "2011-03-31": "6.56700", "2010-12-31": -3.996, "2010-09-30": -5.258, "2010-06-30": -5.651, "2010-03-31": "-2.71300", "2009-12-31": -10.818, "2009-09-30": -4.939, "2009-06-30": -4.748, "2009-03-31": "-5.87900", "2008-12-31": -2.997, "2008-09-30": -2.289, "2008-06-30": 4.182, "2008-03-31": "-1.84900", "2007-12-31": 6.81, "2007-09-30": 0.056, "2007-06-30": 3.531, "2007-03-31": "-4.61200", "2006-12-31": -3.273, "2006-09-30": -2.406, "2006-06-30": 26.608, "2006-03-31": "-1.50000", "2005-12-31": -0.931, "2005-09-30": 0.106, "2005-06-30": -0.16, "2005-03-31": "-0.27000"}, "Total Non-Cash Items": {"2020-09-30": 57.33, "2020-06-30": 52.239, "2020-03-31": "54.39200", "2019-12-31": 53.332, "2019-09-30": 45.068, "2019-06-30": 44.481, "2019-03-31": "40.70100", "2018-12-31": 31.061, "2018-09-30": 21.258, "2018-06-30": 29.483, "2018-03-31": "28.70100", "2017-12-31": 33.101, "2017-09-30": 22.996, "2017-06-30": 26.081, "2017-03-31": "37.43500", "2016-12-31": 19.234, "2016-09-30": 20.223, "2016-06-30": 21.252, "2016-03-31": "33.31300", "2015-12-31": 25.597, "2015-09-30": 17.731, "2015-06-30": 22.292, "2015-03-31": "32.10900", "2014-12-31": 20.365, "2014-09-30": 20.516, "2014-06-30": 22.686, "2014-03-31": "23.93200", "2013-12-31": 21.257, "2013-09-30": 16.593, "2013-06-30": 21.51, "2013-03-31": "24.10800", "2012-12-31": 18.802, "2012-09-30": 21.255, "2012-06-30": 19.5, "2012-03-31": "26.43400", "2011-12-31": 22.677, "2011-09-30": 17.313, "2011-06-30": 14.992, "2011-03-31": "21.39800", "2010-12-31": 11.413, "2010-09-30": 9.894, "2010-06-30": 9.398, "2010-03-31": "12.50300", "2009-12-31": 5.417, "2009-09-30": 11.228, "2009-06-30": 11.221, "2009-03-31": "9.93600", "2008-12-31": 12.949, "2008-09-30": 12.305, "2008-06-30": 14.063, "2008-03-31": "7.82300", "2007-12-31": 16.82, "2007-09-30": 9.626, "2007-06-30": 13.422, "2007-03-31": "4.86600", "2006-12-31": 6.25, "2006-09-30": 6.876, "2006-06-30": 33.394, "2006-03-31": "0.37200", "2005-12-31": 1.017, "2005-09-30": 2.133, "2005-06-30": 1.951, "2005-03-31": "1.75100"}, "Change In Accounts Receivable": {"2020-09-30": -17.26, "2020-06-30": -38.386, "2020-03-31": "117.83000", "2019-12-31": -141.793, "2019-09-30": -9.661, "2019-06-30": -46.932, "2019-03-31": "43.98300", "2018-12-31": -106.811, "2018-09-30": 4.832, "2018-06-30": 5.017, "2018-03-31": "22.50700", "2017-12-31": -32.305, "2017-09-30": -6.996, "2017-06-30": 9.835, "2017-03-31": "15.06000", "2016-12-31": -23.989, "2016-09-30": 0.48, "2016-06-30": -3.739, "2016-03-31": "9.86000", "2015-12-31": -0.663, "2015-09-30": -4.545, "2015-06-30": -7.155, "2015-03-31": "18.40700", "2014-12-31": -19.647, "2014-09-30": 2.753, "2014-06-30": -3.998, "2014-03-31": "15.33800", "2013-12-31": -18.165, "2013-09-30": 4.506, "2013-06-30": -4.464, "2013-03-31": "15.14000", "2012-12-31": -22.985, "2012-09-30": 10.229, "2012-06-30": -5.277, "2012-03-31": "5.63200", "2011-12-31": -20.158, "2011-09-30": 2.444, "2011-06-30": 2.824, "2011-03-31": "6.80400", "2010-12-31": -23.114, "2010-09-30": 11.719, "2010-06-30": 2.069, "2010-03-31": "-1.82300", "2009-12-31": -16.465, "2009-09-30": -0.114, "2009-06-30": 3.445, "2009-03-31": "6.70000", "2008-12-31": -5.189, "2008-09-30": 3.464, "2008-06-30": 2.661, "2008-03-31": "-5.48700", "2007-12-31": -8.741, "2007-09-30": 2.134, "2007-06-30": 2.371, "2007-03-31": "-6.15600", "2006-12-31": -8.625, "2006-09-30": 1.955, "2006-06-30": 3.789, "2006-03-31": "-3.27600", "2005-12-31": -2.756, "2005-09-30": -1.4, "2005-06-30": 1.708, "2005-03-31": "1.41500"}, "Change In Inventories": {"2020-09-30": 0, "2020-06-30": 0, "2020-03-31": "", "2019-12-31": 0, "2019-09-30": 0, "2019-06-30": 0, "2019-03-31": "", "2018-12-31": 0, "2018-09-30": 0, "2018-06-30": 0, "2018-03-31": "", "2017-12-31": 0, "2017-09-30": 0, "2017-06-30": 0, "2017-03-31": "", "2016-12-31": 0, "2016-09-30": 0, "2016-06-30": 0, "2016-03-31": "", "2015-12-31": 0, "2015-09-30": 0, "2015-06-30": 0, "2015-03-31": "", "2014-12-31": 0, "2014-09-30": 0, "2014-06-30": 0, "2014-03-31": "", "2013-12-31": 0, "2013-09-30": 0, "2013-06-30": 0, "2013-03-31": "", "2012-12-31": 0, "2012-09-30": 0, "2012-06-30": 0, "2012-03-31": "", "2011-12-31": 0, "2011-09-30": 0, "2011-06-30": 0, "2011-03-31": "", "2010-12-31": 0, "2010-09-30": 0, "2010-06-30": 0, "2010-03-31": "", "2009-12-31": 0, "2009-09-30": 0, "2009-06-30": 0, "2009-03-31": "", "2008-12-31": 0, "2008-09-30": 0, "2008-06-30": 0, "2008-03-31": "", "2007-12-31": 0, "2007-09-30": 0, "2007-06-30": 0, "2007-03-31": "", "2006-12-31": 0, "2006-09-30": 0, "2006-06-30": 0, "2006-03-31": "", "2005-12-31": 0, "2005-09-30": 0, "2005-06-30": 0, "2005-03-31": ""}, "Change In Accounts Payable": {"2020-09-30": 0, "2020-06-30": 0, "2020-03-31": "", "2019-12-31": 0, "2019-09-30": 0, "2019-06-30": 0, "2019-03-31": "", "2018-12-31": 0, "2018-09-30": 0, "2018-06-30": 0, "2018-03-31": "", "2017-12-31": 0, "2017-09-30": 0, "2017-06-30": 0, "2017-03-31": "", "2016-12-31": 0, "2016-09-30": 0, "2016-06-30": 0, "2016-03-31": "", "2015-12-31": 0, "2015-09-30": 0, "2015-06-30": 0, "2015-03-31": "", "2014-12-31": 0, "2014-09-30": 0, "2014-06-30": 0, "2014-03-31": "", "2013-12-31": 0, "2013-09-30": 0, "2013-06-30": 0, "2013-03-31": "", "2012-12-31": 0, "2012-09-30": 0, "2012-06-30": 0, "2012-03-31": "", "2011-12-31": 0, "2011-09-30": 0, "2011-06-30": 0, "2011-03-31": "", "2010-12-31": 0, "2010-09-30": 0, "2010-06-30": 0, "2010-03-31": "", "2009-12-31": 0, "2009-09-30": 0, "2009-06-30": 0, "2009-03-31": "", "2008-12-31": 0, "2008-09-30": 0, "2008-06-30": 0, "2008-03-31": "", "2007-12-31": 0, "2007-09-30": 0, "2007-06-30": 0, "2007-03-31": "", "2006-12-31": 0, "2006-09-30": 0, "2006-06-30": 0, "2006-03-31": "", "2005-12-31": 0, "2005-09-30": 0, "2005-06-30": 0, "2005-03-31": ""}, "Change In Assets/Liabilities": {"2020-09-30": -35.369, "2020-06-30": -8.954, "2020-03-31": "25.67900", "2019-12-31": -17.112, "2019-09-30": -4.085, "2019-06-30": -28.859, "2019-03-31": "27.62200", "2018-12-31": 0.871, "2018-09-30": -21.636, "2018-06-30": -9.563, "2018-03-31": "38.47700", "2017-12-31": -3.304, "2017-09-30": -12.295, "2017-06-30": 18.033, "2017-03-31": "32.48700", "2016-12-31": -12.439, "2016-09-30": -10.032, "2016-06-30": -10.043, "2016-03-31": "28.96300", "2015-12-31": -5.166, "2015-09-30": -3.628, "2015-06-30": -6.834, "2015-03-31": "34.84300", "2014-12-31": -12.239, "2014-09-30": -9.933, "2014-06-30": -3.977, "2014-03-31": "53.64300", "2013-12-31": -27.808, "2013-09-30": -26.142, "2013-06-30": 3.321, "2013-03-31": "30.11400", "2012-12-31": -7.793, "2012-09-30": -20.321, "2012-06-30": 4.145, "2012-03-31": "21.07800", "2011-12-31": 6.21, "2011-09-30": -7.796, "2011-06-30": 6.522, "2011-03-31": "25.68600", "2010-12-31": -1.259, "2010-09-30": -72.171, "2010-06-30": 11.551, "2010-03-31": "16.40300", "2009-12-31": -8.46, "2009-09-30": -11.857, "2009-06-30": 7.861, "2009-03-31": "25.36500", "2008-12-31": 4.919, "2008-09-30": -2.797, "2008-06-30": 13.949, "2008-03-31": "16.78400", "2007-12-31": 5.605, "2007-09-30": -25.465, "2007-06-30": 9.302, "2007-03-31": "14.81700", "2006-12-31": 8.608, "2006-09-30": -5.036, "2006-06-30": 11.304, "2006-03-31": "4.84300", "2005-12-31": 1.898, "2005-09-30": -2.572, "2005-06-30": 1.237, "2005-03-31": "5.84800"}, "Total Change In Assets/Liabilities": {"2020-09-30": -38.613, "2020-06-30": -17.757, "2020-03-31": "45.40300", "2019-12-31": -79.951, "2019-09-30": -15.187, "2019-06-30": -66.135, "2019-03-31": "23.55400", "2018-12-31": -51.11, "2018-09-30": -1.535, "2018-06-30": -11.823, "2018-03-31": "19.16800", "2017-12-31": 15.234, "2017-09-30": -7.956, "2017-06-30": 15.982, "2017-03-31": "25.51500", "2016-12-31": 8.491, "2016-09-30": -5.311, "2016-06-30": -19.315, "2016-03-31": "21.16700", "2015-12-31": 23.814, "2015-09-30": -7.576, "2015-06-30": -18.115, "2015-03-31": "25.91300", "2014-12-31": 1.427, "2014-09-30": -4.211, "2014-06-30": -6.133, "2014-03-31": "51.16700", "2013-12-31": -12.249, "2013-09-30": -13.585, "2013-06-30": 9.685, "2013-03-31": "20.26400", "2012-12-31": -5.341, "2012-09-30": -2.507, "2012-06-30": 5.109, "2012-03-31": "11.61100", "2011-12-31": 7.449, "2011-09-30": 3.383, "2011-06-30": 18.375, "2011-03-31": "21.21900", "2010-12-31": -85.696, "2010-09-30": 26.135, "2010-06-30": 15.245, "2010-03-31": "14.84100", "2009-12-31": 1.911, "2009-09-30": -7.611, "2009-06-30": 4.91, "2009-03-31": "20.17800", "2008-12-31": 16.728, "2008-09-30": 4.647, "2008-06-30": 12.831, "2008-03-31": "3.56500", "2007-12-31": -4.473, "2007-09-30": -2.113, "2007-06-30": 5.318, "2007-03-31": "1.19000", "2006-12-31": 10.722, "2006-09-30": 7.01, "2006-06-30": 11.424, "2006-03-31": "-0.65700", "2005-12-31": 6.46, "2005-09-30": 0.852, "2005-06-30": 5.872, "2005-03-31": "3.88600"}, "Cash Flow From Operating Activities": {"2020-09-30": 94.539, "2020-06-30": 131.592, "2020-03-31": "147.41200", "2019-12-31": 139.451, "2019-09-30": 120.368, "2019-06-30": 88.539, "2019-03-31": "151.57800", "2018-12-31": 131.485, "2018-09-30": 109.961, "2018-06-30": 111.121, "2018-03-31": "132.42100", "2017-12-31": 100.7, "2017-09-30": 88.885, "2017-06-30": 112.182, "2017-03-31": "125.89300", "2016-12-31": 99.209, "2016-09-30": 84.399, "2016-06-30": 71.649, "2016-03-31": "110.72300", "2015-12-31": 117.372, "2015-09-30": 77.795, "2015-06-30": 66.412, "2015-03-31": "114.12000", "2014-12-31": 92.273, "2014-09-30": 81.562, "2014-06-30": 79.833, "2014-03-31": "131.63900", "2013-12-31": 84.961, "2013-09-30": 65.44, "2013-06-30": 87.148, "2013-03-31": "95.43400", "2012-12-31": 69.588, "2012-09-30": 70.361, "2012-06-30": 74.869, "2012-03-31": "83.59700", "2011-12-31": 77.614, "2011-09-30": 66.278, "2011-06-30": 78.91, "2011-03-31": "84.85900", "2010-12-31": -25.265, "2010-09-30": 72.263, "2010-06-30": 60.155, "2010-03-31": "59.73100", "2009-12-31": 44.92, "2009-09-30": 34.079, "2009-06-30": 43.44, "2009-03-31": "51.25000", "2008-12-31": 61.669, "2008-09-30": 42.746, "2008-06-30": 55.147, "2008-03-31": "37.14600", "2007-12-31": 41.643, "2007-09-30": 26.256, "2007-06-30": 37.027, "2007-03-31": "22.20200", "2006-12-31": 29.309, "2006-09-30": 22.355, "2006-06-30": 25.405, "2006-03-31": "12.62800", "2005-12-31": 20.748, "2005-09-30": 14.159, "2005-06-30": 17.598, "2005-03-31": "15.32000"}, "Net Change In Property, Plant, And Equipment": {"2020-09-30": -7.228, "2020-06-30": -9.98, "2020-03-31": "-6.98700", "2019-12-31": -19.159, "2019-09-30": -8.835, "2019-06-30": -10.046, "2019-03-31": "-6.90000", "2018-12-31": -8.685, "2018-09-30": -6.326, "2018-06-30": -3.818, "2018-03-31": "-2.93300", "2017-12-31": -4.334, "2017-09-30": -7.313, "2017-06-30": -3.445, "2017-03-31": "-4.05700", "2016-12-31": -4.224, "2016-09-30": -2.151, "2016-06-30": -3.373, "2016-03-31": "-2.69500", "2015-12-31": -5.38, "2015-09-30": -3.083, "2015-06-30": -4.06, "2015-03-31": "-3.62200", "2014-12-31": -5.395, "2014-09-30": -8.705, "2014-06-30": -7.831, "2014-03-31": "-4.09200", "2013-12-31": -14.701, "2013-09-30": -5.467, "2013-06-30": -4.593, "2013-03-31": "-4.08700", "2012-12-31": -6.095, "2012-09-30": -3.552, "2012-06-30": -9.587, "2012-03-31": "-4.74300", "2011-12-31": -9.539, "2011-09-30": -4.919, "2011-06-30": -4.264, "2011-03-31": "-3.34100", "2010-12-31": -5.105, "2010-09-30": -4.736, "2010-06-30": -2.549, "2010-03-31": "-1.87000", "2009-12-31": -1.904, "2009-09-30": -1.908, "2009-06-30": -1.223, "2009-03-31": "-3.28800", "2008-12-31": -6.036, "2008-09-30": -3.621, "2008-06-30": -4.552, "2008-03-31": "-2.43000", "2007-12-31": -2.054, "2007-09-30": -2.178, "2007-06-30": -4.147, "2007-03-31": "-2.37900", "2006-12-31": -3.717, "2006-09-30": -1.953, "2006-06-30": -1.383, "2006-03-31": "-0.79000", "2005-12-31": -1.019, "2005-09-30": -0.791, "2005-06-30": -1.481, "2005-03-31": "-1.46100"}, "Net Change In Intangible Assets": {"2020-09-30": 0, "2020-06-30": 0, "2020-03-31": "", "2019-12-31": 0, "2019-09-30": 0, "2019-06-30": 0, "2019-03-31": "", "2018-12-31": 0, "2018-09-30": 0, "2018-06-30": 0, "2018-03-31": "", "2017-12-31": 0, "2017-09-30": 0, "2017-06-30": 0, "2017-03-31": "", "2016-12-31": 0, "2016-09-30": 0, "2016-06-30": 0, "2016-03-31": "", "2015-12-31": 0, "2015-09-30": 0, "2015-06-30": 0, "2015-03-31": "", "2014-12-31": 0, "2014-09-30": 0, "2014-06-30": 0, "2014-03-31": "", "2013-12-31": 0, "2013-09-30": 0, "2013-06-30": 0, "2013-03-31": "", "2012-12-31": 0, "2012-09-30": 0, "2012-06-30": 0, "2012-03-31": "", "2011-12-31": 0, "2011-09-30": 0, "2011-06-30": 0, "2011-03-31": "", "2010-12-31": 0, "2010-09-30": 0, "2010-06-30": 0, "2010-03-31": "", "2009-12-31": 0, "2009-09-30": 0, "2009-06-30": 0, "2009-03-31": "", "2008-12-31": 0, "2008-09-30": 0, "2008-06-30": 0, "2008-03-31": "", "2007-12-31": 0, "2007-09-30": 0, "2007-06-30": 0, "2007-03-31": "", "2006-12-31": 0, "2006-09-30": 0, "2006-06-30": 0, "2006-03-31": "", "2005-12-31": 0, "2005-09-30": 0, "2005-06-30": 0, "2005-03-31": ""}, "Net Acquisitions/Divestitures": {"2020-09-30": 0, "2020-06-30": -97.846, "2020-03-31": "-2.34800", "2019-12-31": -492.209, "2019-09-30": -9.664, "2019-06-30": -41, "2019-03-31": "-244.32300", "2018-12-31": 0, "2018-09-30": 0, "2018-06-30": -283.026, "2018-03-31": "", "2017-12-31": -37.887, "2017-09-30": -20.134, "2017-06-30": 0, "2017-03-31": "-5.86400", "2016-12-31": -7.891, "2016-09-30": 0, "2016-06-30": 0, "2016-03-31": "", "2015-12-31": -5.225, "2015-09-30": -30.516, "2015-06-30": 0.101, "2015-03-31": "-10.47700", "2014-12-31": -0.499, "2014-09-30": 0, "2014-06-30": -84.119, "2014-03-31": "-18.39800", "2013-12-31": 0, "2013-09-30": 0, "2013-06-30": -4.224, "2013-03-31": "", "2012-12-31": 1.32, "2012-09-30": -46.395, "2012-06-30": 0, "2012-03-31": "", "2011-12-31": 0.267, "2011-09-30": -269.753, "2011-06-30": 0, "2011-03-31": "", "2010-12-31": 0, "2010-09-30": 0, "2010-06-30": 0, "2010-03-31": "", "2009-12-31": 0, "2009-09-30": 0, "2009-06-30": 0, "2009-03-31": "", "2008-12-31": -0.101, "2008-09-30": -316.864, "2008-06-30": -3.165, "2008-03-31": "", "2007-12-31": 0.119, "2007-09-30": -0.119, "2007-06-30": 0, "2007-03-31": "", "2006-12-31": -0.05, "2006-09-30": -3.371, "2006-06-30": -294.466, "2006-03-31": "-6.92500", "2005-12-31": -0.212, "2005-09-30": 0, "2005-06-30": -0.016, "2005-03-31": "-4.15700"}, "Net Change In Short-term Investments": {"2020-09-30": 0, "2020-06-30": 0, "2020-03-31": "", "2019-12-31": 0, "2019-09-30": 0, "2019-06-30": 0, "2019-03-31": "", "2018-12-31": 0, "2018-09-30": 0, "2018-06-30": 0, "2018-03-31": "", "2017-12-31": 0, "2017-09-30": 0, "2017-06-30": 0, "2017-03-31": "", "2016-12-31": 0, "2016-09-30": 0, "2016-06-30": 0, "2016-03-31": "", "2015-12-31": 0, "2015-09-30": 0, "2015-06-30": 0, "2015-03-31": "", "2014-12-31": 0, "2014-09-30": 0, "2014-06-30": 0, "2014-03-31": "", "2013-12-31": 0.05, "2013-09-30": -0.002, "2013-06-30": -0.018, "2013-03-31": "-0.03000", "2012-12-31": -0.016, "2012-09-30": 0.036, "2012-06-30": 0.077, "2012-03-31": "-0.00100", "2011-12-31": -0.039, "2011-09-30": 0.038, "2011-06-30": -0.016, "2011-03-31": "-0.07700", "2010-12-31": 0.666, "2010-09-30": 0.022, "2010-06-30": 0.075, "2010-03-31": "6.84900", "2009-12-31": -7.609, "2009-09-30": 2.198, "2009-06-30": -1.995, "2009-03-31": "4.99800", "2008-12-31": -2.543, "2008-09-30": 3.102, "2008-06-30": -6.26, "2008-03-31": "4.47100", "2007-12-31": -4.414, "2007-09-30": -0.025, "2007-06-30": -0.007, "2007-03-31": "0.00600", "2006-12-31": -0.015, "2006-09-30": -0.004, "2006-06-30": 6.043, "2006-03-31": "12.00000", "2005-12-31": -8.024, "2005-09-30": 0, "2005-06-30": 69.989, "2005-03-31": "-24.66600"}, "Net Change In Long-Term Investments": {"2020-09-30": 0, "2020-06-30": 0, "2020-03-31": "", "2019-12-31": 0, "2019-09-30": 0, "2019-06-30": 0, "2019-03-31": "", "2018-12-31": 0, "2018-09-30": 0, "2018-06-30": 0, "2018-03-31": "", "2017-12-31": 0, "2017-09-30": 0, "2017-06-30": 0, "2017-03-31": "", "2016-12-31": 0, "2016-09-30": 0, "2016-06-30": 0, "2016-03-31": "", "2015-12-31": 0, "2015-09-30": 0, "2015-06-30": 0, "2015-03-31": "", "2014-12-31": 0, "2014-09-30": 0, "2014-06-30": 0, "2014-03-31": "", "2013-12-31": 0, "2013-09-30": 0, "2013-06-30": 0, "2013-03-31": "", "2012-12-31": 0, "2012-09-30": 0, "2012-06-30": 0, "2012-03-31": "", "2011-12-31": 0, "2011-09-30": 0, "2011-06-30": 0, "2011-03-31": "", "2010-12-31": 0, "2010-09-30": 0, "2010-06-30": 0, "2010-03-31": "", "2009-12-31": 0, "2009-09-30": 0, "2009-06-30": 0, "2009-03-31": "", "2008-12-31": 0, "2008-09-30": 0, "2008-06-30": 0, "2008-03-31": "", "2007-12-31": 0, "2007-09-30": 0, "2007-06-30": 0, "2007-03-31": "", "2006-12-31": 0, "2006-09-30": 0, "2006-06-30": 0, "2006-03-31": "", "2005-12-31": 0, "2005-09-30": 0, "2005-06-30": 0, "2005-03-31": ""}, "Net Change In Investments - Total": {"2020-09-30": 0, "2020-06-30": 0, "2020-03-31": "", "2019-12-31": 0, "2019-09-30": 0, "2019-06-30": 0, "2019-03-31": "", "2018-12-31": 0, "2018-09-30": 0, "2018-06-30": 0, "2018-03-31": "", "2017-12-31": 0, "2017-09-30": 0, "2017-06-30": 0, "2017-03-31": "", "2016-12-31": 0, "2016-09-30": 0, "2016-06-30": 0, "2016-03-31": "", "2015-12-31": 0, "2015-09-30": 0, "2015-06-30": 0, "2015-03-31": "", "2014-12-31": 0, "2014-09-30": 0, "2014-06-30": 0, "2014-03-31": "", "2013-12-31": 0.05, "2013-09-30": -0.002, "2013-06-30": -0.018, "2013-03-31": "-0.03000", "2012-12-31": -0.016, "2012-09-30": 0.036, "2012-06-30": 0.077, "2012-03-31": "-0.00100", "2011-12-31": -0.039, "2011-09-30": 0.038, "2011-06-30": -0.016, "2011-03-31": "-0.07700", "2010-12-31": 0.666, "2010-09-30": 0.022, "2010-06-30": 0.075, "2010-03-31": "6.84900", "2009-12-31": -7.609, "2009-09-30": 2.198, "2009-06-30": -1.995, "2009-03-31": "4.99800", "2008-12-31": -2.543, "2008-09-30": 3.102, "2008-06-30": -6.26, "2008-03-31": "4.47100", "2007-12-31": -4.414, "2007-09-30": -0.025, "2007-06-30": -0.007, "2007-03-31": "0.00600", "2006-12-31": -0.015, "2006-09-30": -0.004, "2006-06-30": 6.043, "2006-03-31": "12.00000", "2005-12-31": -8.024, "2005-09-30": 0, "2005-06-30": 69.989, "2005-03-31": "-24.66600"}, "Investing Activities - Other": {"2020-09-30": -3.796, "2020-06-30": -2.141, "2020-03-31": "-0.26400", "2019-12-31": 11.268, "2019-09-30": -3.672, "2019-06-30": -8.548, "2019-03-31": "-0.46000", "2018-12-31": -1.933, "2018-09-30": -0.034, "2018-06-30": -1.173, "2018-03-31": "-4.30300", "2017-12-31": 9.179, "2017-09-30": -8.926, "2017-06-30": -10.92, "2017-03-31": "-0.96400", "2016-12-31": -0.484, "2016-09-30": -1.099, "2016-06-30": -10.26, "2016-03-31": "0.00400", "2015-12-31": 0.232, "2015-09-30": 0.109, "2015-06-30": -0.044, "2015-03-31": "-0.06700", "2014-12-31": -0.062, "2014-09-30": -0.041, "2014-06-30": -0.085, "2014-03-31": "-0.04300", "2013-12-31": -0.105, "2013-09-30": 0, "2013-06-30": 0, "2013-03-31": "", "2012-12-31": 0, "2012-09-30": 0, "2012-06-30": 0, "2012-03-31": "", "2011-12-31": 0, "2011-09-30": 0, "2011-06-30": 0, "2011-03-31": "", "2010-12-31": 0, "2010-09-30": 0, "2010-06-30": 0, "2010-03-31": "", "2009-12-31": 0.012, "2009-09-30": 0, "2009-06-30": 0, "2009-03-31": "-0.01200", "2008-12-31": 0, "2008-09-30": 0, "2008-06-30": 0, "2008-03-31": "", "2007-12-31": -0.22, "2007-09-30": 0, "2007-06-30": 0, "2007-03-31": "", "2006-12-31": 0, "2006-09-30": 0, "2006-06-30": 0, "2006-03-31": "", "2005-12-31": 0, "2005-09-30": 0, "2005-06-30": 0, "2005-03-31": ""}, "Cash Flow From Investing Activities": {"2020-09-30": -11.024, "2020-06-30": -109.967, "2020-03-31": "-9.59900", "2019-12-31": -500.1, "2019-09-30": -22.171, "2019-06-30": -59.594, "2019-03-31": "-251.68300", "2018-12-31": -10.618, "2018-09-30": -6.36, "2018-06-30": -288.017, "2018-03-31": "-7.23600", "2017-12-31": -33.042, "2017-09-30": -36.373, "2017-06-30": -14.365, "2017-03-31": "-10.88500", "2016-12-31": -12.599, "2016-09-30": -3.25, "2016-06-30": -13.633, "2016-03-31": "-2.69100", "2015-12-31": -10.373, "2015-09-30": -33.49, "2015-06-30": -4.003, "2015-03-31": "-14.16600", "2014-12-31": -5.956, "2014-09-30": -8.746, "2014-06-30": -92.035, "2014-03-31": "-22.53300", "2013-12-31": -14.756, "2013-09-30": -5.469, "2013-06-30": -8.835, "2013-03-31": "-4.11700", "2012-12-31": -4.791, "2012-09-30": -49.911, "2012-06-30": -9.51, "2012-03-31": "-4.74400", "2011-12-31": -9.311, "2011-09-30": -274.634, "2011-06-30": -4.28, "2011-03-31": "-3.41800", "2010-12-31": -4.439, "2010-09-30": -4.714, "2010-06-30": -2.474, "2010-03-31": "4.97900", "2009-12-31": -9.501, "2009-09-30": 0.29, "2009-06-30": -3.218, "2009-03-31": "1.69800", "2008-12-31": -8.68, "2008-09-30": -317.383, "2008-06-30": -13.977, "2008-03-31": "2.04100", "2007-12-31": -6.569, "2007-09-30": -2.322, "2007-06-30": -4.154, "2007-03-31": "-2.37300", "2006-12-31": -3.782, "2006-09-30": -5.328, "2006-06-30": -289.806, "2006-03-31": "4.28500", "2005-12-31": -9.255, "2005-09-30": -0.791, "2005-06-30": 68.492, "2005-03-31": "-30.28400"}, "Net Long-Term Debt": {"2020-09-30": 0, "2020-06-30": 0, "2020-03-31": "-75.00000", "2019-12-31": 500, "2019-09-30": 0, "2019-06-30": 0, "2019-03-31": "", "2018-12-31": 0, "2018-09-30": 0, "2018-06-30": 0, "2018-03-31": "", "2017-12-31": 0, "2017-09-30": 0, "2017-06-30": 0, "2017-03-31": "", "2016-12-31": 0, "2016-09-30": 0, "2016-06-30": 0, "2016-03-31": "", "2015-12-31": 0, "2015-09-30": 0, "2015-06-30": 0.005, "2015-03-31": "-0.00500", "2014-12-31": 0.086, "2014-09-30": -0.005, "2014-06-30": -0.071, "2014-03-31": "-0.01000", "2013-12-31": 0, "2013-09-30": -26.574, "2013-06-30": 0, "2013-03-31": "-26.57500", "2012-12-31": -26.574, "2012-09-30": -26.574, "2012-06-30": -10.635, "2012-03-31": "-10.63900", "2011-12-31": -10.646, "2011-09-30": -10.645, "2011-06-30": -5.338, "2011-03-31": "-5.34700", "2010-12-31": -5.369, "2010-09-30": -5.391, "2010-06-30": -35.075, "2010-03-31": "-20.07800", "2009-12-31": -6.7, "2009-09-30": -6.664, "2009-06-30": -33.408, "2009-03-31": "-7.45800", "2008-12-31": -21.105, "2008-09-30": 299.876, "2008-06-30": -47.832, "2008-03-31": "-11.94400", "2007-12-31": -15.357, "2007-09-30": -22.96, "2007-06-30": -16.342, "2007-03-31": "-8.52000", "2006-12-31": -25.203, "2006-09-30": -22.121, "2006-06-30": 168.591, "2006-03-31": "", "2005-12-31": 0, "2005-09-30": 0, "2005-06-30": 0, "2005-03-31": ""}, "Net Current Debt": {"2020-09-30": 0, "2020-06-30": 0, "2020-03-31": "", "2019-12-31": 0, "2019-09-30": 0, "2019-06-30": 0, "2019-03-31": "", "2018-12-31": 0, "2018-09-30": 0, "2018-06-30": 0, "2018-03-31": "", "2017-12-31": 0, "2017-09-30": 0, "2017-06-30": 0, "2017-03-31": "", "2016-12-31": 0, "2016-09-30": 0, "2016-06-30": 0, "2016-03-31": "", "2015-12-31": 0, "2015-09-30": 0, "2015-06-30": 0, "2015-03-31": "", "2014-12-31": 0, "2014-09-30": 0, "2014-06-30": 0, "2014-03-31": "", "2013-12-31": 0, "2013-09-30": 0, "2013-06-30": 0, "2013-03-31": "", "2012-12-31": 0, "2012-09-30": 0, "2012-06-30": 0, "2012-03-31": "", "2011-12-31": 0, "2011-09-30": 0, "2011-06-30": 0, "2011-03-31": "", "2010-12-31": 0, "2010-09-30": 0, "2010-06-30": 0, "2010-03-31": "", "2009-12-31": 0, "2009-09-30": 0, "2009-06-30": 0, "2009-03-31": "", "2008-12-31": 0, "2008-09-30": 0, "2008-06-30": 0, "2008-03-31": "", "2007-12-31": 0, "2007-09-30": 0, "2007-06-30": 0, "2007-03-31": "", "2006-12-31": 0, "2006-09-30": 0, "2006-06-30": 0, "2006-03-31": "", "2005-12-31": 0, "2005-09-30": 0, "2005-06-30": 0, "2005-03-31": ""}, "Debt Issuance/Retirement Net - Total": {"2020-09-30": 0, "2020-06-30": 0, "2020-03-31": "-75.00000", "2019-12-31": 500, "2019-09-30": 0, "2019-06-30": 0, "2019-03-31": "", "2018-12-31": 0, "2018-09-30": 0, "2018-06-30": 0, "2018-03-31": "", "2017-12-31": 0, "2017-09-30": 0, "2017-06-30": 0, "2017-03-31": "", "2016-12-31": 0, "2016-09-30": 0, "2016-06-30": 0, "2016-03-31": "", "2015-12-31": 0, "2015-09-30": 0, "2015-06-30": 0.005, "2015-03-31": "-0.00500", "2014-12-31": 0.086, "2014-09-30": -0.005, "2014-06-30": -0.071, "2014-03-31": "-0.01000", "2013-12-31": 0, "2013-09-30": -26.574, "2013-06-30": 0, "2013-03-31": "-26.57500", "2012-12-31": -26.574, "2012-09-30": -26.574, "2012-06-30": -10.635, "2012-03-31": "-10.63900", "2011-12-31": -10.646, "2011-09-30": -10.645, "2011-06-30": -5.338, "2011-03-31": "-5.34700", "2010-12-31": -5.369, "2010-09-30": -5.391, "2010-06-30": -35.075, "2010-03-31": "-20.07800", "2009-12-31": -6.7, "2009-09-30": -6.664, "2009-06-30": -33.408, "2009-03-31": "-7.45800", "2008-12-31": -21.105, "2008-09-30": 299.876, "2008-06-30": -47.832, "2008-03-31": "-11.94400", "2007-12-31": -15.357, "2007-09-30": -22.96, "2007-06-30": -16.342, "2007-03-31": "-8.52000", "2006-12-31": -25.203, "2006-09-30": -22.121, "2006-06-30": 168.591, "2006-03-31": "", "2005-12-31": 0, "2005-09-30": 0, "2005-06-30": 0, "2005-03-31": ""}, "Net Common Equity Issued/Repurchased": {"2020-09-30": 11.083, "2020-06-30": 6.158, "2020-03-31": "-151.31300", "2019-12-31": 5.46, "2019-09-30": 7.853, "2019-06-30": -3.856, "2019-03-31": "-34.48000", "2018-12-31": -73.393, "2018-09-30": -64.16, "2018-06-30": 13.843, "2018-03-31": "-105.07200", "2017-12-31": -108.24, "2017-09-30": 6.366, "2017-06-30": -111.811, "2017-03-31": "-69.85400", "2016-12-31": -82.583, "2016-09-30": -88.6, "2016-06-30": -78.793, "2016-03-31": "-32.54800", "2015-12-31": -88.102, "2015-09-30": -107.144, "2015-06-30": 10.816, "2015-03-31": "-109.85700", "2014-12-31": -108.58, "2014-09-30": -23.954, "2014-06-30": -66.508, "2014-03-31": "8.57200", "2013-12-31": -35.301, "2013-09-30": 11.443, "2013-06-30": -69.474, "2013-03-31": "14.19400", "2012-12-31": -21.175, "2012-09-30": 6.885, "2012-06-30": -55.95, "2012-03-31": "9.16900", "2011-12-31": 7.962, "2011-09-30": 3.501, "2011-06-30": 6.385, "2011-03-31": "-5.59400", "2010-12-31": 9.869, "2010-09-30": 2.803, "2010-06-30": 3.744, "2010-03-31": "8.10500", "2009-12-31": 8.594, "2009-09-30": 4.259, "2009-06-30": 2.466, "2009-03-31": "-38.34700", "2008-12-31": -7.285, "2008-09-30": 3.377, "2008-06-30": 1.334, "2008-03-31": "1.86800", "2007-12-31": -4.646, "2007-09-30": 3.369, "2007-06-30": 1.364, "2007-03-31": "-0.14300", "2006-12-31": 0.783, "2006-09-30": 2.647, "2006-06-30": 0.638, "2006-03-31": "2.18800", "2005-12-31": 0.788, "2005-09-30": -2.146, "2005-06-30": -1.828, "2005-03-31": "1.72500"}, "Net Total Equity Issued/Repurchased": {"2020-09-30": 11.083, "2020-06-30": 6.158, "2020-03-31": "-151.31300", "2019-12-31": 5.46, "2019-09-30": 7.853, "2019-06-30": -3.856, "2019-03-31": "-34.48000", "2018-12-31": -73.393, "2018-09-30": -64.16, "2018-06-30": 13.843, "2018-03-31": "-105.07200", "2017-12-31": -108.24, "2017-09-30": 6.366, "2017-06-30": -111.811, "2017-03-31": "-69.85400", "2016-12-31": -82.583, "2016-09-30": -88.6, "2016-06-30": -78.793, "2016-03-31": "-32.54800", "2015-12-31": -88.102, "2015-09-30": -107.144, "2015-06-30": 10.816, "2015-03-31": "-109.85700", "2014-12-31": -108.58, "2014-09-30": -23.954, "2014-06-30": -66.508, "2014-03-31": "8.57200", "2013-12-31": -35.301, "2013-09-30": 11.443, "2013-06-30": -69.474, "2013-03-31": "14.19400", "2012-12-31": -21.175, "2012-09-30": 6.885, "2012-06-30": -55.95, "2012-03-31": "9.16900", "2011-12-31": 7.962, "2011-09-30": 3.501, "2011-06-30": 6.385, "2011-03-31": "-5.59400", "2010-12-31": 9.869, "2010-09-30": 2.803, "2010-06-30": 3.744, "2010-03-31": "8.10500", "2009-12-31": 8.594, "2009-09-30": 4.259, "2009-06-30": 2.466, "2009-03-31": "-38.34700", "2008-12-31": -7.285, "2008-09-30": 3.377, "2008-06-30": 1.334, "2008-03-31": "1.86800", "2007-12-31": -4.646, "2007-09-30": 3.369, "2007-06-30": 1.364, "2007-03-31": "-0.14300", "2006-12-31": 0.783, "2006-09-30": 2.647, "2006-06-30": 0.638, "2006-03-31": "2.18800", "2005-12-31": 0.788, "2005-09-30": -2.146, "2005-06-30": -1.828, "2005-03-31": "1.72500"}, "Total Common And Preferred Stock Dividends Paid": {"2020-09-30": 0, "2020-06-30": 0, "2020-03-31": "", "2019-12-31": 0, "2019-09-30": 0, "2019-06-30": 0, "2019-03-31": "", "2018-12-31": 0, "2018-09-30": 0, "2018-06-30": 0, "2018-03-31": "", "2017-12-31": 0, "2017-09-30": 0, "2017-06-30": 0, "2017-03-31": "", "2016-12-31": 0, "2016-09-30": 0, "2016-06-30": 0, "2016-03-31": "", "2015-12-31": 0, "2015-09-30": 0, "2015-06-30": 0, "2015-03-31": "", "2014-12-31": 0, "2014-09-30": 0, "2014-06-30": 0, "2014-03-31": "", "2013-12-31": 0, "2013-09-30": 0, "2013-06-30": 0, "2013-03-31": "", "2012-12-31": 0, "2012-09-30": 0, "2012-06-30": 0, "2012-03-31": "", "2011-12-31": 0, "2011-09-30": 0, "2011-06-30": 0, "2011-03-31": "", "2010-12-31": 0, "2010-09-30": 0, "2010-06-30": 0, "2010-03-31": "", "2009-12-31": 0, "2009-09-30": 0, "2009-06-30": 0, "2009-03-31": "", "2008-12-31": 0, "2008-09-30": 0, "2008-06-30": 0, "2008-03-31": "", "2007-12-31": 0, "2007-09-30": 0, "2007-06-30": 0, "2007-03-31": "", "2006-12-31": 0, "2006-09-30": 0, "2006-06-30": 0, "2006-03-31": "", "2005-12-31": 0, "2005-09-30": 0, "2005-06-30": 0, "2005-03-31": ""}, "Financial Activities - Other": {"2020-09-30": -1.378, "2020-06-30": -2.971, "2020-03-31": "-62.42500", "2019-12-31": -6.015, "2019-09-30": -2.331, "2019-06-30": -2.611, "2019-03-31": "-34.61100", "2018-12-31": -1.999, "2018-09-30": -1.914, "2018-06-30": -5.647, "2018-03-31": "-24.33300", "2017-12-31": -1.037, "2017-09-30": -1.038, "2017-06-30": -0.557, "2017-03-31": "-8.48000", "2016-12-31": -0.013, "2016-09-30": -0.04, "2016-06-30": -0.252, "2016-03-31": "-5.80100", "2015-12-31": -6.387, "2015-09-30": 0.609, "2015-06-30": 1.799, "2015-03-31": "-1.66100", "2014-12-31": 4.821, "2014-09-30": 0.688, "2014-06-30": 2.38, "2014-03-31": "-3.06100", "2013-12-31": 1.232, "2013-09-30": -1.163, "2013-06-30": 1.961, "2013-03-31": "0.49800", "2012-12-31": 5.987, "2012-09-30": -1.283, "2012-06-30": 2.071, "2012-03-31": "3.87200", "2011-12-31": 3.016, "2011-09-30": 2.127, "2011-06-30": 3.191, "2011-03-31": "1.71200", "2010-12-31": 3.952, "2010-09-30": 1.248, "2010-06-30": 2.947, "2010-03-31": "3.60600", "2009-12-31": 6.691, "2009-09-30": 4.653, "2009-06-30": 1.569, "2009-03-31": "0.25500", "2008-12-31": 0.628, "2008-09-30": -2.632, "2008-06-30": 1.148, "2008-03-31": "0.31700", "2007-12-31": 1.3, "2007-09-30": 3.753, "2007-06-30": 1.145, "2007-03-31": "1.20800", "2006-12-31": 0.824, "2006-09-30": 1.721, "2006-06-30": -1.008, "2006-03-31": "1.71400", "2005-12-31": 0, "2005-09-30": 0, "2005-06-30": 0, "2005-03-31": ""}, "Cash Flow From Financial Activities": {"2020-09-30": 9.705, "2020-06-30": 3.187, "2020-03-31": "-288.73800", "2019-12-31": 499.445, "2019-09-30": 5.522, "2019-06-30": -6.467, "2019-03-31": "-69.09100", "2018-12-31": -75.392, "2018-09-30": -66.074, "2018-06-30": 8.196, "2018-03-31": "-129.40500", "2017-12-31": -109.277, "2017-09-30": 5.328, "2017-06-30": -112.368, "2017-03-31": "-78.33400", "2016-12-31": -82.596, "2016-09-30": -88.64, "2016-06-30": -79.045, "2016-03-31": "-38.34900", "2015-12-31": -94.489, "2015-09-30": -106.535, "2015-06-30": 12.62, "2015-03-31": "-111.52300", "2014-12-31": -103.673, "2014-09-30": -23.271, "2014-06-30": -64.199, "2014-03-31": "5.50100", "2013-12-31": -34.069, "2013-09-30": -16.294, "2013-06-30": -67.513, "2013-03-31": "-11.88300", "2012-12-31": -41.762, "2012-09-30": -20.972, "2012-06-30": -64.514, "2012-03-31": "2.40200", "2011-12-31": 0.332, "2011-09-30": -5.017, "2011-06-30": 4.238, "2011-03-31": "-9.22900", "2010-12-31": 8.452, "2010-09-30": -1.34, "2010-06-30": -28.384, "2010-03-31": "-8.36700", "2009-12-31": 8.585, "2009-09-30": 2.248, "2009-06-30": -29.373, "2009-03-31": "-45.55000", "2008-12-31": -27.762, "2008-09-30": 300.621, "2008-06-30": -45.35, "2008-03-31": "-9.75900", "2007-12-31": -18.703, "2007-09-30": -15.838, "2007-06-30": -13.833, "2007-03-31": "-7.45500", "2006-12-31": -23.596, "2006-09-30": -17.753, "2006-06-30": 168.221, "2006-03-31": "3.90200", "2005-12-31": 0.788, "2005-09-30": -2.146, "2005-06-30": -1.828, "2005-03-31": "1.72500"}, "Net Cash Flow": {"2020-09-30": 100.195, "2020-06-30": 26.798, "2020-03-31": "-154.34600", "2019-12-31": 139.41, "2019-09-30": 101.229, "2019-06-30": 24.064, "2019-03-31": "-169.74800", "2018-12-31": 47.959, "2018-09-30": 33.286, "2018-06-30": -189.599, "2018-03-31": "3.99200", "2017-12-31": -38.07, "2017-09-30": 61.575, "2017-06-30": -8.192, "2017-03-31": "43.70900", "2016-12-31": -15.437, "2016-09-30": -5.439, "2016-06-30": -20.08, "2016-03-31": "79.26700", "2015-12-31": 7.929, "2015-09-30": -64.115, "2015-06-30": 79.96, "2015-03-31": "-27.67000", "2014-12-31": -28.741, "2014-09-30": 33.89, "2014-06-30": -74.769, "2014-03-31": "115.19800", "2013-12-31": 35.152, "2013-09-30": 47.931, "2013-06-30": 8.41, "2013-03-31": "74.29000", "2012-12-31": 21.816, "2012-09-30": 3.403, "2012-06-30": -6.362, "2012-03-31": "86.01800", "2011-12-31": 65.53, "2011-09-30": -223.414, "2011-06-30": 79.778, "2011-03-31": "77.45500", "2010-12-31": -22.237, "2010-09-30": 79.228, "2010-06-30": 26.248, "2010-03-31": "53.36200", "2009-12-31": 42.54, "2009-09-30": 41.635, "2009-06-30": 22.434, "2009-03-31": "1.09300", "2008-12-31": 18.644, "2008-09-30": 14.127, "2008-06-30": -5.498, "2008-03-31": "33.67900", "2007-12-31": 16.573, "2007-09-30": 12.867, "2007-06-30": 20.41, "2007-03-31": "13.05900", "2006-12-31": 2.697, "2006-09-30": -1.03, "2006-06-30": -94.511, "2006-03-31": "20.99300", "2005-12-31": 11.736, "2005-09-30": 11.106, "2005-06-30": 83.418, "2005-03-31": "-13.64100"}, "Stock-Based Compensation": {"2020-09-30": 38.185, "2020-06-30": 34.13, "2020-03-31": "30.94100", "2019-12-31": 31.406, "2019-09-30": 31.862, "2019-06-30": 29.122, "2019-03-31": "23.80000", "2018-12-31": 24.459, "2018-09-30": 22.983, "2018-06-30": 20.635, "2018-03-31": "15.26900", "2017-12-31": 13.746, "2017-09-30": 14.773, "2017-06-30": 14.122, "2017-03-31": "10.51300", "2016-12-31": 8.783, "2016-09-30": 8.952, "2016-06-30": 8.534, "2016-03-31": "7.07800", "2015-12-31": 8.22, "2015-09-30": 8.87, "2015-06-30": 9.03, "2015-03-31": "7.83100", "2014-12-31": 9.278, "2014-09-30": 9.953, "2014-06-30": 10.165, "2014-03-31": "7.46500", "2013-12-31": 8.556, "2013-09-30": 9.081, "2013-06-30": 8.874, "2013-03-31": "8.78700", "2012-12-31": 8.485, "2012-09-30": 8.104, "2012-06-30": 8.024, "2012-03-31": "7.80200", "2011-12-31": 6.514, "2011-09-30": 6.108, "2011-06-30": 5.319, "2011-03-31": "5.14700", "2010-12-31": 5.116, "2010-09-30": 4.743, "2010-06-30": 4.656, "2010-03-31": "4.50400", "2009-12-31": 3.917, "2009-09-30": 3.175, "2009-06-30": 3.021, "2009-03-31": "3.09900", "2008-12-31": 3.071, "2008-09-30": 2.797, "2008-06-30": 3.159, "2008-03-31": "2.75200", "2007-12-31": 2.526, "2007-09-30": 2.075, "2007-06-30": 2.147, "2007-03-31": "2.17000", "2006-12-31": 1.932, "2006-09-30": 1.24, "2006-06-30": 1.23, "2006-03-31": "1.22400", "2005-12-31": 0, "2005-09-30": 0, "2005-06-30": 0, "2005-03-31": ""}, "Common Stock Dividends Paid": {"2020-09-30": 0, "2020-06-30": 0, "2020-03-31": "", "2019-12-31": 0, "2019-09-30": 0, "2019-06-30": 0, "2019-03-31": "", "2018-12-31": 0, "2018-09-30": 0, "2018-06-30": 0, "2018-03-31": "", "2017-12-31": 0, "2017-09-30": 0, "2017-06-30": 0, "2017-03-31": "", "2016-12-31": 0, "2016-09-30": 0, "2016-06-30": 0, "2016-03-31": "", "2015-12-31": 0, "2015-09-30": 0, "2015-06-30": 0, "2015-03-31": "", "2014-12-31": 0, "2014-09-30": 0, "2014-06-30": 0, "2014-03-31": "", "2013-12-31": 0, "2013-09-30": 0, "2013-06-30": 0, "2013-03-31": "", "2012-12-31": 0, "2012-09-30": 0, "2012-06-30": 0, "2012-03-31": "", "2011-12-31": 0, "2011-09-30": 0, "2011-06-30": 0, "2011-03-31": "", "2010-12-31": 0, "2010-09-30": 0, "2010-06-30": 0, "2010-03-31": "", "2009-12-31": 0, "2009-09-30": 0, "2009-06-30": 0, "2009-03-31": "", "2008-12-31": 0, "2008-09-30": 0, "2008-06-30": 0, "2008-03-31": "", "2007-12-31": 0, "2007-09-30": 0, "2007-06-30": 0, "2007-03-31": "", "2006-12-31": 0, "2006-09-30": 0, "2006-06-30": 0, "2006-03-31": "", "2005-12-31": 0, "2005-09-30": 0, "2005-06-30": 0, "2005-03-31": ""}}, "financial ratios": {"Current Ratio": {"2019-12-31": "2.23770", "2018-12-31": "2.49860", "2017-12-31": "2.08740", "2016-12-31": "2.16920", "2015-12-31": "2.22340", "2014-12-31": "2.32720", "2013-12-31": "2.42400", "2012-12-31": "1.91320", "2011-12-31": "1.68670", "2010-12-31": "2.29510", "2009-12-31": "1.93240", "2008-12-31": "1.48380", "2007-12-31": "1.55800", "2006-12-31": "1.20280", "2005-12-31": "3.19550"}, "Long-term Debt / Capital": {"2019-12-31": "0.10920", "2018-12-31": "", "2017-12-31": "", "2016-12-31": "", "2015-12-31": "", "2014-12-31": "", "2013-12-31": "0.00840", "2012-12-31": "", "2011-12-31": "0.02940", "2010-12-31": "0.07700", "2009-12-31": "0.13150", "2008-12-31": "0.17440", "2007-12-31": "0.07560", "2006-12-31": "0.16980", "2005-12-31": ""}, "Debt/Equity Ratio": {"2019-12-31": "0.14440", "2018-12-31": "", "2017-12-31": "", "2016-12-31": "", "2015-12-31": "", "2014-12-31": "", "2013-12-31": "0.00850", "2012-12-31": "0.02740", "2011-12-31": "0.07270", "2010-12-31": "0.10430", "2009-12-31": "0.17170", "2008-12-31": "0.23620", "2007-12-31": "0.09380", "2006-12-31": "0.23060", "2005-12-31": ""}, "Gross Margin": {"2019-12-31": "89.03130", "2018-12-31": "87.94990", "2017-12-31": "86.28950", "2016-12-31": "85.14260", "2015-12-31": "84.38130", "2014-12-31": "83.61300", "2013-12-31": "82.96770", "2012-12-31": "82.51720", "2011-12-31": "82.78770", "2010-12-31": "82.61410", "2009-12-31": "81.18810", "2008-12-31": "80.88930", "2007-12-31": "79.74590", "2006-12-31": "78.48320", "2005-12-31": "84.78890"}, "Operating Margin": {"2019-12-31": "33.97600", "2018-12-31": "36.83990", "2017-12-31": "35.67480", "2016-12-31": "38.06330", "2015-12-31": "37.51560", "2014-12-31": "37.11990", "2013-12-31": "37.37120", "2012-12-31": "36.87300", "2011-12-31": "38.40620", "2010-12-31": "37.78950", "2009-12-31": "35.49670", "2008-12-31": "35.48340", "2007-12-31": "32.89800", "2006-12-31": "13.71420", "2005-12-31": "37.23200"}, "EBIT Margin": {"2019-12-31": "33.97600", "2018-12-31": "36.83990", "2017-12-31": "35.67480", "2016-12-31": "38.06330", "2015-12-31": "37.51560", "2014-12-31": "37.11990", "2013-12-31": "37.37120", "2012-12-31": "36.87300", "2011-12-31": "38.40620", "2010-12-31": "37.78950", "2009-12-31": "35.49670", "2008-12-31": "35.48340", "2007-12-31": "32.89800", "2006-12-31": "13.71420", "2005-12-31": "37.23200"}, "EBITDA Margin": {"2019-12-31": "39.18580", "2018-12-31": "41.42040", "2017-12-31": "41.85400", "2016-12-31": "45.10320", "2015-12-31": "45.75420", "2014-12-31": "45.87230", "2013-12-31": "46.74130", "2012-12-31": "47.57730", "2011-12-31": "47.94480", "2010-12-31": "48.27240", "2009-12-31": "47.91450", "2008-12-31": "45.95570", "2007-12-31": "43.00570", "2006-12-31": "24.13100", "2005-12-31": "42.36190"}, "Pre-Tax Profit Margin": {"2019-12-31": "34.47360", "2018-12-31": "37.65240", "2017-12-31": "36.12820", "2016-12-31": "38.47530", "2015-12-31": "37.84290", "2014-12-31": "37.19350", "2013-12-31": "37.44390", "2012-12-31": "36.78450", "2011-12-31": "38.30480", "2010-12-31": "37.29410", "2009-12-31": "33.57210", "2008-12-31": "34.84790", "2007-12-31": "32.24760", "2006-12-31": "12.54020", "2005-12-31": "39.93460"}, "Net Profit Margin": {"2019-12-31": "29.77090", "2018-12-31": "32.41830", "2017-12-31": "23.67050", "2016-12-31": "26.87360", "2015-12-31": "26.78550", "2014-12-31": "27.20990", "2013-12-31": "28.48470", "2012-12-31": "25.49860", "2011-12-31": "26.12990", "2010-12-31": "26.39130", "2009-12-31": "22.51780", "2008-12-31": "23.34560", "2007-12-31": "21.38160", "2006-12-31": "5.36940", "2005-12-31": "27.78040"}, "Asset Turnover": {"2019-12-31": "0.31330", "2018-12-31": "0.39610", "2017-12-31": "0.37230", "2016-12-31": "0.35300", "2015-12-31": "0.34530", "2014-12-31": "0.34000", "2013-12-31": "0.31640", "2012-12-31": "0.30610", "2011-12-31": "0.28240", "2010-12-31": "0.27280", "2009-12-31": "0.26920", "2008-12-31": "0.25650", "2007-12-31": "0.39750", "2006-12-31": "0.29210", "2005-12-31": "0.51730"}, "Inventory Turnover Ratio": {"2019-12-31": "", "2018-12-31": "", "2017-12-31": "", "2016-12-31": "", "2015-12-31": "", "2014-12-31": "", "2013-12-31": "", "2012-12-31": "", "2011-12-31": "", "2010-12-31": "", "2009-12-31": "", "2008-12-31": "", "2007-12-31": "", "2006-12-31": "", "2005-12-31": ""}, "Receiveable Turnover": {"2019-12-31": "2.21910", "2018-12-31": "2.42340", "2017-12-31": "2.81930", "2016-12-31": "2.85240", "2015-12-31": "3.23070", "2014-12-31": "3.18880", "2013-12-31": "2.88450", "2012-12-31": "2.55070", "2011-12-31": "2.78920", "2010-12-31": "2.59030", "2009-12-31": "3.36030", "2008-12-31": "3.04120", "2007-12-31": "3.32820", "2006-12-31": "2.91370", "2005-12-31": "3.57560"}, "Days Sales In Receivables": {"2019-12-31": "164.47790", "2018-12-31": "150.61560", "2017-12-31": "129.46340", "2016-12-31": "127.96350", "2015-12-31": "112.97910", "2014-12-31": "114.46430", "2013-12-31": "126.53710", "2012-12-31": "143.09960", "2011-12-31": "130.85960", "2010-12-31": "140.91190", "2009-12-31": "108.61980", "2008-12-31": "120.01740", "2007-12-31": "109.66860", "2006-12-31": "125.26900", "2005-12-31": "102.08200"}, "ROE - Return On Equity": {"2019-12-31": "13.06820", "2018-12-31": "15.82820", "2017-12-31": "11.54370", "2016-12-31": "12.02840", "2015-12-31": "11.50740", "2014-12-31": "11.48550", "2013-12-31": "11.48400", "2012-12-31": "10.48720", "2011-12-31": "10.29800", "2010-12-31": "10.00910", "2009-12-31": "8.86700", "2008-12-31": "9.44050", "2007-12-31": "12.84950", "2006-12-31": "2.64700", "2005-12-31": "19.51440"}, "Return On Tangible Equity": {"2019-12-31": "80.10370", "2018-12-31": "48.43670", "2017-12-31": "36.53210", "2016-12-31": "38.02560", "2015-12-31": "39.36260", "2014-12-31": "39.42530", "2013-12-31": "41.64070", "2012-12-31": "60.22500", "2011-12-31": "124.02370", "2010-12-31": "70.72230", "2009-12-31": "-239.95190", "2008-12-31": "-46.82180", "2007-12-31": "772.11430", "2006-12-31": "-11.58940", "2005-12-31": "25.58780"}, "ROA - Return On Assets": {"2019-12-31": "9.32640", "2018-12-31": "12.84080", "2017-12-31": "8.81320", "2016-12-31": "9.48520", "2015-12-31": "9.25020", "2014-12-31": "9.25180", "2013-12-31": "9.01150", "2012-12-31": "7.80400", "2011-12-31": "7.37910", "2010-12-31": "7.19990", "2009-12-31": "6.06150", "2008-12-31": "5.98930", "2007-12-31": "8.50020", "2006-12-31": "1.56820", "2005-12-31": "14.37040"}, "ROI - Return On Investment": {"2019-12-31": "11.64060", "2018-12-31": "15.82820", "2017-12-31": "11.54370", "2016-12-31": "12.02840", "2015-12-31": "11.50740", "2014-12-31": "11.48550", "2013-12-31": "11.38740", "2012-12-31": "10.48720", "2011-12-31": "9.99520", "2010-12-31": "9.23880", "2009-12-31": "7.70140", "2008-12-31": "7.79450", "2007-12-31": "11.87820", "2006-12-31": "2.19750", "2005-12-31": "19.51440"}, "Book Value Per Share": {"2019-12-31": "40.28020", "2018-12-31": "31.68030", "2017-12-31": "26.67510", "2016-12-31": "25.77260", "2015-12-31": "24.89710", "2014-12-31": "24.43120", "2013-12-31": "23.14010", "2012-12-31": "20.93850", "2011-12-31": "18.93620", "2010-12-31": "16.69370", "2009-12-31": "14.63750", "2008-12-31": "13.23460", "2007-12-31": "8.19980", "2006-12-31": "6.92890", "2005-12-31": "3.51000"}, "Operating Cash Flow Per Share": {"2019-12-31": 0.1732, "2018-12-31": 0.7212, "2017-12-31": 0.8103, "2016-12-31": 0.0077, "2015-12-31": 0.0153, "2014-12-31": 0.5906, "2013-12-31": 0.3573, "2012-12-31": -0.1171, "2011-12-31": 1.4694, "2010-12-31": -0.1019, "2009-12-31": -0.3748, "2008-12-31": 0.7002, "2007-12-31": 0.3928, "2006-12-31": 0.1676, "2005-12-31": 1.0065}, "Free Cash Flow Per Share": {"2019-12-31": -0.0965, "2018-12-31": 0.6884, "2017-12-31": 0.7297, "2016-12-31": 0.0442, "2015-12-31": 0.1152, "2014-12-31": 0.6176, "2013-12-31": 0.3065, "2012-12-31": -0.1358, "2011-12-31": 1.3886, "2010-12-31": -0.1643, "2009-12-31": -0.2736, "2008-12-31": 0.641, "2007-12-31": 0.3629, "2006-12-31": 0.1354, "2005-12-31": 0.936}}, "financial ratios, quarterly": {"Current Ratio": {"2020-09-30": "2.59630", "2020-06-30": "2.38000", "2020-03-31": "2.40290", "2019-12-31": "2.23770", "2019-09-30": "2.54570", "2019-06-30": "2.24130", "2019-03-31": "2.11120", "2018-12-31": "2.49860", "2018-09-30": "2.71420", "2018-06-30": "2.62750", "2018-03-31": "3.00240", "2017-12-31": "2.08740", "2017-09-30": "2.42100", "2017-06-30": "2.22550", "2017-03-31": "2.23570", "2016-12-31": "2.16920", "2016-09-30": "2.42090", "2016-06-30": "2.37270", "2016-03-31": "2.35600", "2015-12-31": "2.22340", "2015-09-30": "2.53730", "2015-06-30": "2.58040", "2015-03-31": "2.31760", "2014-12-31": "2.32720", "2014-09-30": "2.63950", "2014-06-30": "2.38160", "2014-03-31": "2.56310", "2013-12-31": "2.42400", "2013-09-30": "2.48080", "2013-06-30": "2.15070", "2013-03-31": "2.22180", "2012-12-31": "1.91320", "2012-09-30": "1.82260", "2012-06-30": "1.81320", "2012-03-31": "1.81790", "2011-12-31": "1.68670", "2011-09-30": "1.68630", "2011-06-30": "2.45860", "2011-03-31": "2.37420", "2010-12-31": "2.29510", "2010-09-30": "1.93050", "2010-06-30": "2.11790", "2010-03-31": "2.03370", "2009-12-31": "1.93240", "2009-09-30": "1.76280", "2009-06-30": "1.50710", "2009-03-31": "1.42850", "2008-12-31": "1.48380", "2008-09-30": "1.45350", "2008-06-30": "1.61390", "2008-03-31": "1.63870", "2007-12-31": "1.55800", "2007-09-30": "1.45980", "2007-06-30": "1.33420", "2007-03-31": "1.26300", "2006-12-31": "1.20280", "2006-09-30": "1.16710", "2006-06-30": "1.14900", "2006-03-31": "3.21100", "2005-12-31": "3.19550", "2005-09-30": "3.36530", "2005-06-30": "3.11190", "2005-03-31": "2.91560"}, "Long-term Debt / Capital": {"2020-09-30": "0.10560", "2020-06-30": "0.10970", "2020-03-31": "0.11400", "2019-12-31": "0.10920", "2019-09-30": "", "2019-06-30": "", "2019-03-31": "", "2018-12-31": "", "2018-09-30": "", "2018-06-30": "", "2018-03-31": "", "2017-12-31": "", "2017-09-30": "", "2017-06-30": "", "2017-03-31": "", "2016-12-31": "", "2016-09-30": "", "2016-06-30": "", "2016-03-31": "", "2015-12-31": "", "2015-09-30": "", "2015-06-30": "", "2015-03-31": "", "2014-12-31": "", "2014-09-30": "0.01400", "2014-06-30": "0.01310", "2014-03-31": "0.01070", "2013-12-31": "0.00840", "2013-09-30": "0.00530", "2013-06-30": "0.00310", "2013-03-31": "", "2012-12-31": "", "2012-09-30": "", "2012-06-30": "0.01440", "2012-03-31": "0.01440", "2011-12-31": "0.02940", "2011-09-30": "0.04500", "2011-06-30": "0.06090", "2011-03-31": "0.06900", "2010-12-31": "0.07700", "2010-09-30": "0.08650", "2010-06-30": "0.09590", "2010-03-31": "0.11710", "2009-12-31": "0.13150", "2009-09-30": "0.14040", "2009-06-30": "0.14920", "2009-03-31": "0.17270", "2008-12-31": "0.17440", "2008-09-30": "0.18810", "2008-06-30": "0.00010", "2008-03-31": "0.05810", "2007-12-31": "0.07560", "2007-09-30": "0.09730", "2007-06-30": "0.13020", "2007-03-31": "0.15490", "2006-12-31": "0.16980", "2006-09-30": "0.19920", "2006-06-30": "0.22510", "2006-03-31": "", "2005-12-31": "", "2005-09-30": "", "2005-06-30": "", "2005-03-31": ""}, "Debt/Equity Ratio": {"2020-09-30": "0.11810", "2020-06-30": "0.12320", "2020-03-31": "0.12870", "2019-12-31": "0.14440", "2019-09-30": "", "2019-06-30": "", "2019-03-31": "", "2018-12-31": "", "2018-09-30": "", "2018-06-30": "", "2018-03-31": "", "2017-12-31": "", "2017-09-30": "", "2017-06-30": "", "2017-03-31": "", "2016-12-31": "", "2016-09-30": "", "2016-06-30": "", "2016-03-31": "", "2015-12-31": "", "2015-09-30": "", "2015-06-30": "", "2015-03-31": "", "2014-12-31": "", "2014-09-30": "0.01420", "2014-06-30": "0.01330", "2014-03-31": "0.01080", "2013-12-31": "0.00850", "2013-09-30": "0.00540", "2013-06-30": "0.01640", "2013-03-31": "0.01320", "2012-12-31": "0.02740", "2012-09-30": "0.04200", "2012-06-30": "0.05840", "2012-03-31": "0.06420", "2011-12-31": "0.07270", "2011-09-30": "0.08160", "2011-06-30": "0.09070", "2011-03-31": "0.09780", "2010-12-31": "0.10430", "2010-09-30": "0.11290", "2010-06-30": "0.12140", "2010-03-31": "0.15110", "2009-12-31": "0.17170", "2009-09-30": "0.18470", "2009-06-30": "0.19740", "2009-03-31": "0.23430", "2008-12-31": "0.23620", "2008-09-30": "0.25830", "2008-06-30": "0.00050", "2008-03-31": "0.07120", "2007-12-31": "0.09380", "2007-09-30": "0.12310", "2007-06-30": "0.16990", "2007-03-31": "0.20720", "2006-12-31": "0.23060", "2006-09-30": "0.28690", "2006-06-30": "0.33890", "2006-03-31": "", "2005-12-31": "", "2005-09-30": "", "2005-06-30": "", "2005-03-31": ""}, "Gross Margin": {"2020-09-30": "85.45230", "2020-06-30": "86.03440", "2020-03-31": "83.56770", "2019-12-31": "89.79990", "2019-09-30": "87.97180", "2019-06-30": "89.01430", "2019-03-31": "89.02190", "2018-12-31": "90.35000", "2018-09-30": "87.45480", "2018-06-30": "86.77730", "2018-03-31": "86.19950", "2017-12-31": "86.50110", "2017-09-30": "86.94310", "2017-06-30": "86.23160", "2017-03-31": "85.38660", "2016-12-31": "85.59720", "2016-09-30": "85.52600", "2016-06-30": "84.95910", "2016-03-31": "84.38070", "2015-12-31": "85.30010", "2015-09-30": "84.61950", "2015-06-30": "83.95440", "2015-03-31": "83.52110", "2014-12-31": "84.36600", "2014-09-30": "84.10510", "2014-06-30": "83.35540", "2014-03-31": "82.46630", "2013-12-31": "83.64160", "2013-09-30": "83.46220", "2013-06-30": "82.92760", "2013-03-31": "81.67520", "2012-12-31": "83.38330", "2012-09-30": "82.85710", "2012-06-30": "82.18760", "2012-03-31": "81.47130", "2011-12-31": "83.17840", "2011-09-30": "82.05860", "2011-06-30": "82.70470", "2011-03-31": "83.18100", "2010-12-31": "83.90680", "2010-09-30": "81.92330", "2010-06-30": "82.47770", "2010-03-31": "81.87990", "2009-12-31": "82.93390", "2009-09-30": "81.36400", "2009-06-30": "80.28450", "2009-03-31": "79.68530", "2008-12-31": "81.23440", "2008-09-30": "79.88740", "2008-06-30": "81.54540", "2008-03-31": "80.91470", "2007-12-31": "81.26060", "2007-09-30": "79.37870", "2007-06-30": "79.46990", "2007-03-31": "78.51100", "2006-12-31": "77.61120", "2006-09-30": "75.29840", "2006-06-30": "78.39360", "2006-03-31": "85.07310", "2005-12-31": "85.93120", "2005-09-30": "84.54460", "2005-06-30": "84.49920", "2005-03-31": "84.00490"}, "Operating Margin": {"2020-09-30": "24.54870", "2020-06-30": "29.25030", "2020-03-31": "11.17200", "2019-12-31": "38.19520", "2019-09-30": "30.54590", "2019-06-30": "34.89310", "2019-03-31": "30.16080", "2018-12-31": "43.31300", "2018-09-30": "32.14180", "2018-06-30": "35.48490", "2018-03-31": "33.60550", "2017-12-31": "33.30040", "2017-09-30": "38.53000", "2017-06-30": "37.28120", "2017-03-31": "33.72940", "2016-12-31": "35.83000", "2016-09-30": "40.71350", "2016-06-30": "38.26370", "2016-03-31": "37.63600", "2015-12-31": "38.52340", "2015-09-30": "37.91750", "2015-06-30": "36.73060", "2015-03-31": "36.76080", "2014-12-31": "36.97220", "2014-09-30": "38.80680", "2014-06-30": "35.94710", "2014-03-31": "36.72670", "2013-12-31": "39.08650", "2013-09-30": "38.38890", "2013-06-30": "36.50220", "2013-03-31": "35.17340", "2012-12-31": "36.98290", "2012-09-30": "37.40410", "2012-06-30": "36.47600", "2012-03-31": "36.59550", "2011-12-31": "36.90200", "2011-09-30": "37.77660", "2011-06-30": "39.94440", "2011-03-31": "39.40220", "2010-12-31": "39.25310", "2010-09-30": "37.09660", "2010-06-30": "38.02290", "2010-03-31": "36.47330", "2009-12-31": "40.14050", "2009-09-30": "37.15820", "2009-06-30": "33.32080", "2009-03-31": "29.94500", "2008-12-31": "33.83570", "2008-09-30": "31.32670", "2008-06-30": "39.42080", "2008-03-31": "38.15870", "2007-12-31": "34.10950", "2007-09-30": "33.61550", "2007-06-30": "32.96350", "2007-03-31": "30.52730", "2006-12-31": "23.44800", "2006-09-30": "18.33360", "2006-06-30": "-23.29920", "2006-03-31": "38.72770", "2005-12-31": "40.62580", "2005-09-30": "36.70810", "2005-06-30": "35.39410", "2005-03-31": "35.67140"}, "EBIT Margin": {"2020-09-30": "24.54870", "2020-06-30": "29.25030", "2020-03-31": "11.17200", "2019-12-31": "38.19530", "2019-09-30": "30.54590", "2019-06-30": "34.89310", "2019-03-31": "30.16080", "2018-12-31": "43.31300", "2018-09-30": "32.14180", "2018-06-30": "35.48490", "2018-03-31": "33.60550", "2017-12-31": "33.30040", "2017-09-30": "38.53000", "2017-06-30": "37.28120", "2017-03-31": "33.72940", "2016-12-31": "35.83000", "2016-09-30": "40.71350", "2016-06-30": "38.26370", "2016-03-31": "37.63600", "2015-12-31": "38.52340", "2015-09-30": "37.91750", "2015-06-30": "36.73060", "2015-03-31": "36.76080", "2014-12-31": "36.97220", "2014-09-30": "38.80680", "2014-06-30": "35.94710", "2014-03-31": "36.72670", "2013-12-31": "39.08650", "2013-09-30": "38.38890", "2013-06-30": "36.50220", "2013-03-31": "35.17340", "2012-12-31": "36.98290", "2012-09-30": "37.40410", "2012-06-30": "36.47600", "2012-03-31": "36.59550", "2011-12-31": "36.90190", "2011-09-30": "37.77660", "2011-06-30": "39.94440", "2011-03-31": "39.40220", "2010-12-31": "39.25310", "2010-09-30": "37.09660", "2010-06-30": "38.02290", "2010-03-31": "36.47330", "2009-12-31": "40.14050", "2009-09-30": "37.15820", "2009-06-30": "33.32080", "2009-03-31": "29.94500", "2008-12-31": "33.83570", "2008-09-30": "31.32670", "2008-06-30": "39.42080", "2008-03-31": "38.15870", "2007-12-31": "34.10950", "2007-09-30": "33.61550", "2007-06-30": "32.96350", "2007-03-31": "30.52730", "2006-12-31": "23.44810", "2006-09-30": "18.33360", "2006-06-30": "-23.29920", "2006-03-31": "38.72770", "2005-12-31": "40.62580", "2005-09-30": "36.70810", "2005-06-30": "35.39410", "2005-03-31": "35.67140"}, "EBITDA Margin": {"2020-09-30": "", "2020-06-30": "", "2020-03-31": "", "2019-12-31": "", "2019-09-30": "", "2019-06-30": "", "2019-03-31": "", "2018-12-31": "", "2018-09-30": "", "2018-06-30": "", "2018-03-31": "", "2017-12-31": "", "2017-09-30": "", "2017-06-30": "", "2017-03-31": "", "2016-12-31": "", "2016-09-30": "", "2016-06-30": "", "2016-03-31": "", "2015-12-31": "", "2015-09-30": "", "2015-06-30": "", "2015-03-31": "", "2014-12-31": "", "2014-09-30": "", "2014-06-30": "", "2014-03-31": "", "2013-12-31": "", "2013-09-30": "", "2013-06-30": "", "2013-03-31": "", "2012-12-31": "", "2012-09-30": "", "2012-06-30": "", "2012-03-31": "", "2011-12-31": "", "2011-09-30": "", "2011-06-30": "", "2011-03-31": "", "2010-12-31": "", "2010-09-30": "", "2010-06-30": "", "2010-03-31": "", "2009-12-31": "", "2009-09-30": "", "2009-06-30": "", "2009-03-31": "", "2008-12-31": "", "2008-09-30": "", "2008-06-30": "", "2008-03-31": "", "2007-12-31": "", "2007-09-30": "", "2007-06-30": "", "2007-03-31": "", "2006-12-31": "", "2006-09-30": "", "2006-06-30": "", "2006-03-31": "", "2005-12-31": "", "2005-09-30": "", "2005-06-30": "", "2005-03-31": ""}, "Pre-Tax Profit Margin": {"2020-09-30": "24.56470", "2020-06-30": "29.19270", "2020-03-31": "10.92640", "2019-12-31": "38.07820", "2019-09-30": "31.64560", "2019-06-30": "35.24920", "2019-03-31": "31.11220", "2018-12-31": "44.54690", "2018-09-30": "32.91540", "2018-06-30": "35.86710", "2018-03-31": "34.30440", "2017-12-31": "33.84640", "2017-09-30": "39.16220", "2017-06-30": "37.84120", "2017-03-31": "33.76690", "2016-12-31": "36.23650", "2016-09-30": "41.07710", "2016-06-30": "38.80130", "2016-03-31": "37.97070", "2015-12-31": "38.86400", "2015-09-30": "37.99990", "2015-06-30": "37.05500", "2015-03-31": "37.34350", "2014-12-31": "36.90650", "2014-09-30": "38.85430", "2014-06-30": "36.09770", "2014-03-31": "36.91020", "2013-12-31": "39.21920", "2013-09-30": "38.42320", "2013-06-30": "36.59530", "2013-03-31": "35.19360", "2012-12-31": "36.94440", "2012-09-30": "37.29590", "2012-06-30": "36.54010", "2012-03-31": "36.30800", "2011-12-31": "36.89040", "2011-09-30": "37.84250", "2011-06-30": "39.83960", "2011-03-31": "39.00870", "2010-12-31": "39.54300", "2010-09-30": "36.39220", "2010-06-30": "37.52640", "2010-03-31": "35.23260", "2009-12-31": "39.12960", "2009-09-30": "35.72750", "2009-06-30": "30.53610", "2009-03-31": "27.19720", "2008-12-31": "32.02340", "2008-09-30": "29.91730", "2008-06-30": "39.05400", "2008-03-31": "39.56730", "2007-12-31": "34.58590", "2007-09-30": "32.90940", "2007-06-30": "31.51580", "2007-03-31": "29.34700", "2006-12-31": "21.13950", "2006-09-30": "15.99040", "2006-06-30": "-25.19750", "2006-03-31": "42.41810", "2005-12-31": "43.99030", "2005-09-30": "39.63110", "2005-06-30": "38.17190", "2005-03-31": "37.30070"}, "Net Profit Margin": {"2020-09-30": "20.60880", "2020-06-30": "25.03860", "2020-03-31": "15.10370", "2019-12-31": "34.10990", "2019-09-30": "26.01430", "2019-06-30": "29.77200", "2019-03-31": "27.19070", "2018-12-31": "36.86840", "2018-09-30": "30.86750", "2018-06-30": "30.26870", "2018-03-31": "29.79430", "2017-12-31": "17.39290", "2017-09-30": "26.71770", "2017-06-30": "26.42050", "2017-03-31": "24.98210", "2016-12-31": "25.85950", "2016-09-30": "28.29110", "2016-06-30": "28.29610", "2016-03-31": "24.99620", "2015-12-31": "27.03030", "2015-09-30": "27.76360", "2015-06-30": "26.47090", "2015-03-31": "25.77450", "2014-12-31": "27.37420", "2014-09-30": "27.98250", "2014-06-30": "27.12680", "2014-03-31": "26.26550", "2013-12-31": "32.17060", "2013-09-30": "29.35700", "2013-06-30": "26.03910", "2013-03-31": "25.80410", "2012-12-31": "25.39680", "2012-09-30": "26.21470", "2012-06-30": "25.77330", "2012-03-31": "24.56990", "2011-12-31": "23.94290", "2011-09-30": "26.33710", "2011-06-30": "27.99920", "2011-03-31": "26.72690", "2010-12-31": "29.50060", "2010-09-30": "25.83610", "2010-06-30": "25.76310", "2010-03-31": "23.79150", "2009-12-31": "25.02630", "2009-09-30": "23.81600", "2009-06-30": "22.23870", "2009-03-31": "18.13690", "2008-12-31": "23.58670", "2008-09-30": "21.08440", "2008-06-30": "25.28540", "2008-03-31": "23.60130", "2007-12-31": "26.33050", "2007-09-30": "19.88220", "2007-06-30": "19.79810", "2007-03-31": "18.38290", "2006-12-31": "14.38630", "2006-09-30": "11.94000", "2006-06-30": "-31.14640", "2006-03-31": "28.06500", "2005-12-31": "30.35380", "2005-09-30": "28.62560", "2005-06-30": "25.95870", "2005-03-31": "25.73620"}, "Asset Turnover": {"2020-09-30": "0.07570", "2020-06-30": "0.08250", "2020-03-31": "0.06740", "2019-12-31": "0.10050", "2019-09-30": "0.09600", "2019-06-30": "0.10490", "2019-03-31": "0.09400", "2018-12-31": "0.12720", "2018-09-30": "0.09470", "2018-06-30": "0.10000", "2018-03-31": "0.09560", "2017-12-31": "0.10280", "2017-09-30": "0.09680", "2017-06-30": "0.09560", "2017-03-31": "0.09070", "2016-12-31": "0.09660", "2016-09-30": "0.09000", "2016-06-30": "0.08960", "2016-03-31": "0.08190", "2015-12-31": "0.09220", "2015-09-30": "0.08800", "2015-06-30": "0.08580", "2015-03-31": "0.08120", "2014-12-31": "0.09240", "2014-09-30": "0.08390", "2014-06-30": "0.08300", "2014-03-31": "0.07710", "2013-12-31": "0.08670", "2013-09-30": "0.08120", "2013-06-30": "0.08340", "2013-03-31": "0.07610", "2012-12-31": "0.08470", "2012-09-30": "0.07700", "2012-06-30": "0.07760", "2012-03-31": "0.07360", "2011-12-31": "0.08100", "2011-09-30": "0.07370", "2011-06-30": "0.07250", "2011-03-31": "0.07260", "2010-12-31": "0.07830", "2010-09-30": "0.06600", "2010-06-30": "0.07050", "2010-03-31": "0.06960", "2009-12-31": "0.07830", "2009-09-30": "0.06920", "2009-06-30": "0.06650", "2009-03-31": "0.06370", "2008-12-31": "0.07260", "2008-09-30": "0.06640", "2008-06-30": "0.11170", "2008-03-31": "0.10750", "2007-12-31": "0.11480", "2007-09-30": "0.10120", "2007-06-30": "0.10170", "2007-03-31": "0.09730", "2006-12-31": "0.09440", "2006-09-30": "0.08210", "2006-06-30": "0.07170", "2006-03-31": "0.14130", "2005-12-31": "0.14310", "2005-09-30": "0.14300", "2005-06-30": "0.14370", "2005-03-31": "0.14760"}, "Inventory Turnover Ratio": {"2020-09-30": "", "2020-06-30": "", "2020-03-31": "", "2019-12-31": "", "2019-09-30": "", "2019-06-30": "", "2019-03-31": "", "2018-12-31": "", "2018-09-30": "", "2018-06-30": "", "2018-03-31": "", "2017-12-31": "", "2017-09-30": "", "2017-06-30": "", "2017-03-31": "", "2016-12-31": "", "2016-09-30": "", "2016-06-30": "", "2016-03-31": "", "2015-12-31": "", "2015-09-30": "", "2015-06-30": "", "2015-03-31": "", "2014-12-31": "", "2014-09-30": "", "2014-06-30": "", "2014-03-31": "", "2013-12-31": "", "2013-09-30": "", "2013-06-30": "", "2013-03-31": "", "2012-12-31": "", "2012-09-30": "", "2012-06-30": "", "2012-03-31": "", "2011-12-31": "", "2011-09-30": "", "2011-06-30": "", "2011-03-31": "", "2010-12-31": "", "2010-09-30": "", "2010-06-30": "", "2010-03-31": "", "2009-12-31": "", "2009-09-30": "", "2009-06-30": "", "2009-03-31": "", "2008-12-31": "", "2008-09-30": "", "2008-06-30": "", "2008-03-31": "", "2007-12-31": "", "2007-09-30": "", "2007-06-30": "", "2007-03-31": "", "2006-12-31": "", "2006-09-30": "", "2006-06-30": "", "2006-03-31": "", "2005-12-31": "", "2005-09-30": "", "2005-06-30": "", "2005-03-31": ""}, "Receiveable Turnover": {"2020-09-30": "0.59810", "2020-06-30": "0.70210", "2020-03-31": "0.53260", "2019-12-31": "0.71180", "2019-09-30": "0.72660", "2019-06-30": "0.73480", "2019-03-31": "0.69670", "2018-12-31": "0.77820", "2018-09-30": "0.72690", "2018-06-30": "0.68460", "2018-03-31": "0.64650", "2017-12-31": "0.77830", "2017-09-30": "1.00200", "2017-06-30": "0.93520", "2017-03-31": "0.80320", "2016-12-31": "0.78090", "2016-09-30": "0.93880", "2016-06-30": "0.92520", "2016-03-31": "0.88660", "2015-12-31": "0.86240", "2015-09-30": "0.99250", "2015-06-30": "0.95380", "2015-03-31": "0.87530", "2014-12-31": "0.86660", "2014-09-30": "1.01160", "2014-06-30": "0.90500", "2014-03-31": "0.85240", "2013-12-31": "0.79050", "2013-09-30": "0.93040", "2013-06-30": "0.91370", "2013-03-31": "0.74870", "2012-12-31": "0.70560", "2012-09-30": "0.79050", "2012-06-30": "0.71920", "2012-03-31": "0.72640", "2011-12-31": "0.79960", "2011-09-30": "0.86780", "2011-06-30": "0.79790", "2011-03-31": "0.72670", "2010-12-31": "0.74360", "2010-09-30": "0.81910", "2010-06-30": "0.94850", "2010-03-31": "0.84400", "2009-12-31": "0.97750", "2009-09-30": "1.08760", "2009-06-30": "0.94980", "2009-03-31": "0.84500", "2008-12-31": "0.86020", "2008-09-30": "0.87270", "2008-06-30": "0.91310", "2008-03-31": "0.80860", "2007-12-31": "0.96080", "2007-09-30": "0.87010", "2007-06-30": "0.95710", "2007-03-31": "0.83950", "2006-12-31": "0.94220", "2006-09-30": "1.00910", "2006-06-30": "0.81830", "2006-03-31": "0.91100", "2005-12-31": "0.98920", "2005-09-30": "1.04000", "2005-06-30": "1.02170", "2005-03-31": "0.89490"}, "Days Sales In Receivables": {"2020-09-30": "150.46690", "2020-06-30": "128.18420", "2020-03-31": "168.99290", "2019-12-31": "126.44030", "2019-09-30": "123.87110", "2019-06-30": "122.47460", "2019-03-31": "129.17880", "2018-12-31": "115.64630", "2018-09-30": "123.82040", "2018-06-30": "131.45560", "2018-03-31": "139.21620", "2017-12-31": "115.64320", "2017-09-30": "89.82170", "2017-06-30": "96.23160", "2017-03-31": "112.05840", "2016-12-31": "115.24560", "2016-09-30": "95.86320", "2016-06-30": "97.28140", "2016-03-31": "101.51200", "2015-12-31": "104.36480", "2015-09-30": "90.67740", "2015-06-30": "94.36270", "2015-03-31": "102.82090", "2014-12-31": "103.85580", "2014-09-30": "88.97000", "2014-06-30": "99.44640", "2014-03-31": "105.58590", "2013-12-31": "113.85520", "2013-09-30": "96.73170", "2013-06-30": "98.50240", "2013-03-31": "120.20680", "2012-12-31": "127.55690", "2012-09-30": "113.85370", "2012-06-30": "125.14740", "2012-03-31": "123.90180", "2011-12-31": "112.56210", "2011-09-30": "103.70800", "2011-06-30": "112.80260", "2011-03-31": "123.85330", "2010-12-31": "121.03120", "2010-09-30": "109.87690", "2010-06-30": "94.88980", "2010-03-31": "106.63430", "2009-12-31": "92.06920", "2009-09-30": "82.74940", "2009-06-30": "94.76160", "2009-03-31": "106.50970", "2008-12-31": "104.62340", "2008-09-30": "103.13410", "2008-06-30": "98.56510", "2008-03-31": "111.30850", "2007-12-31": "93.67650", "2007-09-30": "103.43200", "2007-06-30": "94.03590", "2007-03-31": "107.21140", "2006-12-31": "95.52580", "2006-09-30": "89.18490", "2006-06-30": "109.97910", "2006-03-31": "98.79050", "2005-12-31": "90.98400", "2005-09-30": "86.53700", "2005-06-30": "88.08560", "2005-03-31": "100.57060"}, "ROE - Return On Equity": {"2020-09-30": "2.10680", "2020-06-30": "2.80870", "2020-03-31": "1.39910", "2019-12-31": "4.80260", "2019-09-30": "3.06030", "2019-06-30": "3.89560", "2019-03-31": "3.21230", "2018-12-31": "5.78070", "2018-09-30": "3.50540", "2018-06-30": "3.69280", "2018-03-31": "3.50090", "2017-12-31": "2.34140", "2017-09-30": "3.21910", "2017-06-30": "3.18490", "2017-03-31": "2.86270", "2016-12-31": "3.16890", "2016-09-30": "3.11950", "2016-06-30": "3.11410", "2016-03-31": "2.52780", "2015-12-31": "3.09970", "2015-09-30": "2.98580", "2015-06-30": "2.78120", "2015-03-31": "2.60930", "2014-12-31": "3.14020", "2014-09-30": "2.90280", "2014-06-30": "2.83980", "2014-03-31": "2.56000", "2013-12-31": "3.55430", "2013-09-30": "2.98950", "2013-06-30": "2.80030", "2013-03-31": "2.54370", "2012-12-31": "2.88940", "2012-09-30": "2.72180", "2012-06-30": "2.76040", "2012-03-31": "2.50090", "2011-12-31": "2.70490", "2011-09-30": "2.69020", "2011-06-30": "2.76970", "2011-03-31": "2.67920", "2010-12-31": "3.21190", "2010-09-30": "2.47440", "2010-06-30": "2.53060", "2010-03-31": "2.38180", "2009-12-31": "2.86680", "2009-09-30": "2.42860", "2009-06-30": "2.24510", "2009-03-31": "1.81710", "2008-12-31": "2.69790", "2008-09-30": "2.21730", "2008-06-30": "3.96760", "2008-03-31": "3.81730", "2007-12-31": "4.56780", "2007-09-30": "3.04730", "2007-06-30": "3.15090", "2007-03-31": "2.91530", "2006-12-31": "2.29320", "2006-09-30": "1.61740", "2006-06-30": "-3.85320", "2006-03-31": "5.29550", "2005-12-31": "5.89880", "2005-09-30": "5.34550", "2005-06-30": "4.97280", "2005-03-31": "5.15120"}, "Return On Tangible Equity": {"2020-09-30": "12.13450", "2020-06-30": "20.03170", "2020-03-31": "10.57650", "2019-12-31": "29.43830", "2019-09-30": "10.11930", "2019-06-30": "14.45060", "2019-03-31": "13.10830", "2018-12-31": "17.68990", "2018-09-30": "11.85750", "2018-06-30": "13.18000", "2018-03-31": "9.56090", "2017-12-31": "7.41000", "2017-09-30": "9.45410", "2017-06-30": "10.06480", "2017-03-31": "8.95490", "2016-12-31": "10.01800", "2016-09-30": "9.77660", "2016-06-30": "9.86890", "2016-03-31": "8.18260", "2015-12-31": "10.60300", "2015-09-30": "10.25640", "2015-06-30": "8.95190", "2015-03-31": "9.49070", "2014-12-31": "10.77900", "2014-09-30": "9.85460", "2014-06-30": "10.42990", "2014-03-31": "8.58070", "2013-12-31": "12.88780", "2013-09-30": "11.84200", "2013-06-30": "13.14590", "2013-03-31": "12.03620", "2012-12-31": "16.59300", "2012-09-30": "18.78390", "2012-06-30": "20.59430", "2012-03-31": "20.18200", "2011-12-31": "32.57670", "2011-09-30": "68.49010", "2011-06-30": "13.08030", "2011-03-31": "15.42210", "2010-12-31": "22.69470", "2010-09-30": "26.81620", "2010-06-30": "49.34650", "2010-03-31": "225.50500", "2009-12-31": "-77.57810", "2009-09-30": "-25.02500", "2009-06-30": "-14.79000", "2009-03-31": "-8.79610", "2008-12-31": "-13.38060", "2008-09-30": "-9.28580", "2008-06-30": "31.06360", "2008-03-31": "50.58800", "2007-12-31": "274.47390", "2007-09-30": "-1597.97200", "2007-06-30": "-43.51640", "2007-03-31": "-21.96100", "2006-12-31": "-10.04040", "2006-09-30": "-6.71110", "2006-06-30": "13.27980", "2006-03-31": "6.80260", "2005-12-31": "7.73470", "2005-09-30": "6.96640", "2005-06-30": "6.66290", "2005-03-31": "7.11310"}, "ROA - Return On Assets": {"2020-09-30": "1.56050", "2020-06-30": "2.06690", "2020-03-31": "1.01770", "2019-12-31": "3.42750", "2019-09-30": "2.49760", "2019-06-30": "3.12430", "2019-03-31": "2.55700", "2018-12-31": "4.68970", "2018-09-30": "2.92320", "2018-06-30": "3.02770", "2018-03-31": "2.84810", "2017-12-31": "1.78760", "2017-09-30": "2.58710", "2017-06-30": "2.52560", "2017-03-31": "2.26520", "2016-12-31": "2.49890", "2016-09-30": "2.54750", "2016-06-30": "2.53410", "2016-03-31": "2.04680", "2015-12-31": "2.49170", "2015-09-30": "2.44420", "2015-06-30": "2.27000", "2015-03-31": "2.09360", "2014-12-31": "2.52950", "2014-09-30": "2.34770", "2014-06-30": "2.25190", "2014-03-31": "2.02430", "2013-12-31": "2.78910", "2013-09-30": "2.38440", "2013-06-30": "2.17170", "2013-03-31": "1.96260", "2012-12-31": "2.15010", "2012-09-30": "2.01770", "2012-06-30": "1.99990", "2012-03-31": "1.80920", "2011-12-31": "1.93820", "2011-09-30": "1.93990", "2011-06-30": "2.03000", "2011-03-31": "1.93910", "2010-12-31": "2.31040", "2010-09-30": "1.70550", "2010-06-30": "1.81680", "2010-03-31": "1.65610", "2009-12-31": "1.95970", "2009-09-30": "1.64780", "2009-06-30": "1.47880", "2009-03-31": "1.15620", "2008-12-31": "1.71160", "2008-09-30": "1.40000", "2008-06-30": "2.82390", "2008-03-31": "2.53720", "2007-12-31": "3.02170", "2007-09-30": "2.01300", "2007-06-30": "2.01330", "2007-03-31": "1.78780", "2006-12-31": "1.35860", "2006-09-30": "0.97970", "2006-06-30": "-2.23190", "2006-03-31": "3.96660", "2005-12-31": "4.34390", "2005-09-30": "4.09280", "2005-06-30": "3.73080", "2005-03-31": "3.79760"}, "ROI - Return On Investment": {"2020-09-30": "1.88440", "2020-06-30": "2.50050", "2020-03-31": "1.23960", "2019-12-31": "4.27790", "2019-09-30": "3.06030", "2019-06-30": "3.89560", "2019-03-31": "3.21230", "2018-12-31": "5.78070", "2018-09-30": "3.50540", "2018-06-30": "3.69280", "2018-03-31": "3.50090", "2017-12-31": "2.34140", "2017-09-30": "3.21910", "2017-06-30": "3.18490", "2017-03-31": "2.86270", "2016-12-31": "3.16890", "2016-09-30": "3.11950", "2016-06-30": "3.11410", "2016-03-31": "2.52780", "2015-12-31": "3.09970", "2015-09-30": "2.98580", "2015-06-30": "2.78120", "2015-03-31": "2.60930", "2014-12-31": "3.14020", "2014-09-30": "2.86220", "2014-06-30": "2.80240", "2014-03-31": "2.53270", "2013-12-31": "3.52440", "2013-09-30": "2.97350", "2013-06-30": "2.79150", "2013-03-31": "2.54370", "2012-12-31": "2.88940", "2012-09-30": "2.72180", "2012-06-30": "2.72070", "2012-03-31": "2.46490", "2011-12-31": "2.62540", "2011-09-30": "2.56920", "2011-06-30": "2.60110", "2011-03-31": "2.49420", "2010-12-31": "2.96470", "2010-09-30": "2.26050", "2010-06-30": "2.28780", "2010-03-31": "2.10280", "2009-12-31": "2.48990", "2009-09-30": "2.08760", "2009-06-30": "1.91020", "2009-03-31": "1.50320", "2008-12-31": "2.22750", "2008-09-30": "1.80030", "2008-06-30": "3.96730", "2008-03-31": "3.59540", "2007-12-31": "4.22250", "2007-09-30": "2.75070", "2007-06-30": "2.74070", "2007-03-31": "2.46380", "2006-12-31": "1.90380", "2006-09-30": "1.29530", "2006-06-30": "-2.98590", "2006-03-31": "5.29560", "2005-12-31": "5.89880", "2005-09-30": "5.34550", "2005-06-30": "4.97280", "2005-03-31": "5.15120"}, "Book Value Per Share": {"2020-09-30": "41.81070", "2020-06-30": "40.09950", "2020-03-31": "38.46830", "2019-12-31": "40.28020", "2019-09-30": "34.73370", "2019-06-30": "33.52360", "2019-03-31": "32.00340", "2018-12-31": "31.68030", "2018-09-30": "30.33190", "2018-06-30": "29.76340", "2018-03-31": "28.68160", "2017-12-31": "26.67510", "2017-09-30": "26.96150", "2017-06-30": "25.84510", "2017-03-31": "25.88030", "2016-12-31": "25.77260", "2016-09-30": "25.80420", "2016-06-30": "25.65300", "2016-03-31": "25.39280", "2015-12-31": "24.89710", "2015-09-30": "24.84580", "2015-06-30": "24.88930", "2015-03-31": "23.97570", "2014-12-31": "24.43120", "2014-09-30": "24.56810", "2014-06-30": "24.15530", "2014-03-31": "23.83910", "2013-12-31": "23.14010", "2013-09-30": "22.53920", "2013-06-30": "21.63240", "2013-03-31": "21.52750", "2012-12-31": "20.93850", "2012-09-30": "20.48220", "2012-06-30": "19.72280", "2012-03-31": "19.56580", "2011-12-31": "18.93620", "2011-09-30": "18.33280", "2011-06-30": "17.79760", "2011-03-31": "17.18140", "2010-12-31": "16.69370", "2010-09-30": "16.05560", "2010-06-30": "15.45340", "2010-03-31": "15.03610", "2009-12-31": "14.63750", "2009-09-30": "14.19090", "2009-06-30": "13.73960", "2009-03-31": "13.26710", "2008-12-31": "13.23460", "2008-09-30": "13.03530", "2008-06-30": "9.02010", "2008-03-31": "8.65470", "2007-12-31": "8.19980", "2007-09-30": "7.84010", "2007-06-30": "7.45420", "2007-03-31": "7.15410", "2006-12-31": "6.92890", "2006-09-30": "6.72060", "2006-06-30": "6.56920", "2006-03-31": "3.78110", "2005-12-31": "3.51000", "2005-09-30": "3.27810", "2005-06-30": "3.09570", "2005-03-31": "2.97290"}, "Operating Cash Flow Per Share": {"2020-09-30": 1.0732, "2020-06-30": 1.5222, "2020-03-31": "1.68720", "2019-12-31": 1.6136, "2019-09-30": 1.3958, "2019-06-30": 1.0359, "2019-03-31": "1.77300", "2018-12-31": 1.5367, "2018-09-30": 1.2761, "2018-06-30": 1.2952, "2018-03-31": "1.53710", "2017-12-31": 1.1479, "2017-09-30": 1.0362, "2017-06-30": 1.2965, "2017-03-31": "1.44330", "2016-12-31": 1.1052, "2016-09-30": 0.9663, "2016-06-30": 0.813, "2016-03-31": "1.22910", "2015-12-31": 1.2855, "2015-09-30": 0.8522, "2015-06-30": 0.7296, "2015-03-31": "1.23860", "2014-12-31": 0.9701, "2014-09-30": 0.8789, "2014-06-30": 0.8552, "2014-03-31": "1.38640", "2013-12-31": 0.8965, "2013-09-30": 0.6824, "2013-06-30": 0.9183, "2013-03-31": "1.00280", "2012-12-31": 0.7278, "2012-09-30": 0.7456, "2012-06-30": 0.7911, "2012-03-31": "0.87820", "2011-12-31": 0.824, "2011-09-30": 0.6971, "2011-06-30": 0.8376, "2011-03-31": "0.90110", "2010-12-31": -0.271, "2010-09-30": 0.7743, "2010-06-30": 0.6433, "2010-03-31": "0.64380", "2009-12-31": 0.4871, "2009-09-30": 0.3652, "2009-06-30": 0.484, "2009-03-31": "0.55600", "2008-12-31": 0.7686, "2008-09-30": 0.3741, "2008-06-30": 0.6694, "2008-03-31": "0.45500", "2007-12-31": 0.5141, "2007-09-30": 0.3205, "2007-06-30": 0.4573, "2007-03-31": "0.27500", "2006-12-31": 0.4247, "2006-09-30": 0.2256, "2006-06-30": 0.339, "2006-03-31": "0.18480", "2005-12-31": 0.3126, "2005-09-30": 0.2067, "2005-06-30": 0.2603, "2005-03-31": "0.22690"}, "Free Cash Flow Per Share": {"2020-09-30": 0.991, "2020-06-30": 1.4069, "2020-03-31": "1.60730", "2019-12-31": 1.3913, "2019-09-30": 1.2933, "2019-06-30": 0.9184, "2019-03-31": "1.69230", "2018-12-31": 1.4353, "2018-09-30": 1.2027, "2018-06-30": 1.2508, "2018-03-31": "1.50300", "2017-12-31": 1.0985, "2017-09-30": 0.9514, "2017-06-30": 1.2567, "2017-03-31": "1.39680", "2016-12-31": 1.058, "2016-09-30": 0.9415, "2016-06-30": 0.775, "2016-03-31": "1.19920", "2015-12-31": 1.2267, "2015-09-30": 0.8184, "2015-06-30": 0.6852, "2015-03-31": "1.19920", "2014-12-31": 0.9134, "2014-09-30": 0.7856, "2014-06-30": 0.772, "2014-03-31": "1.34330", "2013-12-31": 0.7417, "2013-09-30": 0.6252, "2013-06-30": 0.8699, "2013-03-31": "0.95990", "2012-12-31": 0.664, "2012-09-30": 0.7078, "2012-06-30": 0.69, "2012-03-31": "0.82840", "2011-12-31": 0.7228, "2011-09-30": 0.6452, "2011-06-30": 0.7924, "2011-03-31": "0.86560", "2010-12-31": -0.3258, "2010-09-30": 0.7236, "2010-06-30": 0.6159, "2010-03-31": "0.62370", "2009-12-31": 0.4666, "2009-09-30": 0.3446, "2009-06-30": 0.4702, "2009-03-31": "0.52030", "2008-12-31": 0.6945, "2008-09-30": 0.3415, "2008-06-30": 0.6141, "2008-03-31": "0.42520", "2007-12-31": 0.4887, "2007-09-30": 0.294, "2007-06-30": 0.4061, "2007-03-31": "0.24550", "2006-12-31": 0.3732, "2006-09-30": 0.2043, "2006-06-30": 0.3207, "2006-03-31": "0.17320", "2005-12-31": 0.2971, "2005-09-30": 0.1952, "2005-06-30": 0.2385, "2005-03-31": "0.20520"}}, "revenue": {"ANSYS Annual Revenue (Millions of US $)": {"2019": "$1,516", "2018": "$1,294", "2017": "$1,095", "2016": "$988", "2015": "$943", "2014": "$936", "2013": "$861", "2012": "$798", "2011": "$691", "2010": "$580", "2009": "$517", "2008": "$478", "2007": "$385", "2006": "$264", "2005": "$158"}, "ANSYS Quarterly Revenue (Millions of US $)": {"2020-09-30": "$367", "2020-06-30": "$386", "2020-03-31": "$305", "2019-12-31": "$486", "2019-09-30": "$344", "2019-06-30": "$369", "2019-03-31": "$317", "2018-12-31": "$415", "2018-09-30": "$289", "2018-06-30": "$306", "2018-03-31": "$283", "2017-12-31": "$302", "2017-09-30": "$276", "2017-06-30": "$264", "2017-03-31": "$253", "2016-12-31": "$271", "2016-09-30": "$246", "2016-06-30": "$246", "2016-03-31": "$226", "2015-12-31": "$252", "2015-09-30": "$238", "2015-06-30": "$235", "2015-03-31": "$218", "2014-12-31": "$254", "2014-09-30": "$234", "2014-06-30": "$232", "2014-03-31": "$215", "2013-12-31": "$236", "2013-09-30": "$213", "2013-06-30": "$215", "2013-03-31": "$198", "2012-12-31": "$221", "2012-09-30": "$197", "2012-06-30": "$195", "2012-03-31": "$185", "2011-12-31": "$198", "2011-09-30": "$173", "2011-06-30": "$162", "2011-03-31": "$158", "2010-12-31": "$167", "2010-09-30": "$140", "2010-06-30": "$138", "2010-03-31": "$136", "2009-12-31": "$150", "2009-09-30": "$128", "2009-06-30": "$122", "2009-03-31": "$116", "2008-12-31": "$135", "2008-09-30": "$122", "2008-06-30": "$111", "2008-03-31": "$110", "2007-12-31": "$111", "2007-09-30": "$94", "2007-06-30": "$92", "2007-03-31": "$88", "2006-12-31": "$85", "2006-09-30": "$70", "2006-06-30": "$62", "2006-03-31": "$46", "2005-12-31": "$44", "2005-09-30": "$39", "2005-06-30": "$38", "2005-03-31": "$38"}}, "gross-profit": {"ANSYS Annual Gross Profit (Millions of US $)": {"2019": "$1,350", "2018": "$1,138", "2017": "$945", "2016": "$842", "2015": "$796", "2014": "$783", "2013": "$715", "2012": "$659", "2011": "$572", "2010": "$479", "2009": "$420", "2008": "$387", "2007": "$307", "2006": "$207", "2005": "$134"}, "ANSYS Quarterly Gross Profit (Millions of US $)": {"2020-09-30": "$314", "2020-06-30": "$332", "2020-03-31": "$255", "2019-12-31": "$437", "2019-09-30": "$303", "2019-06-30": "$328", "2019-03-31": "$282", "2018-12-31": "$375", "2018-09-30": "$253", "2018-06-30": "$265", "2018-03-31": "$244", "2017-12-31": "$262", "2017-09-30": "$240", "2017-06-30": "$228", "2017-03-31": "$216", "2016-12-31": "$232", "2016-09-30": "$210", "2016-06-30": "$209", "2016-03-31": "$191", "2015-12-31": "$215", "2015-09-30": "$201", "2015-06-30": "$198", "2015-03-31": "$182", "2014-12-31": "$215", "2014-09-30": "$197", "2014-06-30": "$194", "2014-03-31": "$178", "2013-12-31": "$197", "2013-09-30": "$177", "2013-06-30": "$178", "2013-03-31": "$161", "2012-12-31": "$184", "2012-09-30": "$163", "2012-06-30": "$160", "2012-03-31": "$151", "2011-12-31": "$165", "2011-09-30": "$142", "2011-06-30": "$134", "2011-03-31": "$131", "2010-12-31": "$140", "2010-09-30": "$115", "2010-06-30": "$114", "2010-03-31": "$111", "2009-12-31": "$125", "2009-09-30": "$104", "2009-06-30": "$98", "2009-03-31": "$93", "2008-12-31": "$110", "2008-09-30": "$98", "2008-06-30": "$91", "2008-03-31": "$89", "2007-12-31": "$90", "2007-09-30": "$75", "2007-06-30": "$73", "2007-03-31": "$69", "2006-12-31": "$66", "2006-09-30": "$53", "2006-06-30": "$49", "2006-03-31": "$39", "2005-12-31": "$38", "2005-09-30": "$33", "2005-06-30": "$32", "2005-03-31": "$32"}}, "operating-income": {"ANSYS Annual Operating Income (Millions of US $)": {"2019": "$515", "2018": "$477", "2017": "$391", "2016": "$376", "2015": "$354", "2014": "$347", "2013": "$322", "2012": "$294", "2011": "$266", "2010": "$219", "2009": "$183", "2008": "$170", "2007": "$127", "2006": "$36", "2005": "$59"}, "ANSYS Quarterly Operating Income (Millions of US $)": {"2020-09-30": "$90", "2020-06-30": "$113", "2020-03-31": "$34", "2019-12-31": "$186", "2019-09-30": "$105", "2019-06-30": "$129", "2019-03-31": "$96", "2018-12-31": "$180", "2018-09-30": "$93", "2018-06-30": "$109", "2018-03-31": "$95", "2017-12-31": "$101", "2017-09-30": "$106", "2017-06-30": "$98", "2017-03-31": "$85", "2016-12-31": "$97", "2016-09-30": "$100", "2016-06-30": "$94", "2016-03-31": "$85", "2015-12-31": "$97", "2015-09-30": "$90", "2015-06-30": "$86", "2015-03-31": "$80", "2014-12-31": "$94", "2014-09-30": "$91", "2014-06-30": "$84", "2014-03-31": "$79", "2013-12-31": "$92", "2013-09-30": "$82", "2013-06-30": "$78", "2013-03-31": "$70", "2012-12-31": "$82", "2012-09-30": "$74", "2012-06-30": "$71", "2012-03-31": "$68", "2011-12-31": "$73", "2011-09-30": "$65", "2011-06-30": "$65", "2011-03-31": "$62", "2010-12-31": "$65", "2010-09-30": "$52", "2010-06-30": "$52", "2010-03-31": "$50", "2009-12-31": "$60", "2009-09-30": "$48", "2009-06-30": "$41", "2009-03-31": "$35", "2008-12-31": "$46", "2008-09-30": "$38", "2008-06-30": "$44", "2008-03-31": "$42", "2007-12-31": "$38", "2007-09-30": "$32", "2007-06-30": "$30", "2007-03-31": "$27", "2006-12-31": "$20", "2006-09-30": "$13", "2006-06-30": "$-15", "2006-03-31": "$18", "2005-12-31": "$18", "2005-09-30": "$14", "2005-06-30": "$13", "2005-03-31": "$13"}}, "ebitda": {"ANSYS Annual EBITDA (Millions of US $)": {"2019": "$594", "2018": "$536", "2017": "$458", "2016": "$446", "2015": "$431", "2014": "$429", "2013": "$403", "2012": "$380", "2011": "$332", "2010": "$280", "2009": "$248", "2008": "$220", "2007": "$166", "2006": "$64", "2005": "$67"}, "ANSYS Quarterly EBITDA (Millions of US $)": {"2020-09-30": "$116", "2020-06-30": "$139", "2020-03-31": "$60", "2019-12-31": "$209", "2019-09-30": "$125", "2019-06-30": "$147", "2019-03-31": "$114", "2018-12-31": "$192", "2018-09-30": "$107", "2018-06-30": "$126", "2018-03-31": "$112", "2017-12-31": "$118", "2017-09-30": "$123", "2017-06-30": "$115", "2017-03-31": "$102", "2016-12-31": "$114", "2016-09-30": "$118", "2016-06-30": "$112", "2016-03-31": "$102", "2015-12-31": "$116", "2015-09-30": "$110", "2015-06-30": "$106", "2015-03-31": "$99", "2014-12-31": "$115", "2014-09-30": "$112", "2014-06-30": "$104", "2014-03-31": "$99", "2013-12-31": "$112", "2013-09-30": "$102", "2013-06-30": "$99", "2013-03-31": "$90", "2012-12-31": "$103", "2012-09-30": "$95", "2012-06-30": "$92", "2012-03-31": "$89", "2011-12-31": "$92", "2011-09-30": "$82", "2011-06-30": "$80", "2011-03-31": "$77", "2010-12-31": "$81", "2010-09-30": "$67", "2010-06-30": "$67", "2010-03-31": "$65", "2009-12-31": "$77", "2009-09-30": "$64", "2009-06-30": "$57", "2009-03-31": "$51", "2008-12-31": "$62", "2008-09-30": "$53", "2008-06-30": "$54", "2008-03-31": "$51", "2007-12-31": "$48", "2007-09-30": "$41", "2007-06-30": "$40", "2007-03-31": "$36", "2006-12-31": "$30", "2006-09-30": "$22", "2006-06-30": "$-8", "2006-03-31": "$20", "2005-12-31": "$20", "2005-09-30": "$16", "2005-06-30": "$15", "2005-03-31": "$15"}}, "net-income": {"ANSYS Annual Net Income (Millions of US $)": {"2019": "$451", "2018": "$419", "2017": "$259", "2016": "$266", "2015": "$253", "2014": "$255", "2013": "$245", "2012": "$203", "2011": "$181", "2010": "$153", "2009": "$116", "2008": "$112", "2007": "$82", "2006": "$14", "2005": "$44"}, "ANSYS Quarterly Net Income (Millions of US $)": {"2020-09-30": "$76", "2020-06-30": "$97", "2020-03-31": "$46", "2019-12-31": "$166", "2019-09-30": "$89", "2019-06-30": "$110", "2019-03-31": "$86", "2018-12-31": "$153", "2018-09-30": "$89", "2018-06-30": "$93", "2018-03-31": "$84", "2017-12-31": "$53", "2017-09-30": "$74", "2017-06-30": "$70", "2017-03-31": "$63", "2016-12-31": "$70", "2016-09-30": "$70", "2016-06-30": "$70", "2016-03-31": "$56", "2015-12-31": "$68", "2015-09-30": "$66", "2015-06-30": "$62", "2015-03-31": "$56", "2014-12-31": "$70", "2014-09-30": "$65", "2014-06-30": "$63", "2014-03-31": "$57", "2013-12-31": "$76", "2013-09-30": "$62", "2013-06-30": "$56", "2013-03-31": "$51", "2012-12-31": "$56", "2012-09-30": "$52", "2012-06-30": "$50", "2012-03-31": "$46", "2011-12-31": "$47", "2011-09-30": "$46", "2011-06-30": "$45", "2011-03-31": "$42", "2010-12-31": "$49", "2010-09-30": "$36", "2010-06-30": "$35", "2010-03-31": "$32", "2009-12-31": "$38", "2009-09-30": "$31", "2009-06-30": "$27", "2009-03-31": "$21", "2008-12-31": "$32", "2008-09-30": "$26", "2008-06-30": "$28", "2008-03-31": "$26", "2007-12-31": "$29", "2007-09-30": "$19", "2007-06-30": "$18", "2007-03-31": "$16", "2006-12-31": "$12", "2006-09-30": "$8", "2006-06-30": "$-19", "2006-03-31": "$13", "2005-12-31": "$13", "2005-09-30": "$11", "2005-06-30": "$10", "2005-03-31": "$10"}}, "eps-earnings-per-share-diluted": {"ANSYS Annual EPS": {"2019": "$5.25", "2018": "$4.88", "2017": "$2.98", "2016": "$2.99", "2015": "$2.76", "2014": "$2.70", "2013": "$2.58", "2012": "$2.14", "2011": "$1.91", "2010": "$1.64", "2009": "$1.27", "2008": "$1.29", "2007": "$1.02", "2006": "$0.19", "2005": "$0.65"}, "ANSYS Quarterly EPS": {"2020-09-30": "$0.87", "2020-06-30": "$1.11", "2020-03-31": "$0.53", "2019-12-31": "$1.92", "2019-09-30": "$1.04", "2019-06-30": "$1.28", "2019-03-31": "$1.01", "2018-12-31": "$1.78", "2018-09-30": "$1.04", "2018-06-30": "$1.08", "2018-03-31": "$0.98", "2017-12-31": "$0.60", "2017-09-30": "$0.85", "2017-06-30": "$0.80", "2017-03-31": "$0.73", "2016-12-31": "$0.80", "2016-09-30": "$0.78", "2016-06-30": "$0.78", "2016-03-31": "$0.63", "2015-12-31": "$0.75", "2015-09-30": "$0.72", "2015-06-30": "$0.68", "2015-03-31": "$0.61", "2014-12-31": "$0.73", "2014-09-30": "$0.70", "2014-06-30": "$0.67", "2014-03-31": "$0.60", "2013-12-31": "$0.79", "2013-09-30": "$0.66", "2013-06-30": "$0.59", "2013-03-31": "$0.54", "2012-12-31": "$0.59", "2012-09-30": "$0.54", "2012-06-30": "$0.53", "2012-03-31": "$0.48", "2011-12-31": "$0.50", "2011-09-30": "$0.48", "2011-06-30": "$0.48", "2011-03-31": "$0.45", "2010-12-31": "$0.52", "2010-09-30": "$0.39", "2010-06-30": "$0.38", "2010-03-31": "$0.35", "2009-12-31": "$0.41", "2009-09-30": "$0.33", "2009-06-30": "$0.30", "2009-03-31": "$0.23", "2008-12-31": "$0.34", "2008-09-30": "$0.29", "2008-06-30": "$0.34", "2008-03-31": "$0.32", "2007-12-31": "$0.36", "2007-09-30": "$0.23", "2007-06-30": "$0.23", "2007-03-31": "$0.20", "2006-12-31": "$0.17", "2006-09-30": "$0.10", "2006-06-30": "$-0.27", "2006-03-31": "$0.19", "2005-12-31": "$0.20", "2005-09-30": "$0.17", "2005-06-30": "$0.15", "2005-03-31": "$0.15"}}, "shares-outstanding": {"ANSYS Annual Shares Outstanding (Millions of Shares)": {"2019": "86", "2018": "86", "2017": "87", "2016": "89", "2015": "92", "2014": "94", "2013": "95", "2012": "95", "2011": "94", "2010": "93", "2009": "92", "2008": "87", "2007": "81", "2006": "76", "2005": "67"}, "ANSYS Quarterly Shares Outstanding (Millions of Shares)": {"2020-09-30": "87", "2020-06-30": "87", "2020-03-31": "87", "2019-12-31": "86", "2019-09-30": "86", "2019-06-30": "85", "2019-03-31": "85", "2018-12-31": "86", "2018-09-30": "86", "2018-06-30": "86", "2018-03-31": "86", "2017-12-31": "87", "2017-09-30": "87", "2017-06-30": "87", "2017-03-31": "87", "2016-12-31": "89", "2016-09-30": "89", "2016-06-30": "89", "2016-03-31": "90", "2015-12-31": "92", "2015-09-30": "92", "2015-06-30": "92", "2015-03-31": "92", "2014-12-31": "94", "2014-09-30": "94", "2014-06-30": "94", "2014-03-31": "95", "2013-12-31": "95", "2013-09-30": "95", "2013-06-30": "95", "2013-03-31": "95", "2012-12-31": "95", "2012-09-30": "95", "2012-06-30": "95", "2012-03-31": "95", "2011-12-31": "94", "2011-09-30": "94", "2011-06-30": "94", "2011-03-31": "94", "2010-12-31": "93", "2010-09-30": "93", "2010-06-30": "93", "2010-03-31": "93", "2009-12-31": "92", "2009-09-30": "92", "2009-06-30": "91", "2009-03-31": "92", "2008-12-31": "87", "2008-09-30": "90", "2008-06-30": "82", "2008-03-31": "82", "2007-12-31": "81", "2007-09-30": "81", "2007-06-30": "81", "2007-03-31": "81", "2006-12-31": "76", "2006-09-30": "81", "2006-06-30": "73", "2006-03-31": "68", "2005-12-31": "67", "2005-09-30": "68", "2005-06-30": "68", "2005-03-31": "68"}}, "total-assets": {"ANSYS Annual Total Assets (Millions of US $)": {"2019": "$4,839", "2018": "$3,266", "2017": "$2,942", "2016": "$2,801", "2015": "$2,730", "2014": "$2,753", "2013": "$2,722", "2012": "$2,607", "2011": "$2,448", "2010": "$2,127", "2009": "$1,920", "2008": "$1,865", "2007": "$969", "2006": "$903", "2005": "$306"}, "ANSYS Quarterly Total Assets (Millions of US $)": {"2020-09-30": "$4,846", "2020-06-30": "$4,672", "2020-03-31": "$4,526", "2019-12-31": "$4,839", "2019-09-30": "$3,582", "2019-06-30": "$3,513", "2019-03-31": "$3,372", "2018-12-31": "$3,266", "2018-09-30": "$3,056", "2018-06-30": "$3,058", "2018-03-31": "$2,959", "2017-12-31": "$2,942", "2017-09-30": "$2,846", "2017-06-30": "$2,761", "2017-03-31": "$2,795", "2016-12-31": "$2,801", "2016-09-30": "$2,730", "2016-06-30": "$2,748", "2016-03-31": "$2,759", "2015-12-31": "$2,730", "2015-09-30": "$2,702", "2015-06-30": "$2,746", "2015-03-31": "$2,681", "2014-12-31": "$2,753", "2014-09-30": "$2,789", "2014-06-30": "$2,799", "2014-03-31": "$2,793", "2013-12-31": "$2,722", "2013-09-30": "$2,618", "2013-06-30": "$2,576", "2013-03-31": "$2,600", "2012-12-31": "$2,607", "2012-09-30": "$2,558", "2012-06-30": "$2,513", "2012-03-31": "$2,517", "2011-12-31": "$2,448", "2011-09-30": "$2,348", "2011-06-30": "$2,238", "2011-03-31": "$2,178", "2010-12-31": "$2,127", "2010-09-30": "$2,118", "2010-06-30": "$1,954", "2010-03-31": "$1,955", "2009-12-31": "$1,920", "2009-09-30": "$1,853", "2009-06-30": "$1,835", "2009-03-31": "$1,825", "2008-12-31": "$1,865", "2008-09-30": "$1,841", "2008-06-30": "$996", "2008-03-31": "$1,019", "2007-12-31": "$969", "2007-09-30": "$929", "2007-06-30": "$907", "2007-03-31": "$903", "2006-12-31": "$903", "2006-09-30": "$855", "2006-06-30": "$869", "2006-03-31": "$326", "2005-12-31": "$306", "2005-09-30": "$273", "2005-06-30": "$262", "2005-03-31": "$255"}}, "cash-on-hand": {"ANSYS Annual Cash on Hand (Millions of US $)": {"2019": "$872", "2018": "$777", "2017": "$882", "2016": "$823", "2015": "$785", "2014": "$789", "2013": "$743", "2012": "$577", "2011": "$472", "2010": "$473", "2009": "$344", "2008": "$234", "2007": "$172", "2006": "$104", "2005": "$194"}, "ANSYS Quarterly Cash on Hand (Millions of US $)": {"2020-09-30": "$845", "2020-06-30": "$745", "2020-03-31": "$718", "2019-12-31": "$872", "2019-09-30": "$733", "2019-06-30": "$632", "2019-03-31": "$608", "2018-12-31": "$777", "2018-09-30": "$729", "2018-06-30": "$696", "2018-03-31": "$890", "2017-12-31": "$882", "2017-09-30": "$927", "2017-06-30": "$863", "2017-03-31": "$867", "2016-12-31": "$823", "2016-09-30": "$838", "2016-06-30": "$844", "2016-03-31": "$864", "2015-12-31": "$785", "2015-09-30": "$777", "2015-06-30": "$841", "2015-03-31": "$761", "2014-12-31": "$789", "2014-09-30": "$817", "2014-06-30": "$784", "2014-03-31": "$858", "2013-12-31": "$743", "2013-09-30": "$708", "2013-06-30": "$660", "2013-03-31": "$651", "2012-12-31": "$577", "2012-09-30": "$555", "2012-06-30": "$552", "2012-03-31": "$558", "2011-12-31": "$472", "2011-09-30": "$407", "2011-06-30": "$630", "2011-03-31": "$550", "2010-12-31": "$473", "2010-09-30": "$496", "2010-06-30": "$417", "2010-03-31": "$390", "2009-12-31": "$344", "2009-09-30": "$294", "2009-06-30": "$254", "2009-03-31": "$230", "2008-12-31": "$234", "2008-09-30": "$212", "2008-06-30": "$202", "2008-03-31": "$201", "2007-12-31": "$172", "2007-09-30": "$151", "2007-06-30": "$138", "2007-03-31": "$118", "2006-12-31": "$104", "2006-09-30": "$102", "2006-06-30": "$103", "2006-03-31": "$203", "2005-12-31": "$194", "2005-09-30": "$174", "2005-06-30": "$163", "2005-03-31": "$150"}}, "long-term-debt": {"ANSYS Annual Long Term Debt (Millions of US $)": {"2019": "$424", "2018": "$", "2017": "$", "2016": "$", "2015": "$", "2014": "$", "2013": "$18", "2012": "$", "2011": "$53", "2010": "$128", "2009": "$199", "2008": "$250", "2007": "$52", "2006": "$109", "2005": "$"}, "ANSYS Quarterly Long Term Debt (Millions of US $)": {"2020-09-30": "$424", "2020-06-30": "$424", "2020-03-31": "$424", "2019-12-31": "$424", "2019-09-30": "", "2019-06-30": "", "2019-03-31": "", "2018-12-31": "", "2018-09-30": "", "2018-06-30": "", "2018-03-31": "", "2017-12-31": "", "2017-09-30": "", "2017-06-30": "", "2017-03-31": "", "2016-12-31": "", "2016-09-30": "", "2016-06-30": "", "2016-03-31": "", "2015-12-31": "", "2015-09-30": "", "2015-06-30": "", "2015-03-31": "", "2014-12-31": "", "2014-09-30": "$32", "2014-06-30": "$30", "2014-03-31": "$24", "2013-12-31": "$18", "2013-09-30": "$11", "2013-06-30": "$6", "2013-03-31": "", "2012-12-31": "", "2012-09-30": "", "2012-06-30": "$27", "2012-03-31": "$27", "2011-12-31": "$53", "2011-09-30": "$80", "2011-06-30": "$106", "2011-03-31": "$117", "2010-12-31": "$128", "2010-09-30": "$138", "2010-06-30": "$149", "2010-03-31": "$180", "2009-12-31": "$199", "2009-09-30": "$205", "2009-06-30": "$212", "2009-03-31": "$242", "2008-12-31": "$250", "2008-09-30": "$269", "2008-06-30": "$0", "2008-03-31": "$42", "2007-12-31": "$52", "2007-09-30": "$66", "2007-06-30": "$87", "2007-03-31": "$102", "2006-12-31": "$109", "2006-09-30": "$129", "2006-06-30": "$146", "2006-03-31": "", "2005-12-31": "", "2005-09-30": "", "2005-06-30": "", "2005-03-31": ""}}, "total-liabilities": {"ANSYS Annual Total Liabilities (Millions of US $)": {"2019": "$1,386", "2018": "$616", "2017": "$696", "2016": "$592", "2015": "$535", "2014": "$535", "2013": "$586", "2012": "$667", "2011": "$694", "2010": "$597", "2009": "$608", "2008": "$682", "2007": "$328", "2006": "$368", "2005": "$81"}, "ANSYS Quarterly Total Liabilities (Millions of US $)": {"2020-09-30": "$1,257", "2020-06-30": "$1,234", "2020-03-31": "$1,234", "2019-12-31": "$1,386", "2019-09-30": "$659", "2019-06-30": "$696", "2019-03-31": "$688", "2018-12-31": "$616", "2018-09-30": "$508", "2018-06-30": "$551", "2018-03-31": "$552", "2017-12-31": "$696", "2017-09-30": "$559", "2017-06-30": "$572", "2017-03-31": "$583", "2016-12-31": "$592", "2016-09-30": "$501", "2016-06-30": "$512", "2016-03-31": "$525", "2015-12-31": "$535", "2015-09-30": "$490", "2015-06-30": "$505", "2015-03-31": "$530", "2014-12-31": "$535", "2014-09-30": "$533", "2014-06-30": "$579", "2014-03-31": "$585", "2013-12-31": "$586", "2013-09-30": "$530", "2013-06-30": "$578", "2013-03-31": "$594", "2012-12-31": "$667", "2012-09-30": "$662", "2012-06-30": "$692", "2012-03-31": "$696", "2011-12-31": "$694", "2011-09-30": "$655", "2011-06-30": "$598", "2011-03-31": "$602", "2010-12-31": "$597", "2010-09-30": "$658", "2010-06-30": "$551", "2010-03-31": "$595", "2009-12-31": "$608", "2009-09-30": "$596", "2009-06-30": "$626", "2009-03-31": "$664", "2008-12-31": "$682", "2008-09-30": "$679", "2008-06-30": "$287", "2008-03-31": "$342", "2007-12-31": "$328", "2007-09-30": "$315", "2007-06-30": "$327", "2007-03-31": "$349", "2006-12-31": "$368", "2006-09-30": "$337", "2006-06-30": "$366", "2006-03-31": "$82", "2005-12-31": "$81", "2005-09-30": "$64", "2005-06-30": "$65", "2005-03-31": "$67"}}, "total-share-holder-equity": {"ANSYS Annual Share Holder Equity (Millions of US $)": {"2019": "$3,453", "2018": "$2,650", "2017": "$2,246", "2016": "$2,208", "2015": "$2,194", "2014": "$2,218", "2013": "$2,136", "2012": "$1,940", "2011": "$1,754", "2010": "$1,530", "2009": "$1,313", "2008": "$1,183", "2007": "$641", "2006": "$535", "2005": "$225"}, "ANSYS Quarterly Share Holder Equity (Millions of US $)": {"2020-09-30": "$3,590", "2020-06-30": "$3,438", "2020-03-31": "$3,292", "2019-12-31": "$3,453", "2019-09-30": "$2,923", "2019-06-30": "$2,817", "2019-03-31": "$2,684", "2018-12-31": "$2,650", "2018-09-30": "$2,549", "2018-06-30": "$2,507", "2018-03-31": "$2,407", "2017-12-31": "$2,246", "2017-09-30": "$2,287", "2017-06-30": "$2,189", "2017-03-31": "$2,211", "2016-12-31": "$2,208", "2016-09-30": "$2,230", "2016-06-30": "$2,236", "2016-03-31": "$2,234", "2015-12-31": "$2,194", "2015-09-30": "$2,212", "2015-06-30": "$2,241", "2015-03-31": "$2,151", "2014-12-31": "$2,218", "2014-09-30": "$2,256", "2014-06-30": "$2,220", "2014-03-31": "$2,209", "2013-12-31": "$2,136", "2013-09-30": "$2,088", "2013-06-30": "$1,998", "2013-03-31": "$2,006", "2012-12-31": "$1,940", "2012-09-30": "$1,896", "2012-06-30": "$1,821", "2012-03-31": "$1,821", "2011-12-31": "$1,754", "2011-09-30": "$1,693", "2011-06-30": "$1,640", "2011-03-31": "$1,577", "2010-12-31": "$1,530", "2010-09-30": "$1,460", "2010-06-30": "$1,403", "2010-03-31": "$1,359", "2009-12-31": "$1,313", "2009-09-30": "$1,257", "2009-06-30": "$1,209", "2009-03-31": "$1,161", "2008-12-31": "$1,183", "2008-09-30": "$1,162", "2008-06-30": "$709", "2008-03-31": "$677", "2007-12-31": "$641", "2007-09-30": "$614", "2007-06-30": "$579", "2007-03-31": "$554", "2006-12-31": "$535", "2006-09-30": "$518", "2006-06-30": "$503", "2006-03-31": "$244", "2005-12-31": "$225", "2005-09-30": "$209", "2005-06-30": "$197", "2005-03-31": "$188"}}, "profit-margins": {"current": "24.88%"}, "gross margin": {"2020-09-30": "86.66%", "2020-06-30": "87.25%", "2020-03-31": "87.97%", "2019-12-31": "89.05%", "2019-09-30": "89.13%", "2019-06-30": "89.06%", "2019-03-31": "88.55%", "2018-12-31": "87.94%", "2018-09-30": "86.78%", "2018-06-30": "86.63%", "2018-03-31": "86.58%", "2017-12-31": "86.39%", "2017-09-30": "86.09%", "2017-06-30": "85.69%", "2017-03-31": "85.33%", "2016-12-31": "85.14%", "2016-09-30": "85.05%", "2016-06-30": "84.82%", "2016-03-31": "84.65%", "2015-12-31": "84.41%", "2015-09-30": "84.23%", "2015-06-30": "84.17%", "2015-03-31": "84.01%", "2014-12-31": "83.85%", "2014-09-30": "83.53%", "2014-06-30": "83.26%", "2014-03-31": "83.05%", "2013-12-31": "82.71%", "2013-09-30": "82.64%", "2013-06-30": "82.55%", "2013-03-31": "82.37%", "2012-12-31": "82.46%", "2012-09-30": "82.45%", "2012-06-30": "82.29%", "2012-03-31": "82.45%", "2011-12-31": "82.78%", "2011-09-30": "82.88%", "2011-06-30": "82.93%", "2011-03-31": "82.92%", "2010-12-31": "82.62%", "2010-09-30": "82.45%", "2010-06-30": "82.25%", "2010-03-31": "81.72%", "2009-12-31": "81.40%", "2009-09-30": "80.84%", "2009-06-30": "80.61%", "2009-03-31": "80.99%", "2008-12-31": "81.17%", "2008-09-30": "81.06%", "2008-06-30": "80.99%", "2008-03-31": "80.34%", "2007-12-31": "79.74%", "2007-09-30": "78.83%", "2007-06-30": "77.91%", "2007-03-31": "77.70%", "2006-12-31": "78.71%", "2006-09-30": "80.63%", "2006-06-30": "83.25%", "2006-03-31": "85.03%", "2005-12-31": "84.91%"}, "operating margin": {"2020-09-30": "27.40%", "2020-06-30": "28.80%", "2020-03-31": "30.19%", "2019-12-31": "34.04%", "2019-09-30": "35.29%", "2019-06-30": "35.83%", "2019-03-31": "36.02%", "2018-12-31": "36.89%", "2018-09-30": "33.73%", "2018-06-30": "35.22%", "2018-03-31": "35.56%", "2017-12-31": "35.62%", "2017-09-30": "36.28%", "2017-06-30": "36.75%", "2017-03-31": "37.01%", "2016-12-31": "38.02%", "2016-09-30": "38.76%", "2016-06-30": "38.05%", "2016-03-31": "37.64%", "2015-12-31": "37.43%", "2015-09-30": "37.04%", "2015-06-30": "37.30%", "2015-03-31": "37.21%", "2014-12-31": "37.22%", "2014-09-30": "37.73%", "2014-06-30": "37.61%", "2014-03-31": "37.66%", "2013-12-31": "37.35%", "2013-09-30": "36.84%", "2013-06-30": "36.58%", "2013-03-31": "36.62%", "2012-12-31": "36.97%", "2012-09-30": "36.90%", "2012-06-30": "36.88%", "2012-03-31": "37.74%", "2011-12-31": "38.35%", "2011-09-30": "38.94%", "2011-06-30": "38.92%", "2011-03-31": "38.31%", "2010-12-31": "37.69%", "2010-09-30": "37.94%", "2010-06-30": "38.04%", "2010-03-31": "37.13%", "2009-12-31": "35.66%", "2009-09-30": "33.93%", "2009-06-30": "32.32%", "2009-03-31": "33.68%", "2008-12-31": "35.56%", "2008-09-30": "35.68%", "2008-06-30": "36.62%", "2008-03-31": "34.89%", "2007-12-31": "32.99%", "2007-09-30": "30.36%", "2007-06-30": "26.87%", "2007-03-31": "14.75%", "2006-12-31": "13.69%", "2006-09-30": "15.32%", "2006-06-30": "18.32%", "2006-03-31": "37.72%", "2005-12-31": "36.48%"}, "ebitda margin": {"2020-09-30": "33.94%", "2020-06-30": "35.04%", "2020-03-31": "35.97%", "2019-12-31": "39.25%", "2019-09-30": "40.00%", "2019-06-30": "40.29%", "2019-03-31": "40.62%", "2018-12-31": "41.53%", "2018-09-30": "39.24%", "2018-06-30": "41.05%", "2018-03-31": "41.60%", "2017-12-31": "41.83%", "2017-09-30": "42.67%", "2017-06-30": "43.42%", "2017-03-31": "43.90%", "2016-12-31": "45.10%", "2016-09-30": "46.19%", "2016-06-30": "45.74%", "2016-03-31": "45.64%", "2015-12-31": "45.71%", "2015-09-30": "45.50%", "2015-06-30": "45.91%", "2015-03-31": "45.84%", "2014-12-31": "45.99%", "2014-09-30": "46.56%", "2014-06-30": "46.54%", "2014-03-31": "46.87%", "2013-12-31": "46.75%", "2013-09-30": "46.52%", "2013-06-30": "46.57%", "2013-03-31": "46.86%", "2012-12-31": "47.49%", "2012-09-30": "47.48%", "2012-06-30": "47.27%", "2012-03-31": "47.77%", "2011-12-31": "47.90%", "2011-09-30": "48.48%", "2011-06-30": "48.64%", "2011-03-31": "48.42%", "2010-12-31": "48.19%", "2010-09-30": "48.94%", "2010-06-30": "49.46%", "2010-03-31": "49.07%", "2009-12-31": "48.26%", "2009-09-30": "46.71%", "2009-06-30": "45.05%", "2009-03-31": "45.45%", "2008-12-31": "46.03%", "2008-09-30": "45.37%", "2008-06-30": "45.54%", "2008-03-31": "44.23%", "2007-12-31": "42.86%", "2007-09-30": "40.95%", "2007-06-30": "38.21%", "2007-03-31": "26.23%", "2006-12-31": "24.33%", "2006-09-30": "24.32%", "2006-06-30": "25.13%", "2006-03-31": "42.51%", "2005-12-31": "41.51%"}, "pre tax profit margin": {"2020-09-30": "27.27%", "2020-06-30": "28.93%", "2020-03-31": "30.39%", "2019-12-31": "34.50%", "2019-09-30": "36.19%", "2019-06-30": "36.62%", "2019-03-31": "36.85%", "2018-12-31": "37.66%", "2018-09-30": "34.24%", "2018-06-30": "35.73%", "2018-03-31": "36.18%", "2017-12-31": "36.16%", "2017-09-30": "36.84%", "2017-06-30": "37.23%", "2017-03-31": "37.40%", "2016-12-31": "38.42%", "2016-09-30": "39.18%", "2016-06-30": "38.36%", "2016-03-31": "37.96%", "2015-12-31": "37.75%", "2015-09-30": "37.25%", "2015-06-30": "37.51%", "2015-03-31": "37.31%", "2014-12-31": "37.22%", "2014-09-30": "37.84%", "2014-06-30": "37.72%", "2014-03-31": "37.88%", "2013-12-31": "37.59%", "2013-09-30": "36.95%", "2013-06-30": "36.58%", "2013-03-31": "36.50%", "2012-12-31": "36.72%", "2012-09-30": "36.65%", "2012-06-30": "36.75%", "2012-03-31": "37.60%", "2011-12-31": "38.35%", "2011-09-30": "39.09%", "2011-06-30": "38.92%", "2011-03-31": "38.31%", "2010-12-31": "37.35%", "2010-09-30": "37.23%", "2010-06-30": "37.14%", "2010-03-31": "35.45%", "2009-12-31": "33.72%", "2009-09-30": "31.54%", "2009-06-30": "30.10%", "2009-03-31": "32.02%", "2008-12-31": "34.73%", "2008-09-30": "35.46%", "2008-06-30": "36.38%", "2008-03-31": "34.64%", "2007-12-31": "32.21%", "2007-09-30": "28.97%", "2007-06-30": "25.07%", "2007-03-31": "12.79%", "2006-12-31": "12.55%", "2006-09-30": "15.32%", "2006-06-30": "19.90%", "2006-03-31": "40.72%", "2005-12-31": "38.99%"}, "net profit margin": {"2020-09-30": "24.94%", "2020-06-30": "26.17%", "2020-03-31": "27.33%", "2019-12-31": "29.75%", "2019-09-30": "30.31%", "2019-06-30": "31.51%", "2019-03-31": "31.73%", "2018-12-31": "32.41%", "2018-09-30": "27.03%", "2018-06-30": "26.05%", "2018-03-31": "24.98%", "2017-12-31": "23.74%", "2017-09-30": "26.03%", "2017-06-30": "26.40%", "2017-03-31": "26.87%", "2016-12-31": "26.90%", "2016-09-30": "27.22%", "2016-06-30": "27.03%", "2016-03-31": "26.50%", "2015-12-31": "26.72%", "2015-09-30": "26.88%", "2015-06-30": "26.89%", "2015-03-31": "27.08%", "2014-12-31": "27.27%", "2014-09-30": "28.46%", "2014-06-30": "28.79%", "2014-03-31": "28.56%", "2013-12-31": "28.42%", "2013-09-30": "26.56%", "2013-06-30": "25.87%", "2013-03-31": "25.77%", "2012-12-31": "25.56%", "2012-09-30": "25.16%", "2012-06-30": "25.17%", "2012-03-31": "25.63%", "2011-12-31": "26.05%", "2011-09-30": "27.58%", "2011-06-30": "27.43%", "2011-03-31": "26.87%", "2010-12-31": "26.16%", "2010-09-30": "25.00%", "2010-06-30": "24.64%", "2010-03-31": "23.88%", "2009-12-31": "22.67%", "2009-09-30": "22.16%", "2009-06-30": "21.41%", "2009-03-31": "22.11%", "2008-12-31": "23.43%", "2008-09-30": "24.01%", "2008-06-30": "23.94%", "2008-03-31": "22.60%", "2007-12-31": "21.30%", "2007-09-30": "18.11%", "2007-06-30": "16.12%", "2007-03-31": "5.57%", "2006-12-31": "5.32%", "2006-09-30": "6.76%", "2006-06-30": "9.42%", "2006-03-31": "28.14%", "2005-12-31": "27.67%"}, "pe ratio": {"current": "79.06", "2021-02-05": "85.86", "2020-09-30": "74.03", "2020-06-30": "63.56", "2020-03-31": "48.84", "2019-12-31": "49.12", "2019-09-30": "43.23", "2019-06-30": "40.00", "2019-03-31": "37.14", "2018-12-31": "29.23", "2018-09-30": "50.32", "2018-06-30": "49.48", "2018-03-31": "48.36", "2017-12-31": "49.36", "2017-09-30": "38.59", "2017-06-30": "39.13", "2017-03-31": "34.59", "2016-12-31": "30.93", "2016-09-30": "31.50", "2016-06-30": "31.51", "2016-03-31": "32.18", "2015-12-31": "33.51", "2015-09-30": "32.05", "2015-06-30": "33.42", "2015-03-31": "32.42", "2014-12-31": "30.26", "2014-09-30": "27.32", "2014-06-30": "27.77", "2014-03-31": "29.06", "2013-12-31": "33.67", "2013-09-30": "36.35", "2013-06-30": "32.35", "2013-03-31": "37.01", "2012-12-31": "31.47", "2012-09-30": "35.80", "2012-06-30": "31.71", "2012-03-31": "33.52", "2011-12-31": "29.99", "2011-09-30": "25.41", "2011-06-30": "29.71", "2011-03-31": "31.14", "2010-12-31": "31.75", "2010-09-30": "27.61", "2010-06-30": "27.60", "2010-03-31": "31.07", "2009-12-31": "34.22", "2009-09-30": "31.18", "2009-06-30": "26.86", "2009-03-31": "20.92", "2008-12-31": "21.62", "2008-09-30": "28.91", "2008-06-30": "37.70", "2008-03-31": "30.28", "2007-12-31": "40.65", "2007-09-30": "42.19", "2007-06-30": "38.69", "2007-03-31": "133.61", "2006-12-31": "120.81"}, "price sales": {"2021-02-05": "21.33", "2020-09-30": "18.39", "2020-06-30": "16.58", "2020-03-31": "13.30", "2019-12-31": "14.55", "2019-09-30": "13.12", "2019-06-30": "12.63", "2019-03-31": "11.81", "2018-12-31": "9.50", "2018-09-30": "13.64", "2018-06-30": "12.90", "2018-03-31": "12.07", "2017-12-31": "11.71", "2017-09-30": "10.09", "2017-06-30": "10.35", "2017-03-31": "9.31", "2016-12-31": "8.35", "2016-09-30": "8.59", "2016-06-30": "8.55", "2016-03-31": "8.58", "2015-12-31": "9.00", "2015-09-30": "8.62", "2015-06-30": "9.01", "2015-03-31": "8.80", "2014-12-31": "8.26", "2014-09-30": "7.80", "2014-06-30": "8.03", "2014-03-31": "8.33", "2013-12-31": "9.63", "2013-09-30": "9.73", "2013-06-30": "8.36", "2013-03-31": "9.54", "2012-12-31": "8.01", "2012-09-30": "8.97", "2012-06-30": "7.96", "2012-03-31": "8.55", "2011-12-31": "7.81", "2011-09-30": "6.99", "2011-06-30": "8.17", "2011-03-31": "8.41", "2010-12-31": "8.35", "2010-09-30": "6.94", "2010-06-30": "6.78", "2010-03-31": "7.39", "2009-12-31": "7.71", "2009-09-30": "6.73", "2009-06-30": "5.65", "2009-03-31": "4.54", "2008-12-31": "4.97", "2008-09-30": "6.98", "2008-06-30": "9.02", "2008-03-31": "6.89", "2007-12-31": "8.71", "2007-09-30": "7.59", "2007-06-30": "6.29", "2007-03-31": "6.46", "2006-12-31": "6.18"}, "price book": {"current": "9.07", "2021-02-05": "9.08", "2020-09-30": "7.83", "2020-06-30": "7.28", "2020-03-31": "6.04", "2019-12-31": "6.39", "2019-09-30": "6.37", "2019-06-30": "6.11", "2019-03-31": "5.71", "2018-12-31": "4.51", "2018-09-30": "6.15", "2018-06-30": "5.85", "2018-03-31": "5.46", "2017-12-31": "5.53", "2017-09-30": "4.55", "2017-06-30": "4.71", "2017-03-31": "4.13", "2016-12-31": "3.59", "2016-09-30": "3.59", "2016-06-30": "3.54", "2016-03-31": "3.52", "2015-12-31": "3.72", "2015-09-30": "3.55", "2015-06-30": "3.67", "2015-03-31": "3.68", "2014-12-31": "3.36", "2014-09-30": "3.08", "2014-06-30": "3.14", "2014-03-31": "3.23", "2013-12-31": "3.77", "2013-09-30": "3.84", "2013-06-30": "3.38", "2013-03-31": "3.78", "2012-12-31": "3.22", "2012-09-30": "3.58", "2012-06-30": "3.20", "2012-03-31": "3.32", "2011-12-31": "3.02", "2011-09-30": "2.67", "2011-06-30": "3.07", "2011-03-31": "3.15", "2010-12-31": "3.12", "2010-09-30": "2.63", "2010-06-30": "2.63", "2010-03-31": "2.87", "2009-12-31": "2.97", "2009-09-30": "2.64", "2009-06-30": "2.27", "2009-03-31": "1.89", "2008-12-31": "2.11", "2008-09-30": "2.91", "2008-06-30": "5.22", "2008-03-31": "3.99", "2007-12-31": "5.06", "2007-09-30": "4.36", "2007-06-30": "3.56", "2007-03-31": "3.55", "2006-12-31": "3.14", "2006-09-30": "3.29", "2006-06-30": "3.64", "2006-03-31": "7.16"}, "price fcf": {"2021-02-05": "", "2020-09-30": "$5.40", "2020-06-30": "$5.70", "2020-03-31": "$5.21", "2019-12-31": "$5.30", "2019-09-30": "$5.34", "2019-06-30": "$5.25", "2019-03-31": "$5.58", "2018-12-31": "$5.39", "2018-09-30": "$5.06", "2018-06-30": "$4.80", "2018-03-31": "$4.81", "2017-12-31": "$4.70", "2017-09-30": "$4.66", "2017-06-30": "$4.65", "2017-03-31": "$4.17", "2016-12-31": "$3.97", "2016-09-30": "$4.14", "2016-06-30": "$4.02", "2016-03-31": "$3.93", "2015-12-31": "$3.93", "2015-09-30": "$3.62", "2015-06-30": "$3.58", "2015-03-31": "$3.67", "2014-12-31": "$3.81", "2014-09-30": "$3.64", "2014-06-30": "$3.48", "2014-03-31": "$3.58", "2013-12-31": "$3.20", "2013-09-30": "$3.12", "2013-06-30": "$3.20", "2013-03-31": "$3.02", "2012-12-31": "$2.89", "2012-09-30": "$2.95", "2012-06-30": "$2.89", "2012-03-31": "$2.99", "2011-12-31": "$3.03", "2011-09-30": "$1.98", "2011-06-30": "$2.06", "2011-03-31": "$1.88", "2010-12-31": "$1.64", "2010-09-30": "$2.43", "2010-06-30": "$2.05", "2010-03-31": "$1.91", "2009-12-31": "$1.80", "2009-09-30": "$2.03", "2009-06-30": "$2.03", "2009-03-31": "$2.17", "2008-12-31": "$2.08", "2008-09-30": "$1.87", "2008-06-30": "$1.82", "2008-03-31": "$1.61", "2007-12-31": "$1.43", "2007-09-30": "$1.32", "2007-06-30": "$1.23", "2007-03-31": "$1.14", "2006-12-31": "$1.07"}, "net worth": {"value": "$32.59B"}, "current ratio": {"current": "2.60", "2020-09-30": "2.60", "2020-06-30": "2.38", "2020-03-31": "2.40", "2019-12-31": "2.24", "2019-09-30": "2.55", "2019-06-30": "2.24", "2019-03-31": "2.11", "2018-12-31": "2.50", "2018-09-30": "2.71", "2018-06-30": "2.63", "2018-03-31": "3.00", "2017-12-31": "2.09", "2017-09-30": "2.42", "2017-06-30": "2.23", "2017-03-31": "2.24", "2016-12-31": "2.17", "2016-09-30": "2.42", "2016-06-30": "2.37", "2016-03-31": "2.36", "2015-12-31": "2.22", "2015-09-30": "2.54", "2015-06-30": "2.58", "2015-03-31": "2.32", "2014-12-31": "2.33", "2014-09-30": "2.64", "2014-06-30": "2.38", "2014-03-31": "2.56", "2013-12-31": "2.42", "2013-09-30": "2.48", "2013-06-30": "2.15", "2013-03-31": "2.22", "2012-12-31": "1.91", "2012-09-30": "1.82", "2012-06-30": "1.81", "2012-03-31": "1.82", "2011-12-31": "1.69", "2011-09-30": "1.69", "2011-06-30": "2.46", "2011-03-31": "2.37", "2010-12-31": "2.30", "2010-09-30": "1.93", "2010-06-30": "2.12", "2010-03-31": "2.03", "2009-12-31": "1.93", "2009-09-30": "1.76", "2009-06-30": "1.51", "2009-03-31": "1.43", "2008-12-31": "1.48", "2008-09-30": "1.45", "2008-06-30": "1.61", "2008-03-31": "1.64", "2007-12-31": "1.56", "2007-09-30": "1.46", "2007-06-30": "1.33", "2007-03-31": "1.26", "2006-12-31": "1.20", "2006-09-30": "1.17", "2006-06-30": "1.15", "2006-03-31": "3.21", "2005-12-31": "3.20", "2005-09-30": "3.37", "2005-06-30": "3.11", "2005-03-31": "2.92"}, "quick ratio": {"2020-09-30": "0.00", "2020-06-30": "0.00", "2020-03-31": "0.00", "2019-12-31": "0.00", "2019-09-30": "0.00", "2019-06-30": "0.00", "2019-03-31": "0.00", "2018-12-31": "0.00", "2018-09-30": "0.00", "2018-06-30": "0.00", "2018-03-31": "0.00", "2017-12-31": "0.00", "2017-09-30": "0.00", "2017-06-30": "0.00", "2017-03-31": "0.00", "2016-12-31": "0.00", "2016-09-30": "0.00", "2016-06-30": "0.00", "2016-03-31": "0.00", "2015-12-31": "0.00", "2015-09-30": "0.00", "2015-06-30": "0.00", "2015-03-31": "0.00", "2014-12-31": "0.00", "2014-09-30": "0.00", "2014-06-30": "0.00", "2014-03-31": "0.00", "2013-12-31": "0.00", "2013-09-30": "0.00", "2013-06-30": "0.00", "2013-03-31": "0.00", "2012-12-31": "0.00", "2012-09-30": "0.00", "2012-06-30": "0.00", "2012-03-31": "0.00", "2011-12-31": "0.00", "2011-09-30": "0.00", "2011-06-30": "0.00", "2011-03-31": "0.00", "2010-12-31": "0.00", "2010-09-30": "0.00", "2010-06-30": "0.00", "2010-03-31": "0.00", "2009-12-31": "0.00", "2009-09-30": "0.00", "2009-06-30": "0.00", "2009-03-31": "0.00", "2008-12-31": "0.00", "2008-09-30": "0.00", "2008-06-30": "0.00", "2008-03-31": "0.00", "2007-12-31": "0.00", "2007-09-30": "0.00", "2007-06-30": "0.00", "2007-03-31": "0.00", "2006-12-31": "0.00", "2006-09-30": "0.00", "2006-06-30": "0.00", "2006-03-31": "0.00", "2005-12-31": "0.00", "2005-09-30": "0.00", "2005-06-30": "0.00", "2005-03-31": "0.00"}, "debt equity ratio": {"current": "0.12", "2020-09-30": "0.35", "2020-06-30": "0.36", "2020-03-31": "0.38", "2019-12-31": "0.40", "2019-09-30": "0.23", "2019-06-30": "0.25", "2019-03-31": "0.26", "2018-12-31": "0.23", "2018-09-30": "0.20", "2018-06-30": "0.22", "2018-03-31": "0.23", "2017-12-31": "0.31", "2017-09-30": "0.24", "2017-06-30": "0.26", "2017-03-31": "0.26", "2016-12-31": "0.27", "2016-09-30": "0.23", "2016-06-30": "0.23", "2016-03-31": "0.24", "2015-12-31": "0.24", "2015-09-30": "0.22", "2015-06-30": "0.23", "2015-03-31": "0.25", "2014-12-31": "0.24", "2014-09-30": "0.24", "2014-06-30": "0.26", "2014-03-31": "0.27", "2013-12-31": "0.27", "2013-09-30": "0.25", "2013-06-30": "0.29", "2013-03-31": "0.30", "2012-12-31": "0.34", "2012-09-30": "0.35", "2012-06-30": "0.38", "2012-03-31": "0.38", "2011-12-31": "0.40", "2011-09-30": "0.39", "2011-06-30": "0.36", "2011-03-31": "0.38", "2010-12-31": "0.39", "2010-09-30": "0.45", "2010-06-30": "0.39", "2010-03-31": "0.44", "2009-12-31": "0.46", "2009-09-30": "0.47", "2009-06-30": "0.52", "2009-03-31": "0.57", "2008-12-31": "0.58", "2008-09-30": "0.58", "2008-06-30": "0.41", "2008-03-31": "0.51", "2007-12-31": "0.51", "2007-09-30": "0.51", "2007-06-30": "0.57", "2007-03-31": "0.63", "2006-12-31": "0.69", "2006-09-30": "0.65", "2006-06-30": "0.73", "2006-03-31": "0.34", "2005-12-31": "0.36", "2005-09-30": "0.31", "2005-06-30": "0.33", "2005-03-31": "0.36"}, "return on equity": {"2020-09-30": "11.18%", "2020-06-30": "12.15%", "2020-03-31": "13.17%", "2019-12-31": "15.19%", "2019-09-30": "15.82%", "2019-06-30": "16.37%", "2019-03-31": "16.21%", "2018-12-31": "16.57%", "2018-09-30": "13.14%", "2018-06-30": "12.87%", "2018-03-31": "12.31%", "2017-12-31": "11.64%", "2017-09-30": "12.46%", "2017-06-30": "12.36%", "2017-03-31": "12.29%", "2016-12-31": "11.94%", "2016-09-30": "11.87%", "2016-06-30": "11.72%", "2016-03-31": "11.35%", "2015-12-31": "11.46%", "2015-09-30": "11.52%", "2015-06-30": "11.41%", "2015-03-31": "11.49%", "2014-12-31": "11.46%", "2014-09-30": "11.84%", "2014-06-30": "11.93%", "2014-03-31": "11.91%", "2013-12-31": "11.91%", "2013-09-30": "11.21%", "2013-06-30": "10.97%", "2013-03-31": "10.91%", "2012-12-31": "10.91%", "2012-09-30": "10.70%", "2012-06-30": "10.66%", "2012-03-31": "10.65%", "2011-12-31": "10.80%", "2011-09-30": "11.30%", "2011-06-30": "11.08%", "2011-03-31": "10.85%", "2010-12-31": "10.57%", "2010-09-30": "10.19%", "2010-06-30": "10.20%", "2010-03-31": "9.96%", "2009-12-31": "9.47%", "2009-09-30": "9.23%", "2009-06-30": "8.99%", "2009-03-31": "10.15%", "2008-12-31": "12.01%", "2008-09-30": "13.67%", "2008-06-30": "15.45%", "2008-03-31": "14.66%", "2007-12-31": "13.74%", "2007-09-30": "11.39%", "2007-06-30": "9.88%", "2007-03-31": "3.22%", "2006-12-31": "3.11%", "2006-09-30": "4.03%", "2006-06-30": "6.10%", "2006-03-31": "21.49%", "2005-12-31": "21.49%"}, "return on assets": {"2020-09-30": "8.16%", "2020-06-30": "9.04%", "2020-03-31": "9.99%", "2019-12-31": "11.79%", "2019-09-30": "12.76%", "2019-06-30": "13.27%", "2019-03-31": "13.21%", "2018-12-31": "13.58%", "2018-09-30": "10.62%", "2018-06-30": "10.30%", "2018-03-31": "9.77%", "2017-12-31": "9.17%", "2017-09-30": "9.89%", "2017-06-30": "9.85%", "2017-03-31": "9.86%", "2016-12-31": "9.64%", "2016-09-30": "9.63%", "2016-06-30": "9.51%", "2016-03-31": "9.22%", "2015-12-31": "9.28%", "2015-09-30": "9.34%", "2015-06-30": "9.23%", "2015-03-31": "9.22%", "2014-12-31": "9.16%", "2014-09-30": "9.40%", "2014-06-30": "9.44%", "2014-03-31": "9.38%", "2013-12-31": "9.32%", "2013-09-30": "8.65%", "2013-06-30": "8.32%", "2013-03-31": "8.13%", "2012-12-31": "8.00%", "2012-09-30": "7.77%", "2012-06-30": "7.69%", "2012-03-31": "7.71%", "2011-12-31": "7.82%", "2011-09-30": "8.19%", "2011-06-30": "7.94%", "2011-03-31": "7.74%", "2010-12-31": "7.46%", "2010-09-30": "7.10%", "2010-06-30": "7.08%", "2010-03-31": "6.77%", "2009-12-31": "6.30%", "2009-09-30": "6.02%", "2009-06-30": "5.76%", "2009-03-31": "6.56%", "2008-12-31": "7.83%", "2008-09-30": "9.04%", "2008-06-30": "10.43%", "2008-03-31": "9.62%", "2007-12-31": "8.85%", "2007-09-30": "7.14%", "2007-06-30": "6.05%", "2007-03-31": "1.93%", "2006-12-31": "1.90%", "2006-09-30": "2.55%", "2006-06-30": "4.06%", "2006-03-31": "16.11%", "2005-12-31": "16.06%"}, "return on investments": {"2020-09-30": "10.94%", "2020-06-30": "15.29%", "2020-03-31": "23.92%", "2019-12-31": "53.24%", "2019-09-30": "inf%", "2019-06-30": "inf%", "2019-03-31": "inf%", "2018-12-31": "inf%", "2018-09-30": "inf%", "2018-06-30": "inf%", "2018-03-31": "inf%", "2017-12-31": "inf%", "2017-09-30": "inf%", "2017-06-30": "inf%", "2017-03-31": "inf%", "2016-12-31": "inf%", "2016-09-30": "inf%", "2016-06-30": "inf%", "2016-03-31": "inf%", "2015-12-31": "inf%", "2015-09-30": "inf%", "2015-06-30": "61.36%", "2015-03-31": "30.77%", "2014-12-31": "20.56%", "2014-09-30": "15.51%", "2014-06-30": "15.43%", "2014-03-31": "15.59%", "2013-12-31": "20.58%", "2013-09-30": "30.41%", "2013-06-30": "60.68%", "2013-03-31": "64.32%", "2012-12-31": "31.94%", "2012-09-30": "20.79%", "2012-06-30": "15.23%", "2012-03-31": "15.11%", "2011-12-31": "15.10%", "2011-09-30": "14.96%", "2011-06-30": "14.58%", "2011-03-31": "14.22%", "2010-12-31": "13.81%", "2010-09-30": "13.81%", "2010-06-30": "13.85%", "2010-03-31": "13.42%", "2009-12-31": "12.70%", "2009-09-30": "11.89%", "2009-06-30": "11.25%", "2009-03-31": "13.10%", "2008-12-31": "15.84%", "2008-09-30": "18.23%", "2008-06-30": "22.27%", "2008-03-31": "20.59%", "2007-12-31": "18.84%", "2007-09-30": "16.48%", "2007-06-30": "13.78%", "2007-03-31": "6.94%", "2006-12-31": "7.43%", "2006-09-30": "10.50%", "2006-06-30": "21.57%", "2006-03-31": "inf%", "2005-12-31": "inf%"}, "return on tangible equity": {"2020-09-30": "73.19%", "2020-06-30": "67.32%", "2020-03-31": "62.23%", "2019-12-31": "62.99%", "2019-09-30": "55.32%", "2019-06-30": "57.71%", "2019-03-31": "56.51%", "2018-12-31": "52.31%", "2018-09-30": "41.86%", "2018-06-30": "39.56%", "2018-03-31": "36.68%", "2017-12-31": "36.00%", "2017-09-30": "38.50%", "2017-06-30": "38.86%", "2017-03-31": "38.68%", "2016-12-31": "37.92%", "2016-09-30": "38.41%", "2016-06-30": "38.78%", "2016-03-31": "37.72%", "2015-12-31": "39.18%", "2015-09-30": "39.43%", "2015-06-30": "38.97%", "2015-03-31": "40.56%", "2014-12-31": "39.64%", "2014-09-30": "41.49%", "2014-06-30": "43.38%", "2014-03-31": "45.62%", "2013-12-31": "49.85%", "2013-09-30": "52.48%", "2013-06-30": "58.78%", "2013-03-31": "65.26%", "2012-12-31": "75.35%", "2012-09-30": "87.54%", "2012-06-30": "110.69%", "2012-03-31": "93.64%", "2011-12-31": "86.33%", "2011-09-30": "80.44%", "2011-06-30": "70.71%", "2011-03-31": "92.84%", "2010-12-31": "138.81%", "2010-09-30": "327.91%", "2010-06-30": "-640.00%", "2010-03-31": "-150.59%", "2009-12-31": "-78.79%", "2009-09-30": "-56.63%", "2009-06-30": "-45.11%", "2009-03-31": "-64.26%", "2008-12-31": "-119.47%", "2008-09-30": "-348.80%", "2008-06-30": "268.42%", "2008-03-31": "1936.84%", "2007-12-31": "-309.43%", "2007-09-30": "-108.79%", "2007-06-30": "-59.50%", "2007-03-31": "-14.56%", "2006-12-31": "-27.59%", "2006-09-30": "65.93%", "2006-06-30": "19.15%", "2006-03-31": "28.10%", "2005-12-31": "28.62%"}, "dividend yield history": {"last payout": "$0.00", "last yield": "0.00%"}}