{"ticker": "AR", "price": {"title": "Antero Resources Historical Annual Stock Price Data", "value": 7.54, "historical": {"2020": {"Average Stock Price": "2.9013", "Year Open": "2.5900", "Year High": "5.8300", "Year Low": "0.6691", "Year Close": "5.4500", "Annual % Change": "91.23%"}, "2019": {"Average Stock Price": "5.7728", "Year Open": "9.7600", "Year High": "10.9400", "Year Low": "1.9400", "Year Close": "2.8500", "Annual % Change": "-69.65%"}, "2018": {"Average Stock Price": "18.2848", "Year Open": "19.7800", "Year High": "22.4400", "Year Low": "9.0800", "Year Close": "9.3900", "Annual % Change": "-50.58%"}, "2017": {"Average Stock Price": "21.3029", "Year Open": "23.6800", "Year High": "26.1600", "Year Low": "17.6500", "Year Close": "19.0000", "Annual % Change": "-19.66%"}, "2016": {"Average Stock Price": "25.9227", "Year Open": "22.6800", "Year High": "30.1000", "Year Low": "19.7700", "Year Close": "23.6500", "Annual % Change": "8.49%"}, "2015": {"Average Stock Price": "31.4177", "Year Open": "42.3500", "Year High": "45.6500", "Year Low": "19.1200", "Year Close": "21.8000", "Annual % Change": "-46.28%"}, "2014": {"Average Stock Price": "57.1368", "Year Open": "60.9800", "Year High": "67.4100", "Year Low": "38.6000", "Year Close": "40.5800", "Annual % Change": "-36.03%"}, "2013": {"Average Stock Price": "55.9735", "Year Open": "52.0100", "Year High": "63.4400", "Year Low": "52.0100", "Year Close": "63.4400", "Annual % Change": "0.00%"}}}, "market cap": {"value": "$2.03B"}, "income statement": {"Revenue": {"2019-12-31": "4408.69000", "2018-12-31": "4139.62600", "2017-12-31": "3655.57400", "2016-12-31": "1744.52500", "2015-12-31": "3954.85800", "2014-12-31": "2720.63200", "2013-12-31": "1313.13400", "2012-12-31": "735.71800", "2011-12-31": "691.35300", "2010-12-31": "125.03000"}, "Cost Of Goods Sold": {"2019-12-31": "2967.32300", "2018-12-31": "2288.04000", "2017-12-31": "1645.49800", "2016-12-31": "1498.85900", "2015-12-31": "1072.75900", "2014-12-31": "682.10700", "2013-12-31": "278.34800", "2012-12-31": "117.54700", "2011-12-31": "53.83800", "2010-12-31": "13.28000"}, "Gross Profit": {"2019-12-31": "1441.36700", "2018-12-31": "1851.58600", "2017-12-31": "2010.07600", "2016-12-31": "245.66600", "2015-12-31": "2882.09900", "2014-12-31": "2038.52500", "2013-12-31": "1034.78600", "2012-12-31": "618.17100", "2011-12-31": "637.51500", "2010-12-31": "111.75000"}, "Research And Development Expenses": {"2019-12-31": "0.88400", "2018-12-31": "4.95800", "2017-12-31": "8.53800", "2016-12-31": "6.86200", "2015-12-31": "3.84600", "2014-12-31": "27.89300", "2013-12-31": "22.27200", "2012-12-31": "14.67500", "2011-12-31": "4.03400", "2010-12-31": "2.35000"}, "SG&A Expenses": {"2019-12-31": "178.69600", "2018-12-31": "240.34400", "2017-12-31": "251.19600", "2016-12-31": "239.32400", "2015-12-31": "233.69700", "2014-12-31": "216.53300", "2013-12-31": "425.43800", "2012-12-31": "45.28400", "2011-12-31": "33.34200", "2010-12-31": "21.95200"}, "Other Operating Income Or Expenses": {"2019-12-31": "-1333.96500", "2018-12-31": "-561.91400", "2017-12-31": "-185.63900", "2016-12-31": "-165.40800", "2015-12-31": "-144.50700", "2014-12-31": "-16.46900", "2013-12-31": "-11.99300", "2012-12-31": "-12.17100", "2011-12-31": "-13.44000", "2010-12-31": "-6.08700"}, "Operating Expenses": {"2019-12-31": "5395.73500", "2018-12-31": "4067.72100", "2017-12-31": "2915.48100", "2016-12-31": "2720.32600", "2015-12-31": "2164.57200", "2014-12-31": "1420.89800", "2013-12-31": "971.92690", "2012-12-31": "291.70300", "2011-12-31": "160.37000", "2010-12-31": "64.73500"}, "Operating Income": {"2019-12-31": "-987.04540", "2018-12-31": "71.90480", "2017-12-31": "740.09300", "2016-12-31": "-975.80090", "2015-12-31": "1790.28600", "2014-12-31": "1299.73400", "2013-12-31": "341.20710", "2012-12-31": "444.01500", "2011-12-31": "530.98300", "2010-12-31": "60.29500"}, "Total Non-Operating Income/Expense": {"2019-12-31": "619.79910", "2018-12-31": "-246.46300", "2017-12-31": "-250.00700", "2016-12-31": "-270.02300", "2015-12-31": "-234.40000", "2014-12-31": "-180.43700", "2013-12-31": "-179.18400", "2012-12-31": "-97.51000", "2011-12-31": "-74.49800", "2010-12-31": "-59.14000"}, "Pre-Tax Income": {"2019-12-31": "-367.24600", "2018-12-31": "-174.55800", "2017-12-31": "490.08600", "2016-12-31": "-1245.82400", "2015-12-31": "1555.88600", "2014-12-31": "1119.29700", "2013-12-31": "162.02300", "2012-12-31": "346.50500", "2011-12-31": "456.48500", "2010-12-31": "1.15500"}, "Income Taxes": {"2019-12-31": "-74.11000", "2018-12-31": "-128.85700", "2017-12-31": "-295.05100", "2016-12-31": "-496.37600", "2015-12-31": "575.89000", "2014-12-31": "445.67200", "2013-12-31": "186.21000", "2012-12-31": "121.22900", "2011-12-31": "185.29700", "2010-12-31": "0.93900"}, "Income After Taxes": {"2019-12-31": "-293.13600", "2018-12-31": "-45.70100", "2017-12-31": "785.13700", "2016-12-31": "-749.44800", "2015-12-31": "979.99600", "2014-12-31": "673.62500", "2013-12-31": "-24.18700", "2012-12-31": "225.27600", "2011-12-31": "271.18800", "2010-12-31": "0.21600"}, "Other Income": {"2019-12-31": "", "2018-12-31": "", "2017-12-31": "", "2016-12-31": "", "2015-12-31": "", "2014-12-31": "", "2013-12-31": "", "2012-12-31": "", "2011-12-31": "", "2010-12-31": ""}, "Income From Continuous Operations": {"2019-12-31": "-293.13600", "2018-12-31": "-45.70100", "2017-12-31": "785.13700", "2016-12-31": "-749.44800", "2015-12-31": "979.99600", "2014-12-31": "673.62500", "2013-12-31": "-24.18700", "2012-12-31": "225.27600", "2011-12-31": "271.18800", "2010-12-31": "0.21600"}, "Income From Discontinued Operations": {"2019-12-31": "", "2018-12-31": "", "2017-12-31": "", "2016-12-31": "", "2015-12-31": "", "2014-12-31": "2.21000", "2013-12-31": "5.25700", "2012-12-31": "-510.34500", "2011-12-31": "121.49000", "2010-12-31": "228.41200"}, "Net Income": {"2019-12-31": "-340.12900", "2018-12-31": "-397.51700", "2017-12-31": "615.07000", "2016-12-31": "-848.81600", "2015-12-31": "941.36400", "2014-12-31": "673.58700", "2013-12-31": "-18.93000", "2012-12-31": "-285.06900", "2011-12-31": "392.67800", "2010-12-31": "228.62800"}, "EBITDA": {"2019-12-31": "-68.41640", "2018-12-31": "1047.18900", "2017-12-31": "1567.31300", "2016-12-31": "-163.45490", "2015-12-31": "2501.70400", "2014-12-31": "1778.90100", "2013-12-31": "576.14810", "2012-12-31": "546.14200", "2011-12-31": "586.77500", "2010-12-31": "78.82800"}, "EBIT": {"2019-12-31": "-987.04540", "2018-12-31": "71.90480", "2017-12-31": "740.09300", "2016-12-31": "-975.80090", "2015-12-31": "1790.28600", "2014-12-31": "1299.73400", "2013-12-31": "341.20710", "2012-12-31": "444.01500", "2011-12-31": "530.98300", "2010-12-31": "60.29500"}, "Basic Shares Outstanding": {"2019-12-31": "306.40000", "2018-12-31": "316.03600", "2017-12-31": "315.42600", "2016-12-31": "294.94500", "2015-12-31": "274.12300", "2014-12-31": "262.05400", "2013-12-31": "262.05000", "2012-12-31": "262.05000", "2011-12-31": "261.78530", "2010-12-31": ""}, "Shares Outstanding": {"2019-12-31": "306.40000", "2018-12-31": "316.03600", "2017-12-31": "316.28300", "2016-12-31": "294.94500", "2015-12-31": "274.14300", "2014-12-31": "262.06800", "2013-12-31": "262.05000", "2012-12-31": "262.05000", "2011-12-31": "261.78530", "2010-12-31": ""}, "Basic EPS": {"2019-12-31": "-1.11000", "2018-12-31": "-1.26000", "2017-12-31": "1.95000", "2016-12-31": "-2.88000", "2015-12-31": "3.43000", "2014-12-31": "2.57000", "2013-12-31": "-0.07000", "2012-12-31": "-1.09000", "2011-12-31": "1.50000", "2010-12-31": ""}, "EPS - Earnings Per Share": {"2019-12-31": "-1.11000", "2018-12-31": "-1.26000", "2017-12-31": "1.94000", "2016-12-31": "-2.88000", "2015-12-31": "3.43000", "2014-12-31": "2.57000", "2013-12-31": "-0.07000", "2012-12-31": "-1.09000", "2011-12-31": "1.50000", "2010-12-31": "0.00000"}}, "income statement, quarterly": {"Revenue": {"2020-09-30": "380.59100", "2020-06-30": "484.91100", "2020-03-31": "1317.10500", "2019-12-31": "952.73820", "2019-09-30": "1118.88100", "2019-06-30": "1299.66400", "2019-03-31": "1037.40700", "2018-12-31": "1045.64900", "2018-09-30": "1076.53200", "2018-06-30": "989.34400", "2018-03-31": "1028.10100", "2017-12-31": "1021.72600", "2017-09-30": "647.88000", "2017-06-30": "790.38900", "2017-03-31": "1195.57900", "2016-12-31": "156.21590", "2016-09-30": "1116.50300", "2016-06-30": "-249.19800", "2016-03-31": "721.00400", "2015-12-31": "905.12210", "2015-09-30": "1443.33500", "2015-06-30": "376.71400", "2015-03-31": "1229.68700", "2014-12-31": "1478.59700", "2014-09-30": "762.49000", "2014-06-30": "311.33800", "2014-03-31": "168.20700", "2013-12-31": "480.01400", "2013-09-30": "384.52200", "2013-06-30": "387.14400", "2013-03-31": "61.45400", "2012-12-31": "235.08000", "2012-09-30": "-92.03800", "2012-06-30": "38.92500", "2012-03-31": "553.74100", "2011-12-31": "", "2010-12-31": ""}, "Cost Of Goods Sold": {"2020-09-30": "832.43500", "2020-06-30": "789.63200", "2020-03-31": "733.24000", "2019-12-31": "749.23500", "2019-09-30": "776.86700", "2019-06-30": "776.19800", "2019-03-31": "665.02300", "2018-12-31": "625.50210", "2018-09-30": "545.05500", "2018-06-30": "577.26100", "2018-03-31": "540.22200", "2017-12-31": "457.11500", "2017-09-30": "407.50400", "2017-06-30": "383.71300", "2017-03-31": "397.16600", "2016-12-31": "381.13910", "2016-09-30": "378.93400", "2016-06-30": "361.53800", "2016-03-31": "377.24800", "2015-12-31": "284.90600", "2015-09-30": "243.60800", "2015-06-30": "274.91400", "2015-03-31": "269.33100", "2014-12-31": "225.41700", "2014-09-30": "191.12900", "2014-06-30": "144.16200", "2014-03-31": "121.39900", "2013-12-31": "94.52500", "2013-09-30": "72.93100", "2013-06-30": "60.23200", "2013-03-31": "50.66000", "2012-12-31": "45.80000", "2012-09-30": "30.42500", "2012-06-30": "25.31600", "2012-03-31": "16.01000", "2011-12-31": "", "2010-12-31": ""}, "Gross Profit": {"2020-09-30": "-451.84400", "2020-06-30": "-304.72090", "2020-03-31": "583.86500", "2019-12-31": "203.50310", "2019-09-30": "342.01400", "2019-06-30": "523.46590", "2019-03-31": "372.38400", "2018-12-31": "420.14690", "2018-09-30": "531.47700", "2018-06-30": "412.08300", "2018-03-31": "487.87900", "2017-12-31": "564.61100", "2017-09-30": "240.37600", "2017-06-30": "406.67600", "2017-03-31": "798.41300", "2016-12-31": "-224.92310", "2016-09-30": "737.56910", "2016-06-30": "-610.73600", "2016-03-31": "343.75600", "2015-12-31": "620.21610", "2015-09-30": "1199.72700", "2015-06-30": "101.80000", "2015-03-31": "960.35600", "2014-12-31": "1253.18000", "2014-09-30": "571.36100", "2014-06-30": "167.17600", "2014-03-31": "46.80800", "2013-12-31": "385.48900", "2013-09-30": "311.59100", "2013-06-30": "326.91200", "2013-03-31": "10.79400", "2012-12-31": "189.28000", "2012-09-30": "-122.46300", "2012-06-30": "13.60900", "2012-03-31": "537.73100", "2011-12-31": "", "2010-12-31": ""}, "Research And Development Expenses": {"2020-09-30": "0.45400", "2020-06-30": "0.23100", "2020-03-31": "0.21000", "2019-12-31": "0.23600", "2019-09-30": "0.20800", "2019-06-30": "0.31400", "2019-03-31": "0.12600", "2018-12-31": "0.93600", "2018-09-30": "0.66600", "2018-06-30": "1.47100", "2018-03-31": "1.88500", "2017-12-31": "3.02800", "2017-09-30": "1.59900", "2017-06-30": "1.80400", "2017-03-31": "2.10700", "2016-12-31": "3.57300", "2016-09-30": "1.16600", "2016-06-30": "1.10900", "2016-03-31": "1.01400", "2015-12-31": "0.76000", "2015-09-30": "1.08700", "2015-06-30": "0.62800", "2015-03-31": "1.37100", "2014-12-31": "6.71700", "2014-09-30": "7.47600", "2014-06-30": "6.70300", "2014-03-31": "6.99700", "2013-12-31": "5.23800", "2013-09-30": "5.37200", "2013-06-30": "7.30000", "2013-03-31": "4.36200", "2012-12-31": "6.77000", "2012-09-30": "3.15600", "2012-06-30": "2.95200", "2012-03-31": "1.80400", "2011-12-31": "", "2010-12-31": ""}, "SG&A Expenses": {"2020-09-30": "31.64000", "2020-06-30": "38.40300", "2020-03-31": "31.22100", "2019-12-31": "32.18900", "2019-09-30": "35.92300", "2019-06-30": "42.38200", "2019-03-31": "68.20200", "2018-12-31": "58.76700", "2018-09-30": "59.86000", "2018-06-30": "61.68700", "2018-03-31": "60.03000", "2017-12-31": "60.19600", "2017-09-30": "62.20300", "2017-06-30": "64.09900", "2017-03-31": "64.69800", "2016-12-31": "65.35800", "2016-09-30": "57.57700", "2016-06-30": "60.10200", "2016-03-31": "56.28700", "2015-12-31": "55.77200", "2015-09-30": "59.68500", "2015-06-30": "59.19100", "2015-03-31": "59.04900", "2014-12-31": "54.19100", "2014-09-30": "53.00000", "2014-06-30": "58.35700", "2014-03-31": "50.98500", "2013-12-31": "384.71100", "2013-09-30": "14.44300", "2013-06-30": "13.56700", "2013-03-31": "12.71700", "2012-12-31": "21.78000", "2012-09-30": "11.93800", "2012-06-30": "10.47300", "2012-03-31": "9.17300", "2011-12-31": "", "2010-12-31": ""}, "Other Operating Income Or Expenses": {"2020-09-30": "-31.75300", "2020-06-30": "-49.53200", "2020-03-31": "-90.32400", "2019-12-31": "-47.67300", "2019-09-30": "-1050.25800", "2019-06-30": "-138.47200", "2019-03-31": "-97.56200", "2018-12-31": "-144.08900", "2018-09-30": "-222.96100", "2018-06-30": "-143.63800", "2018-03-31": "-51.22600", "2017-12-31": "-100.59700", "2017-09-30": "-41.65800", "2017-06-30": "-15.84800", "2017-03-31": "-27.53600", "2016-12-31": "-116.33900", "2016-09-30": "-12.38100", "2016-06-30": "-20.56400", "2016-03-31": "-16.12400", "2015-12-31": "-88.70800", "2015-09-30": "-9.17300", "2015-06-30": "-28.68400", "2015-03-31": "-17.94200", "2014-12-31": "-7.64300", "2014-09-30": "-4.86200", "2014-06-30": "-2.26500", "2014-03-31": "-1.69900", "2013-12-31": "-1.63200", "2013-09-30": "-3.47100", "2013-06-30": "-5.07000", "2013-03-31": "-1.82000", "2012-12-31": "-8.08100", "2012-09-30": "-2.46300", "2012-06-30": "-1.31900", "2012-03-31": "-0.30800", "2011-12-31": "", "2010-12-31": ""}, "Operating Expenses": {"2020-09-30": "1134.70000", "2020-06-30": "1091.83300", "2020-03-31": "1054.67200", "2019-12-31": "1020.19400", "2019-09-30": "2104.75900", "2019-06-30": "1199.66800", "2019-03-31": "1071.11400", "2018-12-31": "1092.27900", "2018-09-30": "1071.72800", "2018-06-30": "1022.10700", "2018-03-31": "881.60700", "2017-12-31": "834.66680", "2017-09-30": "719.93200", "2017-06-30": "666.64610", "2017-03-31": "694.23600", "2016-12-31": "788.22470", "2016-09-30": "649.17100", "2016-06-30": "640.67500", "2016-03-31": "642.25500", "2015-12-31": "591.89610", "2015-09-30": "502.22000", "2015-06-30": "540.46300", "2015-03-31": "529.99300", "2014-12-31": "450.87990", "2014-09-30": "381.09100", "2014-06-30": "316.64100", "2014-03-31": "272.28600", "2013-12-31": "561.33190", "2013-09-30": "161.91400", "2013-06-30": "138.75800", "2013-03-31": "109.92300", "2012-12-31": "111.09000", "2012-09-30": "74.84000", "2012-06-30": "62.38100", "2012-03-31": "43.40500", "2011-12-31": "", "2010-12-31": ""}, "Operating Income": {"2020-09-30": "-754.10910", "2020-06-30": "-606.92190", "2020-03-31": "262.43300", "2019-12-31": "-67.45620", "2019-09-30": "-985.87810", "2019-06-30": "99.99600", "2019-03-31": "-33.70700", "2018-12-31": "-46.63030", "2018-09-30": "4.80400", "2018-06-30": "-32.76300", "2018-03-31": "146.49400", "2017-12-31": "187.05910", "2017-09-30": "-72.05200", "2017-06-30": "123.74290", "2017-03-31": "501.34300", "2016-12-31": "-632.00880", "2016-09-30": "467.33200", "2016-06-30": "-889.87300", "2016-03-31": "78.74900", "2015-12-31": "313.22600", "2015-09-30": "941.11490", "2015-06-30": "-163.74900", "2015-03-31": "699.69400", "2014-12-31": "1027.71700", "2014-09-30": "381.39900", "2014-06-30": "-5.30300", "2014-03-31": "-104.07900", "2013-12-31": "-81.31790", "2013-09-30": "222.60800", "2013-06-30": "248.38600", "2013-03-31": "-48.46900", "2012-12-31": "123.99000", "2012-09-30": "-166.87800", "2012-06-30": "-23.45600", "2012-03-31": "510.33600", "2011-12-31": "", "2010-12-31": ""}, "Total Non-Operating Income/Expense": {"2020-09-30": "31.48500", "2020-06-30": "1.45000", "2020-03-31": "-711.22800", "2019-12-31": "-522.18190", "2019-09-30": "-165.61300", "2019-06-30": "-40.57900", "2019-03-31": "1348.17300", "2018-12-31": "-65.99100", "2018-09-30": "-63.82300", "2018-06-30": "-60.08500", "2018-03-31": "-56.56400", "2017-12-31": "-57.58300", "2017-09-30": "-63.02600", "2017-06-30": "-64.95900", "2017-03-31": "-64.43900", "2016-12-31": "-86.41600", "2016-09-30": "-58.21200", "2016-06-30": "-62.11100", "2016-03-31": "-63.28400", "2015-12-31": "-60.47100", "2015-09-30": "-60.92100", "2015-06-30": "-59.82300", "2015-03-31": "-53.18500", "2014-12-31": "-48.99400", "2014-09-30": "-42.45500", "2014-06-30": "-57.64600", "2014-03-31": "-31.34200", "2013-12-31": "-78.34400", "2013-09-30": "-37.44400", "2013-06-30": "-33.46800", "2013-03-31": "-29.92800", "2012-12-31": "-26.47000", "2012-09-30": "-22.45300", "2012-06-30": "-24.22300", "2012-03-31": "-24.37000", "2011-12-31": "", "2010-12-31": ""}, "Pre-Tax Income": {"2020-09-30": "-722.62400", "2020-06-30": "-605.47200", "2020-03-31": "-448.79500", "2019-12-31": "-589.63790", "2019-09-30": "-1151.49100", "2019-06-30": "59.41700", "2019-03-31": "1314.46600", "2018-12-31": "-112.62100", "2018-09-30": "-59.01900", "2018-06-30": "-92.84800", "2018-03-31": "89.93000", "2017-12-31": "129.47600", "2017-09-30": "-135.07800", "2017-06-30": "58.78400", "2017-03-31": "436.90400", "2016-12-31": "-718.42500", "2016-09-30": "409.12000", "2016-06-30": "-951.98400", "2016-03-31": "15.46500", "2015-12-31": "252.75510", "2015-09-30": "880.19400", "2015-06-30": "-223.57200", "2015-03-31": "646.50900", "2014-12-31": "978.72300", "2014-09-30": "338.94400", "2014-06-30": "-62.94900", "2014-03-31": "-135.42100", "2013-12-31": "-159.66200", "2013-09-30": "185.16400", "2013-06-30": "214.91800", "2013-03-31": "-78.39700", "2012-12-31": "97.54000", "2012-09-30": "-189.33100", "2012-06-30": "-47.67900", "2012-03-31": "485.96600", "2011-12-31": "", "2010-12-31": ""}, "Income Taxes": {"2020-09-30": "-168.77800", "2020-06-30": "-142.40400", "2020-03-31": "-109.98500", "2019-12-31": "-107.44200", "2019-09-30": "-272.62700", "2019-06-30": "17.24900", "2019-03-31": "288.71000", "2018-12-31": "-131.35700", "2018-09-30": "18.95300", "2018-06-30": "-25.57300", "2018-03-31": "9.12000", "2017-12-31": "-400.13800", "2017-09-30": "-45.07800", "2017-06-30": "18.81900", "2017-03-31": "131.34600", "2016-12-31": "-265.62100", "2016-09-30": "140.92400", "2016-06-30": "-376.49400", "2016-03-31": "4.81500", "2015-12-31": "77.18100", "2015-09-30": "335.46000", "2015-06-30": "-84.08900", "2015-03-31": "247.33800", "2014-12-31": "369.75300", "2014-09-30": "135.03500", "2014-06-30": "-18.45400", "2014-03-31": "-40.66200", "2013-12-31": "65.51500", "2013-09-30": "67.37000", "2013-06-30": "83.72500", "2013-03-31": "-30.40000", "2012-12-31": "12.69000", "2012-09-30": "-75.44400", "2012-06-30": "-14.44200", "2012-03-31": "198.41100", "2011-12-31": "", "2010-12-31": ""}, "Income After Taxes": {"2020-09-30": "-553.84600", "2020-06-30": "-463.06800", "2020-03-31": "-338.81000", "2019-12-31": "-482.19600", "2019-09-30": "-878.86400", "2019-06-30": "42.16800", "2019-03-31": "1025.75600", "2018-12-31": "18.73600", "2018-09-30": "-77.97200", "2018-06-30": "-67.27500", "2018-03-31": "80.81000", "2017-12-31": "529.61400", "2017-09-30": "-90.00000", "2017-06-30": "39.96500", "2017-03-31": "305.55800", "2016-12-31": "-452.80400", "2016-09-30": "268.19600", "2016-06-30": "-575.49000", "2016-03-31": "10.65000", "2015-12-31": "175.57400", "2015-09-30": "544.73400", "2015-06-30": "-139.48300", "2015-03-31": "399.17100", "2014-12-31": "608.97000", "2014-09-30": "203.90900", "2014-06-30": "-44.49500", "2014-03-31": "-94.75900", "2013-12-31": "-225.17700", "2013-09-30": "117.79400", "2013-06-30": "131.19300", "2013-03-31": "-47.99700", "2012-12-31": "84.85000", "2012-09-30": "-113.88700", "2012-06-30": "-33.23700", "2012-03-31": "287.55500", "2011-12-31": "", "2010-12-31": ""}, "Other Income": {"2020-09-30": "", "2020-06-30": "", "2020-03-31": "", "2019-12-31": "", "2019-09-30": "", "2019-06-30": "", "2019-03-31": "", "2018-12-31": "", "2018-09-30": "", "2018-06-30": "", "2018-03-31": "", "2017-12-31": "", "2017-09-30": "", "2017-06-30": "", "2017-03-31": "", "2016-12-31": "", "2016-09-30": "", "2016-06-30": "", "2016-03-31": "", "2015-12-31": "", "2015-09-30": "", "2015-06-30": "", "2015-03-31": "", "2014-12-31": "", "2014-09-30": "", "2014-06-30": "", "2014-03-31": "", "2013-12-31": "", "2013-09-30": "", "2013-06-30": "", "2013-03-31": "", "2012-12-31": "", "2012-09-30": "", "2012-06-30": "", "2012-03-31": "", "2011-12-31": "", "2010-12-31": ""}, "Income From Continuous Operations": {"2020-09-30": "-553.84600", "2020-06-30": "-463.06800", "2020-03-31": "-338.81000", "2019-12-31": "-482.19600", "2019-09-30": "-878.86400", "2019-06-30": "42.16800", "2019-03-31": "1025.75600", "2018-12-31": "18.73600", "2018-09-30": "-77.97200", "2018-06-30": "-67.27500", "2018-03-31": "80.81000", "2017-12-31": "529.61400", "2017-09-30": "-90.00000", "2017-06-30": "39.96500", "2017-03-31": "305.55800", "2016-12-31": "-452.80400", "2016-09-30": "268.19600", "2016-06-30": "-575.49000", "2016-03-31": "10.65000", "2015-12-31": "175.57400", "2015-09-30": "544.73400", "2015-06-30": "-139.48300", "2015-03-31": "399.17100", "2014-12-31": "608.97000", "2014-09-30": "203.90900", "2014-06-30": "-44.49500", "2014-03-31": "-94.75900", "2013-12-31": "-225.17700", "2013-09-30": "117.79400", "2013-06-30": "131.19300", "2013-03-31": "-47.99700", "2012-12-31": "84.83000", "2012-09-30": "-113.88700", "2012-06-30": "-33.23700", "2012-03-31": "287.55500", "2011-12-31": "", "2010-12-31": ""}, "Income From Discontinued Operations": {"2020-09-30": "", "2020-06-30": "", "2020-03-31": "", "2019-12-31": "", "2019-09-30": "", "2019-06-30": "", "2019-03-31": "", "2018-12-31": "", "2018-09-30": "", "2018-06-30": "", "2018-03-31": "", "2017-12-31": "", "2017-09-30": "", "2017-06-30": "", "2017-03-31": "", "2016-12-31": "", "2016-09-30": "", "2016-06-30": "", "2016-03-31": "", "2015-12-31": "", "2015-09-30": "", "2015-06-30": "", "2015-03-31": "", "2014-12-31": "", "2014-09-30": "", "2014-06-30": "2.21000", "2014-03-31": "", "2013-12-31": "2.15700", "2013-09-30": "3.10000", "2013-06-30": "", "2013-03-31": "", "2012-12-31": "-91.87000", "2012-09-30": "-13.79100", "2012-06-30": "-444.85000", "2012-03-31": "40.17600", "2011-12-31": "", "2010-12-31": ""}, "Net Income": {"2020-09-30": "-535.61300", "2020-06-30": "-463.30400", "2020-03-31": "-338.81000", "2019-12-31": "-482.19600", "2019-09-30": "-878.86400", "2019-06-30": "42.16800", "2019-03-31": "978.76300", "2018-12-31": "-121.54600", "2018-09-30": "-154.41900", "2018-06-30": "-136.38500", "2018-03-31": "14.83300", "2017-12-31": "486.86900", "2017-09-30": "-135.06300", "2017-06-30": "-5.13200", "2017-03-31": "268.39600", "2016-12-31": "-485.77200", "2016-09-30": "238.25500", "2016-06-30": "-596.24400", "2016-03-31": "-5.05500", "2015-12-31": "158.46400", "2015-09-30": "533.84200", "2015-06-30": "-145.37300", "2015-03-31": "394.43100", "2014-12-31": "606.72200", "2014-09-30": "203.90900", "2014-06-30": "-42.28500", "2014-03-31": "-94.75900", "2013-12-31": "-223.02000", "2013-09-30": "120.89400", "2013-06-30": "131.19300", "2013-03-31": "-47.99700", "2012-12-31": "-7.04000", "2012-09-30": "-127.67800", "2012-06-30": "-478.08700", "2012-03-31": "327.73100", "2011-12-31": "", "2010-12-31": ""}, "EBITDA": {"2020-09-30": "-512.36000", "2020-06-30": "-391.77590", "2020-03-31": "463.21400", "2019-12-31": "116.16680", "2019-09-30": "-735.26900", "2019-06-30": "343.21600", "2019-03-31": "207.47000", "2018-12-31": "217.07280", "2018-09-30": "248.70100", "2018-06-30": "205.98700", "2018-03-31": "375.42800", "2017-12-31": "401.45610", "2017-09-30": "135.57400", "2017-06-30": "325.57390", "2017-03-31": "704.70900", "2016-12-31": "-409.56580", "2016-09-30": "667.07310", "2016-06-30": "-691.89110", "2016-03-31": "270.92900", "2015-12-31": "475.40410", "2015-09-30": "1130.20100", "2015-06-30": "13.70500", "2015-03-31": "882.39400", "2014-12-31": "1184.96900", "2014-09-30": "506.34300", "2014-06-30": "100.16000", "2014-03-31": "-12.57100", "2013-12-31": "-5.82390", "2013-09-30": "288.57100", "2013-06-30": "301.24200", "2013-03-31": "-7.84100", "2012-12-31": "160.75000", "2012-09-30": "-139.99500", "2012-06-30": "-1.08900", "2012-03-31": "526.44600", "2011-12-31": "", "2010-12-31": ""}, "EBIT": {"2020-09-30": "-754.10910", "2020-06-30": "-606.92190", "2020-03-31": "262.43300", "2019-12-31": "-67.45630", "2019-09-30": "-985.87810", "2019-06-30": "99.99600", "2019-03-31": "-33.70700", "2018-12-31": "-46.63010", "2018-09-30": "4.80400", "2018-06-30": "-32.76300", "2018-03-31": "146.49400", "2017-12-31": "187.05910", "2017-09-30": "-72.05200", "2017-06-30": "123.74290", "2017-03-31": "501.34300", "2016-12-31": "-632.00890", "2016-09-30": "467.33200", "2016-06-30": "-889.87300", "2016-03-31": "78.74900", "2015-12-31": "313.22600", "2015-09-30": "941.11490", "2015-06-30": "-163.74900", "2015-03-31": "699.69400", "2014-12-31": "1027.71700", "2014-09-30": "381.39900", "2014-06-30": "-5.30300", "2014-03-31": "-104.07900", "2013-12-31": "-81.31790", "2013-09-30": "222.60800", "2013-06-30": "248.38600", "2013-03-31": "-48.46900", "2012-12-31": "123.99000", "2012-09-30": "-166.87800", "2012-06-30": "-23.45600", "2012-03-31": "510.33600", "2011-12-31": "", "2010-12-31": ""}, "Basic Shares Outstanding": {"2020-09-30": "268.51100", "2020-06-30": "268.38600", "2020-03-31": "284.22700", "2019-12-31": "306.40000", "2019-09-30": "307.78100", "2019-06-30": "309.06200", "2019-03-31": "308.69400", "2018-12-31": "316.03600", "2018-09-30": "317.08200", "2018-06-30": "316.99200", "2018-03-31": "316.47100", "2017-12-31": "315.42600", "2017-09-30": "315.46300", "2017-06-30": "315.40100", "2017-03-31": "314.95400", "2016-12-31": "294.94500", "2016-09-30": "306.78500", "2016-06-30": "281.78600", "2016-03-31": "277.05000", "2015-12-31": "274.12300", "2015-09-30": "277.00700", "2015-06-30": "277.00300", "2015-03-31": "265.29500", "2014-12-31": "262.05400", "2014-09-30": "262.05000", "2014-06-30": "262.05000", "2014-03-31": "262.05000", "2013-12-31": "262.05000", "2013-09-30": "262.05000", "2013-06-30": "262.38600", "2013-03-31": "266.65000", "2012-12-31": "", "2012-09-30": "", "2012-06-30": "", "2012-03-31": "", "2011-12-31": "", "2010-12-31": ""}, "Shares Outstanding": {"2020-09-30": "268.51100", "2020-06-30": "268.38600", "2020-03-31": "284.22700", "2019-12-31": "306.40000", "2019-09-30": "307.78100", "2019-06-30": "309.13700", "2019-03-31": "308.78800", "2018-12-31": "316.03600", "2018-09-30": "317.08200", "2018-06-30": "316.99200", "2018-03-31": "316.91100", "2017-12-31": "316.28300", "2017-09-30": "315.46300", "2017-06-30": "315.40100", "2017-03-31": "315.76900", "2016-12-31": "294.94500", "2016-09-30": "308.65700", "2016-06-30": "281.78600", "2016-03-31": "277.05000", "2015-12-31": "274.14300", "2015-09-30": "277.01500", "2015-06-30": "277.00300", "2015-03-31": "265.30000", "2014-12-31": "262.06800", "2014-09-30": "262.07000", "2014-06-30": "262.05000", "2014-03-31": "262.05000", "2013-12-31": "262.05000", "2013-09-30": "262.05000", "2013-06-30": "262.38600", "2013-03-31": "266.65000", "2012-12-31": "", "2012-09-30": "", "2012-06-30": "", "2012-03-31": "", "2011-12-31": "", "2010-12-31": ""}, "Basic EPS": {"2020-09-30": "-1.99000", "2020-06-30": "-1.73000", "2020-03-31": "-1.19000", "2019-12-31": "-1.56000", "2019-09-30": "-2.86000", "2019-06-30": "0.14000", "2019-03-31": "3.17000", "2018-12-31": "-0.39000", "2018-09-30": "-0.49000", "2018-06-30": "-0.43000", "2018-03-31": "0.05000", "2017-12-31": "1.55000", "2017-09-30": "-0.43000", "2017-06-30": "-0.02000", "2017-03-31": "0.85000", "2016-12-31": "-1.52000", "2016-09-30": "0.78000", "2016-06-30": "-2.12000", "2016-03-31": "-0.02000", "2015-12-31": "0.53000", "2015-09-30": "1.93000", "2015-06-30": "-0.52000", "2015-03-31": "1.49000", "2014-12-31": "2.31000", "2014-09-30": "0.78000", "2014-06-30": "-0.16000", "2014-03-31": "-0.36000", "2013-12-31": "-0.85000", "2013-09-30": "0.46000", "2013-06-30": "0.50000", "2013-03-31": "-0.18000", "2012-12-31": "", "2012-09-30": "", "2012-06-30": "", "2012-03-31": "", "2011-12-31": "", "2010-12-31": ""}, "EPS - Earnings Per Share": {"2020-09-30": "-1.99000", "2020-06-30": "-1.73000", "2020-03-31": "-1.19000", "2019-12-31": "-1.56000", "2019-09-30": "-2.86000", "2019-06-30": "0.14000", "2019-03-31": "3.17000", "2018-12-31": "-0.39000", "2018-09-30": "-0.49000", "2018-06-30": "-0.43000", "2018-03-31": "0.05000", "2017-12-31": "1.54000", "2017-09-30": "-0.43000", "2017-06-30": "-0.02000", "2017-03-31": "0.85000", "2016-12-31": "-1.51000", "2016-09-30": "0.77000", "2016-06-30": "-2.12000", "2016-03-31": "-0.02000", "2015-12-31": "0.53000", "2015-09-30": "1.93000", "2015-06-30": "-0.52000", "2015-03-31": "1.49000", "2014-12-31": "2.31000", "2014-09-30": "0.78000", "2014-06-30": "-0.16000", "2014-03-31": "-0.36000", "2013-12-31": "-0.85000", "2013-09-30": "0.46000", "2013-06-30": "0.50000", "2013-03-31": "-0.18000", "2012-12-31": "0.00000", "2012-09-30": "0.00000", "2012-06-30": "0.00000", "2012-03-31": "0.00000", "2011-12-31": "0.00000", "2010-12-31": "0.00000"}}, "balance sheet": {"Cash On Hand": {"2019-12-31": "", "2018-12-31": "", "2017-12-31": "28.44100", "2016-12-31": "31.61000", "2015-12-31": "23.47300", "2014-12-31": "245.97900", "2013-12-31": "17.48700", "2012-12-31": "18.98900", "2011-12-31": "3.34300", "2010-12-31": ""}, "Receivables": {"2019-12-31": "171.41900", "2018-12-31": "51.07300", "2017-12-31": "34.89600", "2016-12-31": "29.68200", "2015-12-31": "79.40400", "2014-12-31": "116.20300", "2013-12-31": "30.61000", "2012-12-31": "21.29600", "2011-12-31": "25.11700", "2010-12-31": ""}, "Inventory": {"2019-12-31": "", "2018-12-31": "", "2017-12-31": "", "2016-12-31": "", "2015-12-31": "", "2014-12-31": "", "2013-12-31": "", "2012-12-31": "", "2011-12-31": "", "2010-12-31": ""}, "Pre-Paid Expenses": {"2019-12-31": "", "2018-12-31": "", "2017-12-31": "", "2016-12-31": "", "2015-12-31": "", "2014-12-31": "", "2013-12-31": "", "2012-12-31": "", "2011-12-31": "", "2010-12-31": ""}, "Other Current Assets": {"2019-12-31": "751.46590", "2018-12-31": "755.54000", "2017-12-31": "769.75000", "2016-12-31": "341.29500", "2015-12-31": "1145.35900", "2014-12-31": "889.97800", "2013-12-31": "285.46700", "2012-12-31": "229.76600", "2011-12-31": "298.18200", "2010-12-31": ""}, "Total Current Assets": {"2019-12-31": "922.88500", "2018-12-31": "806.61300", "2017-12-31": "833.08700", "2016-12-31": "402.58700", "2015-12-31": "1248.23600", "2014-12-31": "1252.16000", "2013-12-31": "333.56400", "2012-12-31": "274.60600", "2011-12-31": "333.64200", "2010-12-31": ""}, "Property, Plant, And Equipment": {"2019-12-31": "9978.73900", "2018-12-31": "13869.92000", "2017-12-31": "13235.55000", "2016-12-31": "12026.75000", "2015-12-31": "10732.24000", "2014-12-31": "9352.45200", "2013-12-31": "5559.65600", "2012-12-31": "2937.47300", "2011-12-31": "2880.41400", "2010-12-31": ""}, "Long-Term Investments": {"2019-12-31": "1055.17700", "2018-12-31": "433.64200", "2017-12-31": "303.30200", "2016-12-31": "68.29900", "2015-12-31": "", "2014-12-31": "", "2013-12-31": "", "2012-12-31": "", "2011-12-31": "", "2010-12-31": ""}, "Goodwill And Intangible Assets": {"2019-12-31": "", "2018-12-31": "", "2017-12-31": "", "2016-12-31": "", "2015-12-31": "", "2014-12-31": "", "2013-12-31": "", "2012-12-31": "", "2011-12-31": "", "2010-12-31": "0.00000"}, "Other Long-Term Assets": {"2019-12-31": "354.26800", "2018-12-31": "409.29400", "2017-12-31": "889.54800", "2016-12-31": "1757.91700", "2015-12-31": "2135.01500", "2014-12-31": "968.88300", "2013-12-31": "720.36100", "2012-12-31": "404.04700", "2011-12-31": "569.63300", "2010-12-31": ""}, "Total Long-Term Assets": {"2019-12-31": "11388.18000", "2018-12-31": "14712.85000", "2017-12-31": "14428.40000", "2016-12-31": "13852.96000", "2015-12-31": "12867.26000", "2014-12-31": "10321.33000", "2013-12-31": "6280.01700", "2012-12-31": "3344.18700", "2011-12-31": "3455.15800", "2010-12-31": ""}, "Total Assets": {"2019-12-31": "15197.57000", "2018-12-31": "15519.46000", "2017-12-31": "15261.49000", "2016-12-31": "14255.55000", "2015-12-31": "14115.49000", "2014-12-31": "11573.50000", "2013-12-31": "6613.58100", "2012-12-31": "3618.79300", "2011-12-31": "3788.80000", "2010-12-31": "0.00000"}, "Total Current Liabilities": {"2019-12-31": "1040.13900", "2018-12-31": "853.54000", "2017-12-31": "762.09600", "2016-12-31": "817.38800", "2015-12-31": "707.27000", "2014-12-31": "894.73200", "2013-12-31": "622.22900", "2012-12-31": "376.29600", "2011-12-31": "255.05800", "2010-12-31": ""}, "Long Term Debt": {"2019-12-31": "3758.86800", "2018-12-31": "5461.68800", "2017-12-31": "4800.09000", "2016-12-31": "4703.97300", "2015-12-31": "4668.78200", "2014-12-31": "4362.55000", "2013-12-31": "2078.99900", "2012-12-31": "1444.05800", "2011-12-31": "1317.33000", "2010-12-31": ""}, "Other Non-Current Liabilities": {"2019-12-31": "62.15400", "2018-12-31": "63.09800", "2017-12-31": "43.52300", "2016-12-31": "55.39400", "2015-12-31": "82.07700", "2014-12-31": "47.58700", "2013-12-31": "35.11300", "2012-12-31": "33.01000", "2011-12-31": "12.27900", "2010-12-31": ""}, "Total Long Term Liabilities": {"2019-12-31": "7186.68700", "2018-12-31": "6178.44700", "2017-12-31": "5623.25800", "2016-12-31": "5709.58400", "2015-12-31": "6121.54500", "2014-12-31": "5204.93300", "2013-12-31": "2392.69200", "2012-12-31": "1568.76000", "2011-12-31": "1574.93600", "2010-12-31": ""}, "Total Liabilities": {"2019-12-31": "8226.82600", "2018-12-31": "7031.98700", "2017-12-31": "6385.35400", "2016-12-31": "6526.97200", "2015-12-31": "6828.81500", "2014-12-31": "6099.66500", "2013-12-31": "3014.92100", "2012-12-31": "1945.05600", "2011-12-31": "1829.99400", "2010-12-31": "0.00000"}, "Common Stock Net": {"2019-12-31": "2.95900", "2018-12-31": "3.08600", "2017-12-31": "3.16400", "2016-12-31": "3.14900", "2015-12-31": "2.77000", "2014-12-31": "2.62100", "2013-12-31": "2.62000", "2012-12-31": "", "2011-12-31": "", "2010-12-31": "0.00000"}, "Retained Earnings (Accumulated Deficit)": {"2019-12-31": "837.41900", "2018-12-31": "1177.54800", "2017-12-31": "1575.06500", "2016-12-31": "959.99500", "2015-12-31": "1808.81100", "2014-12-31": "867.44700", "2013-12-31": "193.86000", "2012-12-31": "212.79000", "2011-12-31": "497.85900", "2010-12-31": ""}, "Comprehensive Income": {"2019-12-31": "", "2018-12-31": "", "2017-12-31": "", "2016-12-31": "", "2015-12-31": "", "2014-12-31": "", "2013-12-31": "", "2012-12-31": "", "2011-12-31": "", "2010-12-31": ""}, "Other Share Holders Equity": {"2019-12-31": "", "2018-12-31": "", "2017-12-31": "", "2016-12-31": "", "2015-12-31": "", "2014-12-31": "", "2013-12-31": "", "2012-12-31": "", "2011-12-31": "", "2010-12-31": "0.00000"}, "Share Holder Equity": {"2019-12-31": "6970.74300", "2018-12-31": "8487.47700", "2017-12-31": "8876.13600", "2016-12-31": "7728.57800", "2015-12-31": "7286.67800", "2014-12-31": "5473.83000", "2013-12-31": "3598.66000", "2012-12-31": "1673.73700", "2011-12-31": "1958.80600", "2010-12-31": "0.00000"}, "Total Liabilities And Share Holders Equity": {"2019-12-31": "15197.57000", "2018-12-31": "15519.46000", "2017-12-31": "15261.49000", "2016-12-31": "14255.55000", "2015-12-31": "14115.49000", "2014-12-31": "11573.50000", "2013-12-31": "6613.58100", "2012-12-31": "3618.79300", "2011-12-31": "3788.80000", "2010-12-31": "0.00000"}}, "balance sheet, quarterly": {"Cash On Hand": {"2020-09-30": "88.06200", "2020-06-30": "", "2020-03-31": "", "2019-12-31": "46.41900", "2019-09-30": "", "2019-06-30": "", "2019-03-31": "", "2018-12-31": "", "2018-09-30": "", "2018-06-30": "50.60800", "2018-03-31": "23.15300", "2017-12-31": "28.44100", "2017-09-30": "23.69400", "2017-06-30": "40.19000", "2017-03-31": "", "2016-12-31": "31.61000", "2016-09-30": "18.51200", "2016-06-30": "28.25100", "2016-03-31": "39.87000", "2015-12-31": "23.47300", "2015-09-30": "27.41000", "2015-06-30": "143.28600", "2015-03-31": "185.49100", "2014-12-31": "245.97900", "2014-09-30": "6.30800", "2014-06-30": "19.27300", "2014-03-31": "12.58000", "2013-12-31": "17.48700", "2013-09-30": "11.58400", "2013-06-30": "10.86700", "2013-03-31": "4.80600", "2012-12-31": "18.98900", "2012-09-30": "", "2012-06-30": "", "2012-03-31": "", "2011-12-31": "3.34000", "2010-12-31": ""}, "Receivables": {"2020-09-30": "", "2020-06-30": "57.01300", "2020-03-31": "91.94400", "2019-12-31": "125.00000", "2019-09-30": "29.20700", "2019-06-30": "49.99400", "2019-03-31": "48.97900", "2018-12-31": "51.07300", "2018-09-30": "46.60400", "2018-06-30": "35.67600", "2018-03-31": "26.69200", "2017-12-31": "34.89600", "2017-09-30": "43.85400", "2017-06-30": "16.49400", "2017-03-31": "36.87400", "2016-12-31": "29.68200", "2016-09-30": "59.46200", "2016-06-30": "71.60600", "2016-03-31": "78.75300", "2015-12-31": "79.40400", "2015-09-30": "60.90400", "2015-06-30": "79.19000", "2015-03-31": "118.41000", "2014-12-31": "116.20300", "2014-09-30": "66.75500", "2014-06-30": "46.53200", "2014-03-31": "27.25000", "2013-12-31": "30.61000", "2013-09-30": "33.02300", "2013-06-30": "29.23100", "2013-03-31": "31.84000", "2012-12-31": "21.29600", "2012-09-30": "", "2012-06-30": "", "2012-03-31": "", "2011-12-31": "25.11000", "2010-12-31": ""}, "Inventory": {"2020-09-30": "", "2020-06-30": "", "2020-03-31": "", "2019-12-31": "", "2019-09-30": "", "2019-06-30": "", "2019-03-31": "", "2018-12-31": "", "2018-09-30": "", "2018-06-30": "", "2018-03-31": "", "2017-12-31": "", "2017-09-30": "", "2017-06-30": "", "2017-03-31": "", "2016-12-31": "", "2016-09-30": "", "2016-06-30": "", "2016-03-31": "", "2015-12-31": "", "2015-09-30": "", "2015-06-30": "", "2015-03-31": "", "2014-12-31": "", "2014-09-30": "", "2014-06-30": "", "2014-03-31": "", "2013-12-31": "", "2013-09-30": "", "2013-06-30": "", "2013-03-31": "", "2012-12-31": "", "2012-09-30": "", "2012-06-30": "", "2012-03-31": "", "2011-12-31": "", "2010-12-31": ""}, "Pre-Paid Expenses": {"2020-09-30": "", "2020-06-30": "", "2020-03-31": "", "2019-12-31": "", "2019-09-30": "", "2019-06-30": "", "2019-03-31": "", "2018-12-31": "", "2018-09-30": "", "2018-06-30": "", "2018-03-31": "", "2017-12-31": "", "2017-09-30": "", "2017-06-30": "", "2017-03-31": "", "2016-12-31": "", "2016-09-30": "", "2016-06-30": "", "2016-03-31": "", "2015-12-31": "", "2015-09-30": "", "2015-06-30": "", "2015-03-31": "", "2014-12-31": "", "2014-09-30": "", "2014-06-30": "", "2014-03-31": "", "2013-12-31": "", "2013-09-30": "", "2013-06-30": "", "2013-03-31": "", "2012-12-31": "", "2012-09-30": "", "2012-06-30": "", "2012-03-31": "", "2011-12-31": "", "2010-12-31": ""}, "Other Current Assets": {"2020-09-30": "433.72000", "2020-06-30": "785.26400", "2020-03-31": "1028.07700", "2019-12-31": "751.46590", "2019-09-30": "700.29300", "2019-06-30": "663.05500", "2019-03-31": "495.91700", "2018-12-31": "755.54000", "2018-09-30": "860.02800", "2018-06-30": "748.64600", "2018-03-31": "750.18900", "2017-12-31": "769.75000", "2017-09-30": "543.40500", "2017-06-30": "679.19900", "2017-03-31": "466.82400", "2016-12-31": "341.29500", "2016-09-30": "617.49700", "2016-06-30": "569.92700", "2016-03-31": "1119.71700", "2015-12-31": "1145.35900", "2015-09-30": "952.01400", "2015-06-30": "794.70300", "2015-03-31": "884.12900", "2014-12-31": "889.97800", "2014-09-30": "429.64000", "2014-06-30": "320.53400", "2014-03-31": "280.75900", "2013-12-31": "285.46700", "2013-09-30": "311.79500", "2013-06-30": "283.36300", "2013-03-31": "153.17600", "2012-12-31": "229.76600", "2012-09-30": "", "2012-06-30": "", "2012-03-31": "", "2011-12-31": "298.18000", "2010-12-31": ""}, "Total Current Assets": {"2020-09-30": "521.78200", "2020-06-30": "842.27700", "2020-03-31": "1120.02100", "2019-12-31": "922.88500", "2019-09-30": "729.50000", "2019-06-30": "713.04900", "2019-03-31": "544.89600", "2018-12-31": "806.61300", "2018-09-30": "906.63200", "2018-06-30": "834.93000", "2018-03-31": "800.03400", "2017-12-31": "833.08700", "2017-09-30": "610.95300", "2017-06-30": "735.88300", "2017-03-31": "503.69800", "2016-12-31": "402.58700", "2016-09-30": "695.47100", "2016-06-30": "669.78400", "2016-03-31": "1238.34000", "2015-12-31": "1248.23600", "2015-09-30": "1040.32800", "2015-06-30": "1017.17900", "2015-03-31": "1188.03000", "2014-12-31": "1252.16000", "2014-09-30": "502.70300", "2014-06-30": "387.22800", "2014-03-31": "321.92200", "2013-12-31": "333.56400", "2013-09-30": "359.51300", "2013-06-30": "327.90500", "2013-03-31": "195.04400", "2012-12-31": "274.60600", "2012-09-30": "", "2012-06-30": "", "2012-03-31": "", "2011-12-31": "333.64000", "2010-12-31": ""}, "Property, Plant, And Equipment": {"2020-09-30": "9834.55800", "2020-06-30": "9937.13000", "2020-03-31": "9994.74000", "2019-12-31": "9978.73900", "2019-09-30": "9914.74900", "2019-06-30": "10915.40000", "2019-03-31": "10971.35000", "2018-12-31": "13869.92000", "2018-09-30": "13784.42000", "2018-06-30": "13681.15000", "2018-03-31": "13493.75000", "2017-12-31": "13235.55000", "2017-09-30": "13035.20000", "2017-06-30": "12809.84000", "2017-03-31": "12305.30000", "2016-12-31": "12026.75000", "2016-09-30": "11837.22000", "2016-06-30": "11097.87000", "2016-03-31": "10917.80000", "2015-12-31": "10732.24000", "2015-09-30": "10461.43000", "2015-06-30": "10129.78000", "2015-03-31": "9750.49500", "2014-12-31": "9352.45200", "2014-09-30": "8286.98500", "2014-06-30": "7211.79300", "2014-03-31": "6266.22700", "2013-12-31": "5559.65600", "2013-09-30": "4757.11500", "2013-06-30": "4074.63400", "2013-03-31": "3534.06800", "2012-12-31": "2937.47300", "2012-09-30": "", "2012-06-30": "", "2012-03-31": "", "2011-12-31": "3482.11000", "2010-12-31": ""}, "Long-Term Investments": {"2020-09-30": "272.92600", "2020-06-30": "279.80500", "2020-03-31": "291.98900", "2019-12-31": "1055.17700", "2019-09-30": "1819.32300", "2019-06-30": "1967.20300", "2019-03-31": "1989.61200", "2018-12-31": "433.64200", "2018-09-30": "392.89300", "2018-06-30": "358.83000", "2018-03-31": "321.46800", "2017-12-31": "303.30200", "2017-09-30": "287.84200", "2017-06-30": "259.69700", "2017-03-31": "230.41800", "2016-12-31": "68.29900", "2016-09-30": "", "2016-06-30": "", "2016-03-31": "", "2015-12-31": "", "2015-09-30": "", "2015-06-30": "", "2015-03-31": "", "2014-12-31": "", "2014-09-30": "", "2014-06-30": "", "2014-03-31": "", "2013-12-31": "", "2013-09-30": "", "2013-06-30": "", "2013-03-31": "", "2012-12-31": "", "2012-09-30": "", "2012-06-30": "", "2012-03-31": "", "2011-12-31": "", "2010-12-31": ""}, "Goodwill And Intangible Assets": {"2020-09-30": "", "2020-06-30": "", "2020-03-31": "", "2019-12-31": "", "2019-09-30": "", "2019-06-30": "", "2019-03-31": "", "2018-12-31": "", "2018-09-30": "", "2018-06-30": "", "2018-03-31": "", "2017-12-31": "", "2017-09-30": "", "2017-06-30": "", "2017-03-31": "", "2016-12-31": "", "2016-09-30": "", "2016-06-30": "", "2016-03-31": "", "2015-12-31": "", "2015-09-30": "", "2015-06-30": "", "2015-03-31": "", "2014-12-31": "", "2014-09-30": "", "2014-06-30": "", "2014-03-31": "", "2013-12-31": "", "2013-09-30": "", "2013-06-30": "", "2013-03-31": "", "2012-12-31": "", "2012-09-30": "0.00000", "2012-06-30": "0.00000", "2012-03-31": "0.00000", "2011-12-31": "0.00000", "2010-12-31": "0.00000"}, "Other Long-Term Assets": {"2020-09-30": "60.28500", "2020-06-30": "121.83280", "2020-03-31": "304.49980", "2019-12-31": "354.26800", "2019-09-30": "426.56790", "2019-06-30": "404.43110", "2019-03-31": "349.35700", "2018-12-31": "409.29400", "2018-09-30": "718.59100", "2018-06-30": "815.69600", "2018-03-31": "807.59900", "2017-12-31": "889.54800", "2017-09-30": "915.22100", "2017-06-30": "1636.79600", "2017-03-31": "1849.23900", "2016-12-31": "1757.91700", "2016-09-30": "2096.56600", "2016-06-30": "1791.12600", "2016-03-31": "2132.57000", "2015-12-31": "2135.01500", "2015-09-30": "2075.31300", "2015-06-30": "1385.52500", "2015-03-31": "1543.42600", "2014-12-31": "968.88300", "2014-09-30": "526.19200", "2014-06-30": "446.18700", "2014-03-31": "546.30800", "2013-12-31": "720.36100", "2013-09-30": "555.58000", "2013-06-30": "422.60900", "2013-03-31": "363.32300", "2012-12-31": "404.04700", "2012-09-30": "", "2012-06-30": "", "2012-03-31": "", "2011-12-31": "574.74010", "2010-12-31": ""}, "Total Long-Term Assets": {"2020-09-30": "10167.77000", "2020-06-30": "10338.77000", "2020-03-31": "10591.23000", "2019-12-31": "11388.18000", "2019-09-30": "12160.64000", "2019-06-30": "13287.04000", "2019-03-31": "13310.32000", "2018-12-31": "14712.85000", "2018-09-30": "14895.90000", "2018-06-30": "14855.68000", "2018-03-31": "14622.81000", "2017-12-31": "14428.40000", "2017-09-30": "14238.26000", "2017-06-30": "14706.34000", "2017-03-31": "14384.96000", "2016-12-31": "13852.96000", "2016-09-30": "13933.78000", "2016-06-30": "12889.00000", "2016-03-31": "13050.37000", "2015-12-31": "12867.26000", "2015-09-30": "12536.75000", "2015-06-30": "11515.30000", "2015-03-31": "11293.92000", "2014-12-31": "10321.33000", "2014-09-30": "8813.17800", "2014-06-30": "7657.98000", "2014-03-31": "6812.53500", "2013-12-31": "6280.01700", "2013-09-30": "5312.69500", "2013-06-30": "4497.24300", "2013-03-31": "3897.83500", "2012-12-31": "3344.18700", "2012-09-30": "", "2012-06-30": "", "2012-03-31": "", "2011-12-31": "4056.85000", "2010-12-31": ""}, "Total Assets": {"2020-09-30": "13349.74000", "2020-06-30": "13743.99000", "2020-03-31": "14525.79000", "2019-12-31": "15197.57000", "2019-09-30": "16120.29000", "2019-06-30": "17330.88000", "2019-03-31": "17288.73000", "2018-12-31": "15519.46000", "2018-09-30": "15802.54000", "2018-06-30": "15690.61000", "2018-03-31": "15422.85000", "2017-12-31": "15261.49000", "2017-09-30": "14849.21000", "2017-06-30": "15442.22000", "2017-03-31": "14888.65000", "2016-12-31": "14255.55000", "2016-09-30": "14629.25000", "2016-06-30": "13558.78000", "2016-03-31": "14288.71000", "2015-12-31": "14115.49000", "2015-09-30": "13577.07000", "2015-06-30": "12532.48000", "2015-03-31": "12481.95000", "2014-12-31": "11573.50000", "2014-09-30": "9315.88000", "2014-06-30": "8045.20800", "2014-03-31": "7134.45700", "2013-12-31": "6613.58100", "2013-09-30": "5672.20800", "2013-06-30": "4825.14800", "2013-03-31": "4092.87900", "2012-12-31": "3618.79300", "2012-09-30": "0.00000", "2012-06-30": "0.00000", "2012-03-31": "0.00000", "2011-12-31": "3788.80000", "2010-12-31": "0.00000"}, "Total Current Liabilities": {"2020-09-30": "1035.37500", "2020-06-30": "864.24000", "2020-03-31": "971.87400", "2019-12-31": "1040.13900", "2019-09-30": "1171.16800", "2019-06-30": "1221.10700", "2019-03-31": "1266.78100", "2018-12-31": "853.54000", "2018-09-30": "813.87100", "2018-06-30": "788.73300", "2018-03-31": "789.85300", "2017-12-31": "762.09600", "2017-09-30": "717.67600", "2017-06-30": "693.06000", "2017-03-31": "723.43600", "2016-12-31": "817.38800", "2016-09-30": "611.90400", "2016-06-30": "569.43200", "2016-03-31": "645.08400", "2015-12-31": "707.27000", "2015-09-30": "1025.76900", "2015-06-30": "966.18300", "2015-03-31": "1053.99300", "2014-12-31": "894.73200", "2014-09-30": "1064.03600", "2014-06-30": "860.71400", "2014-03-31": "760.80600", "2013-12-31": "622.22900", "2013-09-30": "586.88500", "2013-06-30": "477.53100", "2013-03-31": "473.10400", "2012-12-31": "376.29600", "2012-09-30": "", "2012-06-30": "", "2012-03-31": "", "2011-12-31": "255.05000", "2010-12-31": ""}, "Long Term Debt": {"2020-09-30": "3158.22500", "2020-06-30": "3518.07600", "2020-03-31": "3707.78700", "2019-12-31": "3758.86800", "2019-09-30": "3703.82800", "2019-06-30": "3602.37900", "2019-03-31": "3475.95000", "2018-12-31": "5461.68800", "2018-09-30": "5487.00400", "2018-06-30": "5288.34400", "2018-03-31": "4876.70600", "2017-12-31": "4800.09000", "2017-09-30": "4510.52100", "2017-06-30": "5291.97300", "2017-03-31": "4775.30200", "2016-12-31": "4703.97300", "2016-09-30": "4759.90400", "2016-06-30": "4244.01400", "2016-03-31": "4702.80900", "2015-12-31": "4668.78200", "2015-09-30": "4406.77700", "2015-06-30": "4500.03800", "2015-03-31": "4172.29500", "2014-12-31": "4362.55000", "2014-09-30": "4137.86600", "2014-06-30": "3370.63600", "2014-03-31": "2535.81900", "2013-12-31": "2078.99900", "2013-09-30": "2970.45500", "2013-06-30": "2418.21700", "2013-03-31": "1862.53000", "2012-12-31": "1444.05800", "2012-09-30": "", "2012-06-30": "", "2012-03-31": "", "2011-12-31": "1317.33000", "2010-12-31": ""}, "Other Non-Current Liabilities": {"2020-09-30": "213.44500", "2020-06-30": "64.87000", "2020-03-31": "60.64700", "2019-12-31": "62.15400", "2019-09-30": "59.36600", "2019-06-30": "57.96500", "2019-03-31": "56.75300", "2018-12-31": "63.09800", "2018-09-30": "48.36300", "2018-06-30": "47.42700", "2018-03-31": "46.42700", "2017-12-31": "43.52300", "2017-09-30": "53.19100", "2017-06-30": "53.94400", "2017-03-31": "54.40100", "2016-12-31": "55.39400", "2016-09-30": "61.92300", "2016-06-30": "81.10400", "2016-03-31": "80.65000", "2015-12-31": "82.07700", "2015-09-30": "55.96500", "2015-06-30": "49.86600", "2015-03-31": "49.07600", "2014-12-31": "47.58700", "2014-09-30": "44.23300", "2014-06-30": "71.72600", "2014-03-31": "40.86700", "2013-12-31": "35.11300", "2013-09-30": "34.33300", "2013-06-30": "44.55200", "2013-03-31": "39.63200", "2012-12-31": "33.01000", "2012-09-30": "", "2012-06-30": "", "2012-03-31": "", "2011-12-31": "12.27000", "2010-12-31": ""}, "Total Long Term Liabilities": {"2020-09-30": "6330.48300", "2020-06-30": "6446.77100", "2020-03-31": "6961.37500", "2019-12-31": "7186.68700", "2019-09-30": "7502.42200", "2019-06-30": "7770.07300", "2019-03-31": "7729.15100", "2018-12-31": "6178.44700", "2018-09-30": "6317.51200", "2018-06-30": "6098.96300", "2018-03-31": "5711.89800", "2017-12-31": "5623.25800", "2017-09-30": "5744.27600", "2017-06-30": "6446.29900", "2017-03-31": "5911.26600", "2016-12-31": "5709.58400", "2016-09-30": "6037.06600", "2016-06-30": "5388.44900", "2016-03-31": "6223.28400", "2015-12-31": "6121.54500", "2015-09-30": "5440.88100", "2015-06-30": "5256.85200", "2015-03-31": "4993.68300", "2014-12-31": "5204.93300", "2014-09-30": "4500.42200", "2014-06-30": "3661.26700", "2014-03-31": "2840.61300", "2013-12-31": "2392.69200", "2013-09-30": "3207.49600", "2013-06-30": "2590.68400", "2013-03-31": "1994.03500", "2012-12-31": "1568.76000", "2012-09-30": "", "2012-06-30": "", "2012-03-31": "", "2011-12-31": "1574.92000", "2010-12-31": ""}, "Total Liabilities": {"2020-09-30": "7365.85800", "2020-06-30": "7311.01100", "2020-03-31": "7933.24900", "2019-12-31": "8226.82600", "2019-09-30": "8673.59000", "2019-06-30": "8991.18000", "2019-03-31": "8995.93200", "2018-12-31": "7031.98700", "2018-09-30": "7131.38300", "2018-06-30": "6887.69600", "2018-03-31": "6501.75100", "2017-12-31": "6385.35400", "2017-09-30": "6461.95200", "2017-06-30": "7139.35900", "2017-03-31": "6634.70200", "2016-12-31": "6526.97200", "2016-09-30": "6648.97100", "2016-06-30": "5957.88100", "2016-03-31": "6868.36800", "2015-12-31": "6828.81500", "2015-09-30": "6466.65000", "2015-06-30": "6223.03500", "2015-03-31": "6047.67600", "2014-12-31": "6099.66500", "2014-09-30": "5564.45800", "2014-06-30": "4521.98100", "2014-03-31": "3601.41900", "2013-12-31": "3014.92100", "2013-09-30": "3794.38100", "2013-06-30": "3068.21500", "2013-03-31": "2467.13900", "2012-12-31": "1945.05600", "2012-09-30": "0.00000", "2012-06-30": "0.00000", "2012-03-31": "0.00000", "2011-12-31": "1829.99000", "2010-12-31": "0.00000"}, "Common Stock Net": {"2020-09-30": "2.68500", "2020-06-30": "2.68400", "2020-03-31": "2.68900", "2019-12-31": "2.95900", "2019-09-30": "3.04100", "2019-06-30": "3.09100", "2019-03-31": "3.08700", "2018-12-31": "3.08600", "2018-09-30": "3.17100", "2018-06-30": "3.17100", "2018-03-31": "3.16500", "2017-12-31": "3.16400", "2017-09-30": "3.15500", "2017-06-30": "3.15400", "2017-03-31": "3.15000", "2016-12-31": "3.14900", "2016-09-30": "3.07200", "2016-06-30": "3.04200", "2016-03-31": "2.77100", "2015-12-31": "2.77000", "2015-09-30": "2.77000", "2015-06-30": "2.77000", "2015-03-31": "2.76800", "2014-12-31": "2.62100", "2014-09-30": "2.62100", "2014-06-30": "2.62000", "2014-03-31": "2.62000", "2013-12-31": "2.62000", "2013-09-30": "", "2013-06-30": "", "2013-03-31": "", "2012-12-31": "", "2012-09-30": "0.00000", "2012-06-30": "0.00000", "2012-03-31": "0.00000", "2011-12-31": "0.00000", "2010-12-31": "0.00000"}, "Retained Earnings (Accumulated Deficit)": {"2020-09-30": "-500.30800", "2020-06-30": "35.30500", "2020-03-31": "498.60900", "2019-12-31": "837.41900", "2019-09-30": "1319.61500", "2019-06-30": "2198.47900", "2019-03-31": "2156.31100", "2018-12-31": "1177.54800", "2018-09-30": "1299.09400", "2018-06-30": "1453.51300", "2018-03-31": "1589.89800", "2017-12-31": "1575.06500", "2017-09-30": "1088.19600", "2017-06-30": "1223.25900", "2017-03-31": "1228.39100", "2016-12-31": "959.99500", "2016-09-30": "1445.76700", "2016-06-30": "1207.51200", "2016-03-31": "1803.75600", "2015-12-31": "1808.81100", "2015-09-30": "1650.34700", "2015-06-30": "1116.50500", "2015-03-31": "1261.87800", "2014-12-31": "867.44700", "2014-09-30": "260.72500", "2014-06-30": "56.81600", "2014-03-31": "99.10100", "2013-12-31": "193.86000", "2013-09-30": "416.88000", "2013-06-30": "295.98600", "2013-03-31": "164.79300", "2012-12-31": "212.79000", "2012-09-30": "", "2012-06-30": "", "2012-03-31": "", "2011-12-31": "497.85000", "2010-12-31": ""}, "Comprehensive Income": {"2020-09-30": "", "2020-06-30": "", "2020-03-31": "", "2019-12-31": "", "2019-09-30": "", "2019-06-30": "", "2019-03-31": "", "2018-12-31": "", "2018-09-30": "", "2018-06-30": "", "2018-03-31": "", "2017-12-31": "", "2017-09-30": "", "2017-06-30": "", "2017-03-31": "", "2016-12-31": "", "2016-09-30": "", "2016-06-30": "", "2016-03-31": "", "2015-12-31": "", "2015-09-30": "", "2015-06-30": "", "2015-03-31": "", "2014-12-31": "", "2014-09-30": "", "2014-06-30": "", "2014-03-31": "", "2013-12-31": "", "2013-09-30": "", "2013-06-30": "", "2013-03-31": "", "2012-12-31": "", "2012-09-30": "", "2012-06-30": "", "2012-03-31": "", "2011-12-31": "", "2010-12-31": ""}, "Other Share Holders Equity": {"2020-09-30": "", "2020-06-30": "", "2020-03-31": "", "2019-12-31": "", "2019-09-30": "", "2019-06-30": "", "2019-03-31": "", "2018-12-31": "", "2018-09-30": "", "2018-06-30": "", "2018-03-31": "", "2017-12-31": "", "2017-09-30": "", "2017-06-30": "", "2017-03-31": "", "2016-12-31": "", "2016-09-30": "", "2016-06-30": "", "2016-03-31": "", "2015-12-31": "", "2015-09-30": "", "2015-06-30": "", "2015-03-31": "", "2014-12-31": "", "2014-09-30": "", "2014-06-30": "", "2014-03-31": "", "2013-12-31": "", "2013-09-30": "", "2013-06-30": "", "2013-03-31": "", "2012-12-31": "", "2012-09-30": "0.00000", "2012-06-30": "0.00000", "2012-03-31": "0.00000", "2011-12-31": "1460.94000", "2010-12-31": "0.00000"}, "Share Holder Equity": {"2020-09-30": "5983.88100", "2020-06-30": "6432.97900", "2020-03-31": "6592.54000", "2019-12-31": "6970.74300", "2019-09-30": "7446.69800", "2019-06-30": "8339.70000", "2019-03-31": "8292.79800", "2018-12-31": "8487.47700", "2018-09-30": "8671.15200", "2018-06-30": "8802.91100", "2018-03-31": "8921.09800", "2017-12-31": "8876.13600", "2017-09-30": "8387.26200", "2017-06-30": "8302.86200", "2017-03-31": "8253.95200", "2016-12-31": "7728.57800", "2016-09-30": "7980.28200", "2016-06-30": "7600.89900", "2016-03-31": "7420.34400", "2015-12-31": "7286.67800", "2015-09-30": "7110.42400", "2015-06-30": "6309.44600", "2015-03-31": "6434.27500", "2014-12-31": "5473.83000", "2014-09-30": "3751.42200", "2014-06-30": "3523.22700", "2014-03-31": "3533.03800", "2013-12-31": "3598.66000", "2013-09-30": "1877.82700", "2013-06-30": "1756.93300", "2013-03-31": "1625.74000", "2012-12-31": "1673.73700", "2012-09-30": "0.00000", "2012-06-30": "0.00000", "2012-03-31": "0.00000", "2011-12-31": "1958.80000", "2010-12-31": "0.00000"}, "Total Liabilities And Share Holders Equity": {"2020-09-30": "13349.74000", "2020-06-30": "13743.99000", "2020-03-31": "14525.79000", "2019-12-31": "15197.57000", "2019-09-30": "16120.29000", "2019-06-30": "17330.88000", "2019-03-31": "17288.73000", "2018-12-31": "15519.46000", "2018-09-30": "15802.54000", "2018-06-30": "15690.61000", "2018-03-31": "15422.85000", "2017-12-31": "15261.49000", "2017-09-30": "14849.21000", "2017-06-30": "15442.22000", "2017-03-31": "14888.65000", "2016-12-31": "14255.55000", "2016-09-30": "14629.25000", "2016-06-30": "13558.78000", "2016-03-31": "14288.71000", "2015-12-31": "14115.49000", "2015-09-30": "13577.07000", "2015-06-30": "12532.48000", "2015-03-31": "12481.95000", "2014-12-31": "11573.50000", "2014-09-30": "9315.88000", "2014-06-30": "8045.20800", "2014-03-31": "7134.45700", "2013-12-31": "6613.58100", "2013-09-30": "5672.20800", "2013-06-30": "4825.14800", "2013-03-31": "4092.87900", "2012-12-31": "3618.79300", "2012-09-30": "0.00000", "2012-06-30": "0.00000", "2012-03-31": "0.00000", "2011-12-31": "3788.80000", "2010-12-31": "0.00000"}}, "cash flow statement": {"Net Income/Loss": {"2019-12-31": "-293.13600", "2018-12-31": "-45.70100", "2017-12-31": "785.13700", "2016-12-31": "-749.44800", "2015-12-31": "979.99600", "2014-12-31": "675.83500", "2013-12-31": "-18.93000", "2012-12-31": "-285.06900", "2011-12-31": "392.67800", "2010-12-31": "228.62800"}, "Total Depreciation And Amortization - Cash Flow": {"2019-12-31": "918.62900", "2018-12-31": "975.28400", "2017-12-31": "827.22000", "2016-12-31": "812.34600", "2015-12-31": "711.41800", "2014-12-31": "479.16700", "2013-12-31": "234.94100", "2012-12-31": "102.12700", "2011-12-31": "55.79200", "2010-12-31": "18.53300"}, "Other Non-Cash Items": {"2019-12-31": "442.42300", "2018-12-31": "1177.82700", "2017-12-31": "317.89900", "2016-12-31": "1211.27800", "2015-12-31": "-715.10000", "2014-12-31": "-174.68600", "2013-12-31": "276.78200", "2012-12-31": "490.31020", "2011-12-31": "-190.47200", "2010-12-31": "-118.67200"}, "Total Non-Cash Items": {"2019-12-31": "1361.05200", "2018-12-31": "2153.11100", "2017-12-31": "1145.11900", "2016-12-31": "2023.62400", "2015-12-31": "-3.68190", "2014-12-31": "304.48110", "2013-12-31": "511.72300", "2012-12-31": "592.43710", "2011-12-31": "-134.68000", "2010-12-31": "-100.13900"}, "Change In Accounts Receivable": {"2019-12-31": "31.63100", "2018-12-31": "-15.15600", "2017-12-31": "-5.21400", "2016-12-31": "39.85700", "2015-12-31": "-3.20100", "2014-12-31": "-45.59300", "2013-12-31": "-9.31400", "2012-12-31": "5.51100", "2011-12-31": "3.85400", "2010-12-31": "-2.30600"}, "Change In Inventories": {"2019-12-31": "", "2018-12-31": "", "2017-12-31": "", "2016-12-31": "", "2015-12-31": "", "2014-12-31": "", "2013-12-31": "", "2012-12-31": "", "2011-12-31": "", "2010-12-31": ""}, "Change In Accounts Payable": {"2019-12-31": "-27.99600", "2018-12-31": "9.30700", "2017-12-31": "9.46200", "2016-12-31": "7.36500", "2015-12-31": "-8.53600", "2014-12-31": "-20.68100", "2013-12-31": "1.03900", "2012-12-31": "-2.11700", "2011-12-31": "-1.87500", "2010-12-31": "9.77900"}, "Change In Assets/Liabilities": {"2019-12-31": "57.66900", "2018-12-31": "-83.13600", "2017-12-31": "6.92500", "2016-12-31": "-98.99500", "2015-12-31": "14.85800", "2014-12-31": "-10.84500", "2013-12-31": "23.38600", "2012-12-31": "6.70300", "2011-12-31": "-10.79400", "2010-12-31": "-5.40000"}, "Total Change In Assets/Liabilities": {"2019-12-31": "35.54200", "2018-12-31": "-25.42300", "2017-12-31": "76.03500", "2016-12-31": "-32.92000", "2015-12-31": "39.49800", "2014-12-31": "17.94700", "2013-12-31": "41.91400", "2012-12-31": "24.88700", "2011-12-31": "8.30900", "2010-12-31": "-0.69800"}, "Cash Flow From Operating Activities": {"2019-12-31": "1103.45800", "2018-12-31": "2081.98700", "2017-12-31": "2006.29100", "2016-12-31": "1241.25600", "2015-12-31": "1015.81200", "2014-12-31": "998.26300", "2013-12-31": "534.70700", "2012-12-31": "332.25500", "2011-12-31": "266.30700", "2010-12-31": "127.79100"}, "Net Change In Property, Plant, And Equipment": {"2019-12-31": "-166.05400", "2018-12-31": "-722.01300", "2017-12-31": "-932.61200", "2016-12-31": "-995.84000", "2015-12-31": "-656.62700", "2014-12-31": "-1609.41800", "2013-12-31": "-1055.60800", "2012-12-31": "371.67690", "2011-12-31": "-360.33300", "2010-12-31": "167.87000"}, "Net Change In Intangible Assets": {"2019-12-31": "", "2018-12-31": "", "2017-12-31": "", "2016-12-31": "", "2015-12-31": "", "2014-12-31": "", "2013-12-31": "", "2012-12-31": "", "2011-12-31": "", "2010-12-31": ""}, "Net Acquisitions/Divestitures": {"2019-12-31": "296.61100", "2018-12-31": "", "2017-12-31": "", "2016-12-31": "", "2015-12-31": "", "2014-12-31": "", "2013-12-31": "", "2012-12-31": "", "2011-12-31": "", "2010-12-31": "-96.06000"}, "Net Change In Short-term Investments": {"2019-12-31": "", "2018-12-31": "", "2017-12-31": "", "2016-12-31": "", "2015-12-31": "", "2014-12-31": "", "2013-12-31": "", "2012-12-31": "", "2011-12-31": "", "2010-12-31": ""}, "Net Change In Long-Term Investments": {"2019-12-31": "", "2018-12-31": "", "2017-12-31": "", "2016-12-31": "", "2015-12-31": "", "2014-12-31": "", "2013-12-31": "", "2012-12-31": "", "2011-12-31": "", "2010-12-31": ""}, "Net Change In Investments - Total": {"2019-12-31": "", "2018-12-31": "", "2017-12-31": "", "2016-12-31": "", "2015-12-31": "", "2014-12-31": "", "2013-12-31": "", "2012-12-31": "", "2011-12-31": "", "2010-12-31": ""}, "Investing Activities - Other": {"2019-12-31": "-1172.04700", "2018-12-31": "-1628.71100", "2017-12-31": "-1529.01800", "2016-12-31": "-1399.29800", "2015-12-31": "-1641.53200", "2014-12-31": "-2480.23200", "2013-12-31": "-1617.98400", "2012-12-31": "-835.16800", "2011-12-31": "-540.91600", "2010-12-31": "-302.48200"}, "Cash Flow From Investing Activities": {"2019-12-31": "-1041.49000", "2018-12-31": "-2350.72400", "2017-12-31": "-2461.63000", "2016-12-31": "-2395.13800", "2015-12-31": "-2298.15900", "2014-12-31": "-4089.65000", "2013-12-31": "-2673.59200", "2012-12-31": "-463.49100", "2011-12-31": "-901.24900", "2010-12-31": "-230.67200"}, "Net Long-Term Debt": {"2019-12-31": "458.90800", "2018-12-31": "", "2017-12-31": "", "2016-12-31": "725.00000", "2015-12-31": "750.00000", "2014-12-31": "842.50000", "2013-12-31": "541.75000", "2012-12-31": "300.00000", "2011-12-31": "400.00000", "2010-12-31": "156.00000"}, "Net Current Debt": {"2019-12-31": "232.00000", "2018-12-31": "660.37900", "2017-12-31": "90.00000", "2016-12-31": "-677.00000", "2015-12-31": "-403.00000", "2014-12-31": "1442.00000", "2013-12-31": "71.00000", "2012-12-31": "-148.00000", "2011-12-31": "265.00000", "2010-12-31": "-42.08000"}, "Debt Issuance/Retirement Net - Total": {"2019-12-31": "690.90800", "2018-12-31": "660.37900", "2017-12-31": "90.00000", "2016-12-31": "48.00000", "2015-12-31": "347.00000", "2014-12-31": "2284.50000", "2013-12-31": "612.75000", "2012-12-31": "152.00000", "2011-12-31": "665.00000", "2010-12-31": "113.92000"}, "Net Common Equity Issued/Repurchased": {"2019-12-31": "-38.77200", "2018-12-31": "-129.08400", "2017-12-31": "560.05600", "2016-12-31": "1255.82600", "2015-12-31": "778.53500", "2014-12-31": "1087.22400", "2013-12-31": "1578.57300", "2012-12-31": "", "2011-12-31": "", "2010-12-31": ""}, "Net Total Equity Issued/Repurchased": {"2019-12-31": "-38.77200", "2018-12-31": "-129.08400", "2017-12-31": "560.05600", "2016-12-31": "1255.82600", "2015-12-31": "778.53500", "2014-12-31": "1087.22400", "2013-12-31": "1578.57300", "2012-12-31": "", "2011-12-31": "", "2010-12-31": ""}, "Total Common And Preferred Stock Dividends Paid": {"2019-12-31": "-85.07600", "2018-12-31": "-267.27100", "2017-12-31": "-152.35200", "2016-12-31": "-75.08200", "2015-12-31": "-34.12900", "2014-12-31": "", "2013-12-31": "", "2012-12-31": "", "2011-12-31": "-28.85900", "2010-12-31": ""}, "Financial Activities - Other": {"2019-12-31": "-9.49600", "2018-12-31": "-23.72800", "2017-12-31": "-45.53400", "2016-12-31": "-66.72500", "2015-12-31": "-31.56500", "2014-12-31": "-51.84500", "2013-12-31": "-53.94000", "2012-12-31": "-5.11800", "2011-12-31": "-6.84400", "2010-12-31": "-12.72000"}, "Cash Flow From Financial Activities": {"2019-12-31": "557.56400", "2018-12-31": "240.29600", "2017-12-31": "452.17000", "2016-12-31": "1162.01900", "2015-12-31": "1059.84100", "2014-12-31": "3319.87900", "2013-12-31": "2137.38300", "2012-12-31": "146.88200", "2011-12-31": "629.29700", "2010-12-31": "101.20000"}, "Net Cash Flow": {"2019-12-31": "0.00000", "2018-12-31": "-28.44100", "2017-12-31": "-3.16900", "2016-12-31": "8.13700", "2015-12-31": "-222.50600", "2014-12-31": "228.49200", "2013-12-31": "-1.50200", "2012-12-31": "15.64600", "2011-12-31": "-5.64500", "2010-12-31": "-1.68100"}, "Stock-Based Compensation": {"2019-12-31": "23.55900", "2018-12-31": "70.41400", "2017-12-31": "103.44500", "2016-12-31": "102.42100", "2015-12-31": "97.87700", "2014-12-31": "112.25200", "2013-12-31": "365.28000", "2012-12-31": "", "2011-12-31": "", "2010-12-31": ""}, "Common Stock Dividends Paid": {"2019-12-31": "-85.07600", "2018-12-31": "-267.27100", "2017-12-31": "-152.35200", "2016-12-31": "-75.08200", "2015-12-31": "-34.12900", "2014-12-31": "", "2013-12-31": "", "2012-12-31": "", "2011-12-31": "-28.85900", "2010-12-31": ""}}, "cash flow statement, quarterly": {"Net Income/Loss": {"2020-09-30": -553.846, "2020-06-30": -463.068, "2020-03-31": "-338.81000", "2019-12-31": -482.196, "2019-09-30": -878.864, "2019-06-30": 42.168, "2019-03-31": "1025.75600", "2018-12-31": 18.736, "2018-09-30": -77.972, "2018-06-30": -67.275, "2018-03-31": "80.81000", "2017-12-31": 529.614, "2017-09-30": -90, "2017-06-30": 39.965, "2017-03-31": "305.55800", "2016-12-31": -452.804, "2016-09-30": 268.196, "2016-06-30": -575.49, "2016-03-31": "10.65000", "2015-12-31": 175.574, "2015-09-30": 544.734, "2015-06-30": -139.483, "2015-03-31": "399.17100", "2014-12-31": 608.97, "2014-09-30": 203.909, "2014-06-30": -42.285, "2014-03-31": "-94.75900", "2013-12-31": -223.02, "2013-09-30": 120.894, "2013-06-30": 131.193, "2013-03-31": "-47.99700", "2012-12-31": -7.026, "2012-09-30": -127.678, "2012-06-30": -478.087, "2012-03-31": "327.73100", "2011-12-31": 164.05, "2010-12-31": 228.62}, "Total Depreciation And Amortization - Cash Flow": {"2020-09-30": 241.749, "2020-06-30": 215.146, "2020-03-31": "200.78100", "2019-12-31": 183.623, "2019-09-30": 250.609, "2019-06-30": 243.22, "2019-03-31": "241.17700", "2018-12-31": 263.703, "2018-09-30": 243.897, "2018-06-30": 238.75, "2018-03-31": "228.93400", "2017-12-31": 214.397, "2017-09-30": 207.626, "2017-06-30": 201.831, "2017-03-31": "203.36600", "2016-12-31": 222.443, "2016-09-30": 199.741, "2016-06-30": 197.982, "2016-03-31": "192.18000", "2015-12-31": 162.178, "2015-09-30": 189.086, "2015-06-30": 177.454, "2015-03-31": "182.70000", "2014-12-31": 157.252, "2014-09-30": 124.944, "2014-06-30": 105.463, "2014-03-31": "91.50800", "2013-12-31": 75.494, "2013-09-30": 65.963, "2013-06-30": 52.856, "2013-03-31": "40.62800", "2012-12-31": 36.76, "2012-09-30": 26.883, "2012-06-30": 22.367, "2012-03-31": "16.11000", "2011-12-31": 37.26, "2010-12-31": 18.53}, "Other Non-Cash Items": {"2020-09-30": 572.708, "2020-06-30": 365.762, "2020-03-31": "330.97900", "2019-12-31": 538.293, "2019-09-30": 845.988, "2019-06-30": -104.864, "2019-03-31": "-836.99400", "2018-12-31": 583.751, "2018-09-30": 254.641, "2018-06-30": 163.719, "2018-03-31": "175.71600", "2017-12-31": -376.474, "2017-09-30": 897.697, "2017-06-30": 8.998, "2017-03-31": "-212.32200", "2016-12-31": 634.779, "2016-09-30": -158.273, "2016-06-30": 646.264, "2016-03-31": "88.50800", "2015-12-31": -99.1291, "2015-09-30": -496.8929, "2015-06-30": 170.336, "2015-03-31": "-289.41400", "2014-12-31": -488.499, "2014-09-30": -83.757, "2014-06-30": 156.658, "2014-03-31": "240.91200", "2013-12-31": 321.911, "2013-09-30": -46.123, "2013-06-30": -91.621, "2013-03-31": "92.61500", "2012-12-31": -210.813, "2012-09-30": 159.741, "2012-06-30": 532.867, "2012-03-31": "-264.04400", "2011-12-31": 119.25, "2010-12-31": -61.53}, "Total Non-Cash Items": {"2020-09-30": 814.457, "2020-06-30": 580.908, "2020-03-31": "531.76000", "2019-12-31": 721.916, "2019-09-30": 1096.597, "2019-06-30": 138.356, "2019-03-31": "-595.81700", "2018-12-31": 847.454, "2018-09-30": 498.538, "2018-06-30": 402.469, "2018-03-31": "404.65000", "2017-12-31": -162.077, "2017-09-30": 1105.323, "2017-06-30": 210.829, "2017-03-31": "-8.95600", "2016-12-31": 857.222, "2016-09-30": 41.468, "2016-06-30": 844.246, "2016-03-31": "280.68800", "2015-12-31": 63.0489, "2015-09-30": -307.8067, "2015-06-30": 347.7899, "2015-03-31": "-106.71400", "2014-12-31": -331.2469, "2014-09-30": 41.1869, "2014-06-30": 262.1211, "2014-03-31": "332.42000", "2013-12-31": 397.405, "2013-09-30": 19.84, "2013-06-30": -38.765, "2013-03-31": "133.24300", "2012-12-31": 267.486, "2012-09-30": 186.624, "2012-06-30": 555.234, "2012-03-31": "-247.93400", "2011-12-31": 156.51, "2010-12-31": -43}, "Change In Accounts Receivable": {"2020-09-30": 11.875, "2020-06-30": 27.185, "2020-03-31": "-54.51400", "2019-12-31": 17.395, "2019-09-30": 8.388, "2019-06-30": -36.32, "2019-03-31": "42.16800", "2018-12-31": -19.809, "2018-09-30": -5.584, "2018-06-30": 2.033, "2018-03-31": "8.20400", "2017-12-31": -6.985, "2017-09-30": -11.417, "2017-06-30": 20.38, "2017-03-31": "-7.19200", "2016-12-31": 29.78, "2016-09-30": 2.279, "2016-06-30": 7.147, "2016-03-31": "0.65100", "2015-12-31": -18.5, "2015-09-30": 18.286, "2015-06-30": 39.22, "2015-03-31": "-42.20700", "2014-12-31": -9.448, "2014-09-30": -20.223, "2014-06-30": -19.282, "2014-03-31": "3.36000", "2013-12-31": 2.413, "2013-09-30": -3.792, "2013-06-30": 2.61, "2013-03-31": "-10.54500", "2012-12-31": 22.322, "2012-09-30": -1.02, "2012-06-30": -1.73, "2012-03-31": "-14.06100", "2011-12-31": 0, "2010-12-31": 0}, "Change In Inventories": {"2020-09-30": 0, "2020-06-30": 0, "2020-03-31": "", "2019-12-31": 0, "2019-09-30": 0, "2019-06-30": 0, "2019-03-31": "", "2018-12-31": 0, "2018-09-30": 0, "2018-06-30": 0, "2018-03-31": "", "2017-12-31": 0, "2017-09-30": 0, "2017-06-30": 0, "2017-03-31": "", "2016-12-31": 0, "2016-09-30": 0, "2016-06-30": 0, "2016-03-31": "", "2015-12-31": 0, "2015-09-30": 0, "2015-06-30": 0, "2015-03-31": "", "2014-12-31": 0, "2014-09-30": 0, "2014-06-30": 0, "2014-03-31": "", "2013-12-31": 0, "2013-09-30": 0, "2013-06-30": 0, "2013-03-31": "", "2012-12-31": 0, "2012-09-30": 0, "2012-06-30": 0, "2012-03-31": "", "2011-12-31": 0, "2010-12-31": 0}, "Change In Accounts Payable": {"2020-09-30": 18.984, "2020-06-30": -19.931, "2020-03-31": "-1.25100", "2019-12-31": -27.025, "2019-09-30": 1.453, "2019-06-30": 18.946, "2019-03-31": "-21.37000", "2018-12-31": 1.13, "2018-09-30": 5.229, "2018-06-30": 10.99, "2018-03-31": "-8.04200", "2017-12-31": 4.731, "2017-09-30": 2.659, "2017-06-30": -10.473, "2017-03-31": "12.54500", "2016-12-31": 1.682, "2016-09-30": -7.54, "2016-06-30": 8.836, "2016-03-31": "4.38700", "2015-12-31": -7.234, "2015-09-30": -5.881, "2015-06-30": 5.092, "2015-03-31": "-0.51300", "2014-12-31": -21.211, "2014-09-30": -2.947, "2014-06-30": 9.195, "2014-03-31": "-5.71800", "2013-12-31": 5.641, "2013-09-30": -3.166, "2013-06-30": 0.148, "2013-03-31": "-1.58400", "2012-12-31": 7.695, "2012-09-30": 7.246, "2012-06-30": -14.194, "2012-03-31": "-2.86400", "2011-12-31": 0, "2010-12-31": 0}, "Change In Assets/Liabilities": {"2020-09-30": -115.4, "2020-06-30": -44.446, "2020-03-31": "83.08500", "2019-12-31": -67.557, "2019-09-30": -40.141, "2019-06-30": 62.135, "2019-03-31": "103.23200", "2018-12-31": -62.038, "2018-09-30": -2.134, "2018-06-30": -64.532, "2018-03-31": "45.56800", "2017-12-31": -73.619, "2017-09-30": -0.182, "2017-06-30": 8.081, "2017-03-31": "72.64500", "2016-12-31": -77.788, "2016-09-30": -22.16, "2016-06-30": 6.202, "2016-03-31": "-5.24900", "2015-12-31": -40.517, "2015-09-30": -21.96, "2015-06-30": 48.266, "2015-03-31": "29.06900", "2014-12-31": -37.335, "2014-09-30": 15.988, "2014-06-30": 19.474, "2014-03-31": "-8.97200", "2013-12-31": 38.248, "2013-09-30": -18.819, "2013-06-30": -8.843, "2013-03-31": "12.80000", "2012-12-31": -22.149, "2012-09-30": 2.604, "2012-06-30": -3.679, "2012-03-31": "29.92700", "2011-12-31": 0, "2010-12-31": 0}, "Total Change In Assets/Liabilities": {"2020-09-30": -84.741, "2020-06-30": -1.877, "2020-03-31": "7.72700", "2019-12-31": -91.78, "2019-09-30": -19.323, "2019-06-30": 37.58, "2019-03-31": "109.06500", "2018-12-31": -44.601, "2018-09-30": 0.892, "2018-06-30": -37.803, "2018-03-31": "56.08900", "2017-12-31": -54.054, "2017-09-30": 29.899, "2017-06-30": 2.853, "2017-03-31": "97.33700", "2016-12-31": -68.859, "2016-09-30": 17.327, "2016-06-30": -30.218, "2016-03-31": "48.83000", "2015-12-31": -63.965, "2015-09-30": 9.119, "2015-06-30": 35.361, "2015-03-31": "58.98300", "2014-12-31": -78.206, "2014-09-30": 55.621, "2014-06-30": 3.886, "2014-03-31": "36.64600", "2013-12-31": 28.385, "2013-09-30": -1.194, "2013-06-30": -10.238, "2013-03-31": "24.96100", "2012-12-31": 15.37, "2012-09-30": 5.47, "2012-06-30": -16.654, "2012-03-31": "20.69400", "2011-12-31": 8.99, "2010-12-31": -0.69}, "Cash Flow From Operating Activities": {"2020-09-30": 175.87, "2020-06-30": 115.963, "2020-03-31": "200.67700", "2019-12-31": 147.94, "2019-09-30": 198.41, "2019-06-30": 218.104, "2019-03-31": "539.00400", "2018-12-31": 821.589, "2018-09-30": 421.458, "2018-06-30": 297.391, "2018-03-31": "541.54900", "2017-12-31": 313.483, "2017-09-30": 1045.222, "2017-06-30": 253.647, "2017-03-31": "393.93900", "2016-12-31": 335.559, "2016-09-30": 326.991, "2016-06-30": 238.538, "2016-03-31": "340.16800", "2015-12-31": 174.658, "2015-09-30": 246.046, "2015-06-30": 243.668, "2015-03-31": "351.44000", "2014-12-31": 199.517, "2014-09-30": 300.717, "2014-06-30": 223.722, "2014-03-31": "274.30700", "2013-12-31": 202.77, "2013-09-30": 139.54, "2013-06-30": 82.19, "2013-03-31": "110.20700", "2012-12-31": 106.85, "2012-09-30": 64.416, "2012-06-30": 60.493, "2012-03-31": "100.49100", "2011-12-31": 138.51, "2010-12-31": 127.79}, "Net Change In Property, Plant, And Equipment": {"2020-09-30": -9.576, "2020-06-30": -11.778, "2020-03-31": "-11.12800", "2019-12-31": -25.084, "2019-09-30": -8.855, "2019-06-30": -28.869, "2019-03-31": "-103.24600", "2018-12-31": -171.428, "2018-09-30": -194.342, "2018-06-30": -170.148, "2018-03-31": "-186.09500", "2017-12-31": -161.5811, "2017-09-30": -204.4569, "2017-06-30": -357.265, "2017-03-31": "-209.30900", "2016-12-31": -78.241, "2016-09-30": -682.183, "2016-06-30": -120.478, "2016-03-31": "-114.93800", "2015-12-31": -159.071, "2015-09-30": -168.958, "2015-06-30": -166.84, "2015-03-31": "-161.75800", "2014-12-31": -515.499, "2014-09-30": -482.132, "2014-06-30": -376.302, "2014-03-31": "-235.48500", "2013-12-31": -367.594, "2013-09-30": -226.541, "2013-06-30": -246.785, "2013-03-31": "-214.68800", "2012-12-31": 52.862, "2012-09-30": -172.175, "2012-06-30": 205.236, "2012-03-31": "288.54700", "2011-12-31": -528.2, "2010-12-31": 167.87}, "Net Change In Intangible Assets": {"2020-09-30": 0, "2020-06-30": 0, "2020-03-31": "", "2019-12-31": 0, "2019-09-30": 0, "2019-06-30": 0, "2019-03-31": "", "2018-12-31": 0, "2018-09-30": 0, "2018-06-30": 0, "2018-03-31": "", "2017-12-31": 0, "2017-09-30": 0, "2017-06-30": 0, "2017-03-31": "", "2016-12-31": 0, "2016-09-30": 0, "2016-06-30": 0, "2016-03-31": "", "2015-12-31": 0, "2015-09-30": 0, "2015-06-30": 0, "2015-03-31": "", "2014-12-31": 0, "2014-09-30": 0, "2014-06-30": 0, "2014-03-31": "", "2013-12-31": 0, "2013-09-30": 0, "2013-06-30": 0, "2013-03-31": "", "2012-12-31": 0, "2012-09-30": 0, "2012-06-30": 0, "2012-03-31": "", "2011-12-31": 0, "2010-12-31": 0}, "Net Acquisitions/Divestitures": {"2020-09-30": 0, "2020-06-30": 0, "2020-03-31": "", "2019-12-31": 0, "2019-09-30": 0, "2019-06-30": 296.611, "2019-03-31": "", "2018-12-31": 0, "2018-09-30": 0, "2018-06-30": 0, "2018-03-31": "", "2017-12-31": 0, "2017-09-30": 0, "2017-06-30": 0, "2017-03-31": "", "2016-12-31": 0, "2016-09-30": 0, "2016-06-30": 0, "2016-03-31": "", "2015-12-31": 0, "2015-09-30": 0, "2015-06-30": 0, "2015-03-31": "", "2014-12-31": 0, "2014-09-30": 0, "2014-06-30": 0, "2014-03-31": "", "2013-12-31": 0, "2013-09-30": 0, "2013-06-30": 0, "2013-03-31": "", "2012-12-31": 0, "2012-09-30": 0, "2012-06-30": 0, "2012-03-31": "", "2011-12-31": 96.06, "2010-12-31": -96.06}, "Net Change In Short-term Investments": {"2020-09-30": 0, "2020-06-30": 0, "2020-03-31": "", "2019-12-31": 0, "2019-09-30": 0, "2019-06-30": 0, "2019-03-31": "", "2018-12-31": 0, "2018-09-30": 0, "2018-06-30": 0, "2018-03-31": "", "2017-12-31": 0, "2017-09-30": 0, "2017-06-30": 0, "2017-03-31": "", "2016-12-31": 0, "2016-09-30": 0, "2016-06-30": 0, "2016-03-31": "", "2015-12-31": 0, "2015-09-30": 0, "2015-06-30": 0, "2015-03-31": "", "2014-12-31": 0, "2014-09-30": 0, "2014-06-30": 0, "2014-03-31": "", "2013-12-31": 0, "2013-09-30": 0, "2013-06-30": 0, "2013-03-31": "", "2012-12-31": 0, "2012-09-30": 0, "2012-06-30": 0, "2012-03-31": "", "2011-12-31": 0, "2010-12-31": 0}, "Net Change In Long-Term Investments": {"2020-09-30": 0, "2020-06-30": 0, "2020-03-31": "", "2019-12-31": 0, "2019-09-30": 0, "2019-06-30": 0, "2019-03-31": "", "2018-12-31": 0, "2018-09-30": 0, "2018-06-30": 0, "2018-03-31": "", "2017-12-31": 0, "2017-09-30": 0, "2017-06-30": 0, "2017-03-31": "", "2016-12-31": 0, "2016-09-30": 0, "2016-06-30": 0, "2016-03-31": "", "2015-12-31": 0, "2015-09-30": 0, "2015-06-30": 0, "2015-03-31": "", "2014-12-31": 0, "2014-09-30": 0, "2014-06-30": 0, "2014-03-31": "", "2013-12-31": 0, "2013-09-30": 0, "2013-06-30": 0, "2013-03-31": "", "2012-12-31": 0, "2012-09-30": 0, "2012-06-30": 0, "2012-03-31": "", "2011-12-31": 0, "2010-12-31": 0}, "Net Change In Investments - Total": {"2020-09-30": 0, "2020-06-30": 0, "2020-03-31": "", "2019-12-31": 0, "2019-09-30": 0, "2019-06-30": 0, "2019-03-31": "", "2018-12-31": 0, "2018-09-30": 0, "2018-06-30": 0, "2018-03-31": "", "2017-12-31": 0, "2017-09-30": 0, "2017-06-30": 0, "2017-03-31": "", "2016-12-31": 0, "2016-09-30": 0, "2016-06-30": 0, "2016-03-31": "", "2015-12-31": 0, "2015-09-30": 0, "2015-06-30": 0, "2015-03-31": "", "2014-12-31": 0, "2014-09-30": 0, "2014-06-30": 0, "2014-03-31": "", "2013-12-31": 0, "2013-09-30": 0, "2013-06-30": 0, "2013-03-31": "", "2012-12-31": 0, "2012-09-30": 0, "2012-06-30": 0, "2012-03-31": "", "2011-12-31": 0, "2010-12-31": 0}, "Investing Activities - Other": {"2020-09-30": 75.121, "2020-06-30": -251.149, "2020-03-31": "-175.55300", "2019-12-31": -191.079, "2019-09-30": -270.886, "2019-06-30": -608.511, "2019-03-31": "-101.57100", "2018-12-31": -408.957, "2018-09-30": -403.65, "2018-06-30": -438.63, "2018-03-31": "-377.47400", "2017-12-31": -351.742, "2017-09-30": -346.308, "2017-06-30": -351.804, "2017-03-31": "-479.16400", "2016-12-31": -342.23, "2016-09-30": -254.125, "2016-06-30": -398.586, "2016-03-31": "-404.35700", "2015-12-31": -302.224, "2015-09-30": -329.128, "2015-06-30": -432.702, "2015-03-31": "-577.47800", "2014-12-31": -749.679, "2014-09-30": -588.469, "2014-06-30": -642.056, "2014-03-31": "-500.02800", "2013-12-31": -441.114, "2013-09-30": -459.935, "2013-06-30": -383.738, "2013-03-31": "-333.19700", "2012-12-31": -221.172, "2012-09-30": -239.332, "2012-06-30": -213.608, "2012-03-31": "-163.84800", "2011-12-31": -238.43, "2010-12-31": -302.48}, "Cash Flow From Investing Activities": {"2020-09-30": 65.545, "2020-06-30": -262.927, "2020-03-31": "-186.68100", "2019-12-31": -216.163, "2019-09-30": -279.741, "2019-06-30": -340.769, "2019-03-31": "-204.81700", "2018-12-31": -580.385, "2018-09-30": -597.992, "2018-06-30": -608.778, "2018-03-31": "-563.56900", "2017-12-31": -513.323, "2017-09-30": -550.765, "2017-06-30": -709.069, "2017-03-31": "-688.47300", "2016-12-31": -420.471, "2016-09-30": -936.308, "2016-06-30": -519.064, "2016-03-31": "-519.29500", "2015-12-31": -461.295, "2015-09-30": -498.086, "2015-06-30": -599.542, "2015-03-31": "-739.23600", "2014-12-31": -1265.178, "2014-09-30": -1070.601, "2014-06-30": -1018.358, "2014-03-31": "-735.51300", "2013-12-31": -808.708, "2013-09-30": -686.476, "2013-06-30": -630.523, "2013-03-31": "-547.88500", "2012-12-31": -168.31, "2012-09-30": -411.507, "2012-06-30": -8.372, "2012-03-31": "124.69900", "2011-12-31": -670.57, "2010-12-31": -230.67}, "Net Long-Term Debt": {"2020-09-30": -115.93, "2020-06-30": -195.706, "2020-03-31": "-300.83500", "2019-12-31": -191.092, "2019-09-30": 0, "2019-06-30": 0, "2019-03-31": "650.00000", "2018-12-31": 0, "2018-09-30": 0, "2018-06-30": 0, "2018-03-31": "", "2017-12-31": 0, "2017-09-30": 0, "2017-06-30": 0, "2017-03-31": "", "2016-12-31": 627, "2016-09-30": 98, "2016-06-30": 0, "2016-03-31": "", "2015-12-31": 0, "2015-09-30": 0, "2015-06-30": 0, "2015-03-31": "750.00000", "2014-12-31": 0, "2014-09-30": 502.5, "2014-06-30": 340, "2014-03-31": "", "2013-12-31": 310, "2013-09-30": 0, "2013-06-30": 0, "2013-03-31": "231.75000", "2012-12-31": 300, "2012-09-30": 0, "2012-06-30": 0, "2012-03-31": "", "2011-12-31": 0, "2010-12-31": 0}, "Net Current Debt": {"2020-09-30": -99, "2020-06-30": 44, "2020-03-31": "330.00000", "2019-12-31": 277, "2019-09-30": 100, "2019-06-30": 125, "2019-03-31": "-270.00000", "2018-12-31": -21.621, "2018-09-30": 197, "2018-06-30": 410, "2018-03-31": "75.00000", "2017-12-31": 288, "2017-09-30": -783, "2017-06-30": 515, "2017-03-31": "70.00000", "2016-12-31": -677, "2016-09-30": 427, "2016-06-30": -460, "2016-03-31": "33.00000", "2015-12-31": 302, "2015-09-30": -93, "2015-06-30": 328, "2015-03-31": "-940.00000", "2014-12-31": 225, "2014-09-30": 265, "2014-06-30": 495, "2014-03-31": "457.00000", "2013-12-31": -1224.5, "2013-09-30": 552.5, "2013-06-30": 556, "2013-03-31": "187.00000", "2012-12-31": -230, "2012-09-30": 357, "2012-06-30": -53, "2012-03-31": "-222.00000", "2011-12-31": 307.08, "2010-12-31": -42.08}, "Debt Issuance/Retirement Net - Total": {"2020-09-30": -214.93, "2020-06-30": -151.706, "2020-03-31": "29.16500", "2019-12-31": 85.908, "2019-09-30": 100, "2019-06-30": 125, "2019-03-31": "380.00000", "2018-12-31": -21.621, "2018-09-30": 197, "2018-06-30": 410, "2018-03-31": "75.00000", "2017-12-31": 288, "2017-09-30": -783, "2017-06-30": 515, "2017-03-31": "70.00000", "2016-12-31": -50, "2016-09-30": 525, "2016-06-30": -460, "2016-03-31": "33.00000", "2015-12-31": 302, "2015-09-30": -93, "2015-06-30": 328, "2015-03-31": "-190.00000", "2014-12-31": 225, "2014-09-30": 767.5, "2014-06-30": 835, "2014-03-31": "457.00000", "2013-12-31": -914.5, "2013-09-30": 552.5, "2013-06-30": 556, "2013-03-31": "418.75000", "2012-12-31": 218, "2012-09-30": 357, "2012-06-30": -53, "2012-03-31": "-222.00000", "2011-12-31": 244, "2010-12-31": 156}, "Net Common Equity Issued/Repurchased": {"2020-09-30": 0, "2020-06-30": -0.753, "2020-03-31": "-42.69000", "2019-12-31": -20.848, "2019-09-30": -17.924, "2019-06-30": 0, "2019-03-31": "", "2018-12-31": -129.084, "2018-09-30": 0, "2018-06-30": 0, "2018-03-31": "", "2017-12-31": 0.007, "2017-09-30": 313.464, "2017-06-30": 23.466, "2017-03-31": "223.11900", "2016-12-31": 220.807, "2016-09-30": 104.42, "2016-06-30": 752.599, "2016-03-31": "178.00000", "2015-12-31": -0.269, "2015-09-30": 241.111, "2015-06-30": -0.182, "2015-03-31": "537.87500", "2014-12-31": 1087.224, "2014-09-30": 0, "2014-06-30": 0, "2014-03-31": "", "2013-12-31": 1578.573, "2013-09-30": 0, "2013-06-30": 0, "2013-03-31": "", "2012-12-31": 0, "2012-09-30": 0, "2012-06-30": 0, "2012-03-31": "", "2011-12-31": 0, "2010-12-31": 0}, "Net Total Equity Issued/Repurchased": {"2020-09-30": 0, "2020-06-30": -0.753, "2020-03-31": "-42.69000", "2019-12-31": -20.848, "2019-09-30": -17.924, "2019-06-30": 0, "2019-03-31": "", "2018-12-31": -129.084, "2018-09-30": 0, "2018-06-30": 0, "2018-03-31": "", "2017-12-31": 0.007, "2017-09-30": 313.464, "2017-06-30": 23.466, "2017-03-31": "223.11900", "2016-12-31": 220.807, "2016-09-30": 104.42, "2016-06-30": 752.599, "2016-03-31": "178.00000", "2015-12-31": -0.269, "2015-09-30": 241.111, "2015-06-30": -0.182, "2015-03-31": "537.87500", "2014-12-31": 1087.224, "2014-09-30": 0, "2014-06-30": 0, "2014-03-31": "", "2013-12-31": 1578.573, "2013-09-30": 0, "2013-06-30": 0, "2013-03-31": "", "2012-12-31": 0, "2012-09-30": 0, "2012-06-30": 0, "2012-03-31": "", "2011-12-31": 0, "2010-12-31": 0}, "Total Common And Preferred Stock Dividends Paid": {"2020-09-30": 0, "2020-06-30": 0, "2020-03-31": "", "2019-12-31": 0, "2019-09-30": 0, "2019-06-30": 0, "2019-03-31": "-85.07600", "2018-12-31": -78.496, "2018-09-30": -69.752, "2018-06-30": -63.108, "2018-03-31": "-55.91500", "2017-12-31": -50.299, "2017-09-30": -40.184, "2017-06-30": -34.72, "2017-03-31": "-27.14900", "2016-12-31": -23.844, "2016-09-30": -19.557, "2016-06-30": -17.668, "2016-03-31": "-14.01300", "2015-12-31": -12.771, "2015-09-30": -8.741, "2015-06-30": -8.279, "2015-03-31": "-4.33800", "2014-12-31": 0, "2014-09-30": 0, "2014-06-30": 0, "2014-03-31": "", "2013-12-31": 0, "2013-09-30": 0, "2013-06-30": 0, "2013-03-31": "", "2012-12-31": 0, "2012-09-30": 0, "2012-06-30": 0, "2012-03-31": "", "2011-12-31": -28.85, "2010-12-31": 0}, "Financial Activities - Other": {"2020-09-30": -26.485, "2020-06-30": 299.423, "2020-03-31": "-0.47100", "2019-12-31": 3.163, "2019-09-30": -0.745, "2019-06-30": -2.335, "2019-03-31": "-9.57900", "2018-12-31": -12.003, "2018-09-30": -1.322, "2018-06-30": -8.05, "2018-03-31": "-2.35300", "2017-12-31": -33.121, "2017-09-30": -1.233, "2017-06-30": -8.134, "2017-03-31": "-3.04600", "2016-12-31": -48.953, "2016-09-30": -10.285, "2016-06-30": -6.024, "2016-03-31": "-1.46300", "2015-12-31": -6.26, "2015-09-30": -3.206, "2015-06-30": -5.87, "2015-03-31": "-16.22900", "2014-12-31": -6.892, "2014-09-30": -10.581, "2014-06-30": -33.671, "2014-03-31": "-0.70100", "2013-12-31": -52.232, "2013-09-30": -4.847, "2013-06-30": -1.606, "2013-03-31": "4.74500", "2012-12-31": -6.102, "2012-09-30": 1.071, "2012-06-30": -0.039, "2012-03-31": "-0.04000", "2011-12-31": 5.88, "2010-12-31": -12.72}, "Cash Flow From Financial Activities": {"2020-09-30": -241.415, "2020-06-30": 146.964, "2020-03-31": "-13.99600", "2019-12-31": 68.223, "2019-09-30": 81.331, "2019-06-30": 122.665, "2019-03-31": "285.34500", "2018-12-31": -241.204, "2018-09-30": 125.926, "2018-06-30": 338.842, "2018-03-31": "16.73200", "2017-12-31": 204.587, "2017-09-30": -510.953, "2017-06-30": 495.612, "2017-03-31": "262.92400", "2016-12-31": 98.01, "2016-09-30": 599.578, "2016-06-30": 268.907, "2016-03-31": "195.52400", "2015-12-31": 282.7, "2015-09-30": 136.164, "2015-06-30": 313.669, "2015-03-31": "327.30800", "2014-12-31": 1305.332, "2014-09-30": 756.919, "2014-06-30": 801.329, "2014-03-31": "456.29900", "2013-12-31": 611.841, "2013-09-30": 547.653, "2013-06-30": 554.394, "2013-03-31": "423.49500", "2012-12-31": 63.888, "2012-09-30": 358.071, "2012-06-30": -53.039, "2012-03-31": "-222.04000", "2011-12-31": 528.09, "2010-12-31": 101.2}, "Net Cash Flow": {"2020-09-30": 0, "2020-06-30": 0, "2020-03-31": "0.00000", "2019-12-31": 0, "2019-09-30": 0, "2019-06-30": 0, "2019-03-31": "", "2018-12-31": 0, "2018-09-30": -50.608, "2018-06-30": 27.455, "2018-03-31": "-5.28800", "2017-12-31": 4.747, "2017-09-30": -16.496, "2017-06-30": 40.19, "2017-03-31": "-31.61000", "2016-12-31": 13.098, "2016-09-30": -9.739, "2016-06-30": -11.619, "2016-03-31": "16.39700", "2015-12-31": -3.937, "2015-09-30": -115.876, "2015-06-30": -42.205, "2015-03-31": "-60.48800", "2014-12-31": 239.671, "2014-09-30": -12.965, "2014-06-30": 6.693, "2014-03-31": "-4.90700", "2013-12-31": 5.903, "2013-09-30": 0.717, "2013-06-30": 6.061, "2013-03-31": "-14.18300", "2012-12-31": 2.428, "2012-09-30": 10.98, "2012-06-30": -0.918, "2012-03-31": "3.15000", "2011-12-31": -3.96, "2010-12-31": -1.68}, "Stock-Based Compensation": {"2020-09-30": 5.699, "2020-06-30": 7.973, "2020-03-31": "3.32900", "2019-12-31": 4.232, "2019-09-30": 3.875, "2019-06-30": 6.549, "2019-03-31": "8.90300", "2018-12-31": 13.985, "2018-09-30": 16.202, "2018-06-30": 19.071, "2018-03-31": "21.15600", "2017-12-31": 24.52, "2017-09-30": 26.447, "2017-06-30": 26.975, "2017-03-31": "25.50300", "2016-12-31": 26.754, "2016-09-30": 26.381, "2016-06-30": 25.816, "2016-03-31": "23.47000", "2015-12-31": 18.597, "2015-09-30": 23.915, "2015-06-30": 27.582, "2015-03-31": "27.78300", "2014-12-31": 26.356, "2014-09-30": 24.285, "2014-06-30": 32.474, "2014-03-31": "29.13700", "2013-12-31": 365.28, "2013-09-30": 0, "2013-06-30": 0, "2013-03-31": "0.00000", "2012-12-31": 0, "2012-09-30": 0, "2012-06-30": 0, "2012-03-31": "", "2011-12-31": 0, "2010-12-31": 0}, "Common Stock Dividends Paid": {"2020-09-30": 0, "2020-06-30": 0, "2020-03-31": "", "2019-12-31": 0, "2019-09-30": 0, "2019-06-30": 0, "2019-03-31": "-85.07600", "2018-12-31": -78.496, "2018-09-30": -69.752, "2018-06-30": -63.108, "2018-03-31": "-55.91500", "2017-12-31": -50.299, "2017-09-30": -40.184, "2017-06-30": -34.72, "2017-03-31": "-27.14900", "2016-12-31": -23.844, "2016-09-30": -19.557, "2016-06-30": -17.668, "2016-03-31": "-14.01300", "2015-12-31": -12.771, "2015-09-30": -8.741, "2015-06-30": -8.279, "2015-03-31": "-4.33800", "2014-12-31": 0, "2014-09-30": 0, "2014-06-30": 0, "2014-03-31": "", "2013-12-31": 0, "2013-09-30": 0, "2013-06-30": 0, "2013-03-31": "", "2012-12-31": 0, "2012-09-30": 0, "2012-06-30": 0, "2012-03-31": "", "2011-12-31": 0, "2010-12-31": 0}}, "financial ratios": {"Current Ratio": {"2019-12-31": "0.88730", "2018-12-31": "0.94500", "2017-12-31": "1.09320", "2016-12-31": "0.49250", "2015-12-31": "1.76490", "2014-12-31": "1.39950", "2013-12-31": "0.53610", "2012-12-31": "0.72980", "2011-12-31": "1.30810", "2010-12-31": ""}, "Long-term Debt / Capital": {"2019-12-31": "0.35030", "2018-12-31": "0.39150", "2017-12-31": "0.35100", "2016-12-31": "0.37840", "2015-12-31": "0.39050", "2014-12-31": "0.44350", "2013-12-31": "0.36620", "2012-12-31": "0.46320", "2011-12-31": "0.40210", "2010-12-31": ""}, "Debt/Equity Ratio": {"2019-12-31": "0.53920", "2018-12-31": "0.64350", "2017-12-31": "0.54080", "2016-12-31": "0.60860", "2015-12-31": "0.64070", "2014-12-31": "0.79700", "2013-12-31": "0.57770", "2012-12-31": "0.87770", "2011-12-31": "0.67250", "2010-12-31": ""}, "Gross Margin": {"2019-12-31": "32.69380", "2018-12-31": "44.72830", "2017-12-31": "54.98660", "2016-12-31": "14.08210", "2015-12-31": "72.87490", "2014-12-31": "74.92840", "2013-12-31": "78.80280", "2012-12-31": "84.02280", "2011-12-31": "92.21270", "2010-12-31": "89.37860"}, "Operating Margin": {"2019-12-31": "-22.38860", "2018-12-31": "1.73700", "2017-12-31": "20.24560", "2016-12-31": "-55.93510", "2015-12-31": "45.26800", "2014-12-31": "47.77330", "2013-12-31": "25.98420", "2012-12-31": "60.35130", "2011-12-31": "76.80350", "2010-12-31": "48.22440"}, "EBIT Margin": {"2019-12-31": "-22.38860", "2018-12-31": "1.73700", "2017-12-31": "20.24560", "2016-12-31": "-55.93510", "2015-12-31": "45.26800", "2014-12-31": "47.77330", "2013-12-31": "25.98420", "2012-12-31": "60.35130", "2011-12-31": "76.80350", "2010-12-31": "48.22440"}, "EBITDA Margin": {"2019-12-31": "-1.55190", "2018-12-31": "25.29670", "2017-12-31": "42.87460", "2016-12-31": "-9.36960", "2015-12-31": "63.25650", "2014-12-31": "65.38560", "2013-12-31": "43.87580", "2012-12-31": "74.23250", "2011-12-31": "84.87340", "2010-12-31": "63.04730"}, "Pre-Tax Profit Margin": {"2019-12-31": "-8.33000", "2018-12-31": "-4.21680", "2017-12-31": "13.40650", "2016-12-31": "-71.41340", "2015-12-31": "39.34110", "2014-12-31": "41.14110", "2013-12-31": "12.33870", "2012-12-31": "47.09750", "2011-12-31": "66.02780", "2010-12-31": "0.92380"}, "Net Profit Margin": {"2019-12-31": "-7.71500", "2018-12-31": "-9.60270", "2017-12-31": "16.82550", "2016-12-31": "-48.65600", "2015-12-31": "23.80270", "2014-12-31": "24.75850", "2013-12-31": "-1.44160", "2012-12-31": "-38.74700", "2011-12-31": "56.79850", "2010-12-31": "182.85850"}, "Asset Turnover": {"2019-12-31": "0.29010", "2018-12-31": "0.26670", "2017-12-31": "0.23950", "2016-12-31": "0.12240", "2015-12-31": "0.28020", "2014-12-31": "0.23510", "2013-12-31": "0.19860", "2012-12-31": "0.20330", "2011-12-31": "0.18250", "2010-12-31": ""}, "Inventory Turnover Ratio": {"2019-12-31": "", "2018-12-31": "", "2017-12-31": "", "2016-12-31": "", "2015-12-31": "", "2014-12-31": "", "2013-12-31": "", "2012-12-31": "", "2011-12-31": "", "2010-12-31": ""}, "Receiveable Turnover": {"2019-12-31": "25.71880", "2018-12-31": "81.05310", "2017-12-31": "104.75620", "2016-12-31": "58.77380", "2015-12-31": "49.80680", "2014-12-31": "23.41280", "2013-12-31": "42.89890", "2012-12-31": "34.54720", "2011-12-31": "27.52530", "2010-12-31": ""}, "Days Sales In Receivables": {"2019-12-31": "14.19200", "2018-12-31": "4.50320", "2017-12-31": "3.48430", "2016-12-31": "6.21020", "2015-12-31": "7.32830", "2014-12-31": "15.58980", "2013-12-31": "8.50840", "2012-12-31": "10.56520", "2011-12-31": "13.26050", "2010-12-31": ""}, "ROE - Return On Equity": {"2019-12-31": "-4.20520", "2018-12-31": "-0.53850", "2017-12-31": "8.84550", "2016-12-31": "-9.69710", "2015-12-31": "13.44920", "2014-12-31": "12.30630", "2013-12-31": "-0.67210", "2012-12-31": "13.45950", "2011-12-31": "13.84460", "2010-12-31": ""}, "Return On Tangible Equity": {"2019-12-31": "-4.20520", "2018-12-31": "-0.53850", "2017-12-31": "8.84550", "2016-12-31": "-9.69710", "2015-12-31": "13.44920", "2014-12-31": "12.30630", "2013-12-31": "-0.67210", "2012-12-31": "13.45950", "2011-12-31": "13.84460", "2010-12-31": ""}, "ROA - Return On Assets": {"2019-12-31": "-1.92880", "2018-12-31": "-0.29450", "2017-12-31": "5.14460", "2016-12-31": "-5.25720", "2015-12-31": "6.94270", "2014-12-31": "5.82040", "2013-12-31": "-0.36570", "2012-12-31": "6.22520", "2011-12-31": "7.15760", "2010-12-31": ""}, "ROI - Return On Investment": {"2019-12-31": "-2.73200", "2018-12-31": "-0.32760", "2017-12-31": "5.74090", "2016-12-31": "-6.02810", "2015-12-31": "8.19710", "2014-12-31": "6.84830", "2013-12-31": "-0.42600", "2012-12-31": "7.22550", "2011-12-31": "8.27770", "2010-12-31": ""}, "Book Value Per Share": {"2019-12-31": "23.55450", "2018-12-31": "27.50370", "2017-12-31": "28.05540", "2016-12-31": "24.54480", "2015-12-31": "26.30230", "2014-12-31": "20.88670", "2013-12-31": "13.73270", "2012-12-31": "", "2011-12-31": "", "2010-12-31": ""}, "Operating Cash Flow Per Share": {"2019-12-31": -2.9864, "2018-12-31": 0.2445, "2017-12-31": 2.1349, "2016-12-31": 0.503, "2015-12-31": -0.1038, "2014-12-31": 1.7687, "2013-12-31": 0.7726, "2012-12-31": 0.2506, "2011-12-31": 1.0173, "2010-12-31": 0}, "Free Cash Flow Per Share": {"2019-12-31": -1.2438, "2018-12-31": 0.9085, "2017-12-31": 2.5626, "2016-12-31": -0.4781, "2015-12-31": 3.6422, "2014-12-31": -0.3442, "2013-12-31": -4.6741, "2012-12-31": 3.0455, "2011-12-31": -0.3592, "2010-12-31": 0}}, "financial ratios, quarterly": {"Current Ratio": {"2020-09-30": "0.50400", "2020-06-30": "0.97460", "2020-03-31": "1.15240", "2019-12-31": "0.88730", "2019-09-30": "0.62290", "2019-06-30": "0.58390", "2019-03-31": "0.43010", "2018-12-31": "0.94500", "2018-09-30": "1.11400", "2018-06-30": "1.05860", "2018-03-31": "1.01290", "2017-12-31": "1.09320", "2017-09-30": "0.85130", "2017-06-30": "1.06180", "2017-03-31": "0.69630", "2016-12-31": "0.49250", "2016-09-30": "1.13660", "2016-06-30": "1.17620", "2016-03-31": "1.91970", "2015-12-31": "1.76490", "2015-09-30": "1.01420", "2015-06-30": "1.05280", "2015-03-31": "1.12720", "2014-12-31": "1.39950", "2014-09-30": "0.47240", "2014-06-30": "0.44990", "2014-03-31": "0.42310", "2013-12-31": "0.53610", "2013-09-30": "0.61260", "2013-06-30": "0.68670", "2013-03-31": "0.41230", "2012-12-31": "0.72980", "2012-09-30": "", "2012-06-30": "", "2012-03-31": "", "2011-12-31": "", "2010-12-31": ""}, "Long-term Debt / Capital": {"2020-09-30": "0.34550", "2020-06-30": "0.35350", "2020-03-31": "0.36000", "2019-12-31": "0.35030", "2019-09-30": "0.33220", "2019-06-30": "0.30170", "2019-03-31": "0.29540", "2018-12-31": "0.39150", "2018-09-30": "0.38760", "2018-06-30": "0.37530", "2018-03-31": "0.35340", "2017-12-31": "0.35100", "2017-09-30": "0.34970", "2017-06-30": "0.38930", "2017-03-31": "0.36650", "2016-12-31": "0.37840", "2016-09-30": "0.37360", "2016-06-30": "0.35830", "2016-03-31": "0.38790", "2015-12-31": "0.39050", "2015-09-30": "0.38260", "2015-06-30": "0.41630", "2015-03-31": "0.39340", "2014-12-31": "0.44350", "2014-09-30": "0.52450", "2014-06-30": "0.48890", "2014-03-31": "0.41780", "2013-12-31": "0.36620", "2013-09-30": "0.61270", "2013-06-30": "0.57920", "2013-03-31": "0.53390", "2012-12-31": "0.46320", "2012-09-30": "", "2012-06-30": "", "2012-03-31": "", "2011-12-31": "", "2010-12-31": ""}, "Debt/Equity Ratio": {"2020-09-30": "0.52780", "2020-06-30": "0.54690", "2020-03-31": "0.56240", "2019-12-31": "0.53920", "2019-09-30": "0.49740", "2019-06-30": "0.43200", "2019-03-31": "0.41920", "2018-12-31": "0.64350", "2018-09-30": "0.63280", "2018-06-30": "0.60070", "2018-03-31": "0.54660", "2017-12-31": "0.54080", "2017-09-30": "0.53780", "2017-06-30": "0.63740", "2017-03-31": "0.57850", "2016-12-31": "0.60860", "2016-09-30": "0.59650", "2016-06-30": "0.55840", "2016-03-31": "0.63380", "2015-12-31": "0.64070", "2015-09-30": "0.61980", "2015-06-30": "0.71320", "2015-03-31": "0.64840", "2014-12-31": "0.79700", "2014-09-30": "1.10300", "2014-06-30": "0.95670", "2014-03-31": "0.71770", "2013-12-31": "0.57770", "2013-09-30": "1.59520", "2013-06-30": "1.39060", "2013-03-31": "1.16100", "2012-12-31": "0.87770", "2012-09-30": "", "2012-06-30": "", "2012-03-31": "", "2011-12-31": "", "2010-12-31": ""}, "Gross Margin": {"2020-09-30": "-118.72170", "2020-06-30": "-62.84060", "2020-03-31": "44.32940", "2019-12-31": "21.35980", "2019-09-30": "30.56750", "2019-06-30": "40.27700", "2019-03-31": "35.89570", "2018-12-31": "40.18050", "2018-09-30": "49.36940", "2018-06-30": "41.65220", "2018-03-31": "47.45440", "2017-12-31": "55.26050", "2017-09-30": "37.10190", "2017-06-30": "51.45260", "2017-03-31": "66.78050", "2016-12-31": "-143.98220", "2016-09-30": "66.06070", "2016-06-30": "245.08060", "2016-03-31": "47.67740", "2015-12-31": "68.52290", "2015-09-30": "83.12190", "2015-06-30": "27.02320", "2015-03-31": "78.09760", "2014-12-31": "84.75470", "2014-09-30": "74.93360", "2014-06-30": "53.69600", "2014-03-31": "27.82760", "2013-12-31": "80.30790", "2013-09-30": "81.03330", "2013-06-30": "84.44200", "2013-03-31": "17.56440", "2012-12-31": "80.52580", "2012-09-30": "133.05700", "2012-06-30": "34.96210", "2012-03-31": "97.10880", "2011-12-31": "", "2010-12-31": ""}, "Operating Margin": {"2020-09-30": "-198.14160", "2020-06-30": "-125.16150", "2020-03-31": "19.92500", "2019-12-31": "-7.08020", "2019-09-30": "-88.11290", "2019-06-30": "7.69400", "2019-03-31": "-3.24920", "2018-12-31": "-4.45950", "2018-09-30": "0.44620", "2018-06-30": "-3.31160", "2018-03-31": "14.24900", "2017-12-31": "18.30820", "2017-09-30": "-11.12120", "2017-06-30": "15.65600", "2017-03-31": "41.93310", "2016-12-31": "-404.57380", "2016-09-30": "41.85680", "2016-06-30": "357.09480", "2016-03-31": "10.92210", "2015-12-31": "34.60590", "2015-09-30": "65.20420", "2015-06-30": "-43.46770", "2015-03-31": "56.90020", "2014-12-31": "69.50620", "2014-09-30": "50.02020", "2014-06-30": "-1.70330", "2014-03-31": "-61.87560", "2013-12-31": "-16.94070", "2013-09-30": "57.89210", "2013-06-30": "64.15860", "2013-03-31": "-78.87040", "2012-12-31": "52.74380", "2012-09-30": "181.31420", "2012-06-30": "-60.25950", "2012-03-31": "92.16150", "2011-12-31": "", "2010-12-31": ""}, "EBIT Margin": {"2020-09-30": "-198.14160", "2020-06-30": "-125.16150", "2020-03-31": "19.92500", "2019-12-31": "-7.08030", "2019-09-30": "-88.11290", "2019-06-30": "7.69400", "2019-03-31": "-3.24920", "2018-12-31": "-4.45940", "2018-09-30": "0.44620", "2018-06-30": "-3.31160", "2018-03-31": "14.24900", "2017-12-31": "18.30820", "2017-09-30": "-11.12120", "2017-06-30": "15.65600", "2017-03-31": "41.93310", "2016-12-31": "-404.57390", "2016-09-30": "41.85680", "2016-06-30": "357.09480", "2016-03-31": "10.92210", "2015-12-31": "34.60590", "2015-09-30": "65.20420", "2015-06-30": "-43.46770", "2015-03-31": "56.90020", "2014-12-31": "69.50630", "2014-09-30": "50.02020", "2014-06-30": "-1.70330", "2014-03-31": "-61.87560", "2013-12-31": "-16.94070", "2013-09-30": "57.89210", "2013-06-30": "64.15860", "2013-03-31": "-78.87040", "2012-12-31": "52.74380", "2012-09-30": "181.31420", "2012-06-30": "-60.25950", "2012-03-31": "92.16150", "2011-12-31": "", "2010-12-31": ""}, "EBITDA Margin": {"2020-09-30": "", "2020-06-30": "", "2020-03-31": "", "2019-12-31": "", "2019-09-30": "", "2019-06-30": "", "2019-03-31": "", "2018-12-31": "", "2018-09-30": "", "2018-06-30": "", "2018-03-31": "", "2017-12-31": "", "2017-09-30": "", "2017-06-30": "", "2017-03-31": "", "2016-12-31": "", "2016-09-30": "", "2016-06-30": "", "2016-03-31": "", "2015-12-31": "", "2015-09-30": "", "2015-06-30": "", "2015-03-31": "", "2014-12-31": "", "2014-09-30": "", "2014-06-30": "", "2014-03-31": "", "2013-12-31": "", "2013-09-30": "", "2013-06-30": "", "2013-03-31": "", "2012-12-31": "", "2012-09-30": "", "2012-06-30": "", "2012-03-31": "", "2011-12-31": "", "2010-12-31": ""}, "Pre-Tax Profit Margin": {"2020-09-30": "-189.86890", "2020-06-30": "-124.86250", "2020-03-31": "-34.07440", "2019-12-31": "-61.88880", "2019-09-30": "-102.91450", "2019-06-30": "4.57170", "2019-03-31": "126.70690", "2018-12-31": "-10.77040", "2018-09-30": "-5.48230", "2018-06-30": "-9.38480", "2018-03-31": "8.74720", "2017-12-31": "12.67230", "2017-09-30": "-20.84920", "2017-06-30": "7.43740", "2017-03-31": "36.54330", "2016-12-31": "-459.89220", "2016-09-30": "36.64300", "2016-06-30": "382.01910", "2016-03-31": "2.14490", "2015-12-31": "27.92500", "2015-09-30": "60.98340", "2015-06-30": "-59.34800", "2015-03-31": "52.57510", "2014-12-31": "66.19270", "2014-09-30": "44.45230", "2014-06-30": "-20.21890", "2014-03-31": "-80.50850", "2013-12-31": "-33.26200", "2013-09-30": "48.15430", "2013-06-30": "55.51370", "2013-03-31": "-127.57020", "2012-12-31": "41.49230", "2012-09-30": "205.70960", "2012-06-30": "-122.48940", "2012-03-31": "87.76050", "2011-12-31": "", "2010-12-31": ""}, "Net Profit Margin": {"2020-09-30": "-140.73190", "2020-06-30": "-95.54410", "2020-03-31": "-25.72380", "2019-12-31": "-50.61160", "2019-09-30": "-78.54850", "2019-06-30": "3.24450", "2019-03-31": "94.34710", "2018-12-31": "-11.62400", "2018-09-30": "-14.34410", "2018-06-30": "-13.78540", "2018-03-31": "1.44280", "2017-12-31": "47.65160", "2017-09-30": "-20.84690", "2017-06-30": "-0.64930", "2017-03-31": "22.44900", "2016-12-31": "-310.96190", "2016-09-30": "21.33940", "2016-06-30": "239.26520", "2016-03-31": "-0.70110", "2015-12-31": "17.50750", "2015-09-30": "36.98670", "2015-06-30": "-38.58980", "2015-03-31": "32.07570", "2014-12-31": "41.03360", "2014-09-30": "26.74250", "2014-06-30": "-13.58170", "2014-03-31": "-56.33480", "2013-12-31": "-46.46110", "2013-09-30": "31.44010", "2013-06-30": "33.88740", "2013-03-31": "-78.10230", "2012-12-31": "-2.99470", "2012-09-30": "138.72310", "2012-06-30": "-1228.22600", "2012-03-31": "59.18490", "2011-12-31": "", "2010-12-31": ""}, "Asset Turnover": {"2020-09-30": "0.02850", "2020-06-30": "0.03530", "2020-03-31": "0.09070", "2019-12-31": "0.06270", "2019-09-30": "0.06940", "2019-06-30": "0.07500", "2019-03-31": "0.06000", "2018-12-31": "0.06740", "2018-09-30": "0.06810", "2018-06-30": "0.06310", "2018-03-31": "0.06670", "2017-12-31": "0.06690", "2017-09-30": "0.04360", "2017-06-30": "0.05120", "2017-03-31": "0.08030", "2016-12-31": "0.01100", "2016-09-30": "0.07630", "2016-06-30": "-0.01840", "2016-03-31": "0.05050", "2015-12-31": "0.06410", "2015-09-30": "0.10630", "2015-06-30": "0.03010", "2015-03-31": "0.09850", "2014-12-31": "0.12780", "2014-09-30": "0.08180", "2014-06-30": "0.03870", "2014-03-31": "0.02360", "2013-12-31": "0.07260", "2013-09-30": "0.06780", "2013-06-30": "0.08020", "2013-03-31": "0.01500", "2012-12-31": "0.06500", "2012-09-30": "", "2012-06-30": "", "2012-03-31": "", "2011-12-31": "", "2010-12-31": ""}, "Inventory Turnover Ratio": {"2020-09-30": "", "2020-06-30": "", "2020-03-31": "", "2019-12-31": "", "2019-09-30": "", "2019-06-30": "", "2019-03-31": "", "2018-12-31": "", "2018-09-30": "", "2018-06-30": "", "2018-03-31": "", "2017-12-31": "", "2017-09-30": "", "2017-06-30": "", "2017-03-31": "", "2016-12-31": "", "2016-09-30": "", "2016-06-30": "", "2016-03-31": "", "2015-12-31": "", "2015-09-30": "", "2015-06-30": "", "2015-03-31": "", "2014-12-31": "", "2014-09-30": "", "2014-06-30": "", "2014-03-31": "", "2013-12-31": "", "2013-09-30": "", "2013-06-30": "", "2013-03-31": "", "2012-12-31": "", "2012-09-30": "", "2012-06-30": "", "2012-03-31": "", "2011-12-31": "", "2010-12-31": ""}, "Receiveable Turnover": {"2020-09-30": "", "2020-06-30": "8.50530", "2020-03-31": "14.32510", "2019-12-31": "7.62190", "2019-09-30": "38.30870", "2019-06-30": "25.99640", "2019-03-31": "21.18070", "2018-12-31": "20.47360", "2018-09-30": "23.09960", "2018-06-30": "27.73140", "2018-03-31": "38.51720", "2017-12-31": "29.27920", "2017-09-30": "14.77360", "2017-06-30": "47.91980", "2017-03-31": "32.42340", "2016-12-31": "5.26300", "2016-09-30": "18.77680", "2016-06-30": "-3.48010", "2016-03-31": "9.15530", "2015-12-31": "11.39900", "2015-09-30": "23.69850", "2015-06-30": "4.75710", "2015-03-31": "10.38500", "2014-12-31": "12.72430", "2014-09-30": "11.42220", "2014-06-30": "6.69080", "2014-03-31": "6.17270", "2013-12-31": "15.68160", "2013-09-30": "11.64410", "2013-06-30": "13.24430", "2013-03-31": "1.93010", "2012-12-31": "11.03870", "2012-09-30": "", "2012-06-30": "", "2012-03-31": "", "2011-12-31": "", "2010-12-31": ""}, "Days Sales In Receivables": {"2020-09-30": "", "2020-06-30": "10.58170", "2020-03-31": "6.28270", "2019-12-31": "11.80810", "2019-09-30": "2.34930", "2019-06-30": "3.46200", "2019-03-31": "4.24920", "2018-12-31": "4.39590", "2018-09-30": "3.89620", "2018-06-30": "3.24540", "2018-03-31": "2.33660", "2017-12-31": "3.07390", "2017-09-30": "6.09200", "2017-06-30": "1.87810", "2017-03-31": "2.77580", "2016-12-31": "17.10060", "2016-09-30": "4.79320", "2016-06-30": "-25.86110", "2016-03-31": "9.83040", "2015-12-31": "7.89550", "2015-09-30": "3.79770", "2015-06-30": "18.91910", "2015-03-31": "8.66640", "2014-12-31": "7.07310", "2014-09-30": "7.87940", "2014-06-30": "13.45120", "2014-03-31": "14.58030", "2013-12-31": "5.73920", "2013-09-30": "7.72930", "2013-06-30": "6.79540", "2013-03-31": "46.63000", "2012-12-31": "8.15310", "2012-09-30": "", "2012-06-30": "", "2012-03-31": "", "2011-12-31": "", "2010-12-31": ""}, "ROE - Return On Equity": {"2020-09-30": "-9.25560", "2020-06-30": "-7.19830", "2020-03-31": "-5.13930", "2019-12-31": "-6.91740", "2019-09-30": "-11.80210", "2019-06-30": "0.50560", "2019-03-31": "12.36920", "2018-12-31": "0.22070", "2018-09-30": "-0.89920", "2018-06-30": "-0.76420", "2018-03-31": "0.90580", "2017-12-31": "5.96670", "2017-09-30": "-1.07310", "2017-06-30": "0.48130", "2017-03-31": "3.70200", "2016-12-31": "-5.85880", "2016-09-30": "3.36070", "2016-06-30": "-7.57130", "2016-03-31": "0.14350", "2015-12-31": "2.40950", "2015-09-30": "7.66110", "2015-06-30": "-2.21070", "2015-03-31": "6.20380", "2014-12-31": "11.12510", "2014-09-30": "5.43550", "2014-06-30": "-1.26290", "2014-03-31": "-2.68210", "2013-12-31": "-6.25720", "2013-09-30": "6.27290", "2013-06-30": "7.46720", "2013-03-31": "-2.95230", "2012-12-31": "5.06830", "2012-09-30": "", "2012-06-30": "", "2012-03-31": "", "2011-12-31": "", "2010-12-31": ""}, "Return On Tangible Equity": {"2020-09-30": "-9.25560", "2020-06-30": "-7.19830", "2020-03-31": "-5.13930", "2019-12-31": "-6.91740", "2019-09-30": "-11.80210", "2019-06-30": "0.50560", "2019-03-31": "12.36920", "2018-12-31": "0.22070", "2018-09-30": "-0.89920", "2018-06-30": "-0.76420", "2018-03-31": "0.90580", "2017-12-31": "5.96670", "2017-09-30": "-1.07310", "2017-06-30": "0.48130", "2017-03-31": "3.70200", "2016-12-31": "-5.85880", "2016-09-30": "3.36070", "2016-06-30": "-7.57130", "2016-03-31": "0.14350", "2015-12-31": "2.40950", "2015-09-30": "7.66110", "2015-06-30": "-2.21070", "2015-03-31": "6.20380", "2014-12-31": "11.12510", "2014-09-30": "5.43550", "2014-06-30": "-1.26290", "2014-03-31": "-2.68210", "2013-12-31": "-6.25720", "2013-09-30": "6.27290", "2013-06-30": "7.46720", "2013-03-31": "-2.95230", "2012-12-31": "5.06830", "2012-09-30": "", "2012-06-30": "", "2012-03-31": "", "2011-12-31": "", "2010-12-31": ""}, "ROA - Return On Assets": {"2020-09-30": "-4.14870", "2020-06-30": "-3.36920", "2020-03-31": "-2.33250", "2019-12-31": "-3.17290", "2019-09-30": "-5.45190", "2019-06-30": "0.24330", "2019-03-31": "5.93310", "2018-12-31": "0.12070", "2018-09-30": "-0.49340", "2018-06-30": "-0.42880", "2018-03-31": "0.52400", "2017-12-31": "3.47030", "2017-09-30": "-0.60610", "2017-06-30": "0.25880", "2017-03-31": "2.05230", "2016-12-31": "-3.17630", "2016-09-30": "1.83330", "2016-06-30": "-4.24440", "2016-03-31": "0.07450", "2015-12-31": "1.24380", "2015-09-30": "4.01220", "2015-06-30": "-1.11300", "2015-03-31": "3.19800", "2014-12-31": "5.26180", "2014-09-30": "2.18880", "2014-06-30": "-0.55310", "2014-03-31": "-1.32820", "2013-12-31": "-3.40480", "2013-09-30": "2.07670", "2013-06-30": "2.71890", "2013-03-31": "-1.17270", "2012-12-31": "2.34420", "2012-09-30": "", "2012-06-30": "", "2012-03-31": "", "2011-12-31": "", "2010-12-31": ""}, "ROI - Return On Investment": {"2020-09-30": "-6.05820", "2020-06-30": "-4.65350", "2020-03-31": "-3.28930", "2019-12-31": "-4.49410", "2019-09-30": "-7.88180", "2019-06-30": "0.35310", "2019-03-31": "8.71590", "2018-12-31": "0.13430", "2018-09-30": "-0.55070", "2018-06-30": "-0.47740", "2018-03-31": "0.58570", "2017-12-31": "3.87250", "2017-09-30": "-0.69780", "2017-06-30": "0.29400", "2017-03-31": "2.34520", "2016-12-31": "-3.64210", "2016-09-30": "2.10510", "2016-06-30": "-4.85850", "2016-03-31": "0.08780", "2015-12-31": "1.46860", "2015-09-30": "4.72970", "2015-06-30": "-1.29040", "2015-03-31": "3.76340", "2014-12-31": "6.19100", "2014-09-30": "2.58460", "2014-06-30": "-0.64540", "2014-03-31": "-1.56140", "2013-12-31": "-3.96600", "2013-09-30": "2.42960", "2013-06-30": "3.14220", "2013-03-31": "-1.37600", "2012-12-31": "2.72080", "2012-09-30": "", "2012-06-30": "", "2012-03-31": "", "2011-12-31": "", "2010-12-31": ""}, "Book Value Per Share": {"2020-09-30": "22.28230", "2020-06-30": "23.96880", "2020-03-31": "24.51430", "2019-12-31": "23.55450", "2019-09-30": "24.48280", "2019-06-30": "26.97860", "2019-03-31": "26.86010", "2018-12-31": "27.50370", "2018-09-30": "27.34640", "2018-06-30": "27.76490", "2018-03-31": "28.18460", "2017-12-31": "28.05540", "2017-09-30": "26.58660", "2017-06-30": "26.32090", "2017-03-31": "26.20250", "2016-12-31": "24.54480", "2016-09-30": "25.97850", "2016-06-30": "24.99000", "2016-03-31": "26.78240", "2015-12-31": "26.30230", "2015-09-30": "25.66660", "2015-06-30": "22.77570", "2015-03-31": "23.24730", "2014-12-31": "20.88670", "2014-09-30": "14.31560", "2014-06-30": "13.44490", "2014-03-31": "13.48230", "2013-12-31": "13.73270", "2013-09-30": "7.16590", "2013-06-30": "", "2013-03-31": "", "2012-12-31": "", "2012-09-30": "", "2012-06-30": "", "2012-03-31": "", "2011-12-31": "", "2010-12-31": ""}, "Operating Cash Flow Per Share": {"2020-09-30": 0.6544, "2020-06-30": 0.4738, "2020-03-31": "0.70600", "2019-12-31": 0.4969, "2019-09-30": 0.6554, "2019-06-30": 0.7036, "2019-03-31": "1.74550", "2018-12-31": 2.6128, "2018-09-30": 1.3284, "2018-06-30": 0.9378, "2018-03-31": "1.70880", "2017-12-31": 0.9772, "2017-09-30": 3.3129, "2017-06-30": 0.8056, "2017-03-31": "1.24760", "2016-12-31": 1.2741, "2016-09-30": 0.8806, "2016-06-30": 0.8259, "2016-03-31": "1.22780", "2015-12-31": 0.6689, "2015-09-30": 0.8881, "2015-06-30": 0.8237, "2015-03-31": "1.32470", "2014-12-31": 0.7614, "2014-09-30": 1.1473, "2014-06-30": 0.8537, "2014-03-31": "1.04680", "2013-12-31": 0.7738, "2013-09-30": 0.5334, "2013-06-30": 0.32, "2013-03-31": "0.41330", "2012-12-31": 0, "2012-09-30": 0, "2012-06-30": 0, "2012-03-31": "", "2011-12-31": 0, "2010-12-31": 0}, "Free Cash Flow Per Share": {"2020-09-30": 0.6189, "2020-06-30": 0.4275, "2020-03-31": "0.66690", "2019-12-31": 0.4129, "2019-09-30": 0.6248, "2019-06-30": 0.6105, "2019-03-31": "1.41120", "2018-12-31": 2.0646, "2018-09-30": 0.7159, "2018-06-30": 0.4011, "2018-03-31": "1.12160", "2017-12-31": 0.4727, "2017-09-30": 2.6651, "2017-06-30": -0.3278, "2017-03-31": "0.58470", "2016-12-31": 0.8707, "2016-09-30": -1.2569, "2016-06-30": 0.4053, "2016-03-31": "0.81300", "2015-12-31": 0.0698, "2015-09-30": 0.2783, "2015-06-30": 0.2471, "2015-03-31": "0.71500", "2014-12-31": -1.2057, "2014-09-30": -0.6922, "2014-06-30": -0.5822, "2014-03-31": "0.14810", "2013-12-31": -0.629, "2013-09-30": -0.3333, "2013-06-30": -0.6337, "2013-03-31": "-0.39180", "2012-12-31": 0, "2012-09-30": 0, "2012-06-30": 0, "2012-03-31": "", "2011-12-31": 0, "2010-12-31": 0}}, "revenue": {"Antero Resources Annual Revenue (Millions of US $)": {"2019": "$4,409", "2018": "$4,140", "2017": "$3,656", "2016": "$1,745", "2015": "$3,955", "2014": "$2,721", "2013": "$1,313", "2012": "$736", "2011": "$691", "2010": "$125"}, "Antero Resources Quarterly Revenue (Millions of US $)": {"2020-09-30": "$381", "2020-06-30": "$485", "2020-03-31": "$1,317", "2019-12-31": "$953", "2019-09-30": "$1,119", "2019-06-30": "$1,300", "2019-03-31": "$1,037", "2018-12-31": "$1,046", "2018-09-30": "$1,077", "2018-06-30": "$989", "2018-03-31": "$1,028", "2017-12-31": "$1,022", "2017-09-30": "$648", "2017-06-30": "$790", "2017-03-31": "$1,196", "2016-12-31": "$156", "2016-09-30": "$1,117", "2016-06-30": "$-249", "2016-03-31": "$721", "2015-12-31": "$905", "2015-09-30": "$1,443", "2015-06-30": "$377", "2015-03-31": "$1,230", "2014-12-31": "$1,479", "2014-09-30": "$762", "2014-06-30": "$311", "2014-03-31": "$168", "2013-12-31": "$480", "2013-09-30": "$385", "2013-06-30": "$387", "2013-03-31": "$61", "2012-12-31": "$235", "2012-09-30": "$-92", "2012-06-30": "$39", "2012-03-31": "$554", "2011-12-31": "", "2010-12-31": ""}}, "gross-profit": {"Antero Resources Annual Gross Profit (Millions of US $)": {"2019": "$1,441", "2018": "$1,852", "2017": "$2,010", "2016": "$246", "2015": "$2,882", "2014": "$2,039", "2013": "$1,035", "2012": "$618", "2011": "$638", "2010": "$112"}, "Antero Resources Quarterly Gross Profit (Millions of US $)": {"2020-09-30": "$-452", "2020-06-30": "$-305", "2020-03-31": "$584", "2019-12-31": "$204", "2019-09-30": "$342", "2019-06-30": "$523", "2019-03-31": "$372", "2018-12-31": "$420", "2018-09-30": "$531", "2018-06-30": "$412", "2018-03-31": "$488", "2017-12-31": "$565", "2017-09-30": "$240", "2017-06-30": "$407", "2017-03-31": "$798", "2016-12-31": "$-225", "2016-09-30": "$738", "2016-06-30": "$-611", "2016-03-31": "$344", "2015-12-31": "$620", "2015-09-30": "$1,200", "2015-06-30": "$102", "2015-03-31": "$960", "2014-12-31": "$1,253", "2014-09-30": "$571", "2014-06-30": "$167", "2014-03-31": "$47", "2013-12-31": "$385", "2013-09-30": "$312", "2013-06-30": "$327", "2013-03-31": "$11", "2012-12-31": "$189", "2012-09-30": "$-122", "2012-06-30": "$14", "2012-03-31": "$538", "2011-12-31": "", "2010-12-31": ""}}, "operating-income": {"Antero Resources Annual Operating Income (Millions of US $)": {"2019": "$-987", "2018": "$72", "2017": "$740", "2016": "$-976", "2015": "$1,790", "2014": "$1,300", "2013": "$341", "2012": "$444", "2011": "$531", "2010": "$60"}, "Antero Resources Quarterly Operating Income (Millions of US $)": {"2020-09-30": "$-754", "2020-06-30": "$-607", "2020-03-31": "$262", "2019-12-31": "$-67", "2019-09-30": "$-986", "2019-06-30": "$100", "2019-03-31": "$-34", "2018-12-31": "$-47", "2018-09-30": "$5", "2018-06-30": "$-33", "2018-03-31": "$146", "2017-12-31": "$187", "2017-09-30": "$-72", "2017-06-30": "$124", "2017-03-31": "$501", "2016-12-31": "$-632", "2016-09-30": "$467", "2016-06-30": "$-890", "2016-03-31": "$79", "2015-12-31": "$313", "2015-09-30": "$941", "2015-06-30": "$-164", "2015-03-31": "$700", "2014-12-31": "$1,028", "2014-09-30": "$381", "2014-06-30": "$-5", "2014-03-31": "$-104", "2013-12-31": "$-81", "2013-09-30": "$223", "2013-06-30": "$248", "2013-03-31": "$-48", "2012-12-31": "$124", "2012-09-30": "$-167", "2012-06-30": "$-23", "2012-03-31": "$510", "2011-12-31": "", "2010-12-31": ""}}, "ebitda": {"Antero Resources Annual EBITDA (Millions of US $)": {"2019": "$-68", "2018": "$1,047", "2017": "$1,567", "2016": "$-163", "2015": "$2,502", "2014": "$1,779", "2013": "$576", "2012": "$546", "2011": "$587", "2010": "$79"}, "Antero Resources Quarterly EBITDA (Millions of US $)": {"2020-09-30": "$-512", "2020-06-30": "$-392", "2020-03-31": "$463", "2019-12-31": "$116", "2019-09-30": "$-735", "2019-06-30": "$343", "2019-03-31": "$207", "2018-12-31": "$217", "2018-09-30": "$249", "2018-06-30": "$206", "2018-03-31": "$375", "2017-12-31": "$401", "2017-09-30": "$136", "2017-06-30": "$326", "2017-03-31": "$705", "2016-12-31": "$-410", "2016-09-30": "$667", "2016-06-30": "$-692", "2016-03-31": "$271", "2015-12-31": "$475", "2015-09-30": "$1,130", "2015-06-30": "$14", "2015-03-31": "$882", "2014-12-31": "$1,185", "2014-09-30": "$506", "2014-06-30": "$100", "2014-03-31": "$-13", "2013-12-31": "$-6", "2013-09-30": "$289", "2013-06-30": "$301", "2013-03-31": "$-8", "2012-12-31": "$161", "2012-09-30": "$-140", "2012-06-30": "$-1", "2012-03-31": "$526", "2011-12-31": "", "2010-12-31": ""}}, "net-income": {"Antero Resources Annual Net Income (Millions of US $)": {"2019": "$-340", "2018": "$-398", "2017": "$615", "2016": "$-849", "2015": "$941", "2014": "$674", "2013": "$-19", "2012": "$-285", "2011": "$393", "2010": "$229"}, "Antero Resources Quarterly Net Income (Millions of US $)": {"2020-09-30": "$-536", "2020-06-30": "$-463", "2020-03-31": "$-339", "2019-12-31": "$-482", "2019-09-30": "$-879", "2019-06-30": "$42", "2019-03-31": "$979", "2018-12-31": "$-122", "2018-09-30": "$-154", "2018-06-30": "$-136", "2018-03-31": "$15", "2017-12-31": "$487", "2017-09-30": "$-135", "2017-06-30": "$-5", "2017-03-31": "$268", "2016-12-31": "$-486", "2016-09-30": "$238", "2016-06-30": "$-596", "2016-03-31": "$-5", "2015-12-31": "$158", "2015-09-30": "$534", "2015-06-30": "$-145", "2015-03-31": "$394", "2014-12-31": "$607", "2014-09-30": "$204", "2014-06-30": "$-42", "2014-03-31": "$-95", "2013-12-31": "$-223", "2013-09-30": "$121", "2013-06-30": "$131", "2013-03-31": "$-48", "2012-12-31": "$-7", "2012-09-30": "$-128", "2012-06-30": "$-478", "2012-03-31": "$328", "2011-12-31": "", "2010-12-31": ""}}, "eps-earnings-per-share-diluted": {"Antero Resources Annual EPS": {"2019": "$-1.11", "2018": "$-1.26", "2017": "$1.94", "2016": "$-2.88", "2015": "$3.43", "2014": "$2.57", "2013": "$-0.07", "2012": "$-1.09", "2011": "$1.50", "2010": "$0.00"}, "Antero Resources Quarterly EPS": {"2020-09-30": "$-1.99", "2020-06-30": "$-1.73", "2020-03-31": "$-1.19", "2019-12-31": "$-1.56", "2019-09-30": "$-2.86", "2019-06-30": "$0.14", "2019-03-31": "$3.17", "2018-12-31": "$-0.39", "2018-09-30": "$-0.49", "2018-06-30": "$-0.43", "2018-03-31": "$0.05", "2017-12-31": "$1.54", "2017-09-30": "$-0.43", "2017-06-30": "$-0.02", "2017-03-31": "$0.85", "2016-12-31": "$-1.51", "2016-09-30": "$0.77", "2016-06-30": "$-2.12", "2016-03-31": "$-0.02", "2015-12-31": "$0.53", "2015-09-30": "$1.93", "2015-06-30": "$-0.52", "2015-03-31": "$1.49", "2014-12-31": "$2.31", "2014-09-30": "$0.78", "2014-06-30": "$-0.16", "2014-03-31": "$-0.36", "2013-12-31": "$-0.85", "2013-09-30": "$0.46", "2013-06-30": "$0.50", "2013-03-31": "$-0.18", "2012-12-31": "$0.00", "2012-09-30": "$0.00", "2012-06-30": "$0.00", "2012-03-31": "$0.00", "2011-12-31": "$0.00", "2010-12-31": "$0.00"}}, "shares-outstanding": {"Antero Resources Annual Shares Outstanding (Millions of Shares)": {"2019": "306", "2018": "316", "2017": "316", "2016": "295", "2015": "274", "2014": "262", "2013": "262", "2012": "262", "2011": "262", "2010": ""}, "Antero Resources Quarterly Shares Outstanding (Millions of Shares)": {"2020-09-30": "269", "2020-06-30": "268", "2020-03-31": "284", "2019-12-31": "306", "2019-09-30": "308", "2019-06-30": "309", "2019-03-31": "309", "2018-12-31": "316", "2018-09-30": "317", "2018-06-30": "317", "2018-03-31": "317", "2017-12-31": "316", "2017-09-30": "315", "2017-06-30": "315", "2017-03-31": "316", "2016-12-31": "295", "2016-09-30": "309", "2016-06-30": "282", "2016-03-31": "277", "2015-12-31": "274", "2015-09-30": "277", "2015-06-30": "277", "2015-03-31": "265", "2014-12-31": "262", "2014-09-30": "262", "2014-06-30": "262", "2014-03-31": "262", "2013-12-31": "262", "2013-09-30": "262", "2013-06-30": "262", "2013-03-31": "267", "2012-12-31": "", "2012-09-30": "", "2012-06-30": "", "2012-03-31": "", "2011-12-31": "", "2010-12-31": ""}}, "total-assets": {"Antero Resources Annual Total Assets (Millions of US $)": {"2019": "$15,198", "2018": "$15,519", "2017": "$15,261", "2016": "$14,256", "2015": "$14,115", "2014": "$11,574", "2013": "$6,614", "2012": "$3,619", "2011": "$3,789", "2010": "$0"}, "Antero Resources Quarterly Total Assets (Millions of US $)": {"2020-09-30": "$13,350", "2020-06-30": "$13,744", "2020-03-31": "$14,526", "2019-12-31": "$15,198", "2019-09-30": "$16,120", "2019-06-30": "$17,331", "2019-03-31": "$17,289", "2018-12-31": "$15,519", "2018-09-30": "$15,803", "2018-06-30": "$15,691", "2018-03-31": "$15,423", "2017-12-31": "$15,261", "2017-09-30": "$14,849", "2017-06-30": "$15,442", "2017-03-31": "$14,889", "2016-12-31": "$14,256", "2016-09-30": "$14,629", "2016-06-30": "$13,559", "2016-03-31": "$14,289", "2015-12-31": "$14,115", "2015-09-30": "$13,577", "2015-06-30": "$12,532", "2015-03-31": "$12,482", "2014-12-31": "$11,574", "2014-09-30": "$9,316", "2014-06-30": "$8,045", "2014-03-31": "$7,134", "2013-12-31": "$6,614", "2013-09-30": "$5,672", "2013-06-30": "$4,825", "2013-03-31": "$4,093", "2012-12-31": "$3,619", "2012-09-30": "$0", "2012-06-30": "$0", "2012-03-31": "$0", "2011-12-31": "$3,789", "2010-12-31": "$0"}}, "cash-on-hand": {"Antero Resources Annual Cash on Hand (Millions of US $)": {"2019": "$", "2018": "$", "2017": "$28", "2016": "$32", "2015": "$23", "2014": "$246", "2013": "$17", "2012": "$19", "2011": "$3", "2010": "$"}, "Antero Resources Quarterly Cash on Hand (Millions of US $)": {"2020-09-30": "$88", "2020-06-30": "", "2020-03-31": "", "2019-12-31": "$46", "2019-09-30": "", "2019-06-30": "", "2019-03-31": "", "2018-12-31": "", "2018-09-30": "", "2018-06-30": "$51", "2018-03-31": "$23", "2017-12-31": "$28", "2017-09-30": "$24", "2017-06-30": "$40", "2017-03-31": "", "2016-12-31": "$32", "2016-09-30": "$19", "2016-06-30": "$28", "2016-03-31": "$40", "2015-12-31": "$23", "2015-09-30": "$27", "2015-06-30": "$143", "2015-03-31": "$185", "2014-12-31": "$246", "2014-09-30": "$6", "2014-06-30": "$19", "2014-03-31": "$13", "2013-12-31": "$17", "2013-09-30": "$12", "2013-06-30": "$11", "2013-03-31": "$5", "2012-12-31": "$19", "2012-09-30": "", "2012-06-30": "", "2012-03-31": "", "2011-12-31": "$3", "2010-12-31": ""}}, "long-term-debt": {"Antero Resources Annual Long Term Debt (Millions of US $)": {"2019": "$3,759", "2018": "$5,462", "2017": "$4,800", "2016": "$4,704", "2015": "$4,669", "2014": "$4,363", "2013": "$2,079", "2012": "$1,444", "2011": "$1,317", "2010": "$"}, "Antero Resources Quarterly Long Term Debt (Millions of US $)": {"2020-09-30": "$3,158", "2020-06-30": "$3,518", "2020-03-31": "$3,708", "2019-12-31": "$3,759", "2019-09-30": "$3,704", "2019-06-30": "$3,602", "2019-03-31": "$3,476", "2018-12-31": "$5,462", "2018-09-30": "$5,487", "2018-06-30": "$5,288", "2018-03-31": "$4,877", "2017-12-31": "$4,800", "2017-09-30": "$4,511", "2017-06-30": "$5,292", "2017-03-31": "$4,775", "2016-12-31": "$4,704", "2016-09-30": "$4,760", "2016-06-30": "$4,244", "2016-03-31": "$4,703", "2015-12-31": "$4,669", "2015-09-30": "$4,407", "2015-06-30": "$4,500", "2015-03-31": "$4,172", "2014-12-31": "$4,363", "2014-09-30": "$4,138", "2014-06-30": "$3,371", "2014-03-31": "$2,536", "2013-12-31": "$2,079", "2013-09-30": "$2,970", "2013-06-30": "$2,418", "2013-03-31": "$1,863", "2012-12-31": "$1,444", "2012-09-30": "", "2012-06-30": "", "2012-03-31": "", "2011-12-31": "$1,317", "2010-12-31": ""}}, "total-liabilities": {"Antero Resources Annual Total Liabilities (Millions of US $)": {"2019": "$8,227", "2018": "$7,032", "2017": "$6,385", "2016": "$6,527", "2015": "$6,829", "2014": "$6,100", "2013": "$3,015", "2012": "$1,945", "2011": "$1,830", "2010": "$0"}, "Antero Resources Quarterly Total Liabilities (Millions of US $)": {"2020-09-30": "$7,366", "2020-06-30": "$7,311", "2020-03-31": "$7,933", "2019-12-31": "$8,227", "2019-09-30": "$8,674", "2019-06-30": "$8,991", "2019-03-31": "$8,996", "2018-12-31": "$7,032", "2018-09-30": "$7,131", "2018-06-30": "$6,888", "2018-03-31": "$6,502", "2017-12-31": "$6,385", "2017-09-30": "$6,462", "2017-06-30": "$7,139", "2017-03-31": "$6,635", "2016-12-31": "$6,527", "2016-09-30": "$6,649", "2016-06-30": "$5,958", "2016-03-31": "$6,868", "2015-12-31": "$6,829", "2015-09-30": "$6,467", "2015-06-30": "$6,223", "2015-03-31": "$6,048", "2014-12-31": "$6,100", "2014-09-30": "$5,564", "2014-06-30": "$4,522", "2014-03-31": "$3,601", "2013-12-31": "$3,015", "2013-09-30": "$3,794", "2013-06-30": "$3,068", "2013-03-31": "$2,467", "2012-12-31": "$1,945", "2012-09-30": "$0", "2012-06-30": "$0", "2012-03-31": "$0", "2011-12-31": "$1,830", "2010-12-31": "$0"}}, "total-share-holder-equity": {"Antero Resources Annual Share Holder Equity (Millions of US $)": {"2019": "$6,971", "2018": "$8,487", "2017": "$8,876", "2016": "$7,729", "2015": "$7,287", "2014": "$5,474", "2013": "$3,599", "2012": "$1,674", "2011": "$1,959", "2010": "$0"}, "Antero Resources Quarterly Share Holder Equity (Millions of US $)": {"2020-09-30": "$5,984", "2020-06-30": "$6,433", "2020-03-31": "$6,593", "2019-12-31": "$6,971", "2019-09-30": "$7,447", "2019-06-30": "$8,340", "2019-03-31": "$8,293", "2018-12-31": "$8,487", "2018-09-30": "$8,671", "2018-06-30": "$8,803", "2018-03-31": "$8,921", "2017-12-31": "$8,876", "2017-09-30": "$8,387", "2017-06-30": "$8,303", "2017-03-31": "$8,254", "2016-12-31": "$7,729", "2016-09-30": "$7,980", "2016-06-30": "$7,601", "2016-03-31": "$7,420", "2015-12-31": "$7,287", "2015-09-30": "$7,110", "2015-06-30": "$6,309", "2015-03-31": "$6,434", "2014-12-31": "$5,474", "2014-09-30": "$3,751", "2014-06-30": "$3,523", "2014-03-31": "$3,533", "2013-12-31": "$3,599", "2013-09-30": "$1,878", "2013-06-30": "$1,757", "2013-03-31": "$1,626", "2012-12-31": "$1,674", "2012-09-30": "$0", "2012-06-30": "$0", "2012-03-31": "$0", "2011-12-31": "$1,959", "2010-12-31": "$0"}}, "profit-margins": {"current": "-58.04%"}, "gross margin": {"2020-09-30": "0.99%", "2020-06-30": "21.30%", "2020-03-31": "35.25%", "2019-12-31": "32.68%", "2019-09-30": "36.81%", "2019-06-30": "41.39%", "2019-03-31": "41.82%", "2018-12-31": "44.71%", "2018-09-30": "48.49%", "2018-06-30": "46.24%", "2018-03-31": "48.74%", "2017-12-31": "54.98%", "2017-09-30": "43.73%", "2017-06-30": "52.72%", "2017-03-31": "31.53%", "2016-12-31": "14.10%", "2016-09-30": "43.74%", "2016-06-30": "55.07%", "2016-03-31": "65.76%", "2015-12-31": "72.87%", "2015-09-30": "77.61%", "2015-06-30": "75.00%", "2015-03-31": "78.03%", "2014-12-31": "74.93%", "2014-09-30": "67.98%", "2014-06-30": "67.78%", "2014-03-31": "75.42%", "2013-12-31": "78.83%", "2013-09-30": "78.56%", "2013-06-30": "68.53%", "2013-03-31": "37.86%", "2012-12-31": "84.10%"}, "operating margin": {"2020-09-30": "-37.18%", "2020-06-30": "-36.09%", "2020-03-31": "-14.74%", "2019-12-31": "-22.39%", "2019-09-30": "-21.48%", "2019-06-30": "0.54%", "2019-03-31": "-2.63%", "2018-12-31": "1.71%", "2018-09-30": "7.41%", "2018-06-30": "6.18%", "2018-03-31": "11.04%", "2017-12-31": "20.24%", "2017-09-30": "-2.83%", "2017-06-30": "14.11%", "2017-03-31": "-24.95%", "2016-12-31": "-55.93%", "2016-09-30": "-1.24%", "2016-06-30": "15.71%", "2016-03-31": "33.92%", "2015-12-31": "45.26%", "2015-09-30": "55.31%", "2015-06-30": "50.55%", "2015-03-31": "55.63%", "2014-12-31": "47.79%", "2014-09-30": "11.10%", "2014-06-30": "2.46%", "2014-03-31": "20.14%", "2013-12-31": "26.05%", "2013-09-30": "51.22%", "2013-06-30": "26.57%", "2013-03-31": "-46.91%", "2012-12-31": "60.33%"}, "ebitda margin": {"2020-09-30": "-10.36%", "2020-06-30": "-14.15%", "2020-03-31": "3.99%", "2019-12-31": "-1.56%", "2019-09-30": "0.71%", "2019-06-30": "22.78%", "2019-03-31": "21.19%", "2018-12-31": "25.29%", "2018-09-30": "29.91%", "2018-06-30": "30.32%", "2018-03-31": "35.49%", "2017-12-31": "42.89%", "2017-09-30": "27.13%", "2017-06-30": "39.52%", "2017-03-31": "12.16%", "2016-12-31": "-9.40%", "2016-09-30": "28.91%", "2016-06-30": "41.99%", "2016-03-31": "54.85%", "2015-12-31": "63.24%", "2015-09-30": "70.90%", "2015-06-30": "67.23%", "2015-03-31": "70.68%", "2014-12-31": "65.37%", "2014-09-30": "34.11%", "2014-06-30": "27.53%", "2014-03-31": "40.21%", "2013-12-31": "43.87%", "2013-09-30": "69.57%", "2013-06-30": "53.13%", "2013-03-31": "4.94%", "2012-12-31": "74.18%"}, "pre tax profit margin": {"2020-09-30": "-75.48%", "2020-06-30": "-72.15%", "2020-03-31": "-45.45%", "2019-12-31": "-8.35%", "2019-09-30": "2.42%", "2019-06-30": "26.93%", "2019-03-31": "25.28%", "2018-12-31": "-4.23%", "2018-09-30": "1.63%", "2018-06-30": "-0.24%", "2018-03-31": "4.10%", "2017-12-31": "13.40%", "2017-09-30": "-12.80%", "2017-06-30": "5.74%", "2017-03-31": "-37.12%", "2016-12-31": "-71.40%", "2016-09-30": "-11.03%", "2016-06-30": "6.95%", "2016-03-31": "26.81%", "2015-12-31": "39.34%", "2015-09-30": "50.39%", "2015-06-30": "45.24%", "2015-03-31": "50.29%", "2014-12-31": "41.18%", "2014-09-30": "-1.10%", "2014-06-30": "-12.87%", "2014-03-31": "7.39%", "2013-12-31": "12.34%", "2013-09-30": "39.33%", "2013-06-30": "7.78%", "2013-03-31": "-89.30%", "2012-12-31": "47.15%"}, "net profit margin": {"2020-09-30": "-58.04%", "2020-06-30": "-55.83%", "2020-03-31": "-35.36%", "2019-12-31": "-7.71%", "2019-09-30": "0.44%", "2019-06-30": "16.70%", "2019-03-31": "13.67%", "2018-12-31": "-9.59%", "2018-09-30": "5.15%", "2018-06-30": "6.27%", "2018-03-31": "10.38%", "2017-12-31": "16.82%", "2017-09-30": "-12.83%", "2017-06-30": "0.46%", "2017-03-31": "-25.95%", "2016-12-31": "-48.65%", "2016-09-30": "-8.22%", "2016-06-30": "3.23%", "2016-03-31": "15.73%", "2015-12-31": "23.79%", "2015-09-30": "30.69%", "2015-06-30": "27.55%", "2015-03-31": "30.75%", "2014-12-31": "24.78%", "2014-09-30": "-9.06%", "2014-06-30": "-17.78%", "2014-03-31": "-4.65%", "2013-12-31": "-1.45%", "2013-09-30": "18.45%", "2013-06-30": "-8.80%", "2013-03-31": "-272.02%", "2012-12-31": "-38.72%"}, "pe ratio": {"current": "0.00", "2021-02-05": "0.00", "2020-09-30": "0.00", "2020-06-30": "0.00", "2020-03-31": "0.00", "2019-12-31": "0.00", "2019-09-30": "0.00", "2019-06-30": "0.00", "2019-03-31": "0.00", "2018-12-31": "0.00", "2018-09-30": "26.43", "2018-06-30": "29.25", "2018-03-31": "17.41", "2017-12-31": "9.79", "2017-09-30": "0.00", "2017-06-30": "432.20", "2017-03-31": "0.00", "2016-12-31": "0.00", "2016-09-30": "0.00", "2016-06-30": "72.17", "2016-03-31": "12.69", "2015-12-31": "6.28", "2015-09-30": "4.05", "2015-06-30": "8.44", "2015-03-31": "7.97", "2014-12-31": "15.73", "2014-09-30": "0.00"}, "price sales": {"2021-02-05": "0.69", "2020-09-30": "0.25", "2020-06-30": "0.19", "2020-03-31": "0.05", "2019-12-31": "0.20", "2019-09-30": "0.21", "2019-06-30": "0.39", "2019-03-31": "0.67", "2018-12-31": "0.72", "2018-09-30": "1.36", "2018-06-30": "1.83", "2018-03-31": "1.80", "2017-12-31": "1.64", "2017-09-30": "2.24", "2017-06-30": "2.07", "2017-03-31": "3.24", "2016-12-31": "4.03", "2016-09-30": "3.12", "2016-06-30": "2.54", "2016-03-31": "1.99", "2015-12-31": "1.50", "2015-09-30": "1.26", "2015-06-30": "2.36", "2015-03-31": "2.46", "2014-12-31": "3.91", "2014-09-30": "8.35"}, "price book": {"current": "0.34", "2021-02-05": "0.34", "2020-09-30": "0.12", "2020-06-30": "0.11", "2020-03-31": "0.03", "2019-12-31": "0.12", "2019-09-30": "0.12", "2019-06-30": "0.20", "2019-03-31": "0.33", "2018-12-31": "0.34", "2018-09-30": "0.65", "2018-06-30": "0.77", "2018-03-31": "0.70", "2017-12-31": "0.68", "2017-09-30": "0.75", "2017-06-30": "0.82", "2017-03-31": "0.87", "2016-12-31": "0.96", "2016-09-30": "1.04", "2016-06-30": "1.04", "2016-03-31": "0.93", "2015-12-31": "0.83", "2015-09-30": "0.82", "2015-06-30": "1.51", "2015-03-31": "1.52", "2014-12-31": "1.94", "2014-09-30": "3.83", "2014-06-30": "4.88", "2014-03-31": "4.64", "2013-12-31": "4.62"}, "price fcf": {"2021-02-05": "", "2020-09-30": "$2.13", "2020-06-30": "$2.13", "2020-03-31": "$2.32", "2019-12-31": "$3.06", "2019-09-30": "$4.71", "2019-06-30": "$4.80", "2019-03-31": "$4.59", "2018-12-31": "$4.30", "2018-09-30": "$2.71", "2018-06-30": "$4.66", "2018-03-31": "$3.93", "2017-12-31": "$3.39", "2017-09-30": "$3.79", "2017-06-30": "$-0.13", "2017-03-31": "$0.60", "2016-12-31": "$0.83", "2016-09-30": "$0.03", "2016-06-30": "$1.57", "2016-03-31": "$1.41", "2015-12-31": "$1.31", "2015-09-30": "$0.03", "2015-06-30": "$-0.94", "2015-03-31": "$-1.77", "2014-12-31": "$-2.33", "2014-09-30": "$-3.11"}, "net worth": {"value": "$2.03B"}, "current ratio": {"2020-09-30": "0.50", "2020-06-30": "0.98", "2020-03-31": "1.15", "2019-12-31": "0.89", "2019-09-30": "0.62", "2019-06-30": "0.58", "2019-03-31": "0.43", "2018-12-31": "0.95", "2018-09-30": "1.11", "2018-06-30": "1.06", "2018-03-31": "1.01", "2017-12-31": "1.09", "2017-09-30": "0.85", "2017-06-30": "1.06", "2017-03-31": "0.70", "2016-12-31": "0.49", "2016-09-30": "1.14", "2016-06-30": "1.18", "2016-03-31": "1.92", "2015-12-31": "1.77", "2015-09-30": "1.01", "2015-06-30": "1.05", "2015-03-31": "1.13", "2014-12-31": "1.40", "2014-09-30": "0.47", "2014-06-30": "0.45", "2014-03-31": "0.42", "2013-12-31": "0.54", "2013-09-30": "0.61", "2013-06-30": "0.69", "2013-03-31": "0.41", "2012-12-31": "0.73", "2012-09-30": "0.00", "2012-06-30": "0.00", "2012-03-31": "0.00", "2011-12-31": "1.31", "2010-12-31": "0.00"}, "quick ratio": {"2020-09-30": "0.00", "2020-06-30": "0.00", "2020-03-31": "0.00", "2019-12-31": "0.00", "2019-09-30": "0.00", "2019-06-30": "0.00", "2019-03-31": "0.00", "2018-12-31": "0.00", "2018-09-30": "0.00", "2018-06-30": "0.00", "2018-03-31": "0.00", "2017-12-31": "0.00", "2017-09-30": "0.00", "2017-06-30": "0.00", "2017-03-31": "0.00", "2016-12-31": "0.00", "2016-09-30": "0.00", "2016-06-30": "0.00", "2016-03-31": "0.00", "2015-12-31": "0.00", "2015-09-30": "0.00", "2015-06-30": "0.00", "2015-03-31": "0.00", "2014-12-31": "0.00", "2014-09-30": "0.00", "2014-06-30": "0.00", "2014-03-31": "0.00", "2013-12-31": "0.00", "2013-09-30": "0.00", "2013-06-30": "0.00", "2013-03-31": "0.00", "2012-12-31": "0.00", "2012-09-30": "0.00", "2012-06-30": "0.00", "2012-03-31": "0.00", "2011-12-31": "0.00", "2010-12-31": "0.00"}, "debt equity ratio": {"current": "0.53", "2020-09-30": "1.23", "2020-06-30": "1.14", "2020-03-31": "1.20", "2019-12-31": "1.18", "2019-09-30": "1.17", "2019-06-30": "1.08", "2019-03-31": "1.09", "2018-12-31": "0.83", "2018-09-30": "0.82", "2018-06-30": "0.78", "2018-03-31": "0.73", "2017-12-31": "0.72", "2017-09-30": "0.77", "2017-06-30": "0.86", "2017-03-31": "0.80", "2016-12-31": "0.85", "2016-09-30": "0.83", "2016-06-30": "0.78", "2016-03-31": "0.93", "2015-12-31": "0.94", "2015-09-30": "0.91", "2015-06-30": "0.99", "2015-03-31": "0.94", "2014-12-31": "1.11", "2014-09-30": "1.48", "2014-06-30": "1.28", "2014-03-31": "1.02", "2013-12-31": "0.84", "2013-09-30": "2.02", "2013-06-30": "1.75", "2013-03-31": "1.52", "2012-12-31": "1.16", "2012-09-30": "0.00", "2012-06-30": "0.00", "2012-03-31": "0.00", "2011-12-31": "0.93", "2010-12-31": "0.00"}, "return on equity": {"2020-09-30": "-28.02%", "2020-06-30": "-31.53%", "2020-03-31": "-22.60%", "2019-12-31": "-4.38%", "2019-09-30": "0.25%", "2019-06-30": "8.82%", "2019-03-31": "6.62%", "2018-12-31": "-4.55%", "2018-09-30": "2.40%", "2018-06-30": "2.64%", "2018-03-31": "4.20%", "2017-12-31": "7.27%", "2017-09-30": "-4.38%", "2017-06-30": "0.19%", "2017-03-31": "-7.30%", "2016-12-31": "-11.05%", "2016-09-30": "-2.71%", "2016-06-30": "1.24%", "2016-03-31": "7.71%", "2015-12-31": "13.87%", "2015-09-30": "21.95%", "2015-06-30": "19.30%", "2015-03-31": "24.25%", "2014-12-31": "16.56%", "2014-09-30": "-4.33%", "2014-06-30": "-7.63%", "2014-03-31": "-2.45%", "2013-12-31": "-0.86%", "2013-09-30": "11.36%", "2013-06-30": "-4.11%", "2013-03-31": "-80.12%", "2012-12-31": "-68.10%"}, "return on assets": {"2020-09-30": "-12.81%", "2020-06-30": "-14.52%", "2020-03-31": "-10.50%", "2019-12-31": "-2.06%", "2019-09-30": "0.12%", "2019-06-30": "4.52%", "2019-03-31": "3.53%", "2018-12-31": "-2.54%", "2018-09-30": "1.36%", "2018-06-30": "1.51%", "2018-03-31": "2.37%", "2017-12-31": "4.07%", "2017-09-30": "-2.41%", "2017-06-30": "0.10%", "2017-03-31": "-4.02%", "2016-12-31": "-5.99%", "2016-09-30": "-1.45%", "2016-06-30": "0.66%", "2016-03-31": "3.98%", "2015-12-31": "7.14%", "2015-09-30": "11.08%", "2015-06-30": "9.24%", "2015-03-31": "11.23%", "2014-12-31": "7.47%", "2014-09-30": "-2.01%", "2014-06-30": "-3.48%", "2014-03-31": "-1.09%", "2013-12-31": "-0.36%", "2013-09-30": "4.33%", "2013-06-30": "-1.66%", "2013-03-31": "-34.28%", "2012-12-31": "-31.50%"}, "return on investments": {"2020-09-30": "-11.62%", "2020-06-30": "-13.27%", "2020-03-31": "-6.26%", "2019-12-31": "-8.66%", "2019-09-30": "-7.92%", "2019-06-30": "0.19%", "2019-03-31": "-0.81%", "2018-12-31": "0.51%", "2018-09-30": "2.19%", "2018-06-30": "1.67%", "2018-03-31": "2.85%", "2017-12-31": "5.56%", "2017-09-30": "-0.61%", "2017-06-30": "3.55%", "2017-03-31": "-4.43%", "2016-12-31": "-7.94%", "2016-09-30": "-0.25%", "2016-06-30": "3.74%", "2016-03-31": "10.08%", "2015-12-31": "15.95%", "2015-09-30": "23.43%", "2015-06-30": "19.88%", "2015-03-31": "23.89%", "2014-12-31": "16.94%", "2014-09-30": "2.88%", "2014-06-30": "0.56%", "2014-03-31": "5.51%", "2013-12-31": "7.52%", "2013-09-30": "14.00%", "2013-06-30": "5.83%", "2013-03-31": "-6.90%", "2012-12-31": "56.96%"}, "return on tangible equity": {"2020-09-30": "-28.02%", "2020-06-30": "-31.53%", "2020-03-31": "-22.60%", "2019-12-31": "-4.38%", "2019-09-30": "0.25%", "2019-06-30": "8.82%", "2019-03-31": "6.62%", "2018-12-31": "-4.55%", "2018-09-30": "2.40%", "2018-06-30": "2.64%", "2018-03-31": "4.20%", "2017-12-31": "7.27%", "2017-09-30": "-4.38%", "2017-06-30": "0.19%", "2017-03-31": "-7.30%", "2016-12-31": "-11.05%", "2016-09-30": "-2.71%", "2016-06-30": "1.24%", "2016-03-31": "7.71%", "2015-12-31": "13.87%", "2015-09-30": "21.95%", "2015-06-30": "19.30%", "2015-03-31": "24.25%", "2014-12-31": "16.56%", "2014-09-30": "-4.33%", "2014-06-30": "-7.63%", "2014-03-31": "-2.45%", "2013-12-31": "-0.86%", "2013-09-30": "11.36%", "2013-06-30": "-4.11%", "2013-03-31": "-80.12%", "2012-12-31": "-68.10%"}, "dividend yield history": {"last payout": "$0.00", "last yield": "0.00%"}}