{"ticker": "ANTM", "price": {"title": "Anthem Historical Annual Stock Price Data", "value": 292.84, "historical": {"2020": {"Average Stock Price": "278.9107", "Year Open": "300.8700", "Year High": "333.1500", "Year Low": "174.6800", "Year Close": "321.0900", "Annual % Change": "6.31%"}, "2019": {"Average Stock Price": "277.7727", "Year Open": "255.0200", "Year High": "317.4200", "Year Low": "234.8200", "Year Close": "302.0300", "Annual % Change": "15.00%"}, "2018": {"Average Stock Price": "250.3104", "Year Open": "226.0000", "Year High": "296.2500", "Year Low": "215.6300", "Year Close": "262.6300", "Annual % Change": "16.72%"}, "2017": {"Average Stock Price": "185.6203", "Year Open": "143.2400", "Year High": "234.9600", "Year Low": "142.7900", "Year Close": "225.0100", "Annual % Change": "56.51%"}, "2016": {"Average Stock Price": "133.3643", "Year Open": "139.2100", "Year High": "147.6600", "Year Low": "117.2200", "Year Close": "143.7700", "Annual % Change": "3.11%"}, "2015": {"Average Stock Price": "147.5608", "Year Open": "125.4600", "Year High": "171.0400", "Year Low": "123.2600", "Year Close": "139.4400", "Annual % Change": "10.96%"}, "2014": {"Average Stock Price": "108.1647", "Year Open": "90.6300", "Year High": "129.1600", "Year Low": "84.2500", "Year Close": "125.6700", "Annual % Change": "36.02%"}, "2013": {"Average Stock Price": "78.4604", "Year Open": "60.9200", "Year High": "93.9200", "Year Low": "58.9300", "Year Close": "92.3900", "Annual % Change": "51.66%"}, "2012": {"Average Stock Price": "63.3914", "Year Open": "67.6100", "Year High": "73.8000", "Year Low": "52.9300", "Year Close": "60.9200", "Annual % Change": "-8.05%"}, "2011": {"Average Stock Price": "68.6206", "Year Open": "57.9500", "Year High": "81.7800", "Year Low": "57.0100", "Year Close": "66.2500", "Annual % Change": "16.51%"}, "2010": {"Average Stock Price": "56.6912", "Year Open": "59.7500", "Year High": "68.0600", "Year Low": "47.4300", "Year Close": "56.8600", "Annual % Change": "-2.45%"}, "2009": {"Average Stock Price": "47.2404", "Year Open": "43.8500", "Year High": "60.3600", "Year Low": "30.1000", "Year Close": "58.2900", "Annual % Change": "38.36%"}, "2008": {"Average Stock Price": "52.2602", "Year Open": "87.0000", "Year High": "89.2800", "Year Low": "29.4400", "Year Close": "42.1300", "Annual % Change": "-51.98%"}, "2007": {"Average Stock Price": "80.6494", "Year Open": "78.1900", "Year High": "89.7200", "Year Low": "74.4500", "Year Close": "87.7300", "Annual % Change": "11.49%"}, "2006": {"Average Stock Price": "75.2714", "Year Open": "79.3600", "Year High": "79.7700", "Year Low": "67.5000", "Year Close": "78.6900", "Annual % Change": "-1.38%"}, "2005": {"Average Stock Price": "68.7210", "Year Open": "56.2500", "Year High": "80.0000", "Year Low": "55.5000", "Year Close": "79.7900", "Annual % Change": "38.77%"}, "2004": {"Average Stock Price": "44.1923", "Year Open": "38.1400", "Year High": "58.5000", "Year Low": "36.5000", "Year Close": "57.5000", "Annual % Change": "53.33%"}, "2003": {"Average Stock Price": "34.8379", "Year Open": "31.6750", "Year High": "41.0100", "Year Low": "27.1050", "Year Close": "37.5000", "Annual % Change": "19.24%"}, "2002": {"Average Stock Price": "31.2864", "Year Open": "24.4000", "Year High": "37.3000", "Year Low": "23.5100", "Year Close": "31.4500", "Annual % Change": "27.07%"}, "2001": {"Average Stock Price": "23.4233", "Year Open": "20.4500", "Year High": "25.7500", "Year Low": "20.4500", "Year Close": "24.7500", "Annual % Change": "0.00%"}}}, "market cap": {"value": "$74.29B"}, "income statement": {"Revenue": {"2020-12-31": "121867.00000", "2019-12-31": "104213.00000", "2018-12-31": "92105.00000", "2017-12-31": "90040.00000", "2016-12-31": "84863.00000", "2015-12-31": "79156.50000", "2014-12-31": "73874.10000", "2013-12-31": "71023.50000", "2012-12-31": "61497.20000", "2011-12-31": "60710.70000", "2010-12-31": "58698.50000", "2009-12-31": "64939.50000", "2008-12-31": "61251.10000", "2007-12-31": "61167.90000", "2006-12-31": "57058.20000", "2005-12-31": "44614.10000"}, "Cost Of Goods Sold": {"2020-12-31": "96998.00000", "2019-12-31": "83778.00000", "2018-12-31": "71895.00000", "2017-12-31": "72236.00000", "2016-12-31": "66834.00000", "2015-12-31": "61116.90000", "2014-12-31": "56854.90000", "2013-12-31": "56237.10000", "2012-12-31": "48213.60000", "2011-12-31": "47647.50000", "2010-12-31": "44930.40000", "2009-12-31": "47541.30000", "2008-12-31": "48734.20000", "2007-12-31": "46469.90000", "2006-12-31": "42625.20000", "2005-12-31": "32986.00000"}, "Gross Profit": {"2020-12-31": "24869.00000", "2019-12-31": "20435.00000", "2018-12-31": "20210.00000", "2017-12-31": "17804.00000", "2016-12-31": "18029.00000", "2015-12-31": "18039.60000", "2014-12-31": "17019.20000", "2013-12-31": "14786.40000", "2012-12-31": "13283.60000", "2011-12-31": "13063.20000", "2010-12-31": "13768.10000", "2009-12-31": "17398.20000", "2008-12-31": "12516.90000", "2007-12-31": "14698.00000", "2006-12-31": "14433.00000", "2005-12-31": "11628.10000"}, "Research And Development Expenses": {"2020-12-31": "", "2019-12-31": "", "2018-12-31": "", "2017-12-31": "", "2016-12-31": "", "2015-12-31": "", "2014-12-31": "", "2013-12-31": "", "2012-12-31": "", "2011-12-31": "", "2010-12-31": "", "2009-12-31": "", "2008-12-31": "", "2007-12-31": "", "2006-12-31": "", "2005-12-31": ""}, "SG&A Expenses": {"2020-12-31": "17450.00000", "2019-12-31": "13364.00000", "2018-12-31": "14020.00000", "2017-12-31": "12650.00000", "2016-12-31": "12559.00000", "2015-12-31": "12534.80000", "2014-12-31": "11748.40000", "2013-12-31": "9952.90000", "2012-12-31": "8680.50000", "2011-12-31": "8435.60000", "2010-12-31": "8732.60000", "2009-12-31": "9019.30000", "2008-12-31": "8497.20000", "2007-12-31": "8701.50000", "2006-12-31": "8817.70000", "2005-12-31": "7272.69900"}, "Other Operating Income Or Expenses": {"2020-12-31": "", "2019-12-31": "", "2018-12-31": "", "2017-12-31": "", "2016-12-31": "", "2015-12-31": "", "2014-12-31": "", "2013-12-31": "", "2012-12-31": "", "2011-12-31": "", "2010-12-31": "-21.10000", "2009-12-31": "-262.50000", "2008-12-31": "-141.40000", "2007-12-31": "", "2006-12-31": "", "2005-12-31": ""}, "Operating Expenses": {"2020-12-31": "114809.00000", "2019-12-31": "97480.00000", "2018-12-31": "86273.00000", "2017-12-31": "85055.00000", "2016-12-31": "79585.00000", "2015-12-31": "73881.80000", "2014-12-31": "68824.20000", "2013-12-31": "66435.30000", "2012-12-31": "57127.10000", "2011-12-31": "56322.50000", "2010-12-31": "53925.80000", "2009-12-31": "57089.10000", "2008-12-31": "57658.90000", "2007-12-31": "55462.10000", "2006-12-31": "51740.30000", "2005-12-31": "40497.60000"}, "Operating Income": {"2020-12-31": "7058.00000", "2019-12-31": "6733.00000", "2018-12-31": "5832.00000", "2017-12-31": "4985.00000", "2016-12-31": "5278.00000", "2015-12-31": "5274.70300", "2014-12-31": "5049.90600", "2013-12-31": "4588.19500", "2012-12-31": "4370.09800", "2011-12-31": "4388.19900", "2010-12-31": "4772.70300", "2009-12-31": "7850.39800", "2008-12-31": "3592.20300", "2007-12-31": "5705.80100", "2006-12-31": "5317.90200", "2005-12-31": "4116.50400"}, "Total Non-Operating Income/Expense": {"2020-12-31": "-820.00000", "2019-12-31": "-748.00000", "2018-12-31": "-764.00000", "2017-12-31": "-1021.00000", "2016-12-31": "-723.00000", "2015-12-31": "-643.70000", "2014-12-31": "-681.80000", "2013-12-31": "-748.00000", "2012-12-31": "-511.80000", "2011-12-31": "-430.30000", "2010-12-31": "-418.90000", "2009-12-31": "-447.40000", "2008-12-31": "-469.80000", "2007-12-31": "-447.90000", "2006-12-31": "-403.50000", "2005-12-31": "-226.20000"}, "Pre-Tax Income": {"2020-12-31": "6238.00000", "2019-12-31": "5985.00000", "2018-12-31": "5068.00000", "2017-12-31": "3964.00000", "2016-12-31": "4555.00000", "2015-12-31": "4631.00000", "2014-12-31": "4368.10000", "2013-12-31": "3840.20000", "2012-12-31": "3858.30000", "2011-12-31": "3957.90000", "2010-12-31": "4353.80000", "2009-12-31": "7403.00000", "2008-12-31": "3122.40000", "2007-12-31": "5257.90000", "2006-12-31": "4914.40000", "2005-12-31": "3890.30000"}, "Income Taxes": {"2020-12-31": "1666.00000", "2019-12-31": "1178.00000", "2018-12-31": "1318.00000", "2017-12-31": "121.00000", "2016-12-31": "2085.00000", "2015-12-31": "2071.00000", "2014-12-31": "1808.00000", "2013-12-31": "1205.90000", "2012-12-31": "1207.30000", "2011-12-31": "1311.20000", "2010-12-31": "1466.70000", "2009-12-31": "2657.10000", "2008-12-31": "631.70000", "2007-12-31": "1912.50000", "2006-12-31": "1819.50000", "2005-12-31": "1426.50000"}, "Income After Taxes": {"2020-12-31": "4572.00000", "2019-12-31": "4807.00000", "2018-12-31": "3750.00000", "2017-12-31": "3843.00000", "2016-12-31": "2470.00000", "2015-12-31": "2560.00000", "2014-12-31": "2560.10000", "2013-12-31": "2634.30000", "2012-12-31": "2651.00000", "2011-12-31": "2646.70000", "2010-12-31": "2887.10000", "2009-12-31": "4745.90000", "2008-12-31": "2490.70000", "2007-12-31": "3345.40000", "2006-12-31": "3094.90000", "2005-12-31": "2463.80000"}, "Other Income": {"2020-12-31": "", "2019-12-31": "", "2018-12-31": "", "2017-12-31": "", "2016-12-31": "", "2015-12-31": "", "2014-12-31": "", "2013-12-31": "", "2012-12-31": "", "2011-12-31": "", "2010-12-31": "", "2009-12-31": "", "2008-12-31": "", "2007-12-31": "", "2006-12-31": "", "2005-12-31": ""}, "Income From Continuous Operations": {"2020-12-31": "4572.00000", "2019-12-31": "4807.00000", "2018-12-31": "3750.00000", "2017-12-31": "3843.00000", "2016-12-31": "2470.00000", "2015-12-31": "2560.00000", "2014-12-31": "2560.10000", "2013-12-31": "2634.30000", "2012-12-31": "2651.00000", "2011-12-31": "2646.70000", "2010-12-31": "2887.10000", "2009-12-31": "4745.90000", "2008-12-31": "2490.70000", "2007-12-31": "3345.40000", "2006-12-31": "3094.90000", "2005-12-31": "2463.80000"}, "Income From Discontinued Operations": {"2020-12-31": "", "2019-12-31": "", "2018-12-31": "", "2017-12-31": "", "2016-12-31": "", "2015-12-31": "", "2014-12-31": "9.60000", "2013-12-31": "-144.60000", "2012-12-31": "4.50000", "2011-12-31": "", "2010-12-31": "", "2009-12-31": "", "2008-12-31": "", "2007-12-31": "", "2006-12-31": "", "2005-12-31": ""}, "Net Income": {"2020-12-31": "4572.00000", "2019-12-31": "4807.00000", "2018-12-31": "3750.00000", "2017-12-31": "3843.00000", "2016-12-31": "2470.00000", "2015-12-31": "2560.00000", "2014-12-31": "2569.70000", "2013-12-31": "2489.70000", "2012-12-31": "2655.50000", "2011-12-31": "2646.70000", "2010-12-31": "2887.10000", "2009-12-31": "4745.90000", "2008-12-31": "2490.70000", "2007-12-31": "3345.40000", "2006-12-31": "3094.90000", "2005-12-31": "2463.80000"}, "EBITDA": {"2020-12-31": "8212.00000", "2019-12-31": "7866.00000", "2018-12-31": "6964.00000", "2017-12-31": "5876.00000", "2016-12-31": "6190.00000", "2015-12-31": "6182.60300", "2014-12-31": "5900.90600", "2013-12-31": "5496.99500", "2012-12-31": "5110.79800", "2011-12-31": "5025.39900", "2010-12-31": "5373.50300", "2009-12-31": "8403.89800", "2008-12-31": "4163.90300", "2007-12-31": "6292.00100", "2006-12-31": "5922.80200", "2005-12-31": "4673.10400"}, "EBIT": {"2020-12-31": "7058.00000", "2019-12-31": "6733.00000", "2018-12-31": "5832.00000", "2017-12-31": "4985.00000", "2016-12-31": "5278.00000", "2015-12-31": "5274.70300", "2014-12-31": "5049.90600", "2013-12-31": "4588.19500", "2012-12-31": "4370.09800", "2011-12-31": "4388.19900", "2010-12-31": "4772.70300", "2009-12-31": "7850.39800", "2008-12-31": "3592.20300", "2007-12-31": "5705.80100", "2006-12-31": "5317.90200", "2005-12-31": "4116.50400"}, "Basic Shares Outstanding": {"2020-12-31": "", "2019-12-31": "255.50000", "2018-12-31": "258.10000", "2017-12-31": "261.50000", "2016-12-31": "262.90000", "2015-12-31": "263.00000", "2014-12-31": "275.90000", "2013-12-31": "298.50000", "2012-12-31": "321.50000", "2011-12-31": "360.20000", "2010-12-31": "410.90000", "2009-12-31": "476.30000", "2008-12-31": "519.80000", "2007-12-31": "593.40000", "2006-12-31": "627.90000", "2005-12-31": "610.90000"}, "Shares Outstanding": {"2020-12-31": "254.30000", "2019-12-31": "260.30000", "2018-12-31": "264.20000", "2017-12-31": "267.80000", "2016-12-31": "268.10000", "2015-12-31": "272.90000", "2014-12-31": "285.90000", "2013-12-31": "303.80000", "2012-12-31": "324.80000", "2011-12-31": "365.10000", "2010-12-31": "415.80000", "2009-12-31": "480.50000", "2008-12-31": "523.00000", "2007-12-31": "602.00000", "2006-12-31": "642.10000", "2005-12-31": "625.80000"}, "Basic EPS": {"2020-12-31": "", "2019-12-31": "18.81000", "2018-12-31": "14.53000", "2017-12-31": "14.70000", "2016-12-31": "9.39000", "2015-12-31": "9.73000", "2014-12-31": "9.31000", "2013-12-31": "8.34000", "2012-12-31": "8.26000", "2011-12-31": "7.35000", "2010-12-31": "7.03000", "2009-12-31": "9.96000", "2008-12-31": "4.79000", "2007-12-31": "5.64000", "2006-12-31": "4.93000", "2005-12-31": "4.03000"}, "EPS - Earnings Per Share": {"2020-12-31": "17.98000", "2019-12-31": "18.47000", "2018-12-31": "14.19000", "2017-12-31": "14.35000", "2016-12-31": "9.21000", "2015-12-31": "9.38000", "2014-12-31": "8.99000", "2013-12-31": "8.20000", "2012-12-31": "8.18000", "2011-12-31": "7.25000", "2010-12-31": "6.94000", "2009-12-31": "9.88000", "2008-12-31": "4.76000", "2007-12-31": "5.56000", "2006-12-31": "4.82000", "2005-12-31": "3.94000"}}, "income statement, quarterly": {"Revenue": {"2020-12-31": "31824.00000", "2020-09-30": "31158.00000", "2020-06-30": "29264.00000", "2020-03-31": "29621.00000", "2019-12-31": "27407.00000", "2019-09-30": "26674.00000", "2019-06-30": "25466.00000", "2019-03-31": "24666.00000", "2018-12-31": "23373.00000", "2018-09-30": "23251.00000", "2018-06-30": "22944.00000", "2018-03-31": "22537.00000", "2017-12-31": "22680.90000", "2017-09-30": "22426.00000", "2017-06-30": "22407.20000", "2017-03-31": "22525.90000", "2016-12-31": "21714.40000", "2016-09-30": "21403.90000", "2016-06-30": "21456.20000", "2016-03-31": "20288.50000", "2015-12-31": "20187.90000", "2015-09-30": "19901.60000", "2015-06-30": "20015.50000", "2015-03-31": "19051.50000", "2014-12-31": "18984.30000", "2014-09-30": "18557.00000", "2014-06-30": "18473.40000", "2014-03-31": "17859.40000", "2013-12-31": "17901.70000", "2013-09-30": "17855.50000", "2013-06-30": "17690.30000", "2013-03-31": "17576.00000", "2012-12-31": "15321.60000", "2012-09-30": "15353.10000", "2012-06-30": "15407.30000", "2012-03-31": "15415.20000", "2011-12-31": "15317.70000", "2011-09-30": "15398.00000", "2011-06-30": "15100.70000", "2011-03-31": "14894.30000", "2010-12-31": "14622.00000", "2010-09-30": "14572.30000", "2010-06-30": "14431.30000", "2010-03-31": "15072.90000", "2009-12-31": "18957.90000", "2009-09-30": "15425.10000", "2009-06-30": "15413.20000", "2009-03-31": "15143.30000", "2008-12-31": "15069.60000", "2008-09-30": "14961.00000", "2008-06-30": "15666.80000", "2008-03-31": "15553.70000", "2007-12-31": "15570.00000", "2007-09-30": "15242.00000", "2007-06-30": "15267.90000", "2007-03-31": "15088.00000", "2006-12-31": "14599.20000", "2006-09-30": "14449.40000", "2006-06-30": "14171.10000", "2006-03-31": "13838.50000", "2005-12-31": "11365.10000", "2005-09-30": "11156.90000", "2005-06-30": "11149.00000", "2005-03-31": "10943.10000"}, "Cost Of Goods Sold": {"2020-12-31": "26610.00000", "2020-09-30": "25143.00000", "2020-06-30": "21772.00000", "2020-03-31": "23473.00000", "2019-12-31": "22532.00000", "2019-09-30": "21498.00000", "2019-06-30": "20466.00000", "2019-03-31": "19282.00000", "2018-12-31": "18936.00000", "2018-09-30": "18185.00000", "2018-06-30": "17728.00000", "2018-03-31": "17046.00000", "2017-12-31": "18672.00000", "2017-09-30": "18104.00000", "2017-06-30": "17917.20000", "2017-03-31": "17542.80000", "2016-12-31": "17567.50000", "2016-09-30": "16922.50000", "2016-06-30": "16805.20000", "2016-03-31": "15538.80000", "2015-12-31": "16315.50000", "2015-09-30": "15469.10000", "2015-06-30": "15205.40000", "2015-03-31": "14126.90000", "2014-12-31": "14857.90000", "2014-09-30": "14211.10000", "2014-06-30": "14121.30000", "2014-03-31": "13664.60000", "2013-12-31": "14580.80000", "2013-09-30": "14075.00000", "2013-06-30": "13832.60000", "2013-03-31": "13748.70000", "2012-12-31": "12290.60000", "2012-09-30": "12051.30000", "2012-06-30": "12099.80000", "2012-03-31": "11771.90000", "2011-12-31": "12434.60000", "2011-09-30": "12062.90000", "2011-06-30": "11922.00000", "2011-03-31": "11228.00000", "2010-12-31": "11356.60000", "2010-09-30": "11205.60000", "2010-06-30": "10985.90000", "2010-03-31": "11382.30000", "2009-12-31": "12067.80000", "2009-09-30": "11665.50000", "2009-06-30": "11971.20000", "2009-03-31": "11836.80000", "2008-12-31": "12565.00000", "2008-09-30": "11859.70000", "2008-06-30": "12074.10000", "2008-03-31": "12235.40000", "2007-12-31": "11927.00000", "2007-09-30": "11487.30000", "2007-06-30": "11519.30000", "2007-03-31": "11536.30000", "2006-12-31": "10886.80000", "2006-09-30": "10815.70000", "2006-06-30": "10597.30000", "2006-03-31": "10325.40000", "2005-12-31": "8342.60100", "2005-09-30": "8170.00000", "2005-06-30": "8300.70000", "2005-03-31": "8172.70000"}, "Gross Profit": {"2020-12-31": "31824.00000", "2020-09-30": "6015.00000", "2020-06-30": "7492.00000", "2020-03-31": "6148.00000", "2019-12-31": "4875.00000", "2019-09-30": "5176.00000", "2019-06-30": "5000.00000", "2019-03-31": "5384.00000", "2018-12-31": "4437.00000", "2018-09-30": "5066.00000", "2018-06-30": "5216.00000", "2018-03-31": "5491.00000", "2017-12-31": "4008.90000", "2017-09-30": "4322.00000", "2017-06-30": "4490.00000", "2017-03-31": "4983.10000", "2016-12-31": "4146.90200", "2016-09-30": "4481.40000", "2016-06-30": "4651.00000", "2016-03-31": "4749.70000", "2015-12-31": "3872.40200", "2015-09-30": "4432.50000", "2015-06-30": "4810.10000", "2015-03-31": "4924.60000", "2014-12-31": "4126.40600", "2014-09-30": "4345.90000", "2014-06-30": "4352.10100", "2014-03-31": "4194.80100", "2013-12-31": "3320.89700", "2013-09-30": "3780.50000", "2013-06-30": "3857.70100", "2013-03-31": "3827.30000", "2012-12-31": "3031.00100", "2012-09-30": "3301.80000", "2012-06-30": "3307.50000", "2012-03-31": "3643.30000", "2011-12-31": "2883.09900", "2011-09-30": "3335.10000", "2011-06-30": "3178.70000", "2011-03-31": "3666.30000", "2010-12-31": "3265.40100", "2010-09-30": "3366.70000", "2010-06-30": "3445.39900", "2010-03-31": "3690.60100", "2009-12-31": "6890.09700", "2009-09-30": "3759.60000", "2009-06-30": "3442.00000", "2009-03-31": "3306.50000", "2008-12-31": "2504.60100", "2008-09-30": "3101.30000", "2008-06-30": "3592.70000", "2008-03-31": "3318.30000", "2007-12-31": "3643.00100", "2007-09-30": "3754.70000", "2007-06-30": "3748.60100", "2007-03-31": "3551.70000", "2006-12-31": "3712.39800", "2006-09-30": "3633.70000", "2006-06-30": "3573.80000", "2006-03-31": "3513.10000", "2005-12-31": "3022.50300", "2005-09-30": "2986.90000", "2005-06-30": "2848.30000", "2005-03-31": "2770.39900"}, "Research And Development Expenses": {"2020-12-31": "", "2020-09-30": "", "2020-06-30": "", "2020-03-31": "", "2019-12-31": "", "2019-09-30": "", "2019-06-30": "", "2019-03-31": "", "2018-12-31": "", "2018-09-30": "", "2018-06-30": "", "2018-03-31": "", "2017-12-31": "", "2017-09-30": "", "2017-06-30": "", "2017-03-31": "", "2016-12-31": "", "2016-09-30": "", "2016-06-30": "", "2016-03-31": "", "2015-12-31": "", "2015-09-30": "", "2015-06-30": "", "2015-03-31": "", "2014-12-31": "", "2014-09-30": "", "2014-06-30": "", "2014-03-31": "", "2013-12-31": "", "2013-09-30": "", "2013-06-30": "", "2013-03-31": "", "2012-12-31": "", "2012-09-30": "", "2012-06-30": "", "2012-03-31": "", "2011-12-31": "", "2011-09-30": "", "2011-06-30": "", "2011-03-31": "", "2010-12-31": "", "2010-09-30": "", "2010-06-30": "", "2010-03-31": "", "2009-12-31": "", "2009-09-30": "", "2009-06-30": "", "2009-03-31": "", "2008-12-31": "", "2008-09-30": "", "2008-06-30": "", "2008-03-31": "", "2007-12-31": "", "2007-09-30": "", "2007-06-30": "", "2007-03-31": "", "2006-12-31": "", "2006-09-30": "", "2006-06-30": "", "2006-03-31": "", "2005-12-31": "", "2005-09-30": "", "2005-06-30": "", "2005-03-31": ""}, "SG&A Expenses": {"2020-12-31": "4318.00000", "2020-09-30": "5305.00000", "2020-06-30": "4046.00000", "2020-03-31": "3781.00000", "2019-12-31": "3502.00000", "2019-09-30": "3418.00000", "2019-06-30": "3278.00000", "2019-03-31": "3166.00000", "2018-12-31": "3618.00000", "2018-09-30": "3546.00000", "2018-06-30": "3428.00000", "2018-03-31": "3428.00000", "2017-12-31": "3393.90000", "2017-09-30": "3011.00000", "2017-06-30": "3053.80000", "2017-03-31": "3191.30000", "2016-12-31": "3265.10000", "2016-09-30": "3124.60000", "2016-06-30": "2969.10000", "2016-03-31": "3200.20000", "2015-12-31": "3268.40000", "2015-09-30": "3080.40000", "2015-06-30": "3040.80000", "2015-03-31": "3145.20000", "2014-12-31": "3032.80000", "2014-09-30": "2968.30000", "2014-06-30": "2885.80000", "2014-03-31": "2861.50000", "2013-12-31": "2645.50100", "2013-09-30": "2542.70000", "2013-06-30": "2435.60000", "2013-03-31": "2329.10000", "2012-12-31": "2354.40000", "2012-09-30": "2078.60000", "2012-06-30": "2081.80000", "2012-03-31": "2165.70000", "2011-12-31": "2228.39900", "2011-09-30": "2119.60000", "2011-06-30": "2011.10000", "2011-03-31": "2076.50000", "2010-12-31": "2340.59900", "2010-09-30": "2063.20000", "2010-06-30": "2154.70000", "2010-03-31": "2174.10000", "2009-12-31": "2324.20000", "2009-09-30": "2260.30000", "2009-06-30": "2205.90000", "2009-03-31": "2228.90000", "2008-12-31": "1809.80000", "2008-09-30": "2220.20000", "2008-06-30": "2218.60000", "2008-03-31": "2248.60000", "2007-12-31": "2119.70000", "2007-09-30": "2189.90000", "2007-06-30": "2260.30000", "2007-03-31": "2131.60000", "2006-12-31": "2254.30000", "2006-09-30": "2198.70000", "2006-06-30": "2192.10000", "2006-03-31": "2172.60000", "2005-12-31": "1862.90000", "2005-09-30": "1847.80000", "2005-06-30": "1832.90000", "2005-03-31": "1729.10000"}, "Other Operating Income Or Expenses": {"2020-12-31": "", "2020-09-30": "", "2020-06-30": "", "2020-03-31": "", "2019-12-31": "", "2019-09-30": "", "2019-06-30": "", "2019-03-31": "", "2018-12-31": "", "2018-09-30": "", "2018-06-30": "", "2018-03-31": "", "2017-12-31": "", "2017-09-30": "", "2017-06-30": "", "2017-03-31": "", "2016-12-31": "", "2016-09-30": "", "2016-06-30": "", "2016-03-31": "", "2015-12-31": "", "2015-09-30": "", "2015-06-30": "", "2015-03-31": "", "2014-12-31": "", "2014-09-30": "", "2014-06-30": "", "2014-03-31": "", "2013-12-31": "", "2013-09-30": "", "2013-06-30": "", "2013-03-31": "", "2012-12-31": "", "2012-09-30": "", "2012-06-30": "", "2012-03-31": "", "2011-12-31": "", "2011-09-30": "", "2011-06-30": "", "2011-03-31": "", "2010-12-31": "", "2010-09-30": "", "2010-06-30": "", "2010-03-31": "-21.10000", "2009-12-31": "-57.00000", "2009-09-30": "-205.50000", "2009-06-30": "", "2009-03-31": "", "2008-12-31": "", "2008-09-30": "-141.40000", "2008-06-30": "", "2008-03-31": "", "2007-12-31": "", "2007-09-30": "", "2007-06-30": "", "2007-03-31": "", "2006-12-31": "", "2006-09-30": "", "2006-06-30": "", "2006-03-31": "", "2005-12-31": "", "2005-09-30": "", "2005-06-30": "", "2005-03-31": ""}, "Operating Expenses": {"2020-12-31": "31020.00000", "2020-09-30": "30541.00000", "2020-06-30": "25911.00000", "2020-03-31": "27337.00000", "2019-12-31": "26116.00000", "2019-09-30": "25000.00000", "2019-06-30": "23829.00000", "2019-03-31": "22535.00000", "2018-12-31": "22648.00000", "2018-09-30": "21822.00000", "2018-06-30": "21249.00000", "2018-03-31": "20554.00000", "2017-12-31": "22110.50000", "2017-09-30": "21157.00000", "2017-06-30": "21011.60000", "2017-03-31": "20775.90000", "2016-12-31": "20878.90000", "2016-09-30": "20094.50000", "2016-06-30": "19822.20000", "2016-03-31": "18789.40000", "2015-12-31": "19641.40000", "2015-09-30": "18609.50000", "2015-06-30": "18306.30000", "2015-03-31": "17324.60000", "2014-12-31": "17943.30000", "2014-09-30": "17239.70000", "2014-06-30": "17061.10000", "2014-03-31": "16580.10000", "2013-12-31": "17286.01000", "2013-09-30": "16679.00000", "2013-06-30": "16330.30000", "2013-03-31": "16140.00000", "2012-12-31": "14695.90000", "2012-09-30": "14193.80000", "2012-06-30": "14241.10000", "2012-03-31": "13996.30000", "2011-12-31": "14726.90000", "2011-09-30": "14244.60000", "2011-06-30": "13989.70000", "2011-03-31": "13361.30000", "2010-12-31": "13756.90000", "2010-09-30": "13329.20000", "2010-06-30": "13201.50000", "2010-03-31": "13638.20000", "2009-12-31": "14514.50000", "2009-09-30": "14197.30000", "2009-06-30": "14243.70000", "2009-03-31": "14133.60000", "2008-12-31": "14445.90000", "2008-09-30": "14293.20000", "2008-06-30": "14364.30000", "2008-03-31": "14555.50000", "2007-12-31": "14121.90000", "2007-09-30": "13751.00000", "2007-06-30": "13850.50000", "2007-03-31": "13738.70000", "2006-12-31": "13215.40000", "2006-09-30": "13089.20000", "2006-06-30": "12863.90000", "2006-03-31": "12571.80000", "2005-12-31": "10265.70000", "2005-09-30": "10077.40000", "2005-06-30": "10193.50000", "2005-03-31": "9961.00000"}, "Operating Income": {"2020-12-31": "804.00000", "2020-09-30": "617.00000", "2020-06-30": "3353.00000", "2020-03-31": "2284.00000", "2019-12-31": "1291.00000", "2019-09-30": "1674.00000", "2019-06-30": "1637.00000", "2019-03-31": "2131.00000", "2018-12-31": "725.00000", "2018-09-30": "1429.00000", "2018-06-30": "1695.00000", "2018-03-31": "1983.00000", "2017-12-31": "570.40430", "2017-09-30": "1269.00000", "2017-06-30": "1395.60000", "2017-03-31": "1749.99800", "2016-12-31": "835.50200", "2016-09-30": "1309.40000", "2016-06-30": "1634.00000", "2016-03-31": "1499.10000", "2015-12-31": "546.50200", "2015-09-30": "1292.10000", "2015-06-30": "1709.19900", "2015-03-31": "1726.90000", "2014-12-31": "1041.00400", "2014-09-30": "1317.30100", "2014-06-30": "1412.30100", "2014-03-31": "1279.30100", "2013-12-31": "615.69140", "2013-09-30": "1176.50000", "2013-06-30": "1360.00200", "2013-03-31": "1436.00000", "2012-12-31": "625.70020", "2012-09-30": "1159.29900", "2012-06-30": "1166.20000", "2012-03-31": "1418.89900", "2011-12-31": "590.80080", "2011-09-30": "1153.40000", "2011-06-30": "1111.00100", "2011-03-31": "1533.00000", "2010-12-31": "865.09960", "2010-09-30": "1243.10000", "2010-06-30": "1229.79900", "2010-03-31": "1434.70100", "2009-12-31": "4443.39600", "2009-09-30": "1227.80000", "2009-06-30": "1169.50100", "2009-03-31": "1009.70000", "2008-12-31": "623.70410", "2008-09-30": "667.79880", "2008-06-30": "1302.50100", "2008-03-31": "998.20020", "2007-12-31": "1448.10000", "2007-09-30": "1491.00000", "2007-06-30": "1417.40000", "2007-03-31": "1349.30100", "2006-12-31": "1383.80000", "2006-09-30": "1360.20000", "2006-06-30": "1307.19900", "2006-03-31": "1266.70000", "2005-12-31": "1099.40400", "2005-09-30": "1079.50100", "2005-06-30": "955.49900", "2005-03-31": "982.09960"}, "Total Non-Operating Income/Expense": {"2020-12-31": "-193.00000", "2020-09-30": "-228.00000", "2020-06-30": "-204.00000", "2020-03-31": "-195.00000", "2019-12-31": "-193.00000", "2019-09-30": "-185.00000", "2019-06-30": "-184.00000", "2019-03-31": "-186.00000", "2018-12-31": "-183.00000", "2018-09-30": "-187.00000", "2018-06-30": "-191.00000", "2018-03-31": "-203.00000", "2017-12-31": "-446.10000", "2017-09-30": "-150.00000", "2017-06-30": "-189.90000", "2017-03-31": "-235.00000", "2016-12-31": "-177.30000", "2016-09-30": "-172.90000", "2016-06-30": "-185.70000", "2016-03-31": "-187.10000", "2015-12-31": "-172.20000", "2015-09-30": "-162.50000", "2015-06-30": "-151.20000", "2015-03-31": "-157.80000", "2014-12-31": "-153.90000", "2014-09-30": "-230.10000", "2014-06-30": "-148.60000", "2014-03-31": "-149.20000", "2013-12-31": "-145.80000", "2013-09-30": "-296.80000", "2013-06-30": "-151.90000", "2013-03-31": "-153.50000", "2012-12-31": "-151.50000", "2012-09-30": "-133.60000", "2012-06-30": "-117.60000", "2012-03-31": "-109.10000", "2011-12-31": "-112.60000", "2011-09-30": "-108.20000", "2011-06-30": "-103.60000", "2011-03-31": "-105.90000", "2010-12-31": "-113.00000", "2010-09-30": "-106.30000", "2010-06-30": "-100.20000", "2010-03-31": "-99.40000", "2009-12-31": "-103.70000", "2009-09-30": "-110.60000", "2009-06-30": "-117.00000", "2009-03-31": "-116.10000", "2008-12-31": "-115.90000", "2008-09-30": "-118.40000", "2008-06-30": "-116.50000", "2008-03-31": "-119.00000", "2007-12-31": "-125.30000", "2007-09-30": "-119.60000", "2007-06-30": "-100.10000", "2007-03-31": "-102.90000", "2006-12-31": "-100.00000", "2006-09-30": "-105.60000", "2006-06-30": "-103.90000", "2006-03-31": "-94.00000", "2005-12-31": "-58.00000", "2005-09-30": "-56.10000", "2005-06-30": "-58.90000", "2005-03-31": "-53.20000"}, "Pre-Tax Income": {"2020-12-31": "611.00000", "2020-09-30": "389.00000", "2020-06-30": "3149.00000", "2020-03-31": "2089.00000", "2019-12-31": "1098.00000", "2019-09-30": "1489.00000", "2019-06-30": "1453.00000", "2019-03-31": "1945.00000", "2018-12-31": "542.00000", "2018-09-30": "1242.00000", "2018-06-30": "1504.00000", "2018-03-31": "1780.00000", "2017-12-31": "124.30000", "2017-09-30": "1119.00000", "2017-06-30": "1205.70000", "2017-03-31": "1515.00000", "2016-12-31": "658.20000", "2016-09-30": "1136.50000", "2016-06-30": "1448.30000", "2016-03-31": "1312.00000", "2015-12-31": "374.29990", "2015-09-30": "1129.60000", "2015-06-30": "1558.00000", "2015-03-31": "1569.10000", "2014-12-31": "887.10020", "2014-09-30": "1087.20000", "2014-06-30": "1263.70000", "2014-03-31": "1130.10000", "2013-12-31": "469.90000", "2013-09-30": "879.70000", "2013-06-30": "1208.10000", "2013-03-31": "1282.50000", "2012-12-31": "474.20010", "2012-09-30": "1025.70000", "2012-06-30": "1048.60000", "2012-03-31": "1309.80000", "2011-12-31": "478.20000", "2011-09-30": "1045.20000", "2011-06-30": "1007.40000", "2011-03-31": "1427.10000", "2010-12-31": "752.09990", "2010-09-30": "1136.80000", "2010-06-30": "1129.60000", "2010-03-31": "1335.30000", "2009-12-31": "4339.70000", "2009-09-30": "1117.20000", "2009-06-30": "1052.50000", "2009-03-31": "893.60000", "2008-12-31": "507.80000", "2008-09-30": "549.40000", "2008-06-30": "1186.00000", "2008-03-31": "879.20000", "2007-12-31": "1322.80000", "2007-09-30": "1371.40000", "2007-06-30": "1317.30000", "2007-03-31": "1246.40000", "2006-12-31": "1283.80000", "2006-09-30": "1254.60000", "2006-06-30": "1203.30000", "2006-03-31": "1172.70000", "2005-12-31": "1041.40000", "2005-09-30": "1023.40000", "2005-06-30": "896.60000", "2005-03-31": "928.90000"}, "Income Taxes": {"2020-12-31": "60.00000", "2020-09-30": "167.00000", "2020-06-30": "873.00000", "2020-03-31": "566.00000", "2019-12-31": "164.00000", "2019-09-30": "306.00000", "2019-06-30": "314.00000", "2019-03-31": "394.00000", "2018-12-31": "118.00000", "2018-09-30": "282.00000", "2018-06-30": "450.00000", "2018-03-31": "468.00000", "2017-12-31": "-1106.50000", "2017-09-30": "372.00000", "2017-06-30": "350.40000", "2017-03-31": "505.10000", "2016-12-31": "289.60000", "2016-09-30": "518.70000", "2016-06-30": "667.70000", "2016-03-31": "609.00000", "2015-12-31": "193.39990", "2015-09-30": "474.80000", "2015-06-30": "698.90000", "2015-03-31": "703.90000", "2014-12-31": "380.40000", "2014-09-30": "456.30000", "2014-06-30": "532.60000", "2014-03-31": "438.70000", "2013-12-31": "161.00000", "2013-09-30": "225.90000", "2013-06-30": "408.80000", "2013-03-31": "410.20000", "2012-12-31": "14.50010", "2012-09-30": "334.50000", "2012-06-30": "405.00000", "2012-03-31": "453.30000", "2011-12-31": "142.90000", "2011-09-30": "362.00000", "2011-06-30": "305.80000", "2011-03-31": "500.50000", "2010-12-31": "203.30000", "2010-09-30": "397.70000", "2010-06-30": "407.20000", "2010-03-31": "458.50000", "2009-12-31": "1597.90000", "2009-09-30": "387.00000", "2009-06-30": "359.00000", "2009-03-31": "313.20000", "2008-12-31": "176.40000", "2008-09-30": "-271.30000", "2008-06-30": "435.50000", "2008-03-31": "291.10000", "2007-12-31": "463.70000", "2007-09-30": "503.40000", "2007-06-30": "482.10000", "2007-03-31": "463.30000", "2006-12-31": "482.70000", "2006-09-30": "443.80000", "2006-06-30": "452.10000", "2006-03-31": "440.90000", "2005-12-31": "389.40000", "2005-09-30": "382.70000", "2005-06-30": "337.20000", "2005-03-31": "317.20000"}, "Income After Taxes": {"2020-12-31": "551.00000", "2020-09-30": "222.00000", "2020-06-30": "2276.00000", "2020-03-31": "1523.00000", "2019-12-31": "934.00000", "2019-09-30": "1183.00000", "2019-06-30": "1139.00000", "2019-03-31": "1551.00000", "2018-12-31": "424.00000", "2018-09-30": "960.00000", "2018-06-30": "1054.00000", "2018-03-31": "1312.00000", "2017-12-31": "1230.80000", "2017-09-30": "747.00000", "2017-06-30": "855.29990", "2017-03-31": "1009.90000", "2016-12-31": "368.59990", "2016-09-30": "617.80000", "2016-06-30": "780.60000", "2016-03-31": "703.00000", "2015-12-31": "180.90000", "2015-09-30": "654.80000", "2015-06-30": "859.10000", "2015-03-31": "865.20000", "2014-12-31": "506.70030", "2014-09-30": "630.90000", "2014-06-30": "731.10000", "2014-03-31": "691.40000", "2013-12-31": "308.89970", "2013-09-30": "653.80000", "2013-06-30": "799.30000", "2013-03-31": "872.30000", "2012-12-31": "459.70000", "2012-09-30": "691.20000", "2012-06-30": "643.60000", "2012-03-31": "856.50010", "2011-12-31": "335.29990", "2011-09-30": "683.20000", "2011-06-30": "701.60000", "2011-03-31": "926.60000", "2010-12-31": "548.79980", "2010-09-30": "739.10000", "2010-06-30": "722.40000", "2010-03-31": "876.80000", "2009-12-31": "2741.80000", "2009-09-30": "730.20000", "2009-06-30": "693.50000", "2009-03-31": "580.40000", "2008-12-31": "331.40000", "2008-09-30": "820.70000", "2008-06-30": "750.50000", "2008-03-31": "588.10000", "2007-12-31": "859.09980", "2007-09-30": "868.00000", "2007-06-30": "835.20010", "2007-03-31": "783.10000", "2006-12-31": "801.09990", "2006-09-30": "810.80000", "2006-06-30": "751.20010", "2006-03-31": "731.79990", "2005-12-31": "652.00020", "2005-09-30": "640.70000", "2005-06-30": "559.40000", "2005-03-31": "611.70000"}, "Other Income": {"2020-12-31": "", "2020-09-30": "", "2020-06-30": "", "2020-03-31": "", "2019-12-31": "", "2019-09-30": "", "2019-06-30": "", "2019-03-31": "", "2018-12-31": "", "2018-09-30": "", "2018-06-30": "", "2018-03-31": "", "2017-12-31": "", "2017-09-30": "", "2017-06-30": "", "2017-03-31": "", "2016-12-31": "", "2016-09-30": "", "2016-06-30": "", "2016-03-31": "", "2015-12-31": "", "2015-09-30": "", "2015-06-30": "", "2015-03-31": "", "2014-12-31": "", "2014-09-30": "", "2014-06-30": "", "2014-03-31": "", "2013-12-31": "", "2013-09-30": "", "2013-06-30": "", "2013-03-31": "", "2012-12-31": "", "2012-09-30": "", "2012-06-30": "", "2012-03-31": "", "2011-12-31": "", "2011-09-30": "", "2011-06-30": "", "2011-03-31": "", "2010-12-31": "", "2010-09-30": "", "2010-06-30": "", "2010-03-31": "", "2009-12-31": "", "2009-09-30": "", "2009-06-30": "", "2009-03-31": "", "2008-12-31": "", "2008-09-30": "", "2008-06-30": "", "2008-03-31": "", "2007-12-31": "", "2007-09-30": "", "2007-06-30": "", "2007-03-31": "", "2006-12-31": "", "2006-09-30": "", "2006-06-30": "", "2006-03-31": "", "2005-12-31": "", "2005-09-30": "", "2005-06-30": "", "2005-03-31": ""}, "Income From Continuous Operations": {"2020-12-31": "551.00000", "2020-09-30": "222.00000", "2020-06-30": "2276.00000", "2020-03-31": "1523.00000", "2019-12-31": "934.00000", "2019-09-30": "1183.00000", "2019-06-30": "1139.00000", "2019-03-31": "1551.00000", "2018-12-31": "424.00000", "2018-09-30": "960.00000", "2018-06-30": "1054.00000", "2018-03-31": "1312.00000", "2017-12-31": "1230.80000", "2017-09-30": "747.00000", "2017-06-30": "855.29990", "2017-03-31": "1009.90000", "2016-12-31": "368.59990", "2016-09-30": "617.80000", "2016-06-30": "780.60000", "2016-03-31": "703.00000", "2015-12-31": "180.90000", "2015-09-30": "654.80000", "2015-06-30": "859.10000", "2015-03-31": "865.20000", "2014-12-31": "506.70010", "2014-09-30": "630.90000", "2014-06-30": "731.10000", "2014-03-31": "691.40000", "2013-12-31": "308.90000", "2013-09-30": "653.80000", "2013-06-30": "799.30000", "2013-03-31": "872.30000", "2012-12-31": "459.70000", "2012-09-30": "691.20000", "2012-06-30": "643.60000", "2012-03-31": "856.50010", "2011-12-31": "335.29990", "2011-09-30": "683.20000", "2011-06-30": "701.60000", "2011-03-31": "926.60000", "2010-12-31": "548.79980", "2010-09-30": "739.10000", "2010-06-30": "722.40000", "2010-03-31": "876.80000", "2009-12-31": "2741.80000", "2009-09-30": "730.20000", "2009-06-30": "693.50000", "2009-03-31": "580.40000", "2008-12-31": "331.40000", "2008-09-30": "820.70000", "2008-06-30": "750.50000", "2008-03-31": "588.10000", "2007-12-31": "859.09980", "2007-09-30": "868.00000", "2007-06-30": "835.20010", "2007-03-31": "783.10000", "2006-12-31": "801.09990", "2006-09-30": "810.80000", "2006-06-30": "751.20010", "2006-03-31": "731.79990", "2005-12-31": "652.00020", "2005-09-30": "640.70000", "2005-06-30": "559.40000", "2005-03-31": "611.70000"}, "Income From Discontinued Operations": {"2020-12-31": "", "2020-09-30": "", "2020-06-30": "", "2020-03-31": "", "2019-12-31": "", "2019-09-30": "", "2019-06-30": "", "2019-03-31": "", "2018-12-31": "", "2018-09-30": "", "2018-06-30": "", "2018-03-31": "", "2017-12-31": "", "2017-09-30": "", "2017-06-30": "", "2017-03-31": "", "2016-12-31": "", "2016-09-30": "", "2016-06-30": "", "2016-03-31": "", "2015-12-31": "", "2015-09-30": "", "2015-06-30": "", "2015-03-31": "", "2014-12-31": "", "2014-09-30": "", "2014-06-30": "", "2014-03-31": "9.60000", "2013-12-31": "-160.70000", "2013-09-30": "2.40000", "2013-06-30": "0.80000", "2013-03-31": "12.90000", "2012-12-31": "", "2012-09-30": "", "2012-06-30": "", "2012-03-31": "", "2011-12-31": "", "2011-09-30": "", "2011-06-30": "", "2011-03-31": "", "2010-12-31": "", "2010-09-30": "", "2010-06-30": "", "2010-03-31": "", "2009-12-31": "", "2009-09-30": "", "2009-06-30": "", "2009-03-31": "", "2008-12-31": "", "2008-09-30": "", "2008-06-30": "", "2008-03-31": "", "2007-12-31": "", "2007-09-30": "", "2007-06-30": "", "2007-03-31": "", "2006-12-31": "", "2006-09-30": "", "2006-06-30": "", "2006-03-31": "", "2005-12-31": "", "2005-09-30": "", "2005-06-30": "", "2005-03-31": ""}, "Net Income": {"2020-12-31": "551.00000", "2020-09-30": "222.00000", "2020-06-30": "2276.00000", "2020-03-31": "1523.00000", "2019-12-31": "934.00000", "2019-09-30": "1183.00000", "2019-06-30": "1139.00000", "2019-03-31": "1551.00000", "2018-12-31": "424.00000", "2018-09-30": "960.00000", "2018-06-30": "1054.00000", "2018-03-31": "1312.00000", "2017-12-31": "1230.80000", "2017-09-30": "747.00000", "2017-06-30": "855.30000", "2017-03-31": "1009.90000", "2016-12-31": "368.60000", "2016-09-30": "617.80000", "2016-06-30": "780.60000", "2016-03-31": "703.00000", "2015-12-31": "180.90000", "2015-09-30": "654.80000", "2015-06-30": "859.10000", "2015-03-31": "865.20000", "2014-12-31": "506.70000", "2014-09-30": "630.90000", "2014-06-30": "731.10000", "2014-03-31": "701.00000", "2013-12-31": "148.20000", "2013-09-30": "656.20000", "2013-06-30": "800.10000", "2013-03-31": "885.20000", "2012-12-31": "464.20010", "2012-09-30": "691.20000", "2012-06-30": "643.60000", "2012-03-31": "856.50000", "2011-12-31": "335.30000", "2011-09-30": "683.20000", "2011-06-30": "701.60000", "2011-03-31": "926.60000", "2010-12-31": "548.80000", "2010-09-30": "739.10000", "2010-06-30": "722.40000", "2010-03-31": "876.80000", "2009-12-31": "2741.80000", "2009-09-30": "730.20000", "2009-06-30": "693.50000", "2009-03-31": "580.40000", "2008-12-31": "331.40000", "2008-09-30": "820.70000", "2008-06-30": "750.50000", "2008-03-31": "588.10000", "2007-12-31": "859.10000", "2007-09-30": "868.00000", "2007-06-30": "835.20000", "2007-03-31": "783.10000", "2006-12-31": "801.09990", "2006-09-30": "810.80000", "2006-06-30": "751.20000", "2006-03-31": "731.80000", "2005-12-31": "652.00010", "2005-09-30": "640.70000", "2005-06-30": "559.40000", "2005-03-31": "611.70000"}, "EBITDA": {"2020-12-31": "", "2020-09-30": "925.00000", "2020-06-30": "3639.00000", "2020-03-31": "2554.00000", "2019-12-31": "1537.00000", "2019-09-30": "1975.00000", "2019-06-30": "1934.00000", "2019-03-31": "2420.00000", "2018-12-31": "1013.00000", "2018-09-30": "1717.00000", "2018-06-30": "1981.00000", "2018-03-31": "2253.00000", "2017-12-31": "798.40430", "2017-09-30": "1492.50000", "2017-06-30": "1614.40000", "2017-03-31": "1970.69800", "2016-12-31": "1068.10200", "2016-09-30": "1537.70000", "2016-06-30": "1859.80000", "2016-03-31": "1724.40000", "2015-12-31": "777.80190", "2015-09-30": "1262.90000", "2015-06-30": "2200.69900", "2015-03-31": "1941.20000", "2014-12-31": "1249.10400", "2014-09-30": "1525.40100", "2014-06-30": "1630.40100", "2014-03-31": "1496.00100", "2013-12-31": "853.39140", "2013-09-30": "1407.60000", "2013-06-30": "1588.00200", "2013-03-31": "1648.00000", "2012-12-31": "818.80020", "2012-09-30": "1346.19900", "2012-06-30": "1348.20000", "2012-03-31": "1597.59900", "2011-12-31": "770.60080", "2011-09-30": "1305.30000", "2011-06-30": "1265.80100", "2011-03-31": "1683.70000", "2010-12-31": "1023.40000", "2010-09-30": "1398.90000", "2010-06-30": "1376.99900", "2010-03-31": "1574.20100", "2009-12-31": "4580.49700", "2009-09-30": "1366.90000", "2009-06-30": "1311.10100", "2009-03-31": "1145.40000", "2008-12-31": "758.50410", "2008-09-30": "814.59890", "2008-06-30": "1447.90100", "2008-03-31": "1142.90000", "2007-12-31": "1592.20000", "2007-09-30": "1637.60000", "2007-06-30": "1568.80000", "2007-03-31": "1493.40100", "2006-12-31": "1538.50000", "2006-09-30": "1511.80000", "2006-06-30": "1457.39900", "2006-03-31": "1415.10000", "2005-12-31": "1235.20400", "2005-09-30": "1216.10100", "2005-06-30": "1111.29900", "2005-03-31": "1110.50000"}, "EBIT": {"2020-12-31": "804.00000", "2020-09-30": "617.00000", "2020-06-30": "3353.00000", "2020-03-31": "2284.00000", "2019-12-31": "1291.00000", "2019-09-30": "1674.00000", "2019-06-30": "1637.00000", "2019-03-31": "2131.00000", "2018-12-31": "725.00000", "2018-09-30": "1429.00000", "2018-06-30": "1695.00000", "2018-03-31": "1983.00000", "2017-12-31": "570.40230", "2017-09-30": "1269.00000", "2017-06-30": "1395.60000", "2017-03-31": "1749.99800", "2016-12-31": "835.50000", "2016-09-30": "1309.40000", "2016-06-30": "1634.00000", "2016-03-31": "1499.10000", "2015-12-31": "546.50390", "2015-09-30": "1292.10000", "2015-06-30": "1709.19900", "2015-03-31": "1726.90000", "2014-12-31": "1041.00400", "2014-09-30": "1317.30100", "2014-06-30": "1412.30100", "2014-03-31": "1279.30100", "2013-12-31": "615.69340", "2013-09-30": "1176.50000", "2013-06-30": "1360.00200", "2013-03-31": "1436.00000", "2012-12-31": "625.69920", "2012-09-30": "1159.29900", "2012-06-30": "1166.20000", "2012-03-31": "1418.89900", "2011-12-31": "590.79790", "2011-09-30": "1153.40000", "2011-06-30": "1111.00100", "2011-03-31": "1533.00000", "2010-12-31": "865.10350", "2010-09-30": "1243.10000", "2010-06-30": "1229.79900", "2010-03-31": "1434.70100", "2009-12-31": "4443.39700", "2009-09-30": "1227.80000", "2009-06-30": "1169.50100", "2009-03-31": "1009.70000", "2008-12-31": "623.70310", "2008-09-30": "667.79880", "2008-06-30": "1302.50100", "2008-03-31": "998.20020", "2007-12-31": "1448.10000", "2007-09-30": "1491.00000", "2007-06-30": "1417.40000", "2007-03-31": "1349.30100", "2006-12-31": "1383.80300", "2006-09-30": "1360.20000", "2006-06-30": "1307.19900", "2006-03-31": "1266.70000", "2005-12-31": "1099.40400", "2005-09-30": "1079.50100", "2005-06-30": "955.49900", "2005-03-31": "982.09960"}, "Basic Shares Outstanding": {"2020-12-31": "", "2020-09-30": "251.00000", "2020-06-30": "252.20000", "2020-03-31": "252.40000", "2019-12-31": "255.50000", "2019-09-30": "255.20000", "2019-06-30": "256.70000", "2019-03-31": "257.10000", "2018-12-31": "258.10000", "2018-09-30": "259.50000", "2018-06-30": "258.70000", "2018-03-31": "255.80000", "2017-12-31": "261.50000", "2017-09-30": "260.50000", "2017-06-30": "264.60000", "2017-03-31": "264.40000", "2016-12-31": "262.90000", "2016-09-30": "263.20000", "2016-06-30": "263.00000", "2016-03-31": "261.80000", "2015-12-31": "263.00000", "2015-09-30": "261.30000", "2015-06-30": "263.10000", "2015-03-31": "266.60000", "2014-12-31": "275.90000", "2014-09-30": "273.00000", "2014-06-30": "276.80000", "2014-03-31": "284.90000", "2013-12-31": "298.50000", "2013-09-30": "297.40000", "2013-06-30": "299.50000", "2013-03-31": "303.20000", "2012-12-31": "321.50000", "2012-09-30": "318.90000", "2012-06-30": "327.70000", "2012-03-31": "335.00000", "2011-12-31": "360.20000", "2011-09-30": "356.00000", "2011-06-30": "366.10000", "2011-03-31": "374.00000", "2010-12-31": "410.90000", "2010-09-30": "397.60000", "2010-06-30": "417.30000", "2010-03-31": "441.10000", "2009-12-31": "476.30000", "2009-09-30": "471.50000", "2009-06-30": "482.50000", "2009-03-31": "496.00000", "2008-12-31": "519.80000", "2008-09-30": "510.70000", "2008-06-30": "519.70000", "2008-03-31": "542.70000", "2007-12-31": "593.40000", "2007-09-30": "589.80000", "2007-06-30": "608.90000", "2007-03-31": "611.90000", "2006-12-31": "627.90000", "2006-09-30": "617.10000", "2006-06-30": "627.80000", "2006-03-31": "652.50000", "2005-12-31": "610.90000", "2005-09-30": "611.90000", "2005-06-30": "610.60000", "2005-03-31": "606.60000"}, "Shares Outstanding": {"2020-12-31": "251.10000", "2020-09-30": "254.20000", "2020-06-30": "255.40000", "2020-03-31": "256.40000", "2019-12-31": "260.30000", "2019-09-30": "260.00000", "2019-06-30": "261.00000", "2019-03-31": "262.30000", "2018-12-31": "264.20000", "2018-09-30": "265.40000", "2018-06-30": "264.50000", "2018-03-31": "262.80000", "2017-12-31": "267.80000", "2017-09-30": "267.00000", "2017-06-30": "270.80000", "2017-03-31": "270.40000", "2016-12-31": "268.10000", "2016-09-30": "268.10000", "2016-06-30": "268.20000", "2016-03-31": "267.50000", "2015-12-31": "272.90000", "2015-09-30": "269.20000", "2015-06-30": "274.30000", "2015-03-31": "280.40000", "2014-12-31": "285.90000", "2014-09-30": "284.10000", "2014-06-30": "286.00000", "2014-03-31": "292.60000", "2013-12-31": "303.80000", "2013-09-30": "304.50000", "2013-06-30": "303.20000", "2013-03-31": "305.90000", "2012-12-31": "324.80000", "2012-09-30": "321.90000", "2012-06-30": "331.20000", "2012-03-31": "339.00000", "2011-12-31": "365.10000", "2011-09-30": "360.40000", "2011-06-30": "371.50000", "2011-03-31": "379.30000", "2010-12-31": "415.80000", "2010-09-30": "402.20000", "2010-06-30": "421.80000", "2010-03-31": "446.60000", "2009-12-31": "480.50000", "2009-09-30": "476.80000", "2009-06-30": "486.30000", "2009-03-31": "498.20000", "2008-12-31": "523.00000", "2008-09-30": "513.50000", "2008-06-30": "522.60000", "2008-03-31": "547.60000", "2007-12-31": "602.00000", "2007-09-30": "597.00000", "2007-06-30": "617.90000", "2007-03-31": "623.00000", "2006-12-31": "642.10000", "2006-09-30": "630.60000", "2006-06-30": "642.00000", "2006-03-31": "669.30000", "2005-12-31": "625.80000", "2005-09-30": "627.70000", "2005-06-30": "624.80000", "2005-03-31": "621.60000"}, "Basic EPS": {"2020-12-31": "", "2020-09-30": "0.88000", "2020-06-30": "9.02000", "2020-03-31": "6.03000", "2019-12-31": "3.70000", "2019-09-30": "4.64000", "2019-06-30": "4.44000", "2019-03-31": "6.03000", "2018-12-31": "1.63000", "2018-09-30": "3.70000", "2018-06-30": "4.07000", "2018-03-31": "5.13000", "2017-12-31": "4.78000", "2017-09-30": "2.87000", "2017-06-30": "3.23000", "2017-03-31": "3.82000", "2016-12-31": "1.38000", "2016-09-30": "2.35000", "2016-06-30": "2.97000", "2016-03-31": "2.69000", "2015-12-31": "0.70000", "2015-09-30": "2.51000", "2015-06-30": "3.27000", "2015-03-31": "3.25000", "2014-12-31": "1.90000", "2014-09-30": "2.31000", "2014-06-30": "2.64000", "2014-03-31": "2.46000", "2013-12-31": "0.54000", "2013-09-30": "2.21000", "2013-06-30": "2.67000", "2013-03-31": "2.92000", "2012-12-31": "1.57000", "2012-09-30": "2.17000", "2012-06-30": "1.96000", "2012-03-31": "2.56000", "2011-12-31": "1.03000", "2011-09-30": "1.92000", "2011-06-30": "1.92000", "2011-03-31": "2.48000", "2010-12-31": "1.45000", "2010-09-30": "1.86000", "2010-06-30": "1.73000", "2010-03-31": "1.99000", "2009-12-31": "5.80000", "2009-09-30": "1.55000", "2009-06-30": "1.44000", "2009-03-31": "1.17000", "2008-12-31": "0.66000", "2008-09-30": "1.61000", "2008-06-30": "1.44000", "2008-03-31": "1.08000", "2007-12-31": "1.52000", "2007-09-30": "1.47000", "2007-06-30": "1.37000", "2007-03-31": "1.28000", "2006-12-31": "1.30000", "2006-09-30": "1.31000", "2006-06-30": "1.20000", "2006-03-31": "1.12000", "2005-12-31": "1.05000", "2005-09-30": "1.05000", "2005-06-30": "0.92000", "2005-03-31": "1.01000"}, "EPS - Earnings Per Share": {"2020-12-31": "2.19000", "2020-09-30": "0.87000", "2020-06-30": "8.91000", "2020-03-31": "5.94000", "2019-12-31": "3.65000", "2019-09-30": "4.55000", "2019-06-30": "4.36000", "2019-03-31": "5.91000", "2018-12-31": "1.60000", "2018-09-30": "3.62000", "2018-06-30": "3.98000", "2018-03-31": "4.99000", "2017-12-31": "4.66000", "2017-09-30": "2.80000", "2017-06-30": "3.16000", "2017-03-31": "3.73000", "2016-12-31": "1.37000", "2016-09-30": "2.30000", "2016-06-30": "2.91000", "2016-03-31": "2.63000", "2015-12-31": "0.73000", "2015-09-30": "2.43000", "2015-06-30": "3.13000", "2015-03-31": "3.09000", "2014-12-31": "1.81000", "2014-09-30": "2.22000", "2014-06-30": "2.56000", "2014-03-31": "2.40000", "2013-12-31": "0.51000", "2013-09-30": "2.16000", "2013-06-30": "2.64000", "2013-03-31": "2.89000", "2012-12-31": "1.56000", "2012-09-30": "2.15000", "2012-06-30": "1.94000", "2012-03-31": "2.53000", "2011-12-31": "1.02000", "2011-09-30": "1.90000", "2011-06-30": "1.89000", "2011-03-31": "2.44000", "2010-12-31": "1.43000", "2010-09-30": "1.84000", "2010-06-30": "1.71000", "2010-03-31": "1.96000", "2009-12-31": "5.76000", "2009-09-30": "1.53000", "2009-06-30": "1.43000", "2009-03-31": "1.16000", "2008-12-31": "0.65000", "2008-09-30": "1.60000", "2008-06-30": "1.44000", "2008-03-31": "1.07000", "2007-12-31": "1.50000", "2007-09-30": "1.45000", "2007-06-30": "1.35000", "2007-03-31": "1.26000", "2006-12-31": "1.27000", "2006-09-30": "1.29000", "2006-06-30": "1.17000", "2006-03-31": "1.09000", "2005-12-31": "1.04000", "2005-09-30": "1.02000", "2005-06-30": "0.90000", "2005-03-31": "0.98000"}}, "balance sheet": {"Cash On Hand": {"2020-12-31": "30733.00000", "2019-12-31": "25988.00000", "2018-12-31": "22744.00000", "2017-12-31": "25057.00000", "2016-12-31": "23802.50000", "2015-12-31": "21794.80000", "2014-12-31": "23061.10000", "2013-12-31": "21341.90000", "2012-12-31": "21180.00000", "2011-12-31": "20189.00000", "2010-12-31": "20015.90000", "2009-12-31": "21945.00000", "2008-12-31": "5389.30000", "2007-12-31": "7388.60000", "2006-12-31": "6029.50000", "2005-12-31": "6619.90000"}, "Receivables": {"2020-12-31": "10958.00000", "2019-12-31": "10553.00000", "2018-12-31": "9311.00000", "2017-12-31": "8794.00000", "2016-12-31": "8566.10000", "2015-12-31": "7340.80000", "2014-12-31": "7251.40000", "2013-12-31": "5267.70000", "2012-12-31": "4843.50000", "2011-12-31": "4452.60000", "2010-12-31": "3952.50000", "2009-12-31": "4160.50000", "2008-12-31": "4576.70000", "2007-12-31": "3867.40000", "2006-12-31": "3508.00000", "2005-12-31": "2960.10000"}, "Inventory": {"2020-12-31": "", "2019-12-31": "", "2018-12-31": "", "2017-12-31": "", "2016-12-31": "", "2015-12-31": "", "2014-12-31": "", "2013-12-31": "", "2012-12-31": "", "2011-12-31": "", "2010-12-31": "", "2009-12-31": "", "2008-12-31": "", "2007-12-31": "", "2006-12-31": "", "2005-12-31": ""}, "Pre-Paid Expenses": {"2020-12-31": "", "2019-12-31": "", "2018-12-31": "", "2017-12-31": "", "2016-12-31": "", "2015-12-31": "", "2014-12-31": "", "2013-12-31": "", "2012-12-31": "", "2011-12-31": "", "2010-12-31": "", "2009-12-31": "", "2008-12-31": "", "2007-12-31": "", "2006-12-31": "", "2005-12-31": ""}, "Other Current Assets": {"2020-12-31": "4060.00000", "2019-12-31": "2492.00000", "2018-12-31": "2266.00000", "2017-12-31": "2412.00000", "2016-12-31": "1946.30000", "2015-12-31": "1726.50000", "2014-12-31": "1635.30000", "2013-12-31": "2753.20000", "2012-12-31": "3087.60000", "2011-12-31": "2031.00000", "2010-12-31": "1711.50000", "2009-12-31": "1441.40000", "2008-12-31": "1385.00000", "2007-12-31": "1216.20000", "2006-12-31": "1441.70000", "2005-12-31": "1179.50000"}, "Total Current Assets": {"2020-12-31": "5741.00000", "2019-12-31": "39033.00000", "2018-12-31": "34321.00000", "2017-12-31": "36263.00000", "2016-12-31": "34314.90000", "2015-12-31": "30862.10000", "2014-12-31": "31947.80000", "2013-12-31": "29745.80000", "2012-12-31": "29347.50000", "2011-12-31": "27097.40000", "2010-12-31": "26140.80000", "2009-12-31": "28070.70000", "2008-12-31": "12130.00000", "2007-12-31": "13031.80000", "2006-12-31": "11621.80000", "2005-12-31": "11448.50000"}, "Property, Plant, And Equipment": {"2020-12-31": "3483.00000", "2019-12-31": "3133.00000", "2018-12-31": "2735.00000", "2017-12-31": "2175.00000", "2016-12-31": "1977.90000", "2015-12-31": "2019.80000", "2014-12-31": "1944.30000", "2013-12-31": "1801.50000", "2012-12-31": "1717.30000", "2011-12-31": "1418.10000", "2010-12-31": "1155.50000", "2009-12-31": "1099.60000", "2008-12-31": "1054.50000", "2007-12-31": "995.90000", "2006-12-31": "988.60000", "2005-12-31": "1078.60000"}, "Long-Term Investments": {"2020-12-31": "4847.00000", "2019-12-31": "4763.00000", "2018-12-31": "4246.00000", "2017-12-31": "3938.00000", "2016-12-31": "2796.30000", "2015-12-31": "2630.30000", "2014-12-31": "2231.80000", "2013-12-31": "2023.80000", "2012-12-31": "1849.20000", "2011-12-31": "1378.90000", "2010-12-31": "1120.60000", "2009-12-31": "1038.20000", "2008-12-31": "12542.30000", "2007-12-31": "14715.30000", "2006-12-31": "15687.40000", "2005-12-31": "15106.00000"}, "Goodwill And Intangible Assets": {"2020-12-31": "31096.00000", "2019-12-31": "29174.00000", "2018-12-31": "29511.00000", "2017-12-31": "27599.00000", "2016-12-31": "25526.10000", "2015-12-31": "25720.20000", "2014-12-31": "25040.10000", "2013-12-31": "25358.20000", "2012-12-31": "25555.30000", "2011-12-31": "21790.40000", "2010-12-31": "21261.70000", "2009-12-31": "21523.90000", "2008-12-31": "22288.50000", "2007-12-31": "22656.20000", "2006-12-31": "22779.70000", "2005-12-31": "23155.50000"}, "Other Long-Term Assets": {"2020-12-31": "1438.00000", "2019-12-31": "1350.00000", "2018-12-31": "758.00000", "2017-12-31": "565.00000", "2016-12-31": "467.90000", "2015-12-31": "485.40000", "2014-12-31": "512.30000", "2013-12-31": "645.20000", "2012-12-31": "486.10000", "2011-12-31": "478.40000", "2010-12-31": "488.30000", "2009-12-31": "393.00000", "2008-12-31": "387.90000", "2007-12-31": "660.80000", "2006-12-31": "497.40000", "2005-12-31": "498.60000"}, "Total Long-Term Assets": {"2020-12-31": "34579.00000", "2019-12-31": "38420.00000", "2018-12-31": "37250.00000", "2017-12-31": "34277.00000", "2016-12-31": "30768.20000", "2015-12-31": "30855.70000", "2014-12-31": "29728.50000", "2013-12-31": "29828.70000", "2012-12-31": "29607.90000", "2011-12-31": "25065.80000", "2010-12-31": "24026.10000", "2009-12-31": "24054.70000", "2008-12-31": "36273.20000", "2007-12-31": "39028.20000", "2006-12-31": "39953.10000", "2005-12-31": "39838.70000"}, "Total Assets": {"2020-12-31": "86615.00000", "2019-12-31": "77453.00000", "2018-12-31": "71571.00000", "2017-12-31": "70540.00000", "2016-12-31": "65083.10000", "2015-12-31": "61717.80000", "2014-12-31": "61676.30000", "2013-12-31": "59574.50000", "2012-12-31": "58955.40000", "2011-12-31": "52163.20000", "2010-12-31": "50166.90000", "2009-12-31": "52125.40000", "2008-12-31": "48403.20000", "2007-12-31": "52060.00000", "2006-12-31": "51574.90000", "2005-12-31": "51287.20000"}, "Total Current Liabilities": {"2020-12-31": "16852.00000", "2019-12-31": "23617.00000", "2018-12-31": "21965.00000", "2017-12-31": "23356.00000", "2016-12-31": "21294.40000", "2015-12-31": "19092.60000", "2014-12-31": "18752.70000", "2013-12-31": "16351.50000", "2012-12-31": "15995.00000", "2011-12-31": "15898.70000", "2010-12-31": "14009.50000", "2009-12-31": "14673.70000", "2008-12-31": "15020.30000", "2007-12-31": "14388.20000", "2006-12-31": "15138.50000", "2005-12-31": "14778.40000"}, "Long Term Debt": {"2020-12-31": "19335.00000", "2019-12-31": "17787.00000", "2018-12-31": "17217.00000", "2017-12-31": "17382.00000", "2016-12-31": "14358.50000", "2015-12-31": "15324.50000", "2014-12-31": "14019.60000", "2013-12-31": "13573.60000", "2012-12-31": "14170.80000", "2011-12-31": "8465.70000", "2010-12-31": "8147.80000", "2009-12-31": "8338.30000", "2008-12-31": "7833.90000", "2007-12-31": "9023.50000", "2006-12-31": "6493.20000", "2005-12-31": "6324.70000"}, "Other Non-Current Liabilities": {"2020-12-31": "1815.00000", "2019-12-31": "1420.00000", "2018-12-31": "1182.00000", "2017-12-31": "925.00000", "2016-12-31": "883.80000", "2015-12-31": "994.30000", "2014-12-31": "1035.80000", "2013-12-31": "836.00000", "2012-12-31": "1013.20000", "2011-12-31": "1055.90000", "2010-12-31": "963.40000", "2009-12-31": "1115.10000", "2008-12-31": "1353.70000", "2007-12-31": "1991.60000", "2006-12-31": "1370.30000", "2005-12-31": "1244.00000"}, "Total Long Term Liabilities": {"2020-12-31": "19335.00000", "2019-12-31": "22108.00000", "2018-12-31": "21065.00000", "2017-12-31": "20681.00000", "2016-12-31": "18688.30000", "2015-12-31": "19581.10000", "2014-12-31": "18672.30000", "2013-12-31": "18457.80000", "2012-12-31": "19157.70000", "2011-12-31": "12976.30000", "2010-12-31": "12344.80000", "2009-12-31": "12588.40000", "2008-12-31": "11951.20000", "2007-12-31": "14681.40000", "2006-12-31": "11860.60000", "2005-12-31": "11515.70000"}, "Total Liabilities": {"2020-12-31": "53416.00000", "2019-12-31": "45725.00000", "2018-12-31": "43030.00000", "2017-12-31": "44037.00000", "2016-12-31": "39982.70000", "2015-12-31": "38673.70000", "2014-12-31": "37425.00000", "2013-12-31": "34809.30000", "2012-12-31": "35152.70000", "2011-12-31": "28875.00000", "2010-12-31": "26354.30000", "2009-12-31": "27262.10000", "2008-12-31": "26971.50000", "2007-12-31": "29069.60000", "2006-12-31": "26999.10000", "2005-12-31": "26294.10000"}, "Common Stock Net": {"2020-12-31": "3.00000", "2019-12-31": "3.00000", "2018-12-31": "3.00000", "2017-12-31": "3.00000", "2016-12-31": "2.60000", "2015-12-31": "2.60000", "2014-12-31": "2.70000", "2013-12-31": "2.90000", "2012-12-31": "3.00000", "2011-12-31": "3.40000", "2010-12-31": "3.80000", "2009-12-31": "4.50000", "2008-12-31": "5.00000", "2007-12-31": "5.60000", "2006-12-31": "6.10000", "2005-12-31": "6.60000"}, "Retained Earnings (Accumulated Deficit)": {"2020-12-31": "23802.00000", "2019-12-31": "22573.00000", "2018-12-31": "19988.00000", "2017-12-31": "18054.00000", "2016-12-31": "16560.60000", "2015-12-31": "14778.50000", "2014-12-31": "14014.40000", "2013-12-31": "13813.90000", "2012-12-31": "12647.10000", "2011-12-31": "11490.70000", "2010-12-31": "10721.60000", "2009-12-31": "9598.50000", "2008-12-31": "5479.40000", "2007-12-31": "4387.60000", "2006-12-31": "4656.10000", "2005-12-31": "4173.50000"}, "Comprehensive Income": {"2020-12-31": "150.00000", "2019-12-31": "-296.00000", "2018-12-31": "-986.00000", "2017-12-31": "-101.00000", "2016-12-31": "-267.90000", "2015-12-31": "-292.60000", "2014-12-31": "171.90000", "2013-12-31": "183.20000", "2012-12-31": "299.10000", "2011-12-31": "114.90000", "2010-12-31": "224.60000", "2009-12-31": "68.10000", "2008-12-31": "-895.70000", "2007-12-31": "156.10000", "2006-12-31": "50.10000", "2005-12-31": "-20.30000"}, "Other Share Holders Equity": {"2020-12-31": "", "2019-12-31": "", "2018-12-31": "", "2017-12-31": "", "2016-12-31": "", "2015-12-31": "", "2014-12-31": "", "2013-12-31": "", "2012-12-31": "", "2011-12-31": "", "2010-12-31": "", "2009-12-31": "", "2008-12-31": "", "2007-12-31": "", "2006-12-31": "", "2005-12-31": ""}, "Share Holder Equity": {"2020-12-31": "33199.00000", "2019-12-31": "31728.00000", "2018-12-31": "28541.00000", "2017-12-31": "26503.00000", "2016-12-31": "25100.40000", "2015-12-31": "23044.10000", "2014-12-31": "24251.30000", "2013-12-31": "24765.20000", "2012-12-31": "23802.70000", "2011-12-31": "23288.20000", "2010-12-31": "23812.60000", "2009-12-31": "24863.30000", "2008-12-31": "21431.70000", "2007-12-31": "22990.40000", "2006-12-31": "24575.80000", "2005-12-31": "24993.10000"}, "Total Liabilities And Share Holders Equity": {"2020-12-31": "86615.00000", "2019-12-31": "77453.00000", "2018-12-31": "71571.00000", "2017-12-31": "70540.00000", "2016-12-31": "65083.10000", "2015-12-31": "61717.80000", "2014-12-31": "61676.30000", "2013-12-31": "59574.50000", "2012-12-31": "58955.40000", "2011-12-31": "52163.20000", "2010-12-31": "50166.90000", "2009-12-31": "52125.40000", "2008-12-31": "48403.20000", "2007-12-31": "52060.00000", "2006-12-31": "51574.90000", "2005-12-31": "51287.20000"}}, "balance sheet, quarterly": {"Cash On Hand": {"2020-12-31": "30733.00000", "2020-09-30": "29766.00000", "2020-06-30": "31516.00000", "2020-03-31": "25796.00000", "2019-12-31": "25622.00000", "2019-09-30": "26925.00000", "2019-06-30": "25272.00000", "2019-03-31": "24099.00000", "2018-12-31": "22744.00000", "2018-09-30": "24684.00000", "2018-06-30": "24847.30000", "2018-03-31": "24700.50000", "2017-12-31": "25057.00000", "2017-09-30": "27171.20000", "2017-06-30": "26566.80000", "2017-03-31": "27789.90000", "2016-12-31": "23802.50000", "2016-09-30": "23619.10000", "2016-06-30": "23310.60000", "2016-03-31": "23099.80000", "2015-12-31": "21794.80000", "2015-09-30": "22497.30000", "2015-06-30": "23236.60000", "2015-03-31": "24354.10000", "2014-12-31": "23061.10000", "2014-09-30": "23568.50000", "2014-06-30": "23971.50000", "2014-03-31": "23289.60000", "2013-12-31": "21341.90000", "2013-09-30": "22061.20000", "2013-06-30": "21123.30000", "2013-03-31": "21434.30000", "2012-12-31": "21180.00000", "2012-09-30": "22832.80000", "2012-06-30": "21080.50000", "2012-03-31": "20437.10000", "2011-12-31": "20189.00000", "2011-09-30": "20940.30000", "2011-06-30": "20369.10000", "2011-03-31": "20331.70000", "2010-12-31": "20015.90000", "2010-09-30": "20963.90000", "2010-06-30": "19320.10000", "2010-03-31": "20803.70000", "2009-12-31": "21945.00000", "2009-09-30": "18604.60000", "2009-06-30": "17683.90000", "2009-03-31": "5441.00000", "2008-12-31": "5389.30000", "2008-09-30": "6106.50000", "2008-06-30": "6571.10100", "2008-03-31": "7154.40000", "2007-12-31": "7388.60000", "2007-09-30": "7681.50000", "2007-06-30": "9027.10000", "2007-03-31": "7936.50000", "2006-12-31": "6029.50000", "2006-09-30": "5809.30000", "2006-06-30": "5022.80000", "2006-03-31": "5855.20000", "2005-12-31": "6619.90000", "2005-09-30": "17743.60000", "2005-06-30": "17353.10000", "2005-03-31": "16602.90000"}, "Receivables": {"2020-12-31": "10958.00000", "2020-09-30": "11537.00000", "2020-06-30": "10988.00000", "2020-03-31": "11325.00000", "2019-12-31": "10391.00000", "2019-09-30": "10298.00000", "2019-06-30": "10214.00000", "2019-03-31": "10179.00000", "2018-12-31": "9311.00000", "2018-09-30": "9386.00000", "2018-06-30": "9255.40000", "2018-03-31": "8561.10000", "2017-12-31": "8794.00000", "2017-09-30": "7822.20000", "2017-06-30": "8631.10000", "2017-03-31": "8218.60000", "2016-12-31": "8566.10000", "2016-09-30": "7229.00000", "2016-06-30": "7395.10000", "2016-03-31": "7199.30000", "2015-12-31": "7340.80000", "2015-09-30": "6558.80000", "2015-06-30": "7322.60000", "2015-03-31": "7514.30000", "2014-12-31": "7251.40000", "2014-09-30": "6319.40000", "2014-06-30": "5960.10000", "2014-03-31": "5691.50000", "2013-12-31": "5267.70000", "2013-09-30": "5184.60000", "2013-06-30": "5425.80000", "2013-03-31": "5027.10000", "2012-12-31": "4843.50000", "2012-09-30": "4706.00000", "2012-06-30": "4963.60000", "2012-03-31": "4665.30000", "2011-12-31": "4452.60000", "2011-09-30": "4376.80000", "2011-06-30": "4259.20000", "2011-03-31": "4219.90000", "2010-12-31": "3952.50000", "2010-09-30": "4084.80000", "2010-06-30": "4823.70000", "2010-03-31": "4336.70000", "2009-12-31": "4160.50000", "2009-09-30": "3781.30000", "2009-06-30": "4032.30000", "2009-03-31": "4925.90000", "2008-12-31": "4576.70000", "2008-09-30": "4613.30000", "2008-06-30": "4531.10000", "2008-03-31": "4327.50000", "2007-12-31": "3867.40000", "2007-09-30": "3962.80000", "2007-06-30": "4017.10000", "2007-03-31": "3936.20000", "2006-12-31": "3508.00000", "2006-09-30": "3727.90000", "2006-06-30": "3509.50000", "2006-03-31": "3303.20000", "2005-12-31": "2960.10000", "2005-09-30": "2702.90000", "2005-06-30": "3000.30000", "2005-03-31": "2633.30000"}, "Inventory": {"2020-12-31": "", "2020-09-30": "", "2020-06-30": "", "2020-03-31": "", "2019-12-31": "", "2019-09-30": "", "2019-06-30": "", "2019-03-31": "", "2018-12-31": "", "2018-09-30": "", "2018-06-30": "", "2018-03-31": "", "2017-12-31": "", "2017-09-30": "", "2017-06-30": "", "2017-03-31": "", "2016-12-31": "", "2016-09-30": "", "2016-06-30": "", "2016-03-31": "", "2015-12-31": "", "2015-09-30": "", "2015-06-30": "", "2015-03-31": "", "2014-12-31": "", "2014-09-30": "", "2014-06-30": "", "2014-03-31": "", "2013-12-31": "", "2013-09-30": "", "2013-06-30": "", "2013-03-31": "", "2012-12-31": "", "2012-09-30": "", "2012-06-30": "", "2012-03-31": "", "2011-12-31": "", "2011-09-30": "", "2011-06-30": "", "2011-03-31": "", "2010-12-31": "", "2010-09-30": "", "2010-06-30": "", "2010-03-31": "", "2009-12-31": "", "2009-09-30": "", "2009-06-30": "", "2009-03-31": "", "2008-12-31": "", "2008-09-30": "", "2008-06-30": "", "2008-03-31": "", "2007-12-31": "", "2007-09-30": "", "2007-06-30": "", "2007-03-31": "", "2006-12-31": "", "2006-09-30": "", "2006-06-30": "", "2006-03-31": "", "2005-12-31": "", "2005-09-30": "", "2005-06-30": "", "2005-03-31": ""}, "Pre-Paid Expenses": {"2020-12-31": "", "2020-09-30": "", "2020-06-30": "", "2020-03-31": "", "2019-12-31": "", "2019-09-30": "", "2019-06-30": "", "2019-03-31": "", "2018-12-31": "", "2018-09-30": "", "2018-06-30": "", "2018-03-31": "", "2017-12-31": "", "2017-09-30": "", "2017-06-30": "", "2017-03-31": "", "2016-12-31": "", "2016-09-30": "", "2016-06-30": "", "2016-03-31": "", "2015-12-31": "", "2015-09-30": "", "2015-06-30": "", "2015-03-31": "", "2014-12-31": "", "2014-09-30": "", "2014-06-30": "", "2014-03-31": "", "2013-12-31": "", "2013-09-30": "", "2013-06-30": "", "2013-03-31": "", "2012-12-31": "", "2012-09-30": "", "2012-06-30": "", "2012-03-31": "", "2011-12-31": "", "2011-09-30": "", "2011-06-30": "", "2011-03-31": "", "2010-12-31": "", "2010-09-30": "", "2010-06-30": "", "2010-03-31": "", "2009-12-31": "", "2009-09-30": "", "2009-06-30": "", "2009-03-31": "", "2008-12-31": "", "2008-09-30": "", "2008-06-30": "", "2008-03-31": "", "2007-12-31": "", "2007-09-30": "", "2007-06-30": "", "2007-03-31": "", "2006-12-31": "", "2006-09-30": "", "2006-06-30": "", "2006-03-31": "", "2005-12-31": "", "2005-09-30": "", "2005-06-30": "", "2005-03-31": ""}, "Other Current Assets": {"2020-12-31": "4060.00000", "2020-09-30": "4147.00000", "2020-06-30": "4260.00000", "2020-03-31": "4135.00000", "2019-12-31": "3020.00000", "2019-09-30": "2281.00000", "2019-06-30": "2319.00000", "2019-03-31": "2333.00000", "2018-12-31": "2266.00000", "2018-09-30": "3038.00000", "2018-06-30": "3267.70000", "2018-03-31": "3712.50000", "2017-12-31": "2412.00000", "2017-09-30": "1980.30000", "2017-06-30": "1932.80000", "2017-03-31": "1973.30000", "2016-12-31": "1946.30000", "2016-09-30": "2076.20000", "2016-06-30": "2252.00000", "2016-03-31": "2665.90000", "2015-12-31": "1726.50000", "2015-09-30": "2054.80000", "2015-06-30": "2347.40000", "2015-03-31": "2707.90000", "2014-12-31": "1635.30000", "2014-09-30": "2094.80000", "2014-06-30": "2334.40000", "2014-03-31": "2591.20000", "2013-12-31": "2753.20000", "2013-09-30": "1983.20000", "2013-06-30": "1995.40000", "2013-03-31": "2063.90000", "2012-12-31": "3087.60000", "2012-09-30": "2040.40000", "2012-06-30": "2078.50000", "2012-03-31": "2087.90000", "2011-12-31": "2031.00000", "2011-09-30": "1778.50000", "2011-06-30": "1781.20000", "2011-03-31": "1810.40000", "2010-12-31": "1711.50000", "2010-09-30": "1474.70000", "2010-06-30": "1492.60000", "2010-03-31": "1494.50000", "2009-12-31": "1441.40000", "2009-09-30": "2615.50000", "2009-06-30": "2603.60000", "2009-03-31": "1385.50000", "2008-12-31": "1385.00000", "2008-09-30": "1216.40000", "2008-06-30": "1269.20000", "2008-03-31": "1285.50000", "2007-12-31": "1216.20000", "2007-09-30": "1479.90000", "2007-06-30": "1480.50000", "2007-03-31": "1480.20000", "2006-12-31": "1441.70000", "2006-09-30": "1315.30000", "2006-06-30": "1324.00000", "2006-03-31": "1348.40000", "2005-12-31": "1179.50000", "2005-09-30": "783.30000", "2005-06-30": "800.70000", "2005-03-31": "783.40000"}, "Total Current Assets": {"2020-12-31": "45751.00000", "2020-09-30": "45450.00000", "2020-06-30": "46764.00000", "2020-03-31": "41256.00000", "2019-12-31": "39033.00000", "2019-09-30": "39504.00000", "2019-06-30": "37805.00000", "2019-03-31": "36611.00000", "2018-12-31": "34321.00000", "2018-09-30": "37108.00000", "2018-06-30": "37370.40000", "2018-03-31": "36974.10000", "2017-12-31": "36263.00000", "2017-09-30": "36973.70000", "2017-06-30": "37130.70000", "2017-03-31": "37981.80000", "2016-12-31": "34314.90000", "2016-09-30": "32924.30000", "2016-06-30": "32957.70000", "2016-03-31": "32965.00000", "2015-12-31": "30862.10000", "2015-09-30": "31539.40000", "2015-06-30": "33202.20000", "2015-03-31": "34740.40000", "2014-12-31": "31947.80000", "2014-09-30": "32227.10000", "2014-06-30": "32428.20000", "2014-03-31": "31806.80000", "2013-12-31": "29745.80000", "2013-09-30": "29596.90000", "2013-06-30": "28900.80000", "2013-03-31": "28660.70000", "2012-12-31": "29347.50000", "2012-09-30": "29640.30000", "2012-06-30": "28470.10000", "2012-03-31": "27543.60000", "2011-12-31": "27097.40000", "2011-09-30": "27552.30000", "2011-06-30": "26756.80000", "2011-03-31": "26819.40000", "2010-12-31": "26140.80000", "2010-09-30": "26939.40000", "2010-06-30": "26081.70000", "2010-03-31": "27116.50000", "2009-12-31": "28070.70000", "2009-09-30": "25362.50000", "2009-06-30": "25001.40000", "2009-03-31": "12483.20000", "2008-12-31": "12130.00000", "2008-09-30": "12677.90000", "2008-06-30": "13040.40000", "2008-03-31": "13409.50000", "2007-12-31": "13031.80000", "2007-09-30": "13687.70000", "2007-06-30": "15151.80000", "2007-03-31": "14018.40000", "2006-12-31": "11621.80000", "2006-09-30": "11637.00000", "2006-06-30": "10585.10000", "2006-03-31": "11011.80000", "2005-12-31": "11448.50000", "2005-09-30": "21572.40000", "2005-06-30": "21456.80000", "2005-03-31": "20480.10000"}, "Property, Plant, And Equipment": {"2020-12-31": "3483.00000", "2020-09-30": "3363.00000", "2020-06-30": "3427.00000", "2020-03-31": "3350.00000", "2019-12-31": "3133.00000", "2019-09-30": "2921.00000", "2019-06-30": "2837.00000", "2019-03-31": "2799.00000", "2018-12-31": "2735.00000", "2018-09-30": "2592.00000", "2018-06-30": "2392.20000", "2018-03-31": "2237.60000", "2017-12-31": "2175.00000", "2017-09-30": "2049.20000", "2017-06-30": "1975.70000", "2017-03-31": "1957.60000", "2016-12-31": "1977.90000", "2016-09-30": "2006.60000", "2016-06-30": "1989.80000", "2016-03-31": "1998.30000", "2015-12-31": "2019.80000", "2015-09-30": "1930.80000", "2015-06-30": "1931.40000", "2015-03-31": "1915.90000", "2014-12-31": "1944.30000", "2014-09-30": "1848.90000", "2014-06-30": "1829.20000", "2014-03-31": "1811.70000", "2013-12-31": "1801.50000", "2013-09-30": "1806.50000", "2013-06-30": "1769.50000", "2013-03-31": "1738.10000", "2012-12-31": "1717.30000", "2012-09-30": "1536.50000", "2012-06-30": "1478.40000", "2012-03-31": "1454.60000", "2011-12-31": "1418.10000", "2011-09-30": "1316.90000", "2011-06-30": "1212.90000", "2011-03-31": "1186.10000", "2010-12-31": "1155.50000", "2010-09-30": "1206.70000", "2010-06-30": "1171.20000", "2010-03-31": "1144.50000", "2009-12-31": "1099.60000", "2009-09-30": "1067.60000", "2009-06-30": "1038.20000", "2009-03-31": "1051.80000", "2008-12-31": "1054.50000", "2008-09-30": "1019.40000", "2008-06-30": "1014.20000", "2008-03-31": "1002.70000", "2007-12-31": "995.90000", "2007-09-30": "957.80000", "2007-06-30": "968.70000", "2007-03-31": "979.20000", "2006-12-31": "988.60000", "2006-09-30": "993.40000", "2006-06-30": "1014.90000", "2006-03-31": "1047.40000", "2005-12-31": "1078.60000", "2005-09-30": "966.80000", "2005-06-30": "999.60000", "2005-03-31": "1018.70000"}, "Long-Term Investments": {"2020-12-31": "4847.00000", "2020-09-30": "4728.00000", "2020-06-30": "4617.00000", "2020-03-31": "4686.00000", "2019-12-31": "4763.00000", "2019-09-30": "4461.00000", "2019-06-30": "4261.00000", "2019-03-31": "4235.00000", "2018-12-31": "4246.00000", "2018-09-30": "4102.00000", "2018-06-30": "4015.60000", "2018-03-31": "3995.20000", "2017-12-31": "3938.00000", "2017-09-30": "3007.70000", "2017-06-30": "2909.20000", "2017-03-31": "2879.40000", "2016-12-31": "2796.30000", "2016-09-30": "2726.00000", "2016-06-30": "2631.00000", "2016-03-31": "2615.80000", "2015-12-31": "2630.30000", "2015-09-30": "2438.00000", "2015-06-30": "2448.70000", "2015-03-31": "2279.20000", "2014-12-31": "2231.80000", "2014-09-30": "2224.80000", "2014-06-30": "2216.40000", "2014-03-31": "2127.20000", "2013-12-31": "2023.80000", "2013-09-30": "1984.90000", "2013-06-30": "2000.60000", "2013-03-31": "1981.20000", "2012-12-31": "1849.20000", "2012-09-30": "1509.60000", "2012-06-30": "1467.40000", "2012-03-31": "1315.90000", "2011-12-31": "1378.90000", "2011-09-30": "1300.50000", "2011-06-30": "1203.10000", "2011-03-31": "1165.70000", "2010-12-31": "1120.60000", "2010-09-30": "1109.30000", "2010-06-30": "1085.60000", "2010-03-31": "1063.90000", "2009-12-31": "1038.20000", "2009-09-30": "1042.30000", "2009-06-30": "1018.20000", "2009-03-31": "13271.40000", "2008-12-31": "12542.30000", "2008-09-30": "12860.20000", "2008-06-30": "13616.40000", "2008-03-31": "13850.60000", "2007-12-31": "14715.30000", "2007-09-30": "14884.20000", "2007-06-30": "14976.80000", "2007-03-31": "15216.80000", "2006-12-31": "15687.40000", "2006-09-30": "15423.40000", "2006-06-30": "15094.80000", "2006-03-31": "15817.80000", "2005-12-31": "15106.00000", "2005-09-30": "693.40000", "2005-06-30": "711.10000", "2005-03-31": "739.80000"}, "Goodwill And Intangible Assets": {"2020-12-31": "31096.00000", "2020-09-30": "31184.00000", "2020-06-30": "31218.00000", "2020-03-31": "31274.00000", "2019-12-31": "29174.00000", "2019-09-30": "29256.00000", "2019-06-30": "29340.00000", "2019-03-31": "29425.00000", "2018-12-31": "29511.00000", "2018-09-30": "29569.00000", "2018-06-30": "29638.80000", "2018-03-31": "29261.50000", "2017-12-31": "27599.00000", "2017-09-30": "25428.40000", "2017-06-30": "25443.60000", "2017-03-31": "25484.20000", "2016-12-31": "25526.10000", "2016-09-30": "25574.50000", "2016-06-30": "25621.90000", "2016-03-31": "25669.80000", "2015-12-31": "25720.20000", "2015-09-30": "25766.10000", "2015-06-30": "25817.20000", "2015-03-31": "25864.50000", "2014-12-31": "25040.10000", "2014-09-30": "25092.60000", "2014-06-30": "25153.90000", "2014-03-31": "25304.00000", "2013-12-31": "25358.20000", "2013-09-30": "26419.20000", "2013-06-30": "26476.70000", "2013-03-31": "26545.30000", "2012-12-31": "25555.30000", "2012-09-30": "22679.60000", "2012-06-30": "22660.50000", "2012-03-31": "21736.70000", "2011-12-31": "21790.40000", "2011-09-30": "21841.10000", "2011-06-30": "21147.10000", "2011-03-31": "21204.60000", "2010-12-31": "21261.70000", "2010-09-30": "21321.90000", "2010-06-30": "21382.40000", "2010-03-31": "21443.50000", "2009-12-31": "21523.90000", "2009-09-30": "21649.00000", "2009-06-30": "21921.70000", "2009-03-31": "22222.00000", "2008-12-31": "22288.50000", "2008-09-30": "22477.20000", "2008-06-30": "22623.80000", "2008-03-31": "22579.10000", "2007-12-31": "22656.20000", "2007-09-30": "22841.40000", "2007-06-30": "22592.30000", "2007-03-31": "22775.00000", "2006-12-31": "22779.70000", "2006-09-30": "22924.90000", "2006-06-30": "22987.30000", "2006-03-31": "23078.10000", "2005-12-31": "23155.50000", "2005-09-30": "18190.90000", "2005-06-30": "18166.80000", "2005-03-31": "17913.70000"}, "Other Long-Term Assets": {"2020-12-31": "1438.00000", "2020-09-30": "1849.00000", "2020-06-30": "1950.00000", "2020-03-31": "1833.00000", "2019-12-31": "1350.00000", "2019-09-30": "1667.00000", "2019-06-30": "1608.00000", "2019-03-31": "1453.00000", "2018-12-31": "758.00000", "2018-09-30": "1074.00000", "2018-06-30": "950.40000", "2018-03-31": "832.00000", "2017-12-31": "565.00000", "2017-09-30": "850.90000", "2017-06-30": "778.40000", "2017-03-31": "640.50000", "2016-12-31": "467.90000", "2016-09-30": "1168.50000", "2016-06-30": "862.20000", "2016-03-31": "609.80000", "2015-12-31": "485.40000", "2015-09-30": "661.30000", "2015-06-30": "864.30000", "2015-03-31": "746.00000", "2014-12-31": "512.30000", "2014-09-30": "664.80000", "2014-06-30": "675.90000", "2014-03-31": "635.80000", "2013-12-31": "645.20000", "2013-09-30": "456.00000", "2013-06-30": "464.70000", "2013-03-31": "483.30000", "2012-12-31": "486.10000", "2012-09-30": "451.90000", "2012-06-30": "458.60000", "2012-03-31": "445.70000", "2011-12-31": "478.40000", "2011-09-30": "539.10000", "2011-06-30": "557.30000", "2011-03-31": "542.20000", "2010-12-31": "488.30000", "2010-09-30": "455.10000", "2010-06-30": "439.10000", "2010-03-31": "412.50000", "2009-12-31": "393.00000", "2009-09-30": "376.10000", "2009-06-30": "364.80000", "2009-03-31": "386.40000", "2008-12-31": "387.90000", "2008-09-30": "723.90000", "2008-06-30": "681.10000", "2008-03-31": "713.80000", "2007-12-31": "660.80000", "2007-09-30": "528.60000", "2007-06-30": "504.50000", "2007-03-31": "499.80000", "2006-12-31": "497.40000", "2006-09-30": "505.50000", "2006-06-30": "409.70000", "2006-03-31": "410.60000", "2005-12-31": "498.60000", "2005-09-30": "432.10000", "2005-06-30": "357.00000", "2005-03-31": "335.60000"}, "Total Long-Term Assets": {"2020-12-31": "34579.00000", "2020-09-30": "41124.00000", "2020-06-30": "41212.00000", "2020-03-31": "41143.00000", "2019-12-31": "38420.00000", "2019-09-30": "38305.00000", "2019-06-30": "38046.00000", "2019-03-31": "37912.00000", "2018-12-31": "37250.00000", "2018-09-30": "37337.00000", "2018-06-30": "36997.00000", "2018-03-31": "36326.30000", "2017-12-31": "34277.00000", "2017-09-30": "31336.20000", "2017-06-30": "31106.90000", "2017-03-31": "30961.70000", "2016-12-31": "30768.20000", "2016-09-30": "31475.60000", "2016-06-30": "31104.90000", "2016-03-31": "30893.70000", "2015-12-31": "30855.70000", "2015-09-30": "30796.20000", "2015-06-30": "31061.60000", "2015-03-31": "30805.60000", "2014-12-31": "29728.50000", "2014-09-30": "29831.10000", "2014-06-30": "29875.40000", "2014-03-31": "29878.70000", "2013-12-31": "29828.70000", "2013-09-30": "30666.60000", "2013-06-30": "30711.50000", "2013-03-31": "30747.90000", "2012-12-31": "29607.90000", "2012-09-30": "26177.60000", "2012-06-30": "26064.90000", "2012-03-31": "24952.90000", "2011-12-31": "25065.80000", "2011-09-30": "24997.60000", "2011-06-30": "24120.40000", "2011-03-31": "24098.60000", "2010-12-31": "24026.10000", "2010-09-30": "24093.00000", "2010-06-30": "24078.30000", "2010-03-31": "24064.40000", "2009-12-31": "24054.70000", "2009-09-30": "24135.00000", "2009-06-30": "24342.90000", "2009-03-31": "36931.60000", "2008-12-31": "36273.20000", "2008-09-30": "37080.70000", "2008-06-30": "37935.50000", "2008-03-31": "38146.20000", "2007-12-31": "39028.20000", "2007-09-30": "39212.00000", "2007-06-30": "39042.30000", "2007-03-31": "39470.80000", "2006-12-31": "39953.10000", "2006-09-30": "39847.20000", "2006-06-30": "39506.70000", "2006-03-31": "40353.90000", "2005-12-31": "39838.70000", "2005-09-30": "20283.20000", "2005-06-30": "20234.50000", "2005-03-31": "20007.80000"}, "Total Assets": {"2020-12-31": "86615.00000", "2020-09-30": "86574.00000", "2020-06-30": "87976.00000", "2020-03-31": "82399.00000", "2019-12-31": "77453.00000", "2019-09-30": "77809.00000", "2019-06-30": "75851.00000", "2019-03-31": "74523.00000", "2018-12-31": "71571.00000", "2018-09-30": "74445.00000", "2018-06-30": "74367.40000", "2018-03-31": "73300.40000", "2017-12-31": "70540.00000", "2017-09-30": "68309.90000", "2017-06-30": "68237.60000", "2017-03-31": "68943.50000", "2016-12-31": "65083.10000", "2016-09-30": "64399.90000", "2016-06-30": "64062.60000", "2016-03-31": "63858.70000", "2015-12-31": "61717.80000", "2015-09-30": "62335.60000", "2015-06-30": "64263.80000", "2015-03-31": "65546.00000", "2014-12-31": "61676.30000", "2014-09-30": "62058.20000", "2014-06-30": "62303.60000", "2014-03-31": "61685.50000", "2013-12-31": "59574.50000", "2013-09-30": "60263.50000", "2013-06-30": "59612.30000", "2013-03-31": "59408.60000", "2012-12-31": "58955.40000", "2012-09-30": "55817.90000", "2012-06-30": "54535.00000", "2012-03-31": "52496.50000", "2011-12-31": "52163.20000", "2011-09-30": "52549.90000", "2011-06-30": "50877.20000", "2011-03-31": "50918.00000", "2010-12-31": "50166.90000", "2010-09-30": "51032.40000", "2010-06-30": "50160.00000", "2010-03-31": "51180.90000", "2009-12-31": "52125.40000", "2009-09-30": "49497.50000", "2009-06-30": "49344.30000", "2009-03-31": "49414.80000", "2008-12-31": "48403.20000", "2008-09-30": "49758.60000", "2008-06-30": "50975.90000", "2008-03-31": "51555.70000", "2007-12-31": "52060.00000", "2007-09-30": "52899.70000", "2007-06-30": "54194.10000", "2007-03-31": "53489.20000", "2006-12-31": "51574.90000", "2006-09-30": "51484.20000", "2006-06-30": "50091.80000", "2006-03-31": "51365.70000", "2005-12-31": "51287.20000", "2005-09-30": "41855.60000", "2005-06-30": "41691.30000", "2005-03-31": "40487.90000"}, "Total Current Liabilities": {"2020-12-31": "29453.00000", "2020-09-30": "28561.00000", "2020-06-30": "28522.00000", "2020-03-31": "27039.00000", "2019-12-31": "23532.00000", "2019-09-30": "23234.00000", "2019-06-30": "23090.00000", "2019-03-31": "22682.00000", "2018-12-31": "21965.00000", "2018-09-30": "24174.00000", "2018-06-30": "24505.70000", "2018-03-31": "24755.90000", "2017-12-31": "23356.00000", "2017-09-30": "24412.50000", "2017-06-30": "22567.90000", "2017-03-31": "23174.20000", "2016-12-31": "21294.40000", "2016-09-30": "21036.90000", "2016-06-30": "20816.80000", "2016-03-31": "20810.30000", "2015-12-31": "19092.60000", "2015-09-30": "18365.80000", "2015-06-30": "20673.20000", "2015-03-31": "21305.40000", "2014-12-31": "18752.70000", "2014-09-30": "18395.00000", "2014-06-30": "19176.30000", "2014-03-31": "18493.70000", "2013-12-31": "16351.50000", "2013-09-30": "16042.40000", "2013-06-30": "16034.10000", "2013-03-31": "16030.10000", "2012-12-31": "15995.00000", "2012-09-30": "14083.10000", "2012-06-30": "16177.80000", "2012-03-31": "15955.10000", "2011-12-31": "15898.70000", "2011-09-30": "15786.30000", "2011-06-30": "14107.30000", "2011-03-31": "14160.30000", "2010-12-31": "14009.50000", "2010-09-30": "14141.50000", "2010-06-30": "14836.50000", "2010-03-31": "14810.50000", "2009-12-31": "14673.70000", "2009-09-30": "14126.40000", "2009-06-30": "14342.30000", "2009-03-31": "15340.80000", "2008-12-31": "15020.30000", "2008-09-30": "15062.10000", "2008-06-30": "14558.20000", "2008-03-31": "15291.60000", "2007-12-31": "14388.20000", "2007-09-30": "15079.00000", "2007-06-30": "15769.50000", "2007-03-31": "15755.20000", "2006-12-31": "15138.50000", "2006-09-30": "14950.60000", "2006-06-30": "14342.70000", "2006-03-31": "15512.10000", "2005-12-31": "14778.40000", "2005-09-30": "12281.90000", "2005-06-30": "12782.00000", "2005-03-31": "11853.40000"}, "Long Term Debt": {"2020-12-31": "19335.00000", "2020-09-30": "19094.00000", "2020-06-30": "19873.00000", "2020-03-31": "19005.00000", "2019-12-31": "17787.00000", "2019-09-30": "18820.00000", "2019-06-30": "17436.00000", "2019-03-31": "17396.00000", "2018-12-31": "17217.00000", "2018-09-30": "17300.00000", "2018-06-30": "17515.40000", "2018-03-31": "18110.10000", "2017-12-31": "17382.00000", "2017-09-30": "13777.30000", "2017-06-30": "15088.00000", "2017-03-31": "15449.90000", "2016-12-31": "14358.50000", "2016-09-30": "14242.30000", "2016-06-30": "14202.40000", "2016-03-31": "14864.50000", "2015-12-31": "15324.50000", "2015-09-30": "15719.60000", "2015-06-30": "15468.40000", "2015-03-31": "14764.40000", "2014-12-31": "14019.60000", "2014-09-30": "14538.30000", "2014-06-30": "14037.80000", "2014-03-31": "13932.10000", "2013-12-31": "13573.60000", "2013-09-30": "14514.00000", "2013-06-30": "14091.50000", "2013-03-31": "14030.00000", "2012-12-31": "14170.80000", "2012-09-30": "13395.70000", "2012-06-30": "10135.60000", "2012-03-31": "8462.50000", "2011-12-31": "8465.70000", "2011-09-30": "8622.30000", "2011-06-30": "8292.10000", "2011-03-31": "8542.00000", "2010-12-31": "8147.80000", "2010-09-30": "8217.20000", "2010-06-30": "7334.80000", "2010-03-31": "7630.40000", "2009-12-31": "8338.30000", "2009-09-30": "8384.40000", "2009-06-30": "8513.70000", "2009-03-31": "8527.10000", "2008-12-31": "7833.90000", "2008-09-30": "8491.30000", "2008-06-30": "9750.10000", "2008-03-31": "9266.50000", "2007-12-31": "9023.50000", "2007-09-30": "8381.00000", "2007-06-30": "7652.20000", "2007-03-31": "6585.60000", "2006-12-31": "6493.20000", "2006-09-30": "7122.20000", "2006-06-30": "7446.40000", "2006-03-31": "6663.90000", "2005-12-31": "6324.70000", "2005-09-30": "3918.10000", "2005-06-30": "4009.80000", "2005-03-31": "4273.20000"}, "Other Non-Current Liabilities": {"2020-12-31": "1815.00000", "2020-09-30": "1839.00000", "2020-06-30": "1853.00000", "2020-03-31": "1695.00000", "2019-12-31": "1420.00000", "2019-09-30": "1622.00000", "2019-06-30": "1666.00000", "2019-03-31": "1612.00000", "2018-12-31": "1182.00000", "2018-09-30": "1145.00000", "2018-06-30": "1074.40000", "2018-03-31": "942.30000", "2017-12-31": "925.00000", "2017-09-30": "944.00000", "2017-06-30": "898.30000", "2017-03-31": "889.90000", "2016-12-31": "883.80000", "2016-09-30": "1040.70000", "2016-06-30": "1479.80000", "2016-03-31": "1319.90000", "2015-12-31": "994.30000", "2015-09-30": "1228.70000", "2015-06-30": "1225.80000", "2015-03-31": "1099.40000", "2014-12-31": "1035.80000", "2014-09-30": "891.00000", "2014-06-30": "852.70000", "2014-03-31": "832.40000", "2013-12-31": "836.00000", "2013-09-30": "874.20000", "2013-06-30": "945.80000", "2013-03-31": "971.80000", "2012-12-31": "1013.20000", "2012-09-30": "957.90000", "2012-06-30": "1013.30000", "2012-03-31": "1025.00000", "2011-12-31": "1055.90000", "2011-09-30": "965.10000", "2011-06-30": "1019.20000", "2011-03-31": "958.20000", "2010-12-31": "963.40000", "2010-09-30": "1036.60000", "2010-06-30": "1060.30000", "2010-03-31": "1056.00000", "2009-12-31": "1115.10000", "2009-09-30": "1229.50000", "2009-06-30": "1273.30000", "2009-03-31": "1257.60000", "2008-12-31": "1353.70000", "2008-09-30": "1367.50000", "2008-06-30": "1834.50000", "2008-03-31": "1851.50000", "2007-12-31": "1991.60000", "2007-09-30": "2197.20000", "2007-06-30": "2231.50000", "2007-03-31": "2249.30000", "2006-12-31": "1370.30000", "2006-09-30": "1300.50000", "2006-06-30": "1328.10000", "2006-03-31": "1246.80000", "2005-12-31": "1244.00000", "2005-09-30": "1061.00000", "2005-06-30": "1042.50000", "2005-03-31": "1080.90000"}, "Total Long Term Liabilities": {"2020-12-31": "23963.00000", "2020-09-30": "24092.00000", "2020-06-30": "24999.00000", "2020-03-31": "23667.00000", "2019-12-31": "22193.00000", "2019-09-30": "23243.00000", "2019-06-30": "21968.00000", "2019-03-31": "21843.00000", "2018-12-31": "21065.00000", "2018-09-30": "21177.00000", "2018-06-30": "21136.70000", "2018-03-31": "21532.10000", "2017-12-31": "20681.00000", "2017-09-30": "17949.10000", "2017-06-30": "19238.00000", "2017-03-31": "19677.40000", "2016-12-31": "18688.30000", "2016-09-30": "18618.80000", "2016-06-30": "19012.20000", "2016-03-31": "19501.30000", "2015-12-31": "19581.10000", "2015-09-30": "20733.70000", "2015-06-30": "20528.00000", "2015-03-31": "19906.30000", "2014-12-31": "18672.30000", "2014-09-30": "19369.20000", "2014-06-30": "18750.40000", "2014-03-31": "18846.50000", "2013-12-31": "18457.80000", "2013-09-30": "19413.00000", "2013-06-30": "19045.70000", "2013-03-31": "19060.50000", "2012-12-31": "19157.70000", "2012-09-30": "17918.30000", "2012-06-30": "14713.40000", "2012-03-31": "13013.00000", "2011-12-31": "12976.30000", "2011-09-30": "13045.50000", "2011-06-30": "12588.60000", "2011-03-31": "12779.60000", "2010-12-31": "12344.80000", "2010-09-30": "12529.20000", "2010-06-30": "11533.00000", "2010-03-31": "11851.20000", "2009-12-31": "12588.40000", "2009-09-30": "12503.70000", "2009-06-30": "12749.10000", "2009-03-31": "12566.00000", "2008-12-31": "11951.20000", "2008-09-30": "13023.20000", "2008-06-30": "15163.20000", "2008-03-31": "14760.00000", "2007-12-31": "14681.40000", "2007-09-30": "14146.80000", "2007-06-30": "13435.80000", "2007-03-31": "12594.60000", "2006-12-31": "11860.60000", "2006-09-30": "12390.20000", "2006-06-30": "12511.30000", "2006-03-31": "11740.70000", "2005-12-31": "11515.70000", "2005-09-30": "8339.00000", "2005-06-30": "8357.60000", "2005-03-31": "8633.80100"}, "Total Liabilities": {"2020-12-31": "53416.00000", "2020-09-30": "52653.00000", "2020-06-30": "53521.00000", "2020-03-31": "50706.00000", "2019-12-31": "45725.00000", "2019-09-30": "46477.00000", "2019-06-30": "45058.00000", "2019-03-31": "44525.00000", "2018-12-31": "43030.00000", "2018-09-30": "45351.00000", "2018-06-30": "45642.40000", "2018-03-31": "46288.00000", "2017-12-31": "44037.00000", "2017-09-30": "42361.60000", "2017-06-30": "41805.90000", "2017-03-31": "42851.60000", "2016-12-31": "39982.70000", "2016-09-30": "39655.70000", "2016-06-30": "39829.00000", "2016-03-31": "40311.60000", "2015-12-31": "38673.70000", "2015-09-30": "39099.50000", "2015-06-30": "41201.20000", "2015-03-31": "41211.70000", "2014-12-31": "37425.00000", "2014-09-30": "37764.20000", "2014-06-30": "37926.70000", "2014-03-31": "37340.20000", "2013-12-31": "34809.30000", "2013-09-30": "35455.40000", "2013-06-30": "35079.80000", "2013-03-31": "35090.60000", "2012-12-31": "35152.70000", "2012-09-30": "32001.40000", "2012-06-30": "30891.20000", "2012-03-31": "28968.10000", "2011-12-31": "28875.00000", "2011-09-30": "28831.80000", "2011-06-30": "26695.90000", "2011-03-31": "26939.90000", "2010-12-31": "26354.30000", "2010-09-30": "26670.70000", "2010-06-30": "26369.50000", "2010-03-31": "26661.70000", "2009-12-31": "27262.10000", "2009-09-30": "26630.10000", "2009-06-30": "27091.40000", "2009-03-31": "27906.80000", "2008-12-31": "26971.50000", "2008-09-30": "28085.30000", "2008-06-30": "29721.40000", "2008-03-31": "30051.60000", "2007-12-31": "29069.60000", "2007-09-30": "29225.80000", "2007-06-30": "29205.30000", "2007-03-31": "28349.80000", "2006-12-31": "26999.10000", "2006-09-30": "27340.80000", "2006-06-30": "26854.00000", "2006-03-31": "27252.80000", "2005-12-31": "26294.10000", "2005-09-30": "20620.90000", "2005-06-30": "21139.60000", "2005-03-31": "20487.20000"}, "Common Stock Net": {"2020-12-31": "3.00000", "2020-09-30": "3.00000", "2020-06-30": "3.00000", "2020-03-31": "3.00000", "2019-12-31": "3.00000", "2019-09-30": "3.00000", "2019-06-30": "3.00000", "2019-03-31": "3.00000", "2018-12-31": "3.00000", "2018-09-30": "3.00000", "2018-06-30": "2.60000", "2018-03-31": "2.60000", "2017-12-31": "3.00000", "2017-09-30": "2.60000", "2017-06-30": "2.60000", "2017-03-31": "2.60000", "2016-12-31": "2.60000", "2016-09-30": "2.60000", "2016-06-30": "2.60000", "2016-03-31": "2.60000", "2015-12-31": "2.60000", "2015-09-30": "2.60000", "2015-06-30": "2.60000", "2015-03-31": "2.60000", "2014-12-31": "2.70000", "2014-09-30": "2.70000", "2014-06-30": "2.70000", "2014-03-31": "2.90000", "2013-12-31": "2.90000", "2013-09-30": "3.00000", "2013-06-30": "3.00000", "2013-03-31": "3.00000", "2012-12-31": "3.00000", "2012-09-30": "3.10000", "2012-06-30": "3.20000", "2012-03-31": "3.30000", "2011-12-31": "3.40000", "2011-09-30": "3.50000", "2011-06-30": "3.60000", "2011-03-31": "3.70000", "2010-12-31": "3.80000", "2010-09-30": "4.00000", "2010-06-30": "4.00000", "2010-03-31": "4.30000", "2009-12-31": "4.50000", "2009-09-30": "4.60000", "2009-06-30": "4.80000", "2009-03-31": "4.80000", "2008-12-31": "5.00000", "2008-09-30": "5.10000", "2008-06-30": "5.10000", "2008-03-31": "5.30000", "2007-12-31": "5.60000", "2007-09-30": "5.70000", "2007-06-30": "6.00000", "2007-03-31": "6.10000", "2006-12-31": "6.10000", "2006-09-30": "6.20000", "2006-06-30": "6.20000", "2006-03-31": "6.40000", "2005-12-31": "6.60000", "2005-09-30": "6.10000", "2005-06-30": "6.10000", "2005-03-31": "3.00000"}, "Retained Earnings (Accumulated Deficit)": {"2020-12-31": "23802.00000", "2020-09-30": "24678.00000", "2020-06-30": "25346.00000", "2020-03-31": "23360.00000", "2019-12-31": "22573.00000", "2019-09-30": "22104.00000", "2019-06-30": "21679.00000", "2019-03-31": "21136.00000", "2018-12-31": "19988.00000", "2018-09-30": "20182.00000", "2018-06-30": "19757.30000", "2018-03-31": "19241.10000", "2017-12-31": "18054.00000", "2017-09-30": "17306.60000", "2017-06-30": "17667.00000", "2017-03-31": "17357.70000", "2016-12-31": "16560.60000", "2016-09-30": "16364.10000", "2016-06-30": "15918.40000", "2016-03-31": "15310.40000", "2015-12-31": "14778.50000", "2015-09-30": "14761.80000", "2015-06-30": "14352.20000", "2015-03-31": "14150.10000", "2014-12-31": "14014.40000", "2014-09-30": "13863.80000", "2014-06-30": "13744.40000", "2014-03-31": "14011.50000", "2013-12-31": "13813.90000", "2013-09-30": "14040.50000", "2013-06-30": "13817.90000", "2013-03-31": "13275.10000", "2012-12-31": "12647.10000", "2012-09-30": "12556.80000", "2012-06-30": "12224.00000", "2012-03-31": "11921.10000", "2011-12-31": "11490.70000", "2011-09-30": "11572.80000", "2011-06-30": "11418.10000", "2011-03-31": "11199.90000", "2010-12-31": "10721.60000", "2010-09-30": "10581.80000", "2010-06-30": "9997.50000", "2010-03-31": "9795.60000", "2009-12-31": "9598.50000", "2009-09-30": "7126.80000", "2009-06-30": "6639.50000", "2009-03-31": "5970.60000", "2008-12-31": "5479.40000", "2008-09-30": "5167.20000", "2008-06-30": "4396.80000", "2008-03-31": "3954.20000", "2007-12-31": "4387.60000", "2007-09-30": "4612.00000", "2007-06-30": "5122.10000", "2007-03-31": "5071.10000", "2006-12-31": "4656.10000", "2006-09-30": "4167.10000", "2006-06-30": "3581.50000", "2006-03-31": "3775.70000", "2005-12-31": "4173.50000", "2005-09-30": "3521.50000", "2005-06-30": "2880.90000", "2005-03-31": "2506.80000"}, "Comprehensive Income": {"2020-12-31": "150.00000", "2020-09-30": "-112.00000", "2020-06-30": "-254.00000", "2020-03-31": "-1008.00000", "2019-12-31": "-296.00000", "2019-09-30": "-299.00000", "2019-06-30": "-383.00000", "2019-03-31": "-623.00000", "2018-12-31": "-986.00000", "2018-09-30": "-811.00000", "2018-06-30": "-782.80000", "2018-03-31": "-720.60000", "2017-12-31": "-101.00000", "2017-09-30": "-126.00000", "2017-06-30": "-134.90000", "2017-03-31": "-161.80000", "2016-12-31": "-267.90000", "2016-09-30": "-363.90000", "2016-06-30": "-364.90000", "2016-03-31": "-382.40000", "2015-12-31": "-292.60000", "2015-09-30": "-216.20000", "2015-06-30": "0.40000", "2015-03-31": "237.90000", "2014-12-31": "171.90000", "2014-09-30": "333.10000", "2014-06-30": "475.00000", "2014-03-31": "327.40000", "2013-12-31": "183.20000", "2013-09-30": "-4.80000", "2013-06-30": "-27.20000", "2013-03-31": "342.50000", "2012-12-31": "299.10000", "2012-09-30": "386.90000", "2012-06-30": "212.20000", "2012-03-31": "235.00000", "2011-12-31": "114.90000", "2011-09-30": "132.20000", "2011-06-30": "343.70000", "2011-03-31": "251.40000", "2010-12-31": "224.60000", "2010-09-30": "372.40000", "2010-06-30": "140.70000", "2010-03-31": "166.80000", "2009-12-31": "68.10000", "2009-09-30": "72.50000", "2009-06-30": "-423.30000", "2009-03-31": "-745.50000", "2008-12-31": "-895.70000", "2008-09-30": "-515.00000", "2008-06-30": "-226.20000", "2008-03-31": "-6.10000", "2007-12-31": "156.10000", "2007-09-30": "79.30000", "2007-06-30": "7.70000", "2007-03-31": "102.30000", "2006-12-31": "50.10000", "2006-09-30": "18.90000", "2006-06-30": "-196.20000", "2006-03-31": "-73.90000", "2005-12-31": "-20.30000", "2005-09-30": "52.80000", "2005-06-30": "129.80000", "2005-03-31": "-5.40000"}, "Other Share Holders Equity": {"2020-12-31": "", "2020-09-30": "", "2020-06-30": "", "2020-03-31": "", "2019-12-31": "", "2019-09-30": "", "2019-06-30": "", "2019-03-31": "", "2018-12-31": "", "2018-09-30": "", "2018-06-30": "", "2018-03-31": "", "2017-12-31": "", "2017-09-30": "", "2017-06-30": "", "2017-03-31": "", "2016-12-31": "", "2016-09-30": "", "2016-06-30": "", "2016-03-31": "", "2015-12-31": "", "2015-09-30": "", "2015-06-30": "", "2015-03-31": "", "2014-12-31": "", "2014-09-30": "", "2014-06-30": "", "2014-03-31": "", "2013-12-31": "", "2013-09-30": "", "2013-06-30": "", "2013-03-31": "", "2012-12-31": "", "2012-09-30": "", "2012-06-30": "", "2012-03-31": "", "2011-12-31": "", "2011-09-30": "", "2011-06-30": "", "2011-03-31": "", "2010-12-31": "", "2010-09-30": "", "2010-06-30": "", "2010-03-31": "", "2009-12-31": "", "2009-09-30": "", "2009-06-30": "", "2009-03-31": "", "2008-12-31": "", "2008-09-30": "", "2008-06-30": "", "2008-03-31": "", "2007-12-31": "", "2007-09-30": "", "2007-06-30": "", "2007-03-31": "", "2006-12-31": "", "2006-09-30": "", "2006-06-30": "", "2006-03-31": "", "2005-12-31": "", "2005-09-30": "", "2005-06-30": "", "2005-03-31": ""}, "Share Holder Equity": {"2020-12-31": "33199.00000", "2020-09-30": "33921.00000", "2020-06-30": "34455.00000", "2020-03-31": "31693.00000", "2019-12-31": "31728.00000", "2019-09-30": "31332.00000", "2019-06-30": "30793.00000", "2019-03-31": "29998.00000", "2018-12-31": "28541.00000", "2018-09-30": "29094.00000", "2018-06-30": "28725.00000", "2018-03-31": "27012.40000", "2017-12-31": "26503.00000", "2017-09-30": "25948.30000", "2017-06-30": "26431.70000", "2017-03-31": "26091.90000", "2016-12-31": "25100.40000", "2016-09-30": "24744.20000", "2016-06-30": "24233.60000", "2016-03-31": "23547.10000", "2015-12-31": "23044.10000", "2015-09-30": "23236.10000", "2015-06-30": "23062.60000", "2015-03-31": "24334.30000", "2014-12-31": "24251.30000", "2014-09-30": "24294.00000", "2014-06-30": "24376.90000", "2014-03-31": "24345.30000", "2013-12-31": "24765.20000", "2013-09-30": "24808.10000", "2013-06-30": "24532.50000", "2013-03-31": "24318.00000", "2012-12-31": "23802.70000", "2012-09-30": "23816.50000", "2012-06-30": "23643.80000", "2012-03-31": "23528.40000", "2011-12-31": "23288.20000", "2011-09-30": "23718.10000", "2011-06-30": "24181.30000", "2011-03-31": "23978.10000", "2010-12-31": "23812.60000", "2010-09-30": "24361.70000", "2010-06-30": "23790.50000", "2010-03-31": "24519.20000", "2009-12-31": "24863.30000", "2009-09-30": "22867.40000", "2009-06-30": "22252.90000", "2009-03-31": "21508.00000", "2008-12-31": "21431.70000", "2008-09-30": "21673.30000", "2008-06-30": "21254.50000", "2008-03-31": "21504.10000", "2007-12-31": "22990.40000", "2007-09-30": "23673.90000", "2007-06-30": "24988.80000", "2007-03-31": "25139.40000", "2006-12-31": "24575.80000", "2006-09-30": "24143.40000", "2006-06-30": "23237.80000", "2006-03-31": "24112.90000", "2005-12-31": "24993.10000", "2005-09-30": "21234.70000", "2005-06-30": "20551.70000", "2005-03-31": "20000.70000"}, "Total Liabilities And Share Holders Equity": {"2020-12-31": "86615.00000", "2020-09-30": "86574.00000", "2020-06-30": "87976.00000", "2020-03-31": "82399.00000", "2019-12-31": "77453.00000", "2019-09-30": "77809.00000", "2019-06-30": "75851.00000", "2019-03-31": "74523.00000", "2018-12-31": "71571.00000", "2018-09-30": "74445.00000", "2018-06-30": "74367.40000", "2018-03-31": "73300.40000", "2017-12-31": "70540.00000", "2017-09-30": "68309.90000", "2017-06-30": "68237.60000", "2017-03-31": "68943.50000", "2016-12-31": "65083.10000", "2016-09-30": "64399.90000", "2016-06-30": "64062.60000", "2016-03-31": "63858.70000", "2015-12-31": "61717.80000", "2015-09-30": "62335.60000", "2015-06-30": "64263.80000", "2015-03-31": "65546.00000", "2014-12-31": "61676.30000", "2014-09-30": "62058.20000", "2014-06-30": "62303.60000", "2014-03-31": "61685.50000", "2013-12-31": "59574.50000", "2013-09-30": "60263.50000", "2013-06-30": "59612.30000", "2013-03-31": "59408.60000", "2012-12-31": "58955.40000", "2012-09-30": "55817.90000", "2012-06-30": "54535.00000", "2012-03-31": "52496.50000", "2011-12-31": "52163.20000", "2011-09-30": "52549.90000", "2011-06-30": "50877.20000", "2011-03-31": "50918.00000", "2010-12-31": "50166.90000", "2010-09-30": "51032.40000", "2010-06-30": "50160.00000", "2010-03-31": "51180.90000", "2009-12-31": "52125.40000", "2009-09-30": "49497.50000", "2009-06-30": "49344.30000", "2009-03-31": "49414.80000", "2008-12-31": "48403.20000", "2008-09-30": "49758.60000", "2008-06-30": "50975.90000", "2008-03-31": "51555.70000", "2007-12-31": "52060.00000", "2007-09-30": "52899.70000", "2007-06-30": "54194.10000", "2007-03-31": "53489.20000", "2006-12-31": "51574.90000", "2006-09-30": "51484.20000", "2006-06-30": "50091.80000", "2006-03-31": "51365.70000", "2005-12-31": "51287.20000", "2005-09-30": "41855.60000", "2005-06-30": "41691.30000", "2005-03-31": "40487.90000"}}, "cash flow statement": {"Net Income/Loss": {"2020-12-31": "4572.00000", "2019-12-31": "4807.00000", "2018-12-31": "3750.00000", "2017-12-31": "3843.00000", "2016-12-31": "2470.00000", "2015-12-31": "2560.00000", "2014-12-31": "2569.70000", "2013-12-31": "2489.70000", "2012-12-31": "2655.50000", "2011-12-31": "2646.70000", "2010-12-31": "2887.10000", "2009-12-31": "4745.90000", "2008-12-31": "2490.70000", "2007-12-31": "3345.40000", "2006-12-31": "3094.90000", "2005-12-31": "2463.80000"}, "Total Depreciation And Amortization - Cash Flow": {"2020-12-31": "1154.00000", "2019-12-31": "1133.00000", "2018-12-31": "1132.00000", "2017-12-31": "891.00000", "2016-12-31": "912.00000", "2015-12-31": "907.90000", "2014-12-31": "851.00000", "2013-12-31": "908.80000", "2012-12-31": "740.70000", "2011-12-31": "637.20000", "2010-12-31": "600.80000", "2009-12-31": "553.50000", "2008-12-31": "571.70000", "2007-12-31": "586.20000", "2006-12-31": "604.90000", "2005-12-31": "556.60000"}, "Other Non-Cash Items": {"2020-12-31": "-241.00000", "2019-12-31": "313.00000", "2018-12-31": "547.00000", "2017-12-31": "-917.00000", "2016-12-31": "398.00000", "2015-12-31": "-79.10000", "2014-12-31": "109.30000", "2013-12-31": "420.70000", "2012-12-31": "19.60000", "2011-12-31": "28.40000", "2010-12-31": "173.30000", "2009-12-31": "-2914.30000", "2008-12-31": "986.40000", "2007-12-31": "-81.60000", "2006-12-31": "386.10000", "2005-12-31": "-8.50000"}, "Total Non-Cash Items": {"2020-12-31": "913.00000", "2019-12-31": "1446.00000", "2018-12-31": "1679.00000", "2017-12-31": "-26.00000", "2016-12-31": "1310.00000", "2015-12-31": "828.79990", "2014-12-31": "960.30010", "2013-12-31": "1329.50000", "2012-12-31": "760.30000", "2011-12-31": "665.60000", "2010-12-31": "774.10000", "2009-12-31": "-2360.80000", "2008-12-31": "1558.10000", "2007-12-31": "504.60000", "2006-12-31": "991.00000", "2005-12-31": "548.10000"}, "Change In Accounts Receivable": {"2020-12-31": "-256.00000", "2019-12-31": "-1053.00000", "2018-12-31": "-695.00000", "2017-12-31": "-22.00000", "2016-12-31": "-1381.00000", "2015-12-31": "-42.90000", "2014-12-31": "-1899.70000", "2013-12-31": "-418.30000", "2012-12-31": "189.90000", "2011-12-31": "-401.80000", "2010-12-31": "109.70000", "2009-12-31": "-484.20000", "2008-12-31": "-558.70000", "2007-12-31": "-448.60000", "2006-12-31": "-627.80000", "2005-12-31": "-230.40000"}, "Change In Inventories": {"2020-12-31": "", "2019-12-31": "", "2018-12-31": "", "2017-12-31": "", "2016-12-31": "", "2015-12-31": "", "2014-12-31": "", "2013-12-31": "", "2012-12-31": "", "2011-12-31": "", "2010-12-31": "", "2009-12-31": "", "2008-12-31": "", "2007-12-31": "", "2006-12-31": "", "2005-12-31": ""}, "Change In Accounts Payable": {"2020-12-31": "3528.00000", "2019-12-31": "1826.00000", "2018-12-31": "-1059.00000", "2017-12-31": "732.00000", "2016-12-31": "322.00000", "2015-12-31": "193.00000", "2014-12-31": "1240.60000", "2013-12-31": "-345.80000", "2012-12-31": "-53.70000", "2011-12-31": "978.00000", "2010-12-31": "-330.70000", "2009-12-31": "-748.20000", "2008-12-31": "194.90000", "2007-12-31": "257.70000", "2006-12-31": "852.60000", "2005-12-31": "46.30000"}, "Change In Assets/Liabilities": {"2020-12-31": "-119.00000", "2019-12-31": "-47.00000", "2018-12-31": "-293.00000", "2017-12-31": "-1070.00000", "2016-12-31": "188.00000", "2015-12-31": "754.90010", "2014-12-31": "546.80000", "2013-12-31": "-315.70000", "2012-12-31": "-327.00000", "2011-12-31": "-260.80000", "2010-12-31": "-725.50000", "2009-12-31": "-458.00000", "2008-12-31": "-995.99990", "2007-12-31": "473.40000", "2006-12-31": "-62.80000", "2005-12-31": "-340.50000"}, "Total Change In Assets/Liabilities": {"2020-12-31": "5203.00000", "2019-12-31": "-192.00000", "2018-12-31": "-1602.00000", "2017-12-31": "368.00000", "2016-12-31": "-510.00000", "2015-12-31": "823.10010", "2014-12-31": "-160.70000", "2013-12-31": "-766.90000", "2012-12-31": "-671.20000", "2011-12-31": "62.10000", "2010-12-31": "-2244.50000", "2009-12-31": "653.80000", "2008-12-31": "-1513.40000", "2007-12-31": "494.60000", "2006-12-31": "-41.70000", "2005-12-31": "123.60000"}, "Cash Flow From Operating Activities": {"2020-12-31": "10688.00000", "2019-12-31": "6061.00000", "2018-12-31": "3827.00000", "2017-12-31": "4185.00000", "2016-12-31": "3270.00000", "2015-12-31": "4211.90000", "2014-12-31": "3369.30000", "2013-12-31": "3052.30000", "2012-12-31": "2744.60000", "2011-12-31": "3374.40000", "2010-12-31": "1416.70000", "2009-12-31": "3038.90000", "2008-12-31": "2535.40000", "2007-12-31": "4344.60000", "2006-12-31": "4044.20000", "2005-12-31": "3135.50000"}, "Net Change In Property, Plant, And Equipment": {"2020-12-31": "-1021.00000", "2019-12-31": "-1077.00000", "2018-12-31": "-1208.00000", "2017-12-31": "-791.00000", "2016-12-31": "-584.00000", "2015-12-31": "-602.90000", "2014-12-31": "-626.60000", "2013-12-31": "-607.30000", "2012-12-31": "-544.50000", "2011-12-31": "-515.80000", "2010-12-31": "-450.60000", "2009-12-31": "-378.00000", "2008-12-31": "-332.90000", "2007-12-31": "-264.70000", "2006-12-31": "-187.50000", "2005-12-31": "-151.60000"}, "Net Change In Intangible Assets": {"2020-12-31": "", "2019-12-31": "", "2018-12-31": "", "2017-12-31": "", "2016-12-31": "", "2015-12-31": "", "2014-12-31": "", "2013-12-31": "", "2012-12-31": "", "2011-12-31": "", "2010-12-31": "", "2009-12-31": "", "2008-12-31": "", "2007-12-31": "", "2006-12-31": "", "2005-12-31": ""}, "Net Acquisitions/Divestitures": {"2020-12-31": "-1976.00000", "2019-12-31": "", "2018-12-31": "-1760.00000", "2017-12-31": "-2080.00000", "2016-12-31": "8636.00000", "2015-12-31": "-638.90000", "2014-12-31": "740.00000", "2013-12-31": "", "2012-12-31": "-4597.00000", "2011-12-31": "-600.00000", "2010-12-31": "-0.30000", "2009-12-31": "4606.00000", "2008-12-31": "-192.70000", "2007-12-31": "-298.50000", "2006-12-31": "-25.40000", "2005-12-31": "-2496.90000"}, "Net Change In Short-term Investments": {"2020-12-31": "-849.00000", "2019-12-31": "254.00000", "2018-12-31": "-149.00000", "2017-12-31": "625.00000", "2016-12-31": "222.00000", "2015-12-31": "214.40000", "2014-12-31": "-545.60000", "2013-12-31": "-405.10000", "2012-12-31": "", "2011-12-31": "28.90000", "2010-12-31": "-504.80000", "2009-12-31": "132.40000", "2008-12-31": "325.10000", "2007-12-31": "50.60000", "2006-12-31": "485.20000", "2005-12-31": "-731.40000"}, "Net Change In Long-Term Investments": {"2020-12-31": "-3433.00000", "2019-12-31": "-1919.00000", "2018-12-31": "1929.00000", "2017-12-31": "-2913.00000", "2016-12-31": "-8750.00000", "2015-12-31": "-79.39940", "2014-12-31": "-475.20020", "2013-12-31": "-1113.50000", "2012-12-31": "338.70020", "2011-12-31": "272.60060", "2010-12-31": "-240.30080", "2009-12-31": "-1325.60000", "2008-12-31": "816.69970", "2007-12-31": "-254.09960", "2006-12-31": "-704.90040", "2005-12-31": "-1771.69900"}, "Net Change In Investments - Total": {"2020-12-31": "-4282.00000", "2019-12-31": "-1665.00000", "2018-12-31": "1780.00000", "2017-12-31": "-2288.00000", "2016-12-31": "-8528.00000", "2015-12-31": "135.00060", "2014-12-31": "-1020.80000", "2013-12-31": "-1518.60000", "2012-12-31": "338.70020", "2011-12-31": "301.50060", "2010-12-31": "-745.10080", "2009-12-31": "-1193.20000", "2008-12-31": "1141.80000", "2007-12-31": "-203.49960", "2006-12-31": "-219.70040", "2005-12-31": "-2503.09900"}, "Investing Activities - Other": {"2020-12-31": "-45.00000", "2019-12-31": "-50.00000", "2018-12-31": "-71.00000", "2017-12-31": "77.00000", "2016-12-31": "-38.00000", "2015-12-31": "-44.70000", "2014-12-31": "-67.50000", "2013-12-31": "-108.50000", "2012-12-31": "251.20000", "2011-12-31": "-127.70000", "2010-12-31": "-75.50000", "2009-12-31": "-32.00000", "2008-12-31": "", "2007-12-31": "-2.20000", "2006-12-31": "-24.70000", "2005-12-31": ""}, "Cash Flow From Investing Activities": {"2020-12-31": "-7324.00000", "2019-12-31": "-2792.00000", "2018-12-31": "-1259.00000", "2017-12-31": "-5082.00000", "2016-12-31": "-514.00000", "2015-12-31": "-1151.50000", "2014-12-31": "-974.90000", "2013-12-31": "-2234.40000", "2012-12-31": "-4551.60000", "2011-12-31": "-942.00000", "2010-12-31": "-1271.50000", "2009-12-31": "3002.80000", "2008-12-31": "616.20000", "2007-12-31": "-768.90000", "2006-12-31": "-457.30000", "2005-12-31": "-5151.60000"}, "Net Long-Term Debt": {"2020-12-31": "402.00000", "2019-12-31": "1053.00000", "2018-12-31": "-956.00000", "2017-12-31": "2818.00000", "2016-12-31": "-53.00000", "2015-12-31": "-788.50000", "2014-12-31": "590.70010", "2013-12-31": "-743.60000", "2012-12-31": "4988.60000", "2011-12-31": "855.90000", "2010-12-31": "442.40000", "2009-12-31": "-326.00000", "2008-12-31": "-414.30000", "2007-12-31": "1971.40000", "2006-12-31": "200.09990", "2005-12-31": "2353.10000"}, "Net Current Debt": {"2020-12-31": "149.00000", "2019-12-31": "-868.00000", "2018-12-31": "-190.00000", "2017-12-31": "281.00000", "2016-12-31": "191.00000", "2015-12-31": "-318.20000", "2014-12-31": "718.60010", "2013-12-31": "564.90000", "2012-12-31": "-175.40000", "2011-12-31": "235.30000", "2010-12-31": "576.90000", "2009-12-31": "-574.50000", "2008-12-31": "-182.30000", "2007-12-31": "-167.70000", "2006-12-31": "-70.90000", "2005-12-31": "852.60000"}, "Debt Issuance/Retirement Net - Total": {"2020-12-31": "551.00000", "2019-12-31": "185.00000", "2018-12-31": "-1146.00000", "2017-12-31": "3099.00000", "2016-12-31": "138.00000", "2015-12-31": "-1106.70000", "2014-12-31": "1309.30000", "2013-12-31": "-178.70000", "2012-12-31": "4813.20000", "2011-12-31": "1091.20000", "2010-12-31": "1019.30000", "2009-12-31": "-900.50000", "2008-12-31": "-596.60000", "2007-12-31": "1803.70000", "2006-12-31": "129.19980", "2005-12-31": "3205.70000"}, "Net Common Equity Issued/Repurchased": {"2020-12-31": "-2524.00000", "2019-12-31": "-1514.00000", "2018-12-31": "-261.00000", "2017-12-31": "-1772.00000", "2016-12-31": "120.00000", "2015-12-31": "-1313.20000", "2014-12-31": "-2697.50000", "2013-12-31": "-1095.40000", "2012-12-31": "-2386.00000", "2011-12-31": "-2794.80000", "2010-12-31": "-4216.70000", "2009-12-31": "-2511.90000", "2008-12-31": "-3155.00000", "2007-12-31": "-5366.90000", "2006-12-31": "-3990.70000", "2005-12-31": "95.90000"}, "Net Total Equity Issued/Repurchased": {"2020-12-31": "-2524.00000", "2019-12-31": "-1514.00000", "2018-12-31": "-261.00000", "2017-12-31": "-1772.00000", "2016-12-31": "120.00000", "2015-12-31": "-1313.20000", "2014-12-31": "-2697.50000", "2013-12-31": "-1095.40000", "2012-12-31": "-2386.00000", "2011-12-31": "-2794.80000", "2010-12-31": "-4216.70000", "2009-12-31": "-2511.90000", "2008-12-31": "-3155.00000", "2007-12-31": "-5366.90000", "2006-12-31": "-3990.70000", "2005-12-31": "95.90000"}, "Total Common And Preferred Stock Dividends Paid": {"2020-12-31": "-954.00000", "2019-12-31": "-818.00000", "2018-12-31": "-776.00000", "2017-12-31": "-705.00000", "2016-12-31": "-684.00000", "2015-12-31": "-656.60000", "2014-12-31": "-480.70000", "2013-12-31": "-448.00000", "2012-12-31": "-367.10000", "2011-12-31": "-357.80000", "2010-12-31": "", "2009-12-31": "", "2008-12-31": "", "2007-12-31": "", "2006-12-31": "", "2005-12-31": ""}, "Financial Activities - Other": {"2020-12-31": "360.00000", "2019-12-31": "-119.00000", "2018-12-31": "-58.00000", "2017-12-31": "-195.00000", "2016-12-31": "-373.00000", "2015-12-31": "-16.80000", "2014-12-31": "46.40000", "2013-12-31": "4.30000", "2012-12-31": "28.80000", "2011-12-31": "42.20000", "2010-12-31": "28.10000", "2009-12-31": "9.60000", "2008-12-31": "16.00000", "2007-12-31": "153.30000", "2006-12-31": "136.50000", "2005-12-31": "-2.50000"}, "Cash Flow From Financial Activities": {"2020-12-31": "-2567.00000", "2019-12-31": "-2266.00000", "2018-12-31": "-2241.00000", "2017-12-31": "427.00000", "2016-12-31": "-799.00000", "2015-12-31": "-3093.30000", "2014-12-31": "-1822.50000", "2013-12-31": "-1717.80000", "2012-12-31": "2088.90000", "2011-12-31": "-2019.20000", "2010-12-31": "-3169.30000", "2009-12-31": "-3402.80000", "2008-12-31": "-3735.60000", "2007-12-31": "-3409.90000", "2006-12-31": "-3725.00000", "2005-12-31": "3299.10000"}, "Net Cash Flow": {"2020-12-31": "804.00000", "2019-12-31": "1003.00000", "2018-12-31": "325.00000", "2017-12-31": "-466.00000", "2016-12-31": "1962.00000", "2015-12-31": "-38.20000", "2014-12-31": "564.80000", "2013-12-31": "-897.70000", "2012-12-31": "283.00000", "2011-12-31": "412.80000", "2010-12-31": "-3027.30000", "2009-12-31": "2632.20000", "2008-12-31": "-584.00000", "2007-12-31": "165.80000", "2006-12-31": "-138.10000", "2005-12-31": "1283.00000"}, "Stock-Based Compensation": {"2020-12-31": "283.00000", "2019-12-31": "294.00000", "2018-12-31": "226.00000", "2017-12-31": "170.00000", "2016-12-31": "165.00000", "2015-12-31": "148.20000", "2014-12-31": "168.90000", "2013-12-31": "146.00000", "2012-12-31": "146.50000", "2011-12-31": "134.80000", "2010-12-31": "136.00000", "2009-12-31": "153.60000", "2008-12-31": "156.00000", "2007-12-31": "177.10000", "2006-12-31": "246.90000", "2005-12-31": "81.20000"}, "Common Stock Dividends Paid": {"2020-12-31": "-954.00000", "2019-12-31": "-818.00000", "2018-12-31": "-776.00000", "2017-12-31": "-705.00000", "2016-12-31": "-684.00000", "2015-12-31": "-656.60000", "2014-12-31": "-480.70000", "2013-12-31": "-448.00000", "2012-12-31": "-367.10000", "2011-12-31": "-357.80000", "2010-12-31": "0.00000", "2009-12-31": "0.00000", "2008-12-31": "", "2007-12-31": "", "2006-12-31": "", "2005-12-31": ""}}, "cash flow statement, quarterly": {"Net Income/Loss": {"2020-12-31": 551, "2020-09-30": 222, "2020-06-30": 2276, "2020-03-31": "1523.00000", "2019-12-31": 934, "2019-09-30": 1183, "2019-06-30": 1139, "2019-03-31": "1551.00000", "2018-12-31": 425, "2018-09-30": 959, "2018-06-30": 1054, "2018-03-31": "1312.00000", "2017-12-31": 1231, "2017-09-30": 746.8, "2017-06-30": 855.3, "2017-03-31": "1009.90000", "2016-12-31": 368.6, "2016-09-30": 617.8, "2016-06-30": 780.6, "2016-03-31": "703.00000", "2015-12-31": 180.9, "2015-09-30": 654.8, "2015-06-30": 859.1, "2015-03-31": "865.20000", "2014-12-31": 506.7, "2014-09-30": 630.9, "2014-06-30": 731.1, "2014-03-31": "701.00000", "2013-12-31": 148.2, "2013-09-30": 656.2, "2013-06-30": 800.1, "2013-03-31": "885.20000", "2012-12-31": 464.2, "2012-09-30": 691.2, "2012-06-30": 643.6, "2012-03-31": "856.50000", "2011-12-31": 335.3, "2011-09-30": 683.2, "2011-06-30": 701.6, "2011-03-31": "926.60000", "2010-12-31": 548.8, "2010-09-30": 739.1, "2010-06-30": 722.4, "2010-03-31": "876.80000", "2009-12-31": 2741.8, "2009-09-30": 730.2, "2009-06-30": 693.5, "2009-03-31": "580.40000", "2008-12-31": 331.4, "2008-09-30": 820.7, "2008-06-30": 750.5, "2008-03-31": "588.10000", "2007-12-31": 859.1, "2007-09-30": 868, "2007-06-30": 835.2, "2007-03-31": "783.10000", "2006-12-31": 801.1, "2006-09-30": 810.8, "2006-06-30": 751.2, "2006-03-31": "731.80000", "2005-12-31": 652, "2005-09-30": 640.7, "2005-06-30": 559.4, "2005-03-31": "611.70000"}, "Total Depreciation And Amortization - Cash Flow": {"2020-12-31": 290, "2020-09-30": 308, "2020-06-30": 286, "2020-03-31": "270.00000", "2019-12-31": 246, "2019-09-30": 301, "2019-06-30": 297, "2019-03-31": "289.00000", "2018-12-31": 288, "2018-09-30": 288, "2018-06-30": 286, "2018-03-31": "270.00000", "2017-12-31": 228, "2017-09-30": 223.5, "2017-06-30": 218.8, "2017-03-31": "220.70000", "2016-12-31": 232.6, "2016-09-30": 228.3, "2016-06-30": 225.8, "2016-03-31": "225.30000", "2015-12-31": 231.3, "2015-09-30": -29.2, "2015-06-30": 491.5, "2015-03-31": "214.30000", "2014-12-31": 208.1, "2014-09-30": 208.1, "2014-06-30": 218.1, "2014-03-31": "216.70000", "2013-12-31": 237.7, "2013-09-30": 231.1, "2013-06-30": 228, "2013-03-31": "212.00000", "2012-12-31": 193.1, "2012-09-30": 186.9, "2012-06-30": 182, "2012-03-31": "178.70000", "2011-12-31": 179.8, "2011-09-30": 151.9, "2011-06-30": 154.8, "2011-03-31": "150.70000", "2010-12-31": 158.3, "2010-09-30": 155.8, "2010-06-30": 147.2, "2010-03-31": "139.50000", "2009-12-31": 137.1, "2009-09-30": 139.1, "2009-06-30": 141.6, "2009-03-31": "135.70000", "2008-12-31": 134.8, "2008-09-30": 146.8, "2008-06-30": 145.4, "2008-03-31": "144.70000", "2007-12-31": 144.1, "2007-09-30": 146.6, "2007-06-30": 151.4, "2007-03-31": "144.10000", "2006-12-31": 154.7, "2006-09-30": 151.6, "2006-06-30": 150.2, "2006-03-31": "148.40000", "2005-12-31": 135.8, "2005-09-30": 136.6, "2005-06-30": 155.8, "2005-03-31": "128.40000"}, "Other Non-Cash Items": {"2020-12-31": -307, "2020-09-30": -134, "2020-06-30": 52, "2020-03-31": "148.00000", "2019-12-31": 206, "2019-09-30": -23, "2019-06-30": 83, "2019-03-31": "47.00000", "2018-12-31": 239, "2018-09-30": 176, "2018-06-30": 88, "2018-03-31": "44.00000", "2017-12-31": -696, "2017-09-30": -90.4, "2017-06-30": -17.6, "2017-03-31": "-113.00000", "2016-12-31": 109.9, "2016-09-30": -53.8, "2016-06-30": 78.6, "2016-03-31": "263.30000", "2015-12-31": -24.8, "2015-09-30": 19.9, "2015-06-30": -74.9, "2015-03-31": "0.70000", "2014-12-31": -68.8, "2014-09-30": 149.9, "2014-06-30": -44.5, "2014-03-31": "72.70000", "2013-12-31": 295.4, "2013-09-30": 83.3, "2013-06-30": -6.2, "2013-03-31": "48.20000", "2012-12-31": -126.4, "2012-09-30": 168.6, "2012-06-30": 0, "2012-03-31": "-22.60000", "2011-12-31": -25.3, "2011-09-30": 3.6, "2011-06-30": 59.5, "2011-03-31": "-9.40000", "2010-12-31": 85.9, "2010-09-30": 22.1, "2010-06-30": 40.7, "2010-03-31": "24.60000", "2009-12-31": -3620.8, "2009-09-30": 201.7, "2009-06-30": 138.4, "2009-03-31": "366.40000", "2008-12-31": 410.8, "2008-09-30": 399.8, "2008-06-30": 110.1, "2008-03-31": "65.70000", "2007-12-31": 135.9, "2007-09-30": 35.6, "2007-06-30": -145.1, "2007-03-31": "-108.00000", "2006-12-31": 247.6, "2006-09-30": 83.4, "2006-06-30": -70.5, "2006-03-31": "125.60000", "2005-12-31": -12, "2005-09-30": 13.8, "2005-06-30": -80.8, "2005-03-31": "70.50000"}, "Total Non-Cash Items": {"2020-12-31": -17, "2020-09-30": 174, "2020-06-30": 338, "2020-03-31": "418.00000", "2019-12-31": 452, "2019-09-30": 278, "2019-06-30": 380, "2019-03-31": "336.00000", "2018-12-31": 527, "2018-09-30": 464, "2018-06-30": 374, "2018-03-31": "314.00000", "2017-12-31": -468, "2017-09-30": 133.1, "2017-06-30": 201.2, "2017-03-31": "107.70000", "2016-12-31": 342.5001, "2016-09-30": 174.5, "2016-06-30": 304.3999, "2016-03-31": "488.60000", "2015-12-31": 206.4999, "2015-09-30": -9.3, "2015-06-30": 416.6, "2015-03-31": "215.00000", "2014-12-31": 139.3, "2014-09-30": 358.0001, "2014-06-30": 173.6, "2014-03-31": "289.40000", "2013-12-31": 533.1, "2013-09-30": 314.4, "2013-06-30": 221.8, "2013-03-31": "260.20000", "2012-12-31": 66.7001, "2012-09-30": 355.5, "2012-06-30": 181.9999, "2012-03-31": "156.10000", "2011-12-31": 154.5, "2011-09-30": 155.5, "2011-06-30": 214.3, "2011-03-31": "141.30000", "2010-12-31": 244.2, "2010-09-30": 177.9, "2010-06-30": 187.9, "2010-03-31": "164.10000", "2009-12-31": -3483.7, "2009-09-30": 340.8, "2009-06-30": 280, "2009-03-31": "502.10000", "2008-12-31": 545.6, "2008-09-30": 546.6, "2008-06-30": 255.5, "2008-03-31": "210.40000", "2007-12-31": 280, "2007-09-30": 182.2, "2007-06-30": 6.3, "2007-03-31": "36.10000", "2006-12-31": 402.3, "2006-09-30": 235, "2006-06-30": 79.7, "2006-03-31": "274.00000", "2005-12-31": 123.8, "2005-09-30": 150.4, "2005-06-30": 75, "2005-03-31": "198.90000"}, "Change In Accounts Receivable": {"2020-12-31": 589, "2020-09-30": -532, "2020-06-30": 326, "2020-03-31": "-639.00000", "2019-12-31": -173, "2019-09-30": -291, "2019-06-30": 164, "2019-03-31": "-753.00000", "2018-12-31": 128, "2018-09-30": -253, "2018-06-30": -607, "2018-03-31": "37.00000", "2017-12-31": -634, "2017-09-30": 746.7, "2017-06-30": -411, "2017-03-31": "276.30000", "2016-12-31": -1204.8, "2016-09-30": 156.6, "2016-06-30": -162.3, "2016-03-31": "-170.50000", "2015-12-31": -496.9, "2015-09-30": 772.5, "2015-06-30": 111.1, "2015-03-31": "-429.60000", "2014-12-31": -879, "2014-09-30": -181.7, "2014-06-30": -223, "2014-03-31": "-616.00000", "2013-12-31": -50.3, "2013-09-30": 251.7, "2013-06-30": -222, "2013-03-31": "-397.70000", "2012-12-31": 323.1, "2012-09-30": 333.7, "2012-06-30": -164.6, "2012-03-31": "-302.30000", "2011-12-31": -44.6, "2011-09-30": -298.6, "2011-06-30": 209.6, "2011-03-31": "-268.20000", "2010-12-31": 132.5, "2010-09-30": 282.5, "2010-06-30": -25.5, "2010-03-31": "-279.80000", "2009-12-31": -356.8, "2009-09-30": 249.1, "2009-06-30": 109.6, "2009-03-31": "-486.10000", "2008-12-31": 180.8, "2008-09-30": -126.6, "2008-06-30": -158.9, "2008-03-31": "-454.00000", "2007-12-31": -7.2, "2007-09-30": -242.5, "2007-06-30": 10.1, "2007-03-31": "-209.00000", "2006-12-31": 48.4, "2006-09-30": -208.6, "2006-06-30": -231.1, "2006-03-31": "-236.50000", "2005-12-31": -16.9, "2005-09-30": -134.7, "2005-06-30": -2.3, "2005-03-31": "-76.50000"}, "Change In Inventories": {"2020-12-31": 0, "2020-09-30": 0, "2020-06-30": 0, "2020-03-31": "", "2019-12-31": 0, "2019-09-30": 0, "2019-06-30": 0, "2019-03-31": "", "2018-12-31": 0, "2018-09-30": 0, "2018-06-30": 0, "2018-03-31": "", "2017-12-31": 0, "2017-09-30": 0, "2017-06-30": 0, "2017-03-31": "", "2016-12-31": 0, "2016-09-30": 0, "2016-06-30": 0, "2016-03-31": "", "2015-12-31": 0, "2015-09-30": 0, "2015-06-30": 0, "2015-03-31": "", "2014-12-31": 0, "2014-09-30": 0, "2014-06-30": 0, "2014-03-31": "", "2013-12-31": 0, "2013-09-30": 0, "2013-06-30": 0, "2013-03-31": "", "2012-12-31": 0, "2012-09-30": 0, "2012-06-30": 0, "2012-03-31": "", "2011-12-31": 0, "2011-09-30": 0, "2011-06-30": 0, "2011-03-31": "", "2010-12-31": 0, "2010-09-30": 0, "2010-06-30": 0, "2010-03-31": "", "2009-12-31": 0, "2009-09-30": 0, "2009-06-30": 0, "2009-03-31": "", "2008-12-31": 0, "2008-09-30": 0, "2008-06-30": 0, "2008-03-31": "", "2007-12-31": 0, "2007-09-30": 0, "2007-06-30": 0, "2007-03-31": "", "2006-12-31": 0, "2006-09-30": 0, "2006-06-30": 0, "2006-03-31": "", "2005-12-31": 0, "2005-09-30": 0, "2005-06-30": 0, "2005-03-31": ""}, "Change In Accounts Payable": {"2020-12-31": 1904, "2020-09-30": 600, "2020-06-30": 332, "2020-03-31": "692.00000", "2019-12-31": 432, "2019-09-30": 143, "2019-06-30": 460, "2019-03-31": "791.00000", "2018-12-31": -503, "2018-09-30": 54, "2018-06-30": -49, "2018-03-31": "-561.00000", "2017-12-31": 457, "2017-09-30": 21, "2017-06-30": 123.9, "2017-03-31": "130.10000", "2016-12-31": 571.5, "2016-09-30": -303.6, "2016-06-30": 81.3, "2016-03-31": "-27.20000", "2015-12-31": 220.4, "2015-09-30": -306.2, "2015-06-30": -104.1, "2015-03-31": "382.90000", "2014-12-31": 110.4, "2014-09-30": 277, "2014-06-30": 307.6, "2014-03-31": "545.60000", "2013-12-31": -215.5, "2013-09-30": 8.4, "2013-06-30": -209.6, "2013-03-31": "70.90000", "2012-12-31": -36.9, "2012-09-30": 85.1, "2012-06-30": -22.9, "2012-03-31": "-79.00000", "2011-12-31": 330.1, "2011-09-30": 121.3, "2011-06-30": 217.2, "2011-03-31": "309.40000", "2010-12-31": 91.6, "2010-09-30": -364.5, "2010-06-30": -125.9, "2010-03-31": "68.10000", "2009-12-31": -255.5, "2009-09-30": -125.4, "2009-06-30": -398.5, "2009-03-31": "31.20000", "2008-12-31": -75.6, "2008-09-30": 1.5, "2008-06-30": -233.1, "2008-03-31": "502.10000", "2007-12-31": -380.3, "2007-09-30": 153.2, "2007-06-30": 21.2, "2007-03-31": "463.60000", "2006-12-31": 45.8, "2006-09-30": 338, "2006-06-30": -51.2, "2006-03-31": "520.00000", "2005-12-31": 46.9, "2005-09-30": -96.3, "2005-06-30": -48.5, "2005-03-31": "144.20000"}, "Change In Assets/Liabilities": {"2020-12-31": 793, "2020-09-30": -490, "2020-06-30": 136, "2020-03-31": "-558.00000", "2019-12-31": 263, "2019-09-30": 22, "2019-06-30": -276, "2019-03-31": "-56.00000", "2018-12-31": 470, "2018-09-30": -1430, "2018-06-30": -209, "2018-03-31": "876.00000", "2017-12-31": -1696, "2017-09-30": 66.8, "2017-06-30": -169.1, "2017-03-31": "728.30000", "2016-12-31": 335.3, "2016-09-30": 502.5, "2016-06-30": -441.7, "2016-03-31": "-208.10000", "2015-12-31": 1075.5001, "2015-09-30": -248.9, "2015-06-30": -243.1, "2015-03-31": "171.40000", "2014-12-31": 533.6, "2014-09-30": -143.2, "2014-06-30": -92.4, "2014-03-31": "248.80000", "2013-12-31": -272.2, "2013-09-30": 53.9, "2013-06-30": -24.1, "2013-03-31": "-73.30000", "2012-12-31": -103.1, "2012-09-30": -1083.1, "2012-06-30": 270.1, "2012-03-31": "589.10000", "2011-12-31": -862.2, "2011-09-30": 524.1, "2011-06-30": 171.2, "2011-03-31": "-93.90000", "2010-12-31": -428.4, "2010-09-30": -246.6, "2010-06-30": -17.5, "2010-03-31": "-33.00000", "2009-12-31": -461, "2009-09-30": -133.1, "2009-06-30": 39.1, "2009-03-31": "97.00000", "2008-12-31": -444.8999, "2008-09-30": -481.2, "2008-06-30": -23.8, "2008-03-31": "-46.10000", "2007-12-31": 366.4, "2007-09-30": -718.4, "2007-06-30": 99.3, "2007-03-31": "726.10000", "2006-12-31": 141.8, "2006-09-30": -687.7, "2006-06-30": 75, "2006-03-31": "408.10000", "2005-12-31": -128.7, "2005-09-30": 84, "2005-06-30": -192.4, "2005-03-31": "-103.40000"}, "Total Change In Assets/Liabilities": {"2020-12-31": 3279, "2020-09-30": -1546, "2020-06-30": 2896, "2020-03-31": "574.00000", "2019-12-31": -59, "2019-09-30": 206, "2019-06-30": -82, "2019-03-31": "-257.00000", "2018-12-31": -489, "2018-09-30": -816, "2018-06-30": -886, "2018-03-31": "589.00000", "2017-12-31": -2064, "2017-09-30": 1524.8, "2017-06-30": -663.4, "2017-03-31": "1570.60000", "2016-12-31": -434.4999, "2016-09-30": 171.6999, "2016-06-30": -415.4, "2016-03-31": "168.20000", "2015-12-31": 657.6001, "2015-09-30": -302.1, "2015-06-30": -102.7, "2015-03-31": "570.30000", "2014-12-31": -340.8999, "2014-09-30": -383.2001, "2014-06-30": 166.3, "2014-03-31": "397.10000", "2013-12-31": -408.5, "2013-09-30": 426.8001, "2013-06-30": -596.7001, "2013-03-31": "-188.50000", "2012-12-31": 228.9, "2012-09-30": -806.5, "2012-06-30": -304.1001, "2012-03-31": "210.50010", "2011-12-31": -431.9, "2011-09-30": 591.1, "2011-06-30": -144.1, "2011-03-31": "47.00000", "2010-12-31": -206, "2010-09-30": -20.5, "2010-06-30": -654.2, "2010-03-31": "-1363.80000", "2009-12-31": 771.6, "2009-09-30": 368.6, "2009-06-30": -595.9, "2009-03-31": "109.50000", "2008-12-31": -399.5, "2008-09-30": -468.8, "2008-06-30": -887.8, "2008-03-31": "242.70000", "2007-12-31": -34.8, "2007-09-30": -516.9, "2007-06-30": -115.6, "2007-03-31": "1161.90000", "2006-12-31": 227.5, "2006-09-30": -431.1, "2006-06-30": -629.9, "2006-03-31": "791.80000", "2005-12-31": 39.3, "2005-09-30": -62, "2005-06-30": 25.5, "2005-03-31": "120.80000"}, "Cash Flow From Operating Activities": {"2020-12-31": 3813, "2020-09-30": -1150, "2020-06-30": 5510, "2020-03-31": "2515.00000", "2019-12-31": 1327, "2019-09-30": 1667, "2019-06-30": 1437, "2019-03-31": "1630.00000", "2018-12-31": 463, "2018-09-30": 607, "2018-06-30": 542, "2018-03-31": "2215.00000", "2017-12-31": -1301, "2017-09-30": 2404.7, "2017-06-30": 393.1, "2017-03-31": "2688.20000", "2016-12-31": 276.6, "2016-09-30": 964, "2016-06-30": 669.6, "2016-03-31": "1359.80000", "2015-12-31": 1045, "2015-09-30": 343.4, "2015-06-30": 1173, "2015-03-31": "1650.50000", "2014-12-31": 305.1, "2014-09-30": 605.7, "2014-06-30": 1071, "2014-03-31": "1387.50000", "2013-12-31": 272.8, "2013-09-30": 1397.4, "2013-06-30": 425.2, "2013-03-31": "956.90000", "2012-12-31": 759.8, "2012-09-30": 240.2, "2012-06-30": 521.5, "2012-03-31": "1223.10000", "2011-12-31": 57.9, "2011-09-30": 1429.8, "2011-06-30": 771.8, "2011-03-31": "1114.90000", "2010-12-31": 587, "2010-09-30": 896.5, "2010-06-30": 256.1, "2010-03-31": "-322.90000", "2009-12-31": 29.7, "2009-09-30": 1439.6, "2009-06-30": 377.6, "2009-03-31": "1192.00000", "2008-12-31": 477.5, "2008-09-30": 898.5, "2008-06-30": 118.2, "2008-03-31": "1041.20000", "2007-12-31": 1104.3, "2007-09-30": 533.3, "2007-06-30": 725.9, "2007-03-31": "1981.10000", "2006-12-31": 1430.9, "2006-09-30": 614.7, "2006-06-30": 201, "2006-03-31": "1797.60000", "2005-12-31": 815.1, "2005-09-30": 729.1, "2005-06-30": 659.9, "2005-03-31": "931.40000"}, "Net Change In Property, Plant, And Equipment": {"2020-12-31": -278, "2020-09-30": -306, "2020-06-30": -233, "2020-03-31": "-204.00000", "2019-12-31": -351, "2019-09-30": -271, "2019-06-30": -221, "2019-03-31": "-234.00000", "2018-12-31": -320, "2018-09-30": -355, "2018-06-30": -315, "2018-03-31": "-218.00000", "2017-12-31": -278, "2017-09-30": -218.8, "2017-06-30": -166.3, "2017-03-31": "-127.90000", "2016-12-31": -168.4, "2016-09-30": -164.4, "2016-06-30": -133.7, "2016-03-31": "-117.50000", "2015-12-31": -229.9, "2015-09-30": -143.3, "2015-06-30": -140.9, "2015-03-31": "-88.80000", "2014-12-31": -216, "2014-09-30": -139.4, "2014-06-30": -135.5, "2014-03-31": "-135.70000", "2013-12-31": -199.2, "2013-09-30": -158.6, "2013-06-30": -142, "2013-03-31": "-107.50000", "2012-12-31": -169.8, "2012-09-30": -149, "2012-06-30": -101.9, "2012-03-31": "-123.80000", "2011-12-31": -182.7, "2011-09-30": -129.5, "2011-06-30": -101.7, "2011-03-31": "-101.90000", "2010-12-31": -123, "2010-09-30": -110.2, "2010-06-30": -100.3, "2010-03-31": "-117.10000", "2009-12-31": -106.1, "2009-09-30": -114.4, "2009-06-30": -88.8, "2009-03-31": "-68.70000", "2008-12-31": -108.3, "2008-09-30": -79.9, "2008-06-30": -70.2, "2008-03-31": "-74.50000", "2007-12-31": -105.8, "2007-09-30": -46.4, "2007-06-30": -55.9, "2007-03-31": "-56.60000", "2006-12-31": -68.3, "2006-09-30": -46.4, "2006-06-30": -37.8, "2006-03-31": "-35.00000", "2005-12-31": -40.8, "2005-09-30": -31.9, "2005-06-30": -43.3, "2005-03-31": "-35.60000"}, "Net Change In Intangible Assets": {"2020-12-31": 0, "2020-09-30": 0, "2020-06-30": 0, "2020-03-31": "", "2019-12-31": 0, "2019-09-30": 0, "2019-06-30": 0, "2019-03-31": "", "2018-12-31": 0, "2018-09-30": 0, "2018-06-30": 0, "2018-03-31": "", "2017-12-31": 0, "2017-09-30": 0, "2017-06-30": 0, "2017-03-31": "", "2016-12-31": 0, "2016-09-30": 0, "2016-06-30": 0, "2016-03-31": "", "2015-12-31": 0, "2015-09-30": 0, "2015-06-30": 0, "2015-03-31": "", "2014-12-31": 0, "2014-09-30": 0, "2014-06-30": 0, "2014-03-31": "", "2013-12-31": 0, "2013-09-30": 0, "2013-06-30": 0, "2013-03-31": "", "2012-12-31": 0, "2012-09-30": 0, "2012-06-30": 0, "2012-03-31": "", "2011-12-31": 0, "2011-09-30": 0, "2011-06-30": 0, "2011-03-31": "", "2010-12-31": 0, "2010-09-30": 0, "2010-06-30": 0, "2010-03-31": "", "2009-12-31": 0, "2009-09-30": 0, "2009-06-30": 0, "2009-03-31": "", "2008-12-31": 0, "2008-09-30": 0, "2008-06-30": 0, "2008-03-31": "", "2007-12-31": 0, "2007-09-30": 0, "2007-06-30": 0, "2007-03-31": "", "2006-12-31": 0, "2006-09-30": 0, "2006-06-30": 0, "2006-03-31": "", "2005-12-31": 0, "2005-09-30": 0, "2005-06-30": 0, "2005-03-31": ""}, "Net Acquisitions/Divestitures": {"2020-12-31": -3, "2020-09-30": -67, "2020-06-30": 2, "2020-03-31": "-1908.00000", "2019-12-31": 0, "2019-09-30": 0, "2019-06-30": 0, "2019-03-31": "", "2018-12-31": -28, "2018-09-30": -10, "2018-06-30": -376, "2018-03-31": "-1346.00000", "2017-12-31": -2046, "2017-09-30": -34, "2017-06-30": 0, "2017-03-31": "", "2016-12-31": 8636, "2016-09-30": 0, "2016-06-30": 0, "2016-03-31": "", "2015-12-31": -2.7, "2015-09-30": 5.4, "2015-06-30": -5.8, "2015-03-31": "-635.80000", "2014-12-31": 0, "2014-09-30": 0, "2014-06-30": 0, "2014-03-31": "740.00000", "2013-12-31": 0, "2013-09-30": 0, "2013-06-30": 0, "2013-03-31": "", "2012-12-31": -3604.7, "2012-09-30": -87, "2012-06-30": -904.1, "2012-03-31": "-1.20000", "2011-12-31": 2.3, "2011-09-30": -602.3, "2011-06-30": 0, "2011-03-31": "", "2010-12-31": -0.1, "2010-09-30": 0.1, "2010-06-30": 0, "2010-03-31": "-0.30000", "2009-12-31": 4672.3, "2009-09-30": 0, "2009-06-30": -65.2, "2009-03-31": "-1.10000", "2008-12-31": 0, "2008-09-30": -91.2, "2008-06-30": -101.1, "2008-03-31": "-0.40000", "2007-12-31": 0, "2007-09-30": -298.5, "2007-06-30": 0, "2007-03-31": "", "2006-12-31": -0.4, "2006-09-30": -25, "2006-06-30": 0, "2006-03-31": "", "2005-12-31": -2166.7, "2005-09-30": -17.6, "2005-06-30": -202.3, "2005-03-31": "-110.30000"}, "Net Change In Short-term Investments": {"2020-12-31": -181, "2020-09-30": -668, "2020-06-30": 0, "2020-03-31": "", "2019-12-31": 115, "2019-09-30": 139, "2019-06-30": 0, "2019-03-31": "", "2018-12-31": 137, "2018-09-30": -116, "2018-06-30": -12, "2018-03-31": "-158.00000", "2017-12-31": 453, "2017-09-30": 306.8, "2017-06-30": 19.7, "2017-03-31": "-154.50000", "2016-12-31": 280.4, "2016-09-30": 152.8, "2016-06-30": -56.8, "2016-03-31": "-154.40000", "2015-12-31": 217.7, "2015-09-30": 199.6, "2015-06-30": 305.1, "2015-03-31": "-508.00000", "2014-12-31": 183, "2014-09-30": 248.3, "2014-06-30": -622, "2014-03-31": "-354.90000", "2013-12-31": -132, "2013-09-30": -167.1, "2013-06-30": -93.1, "2013-03-31": "-12.90000", "2012-12-31": -171.5, "2012-09-30": 65.4, "2012-06-30": -50.5, "2012-03-31": "156.60000", "2011-12-31": -99.3, "2011-09-30": 38.5, "2011-06-30": -21.9, "2011-03-31": "111.60000", "2010-12-31": -6.5, "2010-09-30": -160.5, "2010-06-30": -132.4, "2010-03-31": "-205.40000", "2009-12-31": -9.9, "2009-09-30": -55.8, "2009-06-30": 143.2, "2009-03-31": "54.90000", "2008-12-31": 104, "2008-09-30": 82.4, "2008-06-30": 41.2, "2008-03-31": "97.50000", "2007-12-31": 37.4, "2007-09-30": 93.7, "2007-06-30": -231.9, "2007-03-31": "151.40000", "2006-12-31": -5.7, "2006-09-30": -195.3, "2006-06-30": 487.5, "2006-03-31": "198.70000", "2005-12-31": -389, "2005-09-30": -265.1, "2005-06-30": 100.5, "2005-03-31": "-177.80000"}, "Net Change In Long-Term Investments": {"2020-12-31": 773, "2020-09-30": 369, "2020-06-30": -4004, "2020-03-31": "-571.00000", "2019-12-31": 976, "2019-09-30": -1511, "2019-06-30": -944, "2019-03-31": "-440.00000", "2018-12-31": 1072, "2018-09-30": -209, "2018-06-30": -86, "2018-03-31": "1152.00000", "2017-12-31": -1749, "2017-09-30": 685.5, "2017-06-30": -892.6997, "2017-03-31": "-956.80030", "2016-12-31": -8063.1997, "2016-09-30": 573.2997, "2016-06-30": -141.6, "2016-03-31": "-1118.50000", "2015-12-31": 711.9004, "2015-09-30": 129.2007, "2015-06-30": 526.4995, "2015-03-31": "-1447.00000", "2014-12-31": 693.0998, "2014-09-30": -195.4001, "2014-06-30": -25.5, "2014-03-31": "-947.39990", "2013-12-31": 178.499, "2013-09-30": 331.501, "2013-06-30": -628.8999, "2013-03-31": "-994.60010", "2012-12-31": 2427.3992, "2012-09-30": -1147.2996, "2012-06-30": -930.4997, "2012-03-31": "-10.89970", "2011-12-31": 758.9014, "2011-09-30": -153.1006, "2011-06-30": -619.0002, "2011-03-31": "285.80000", "2010-12-31": 52.2998, "2010-09-30": -553.7007, "2010-06-30": -257.8999, "2010-03-31": "519.00000", "2009-12-31": -364.1996, "2009-09-30": -31.4006, "2009-06-30": -157.1998, "2009-03-31": "-772.80000", "2008-12-31": 176.7998, "2008-09-30": 89.5, "2008-06-30": 122.8, "2008-03-31": "427.59990", "2007-12-31": 359.3999, "2007-09-30": 94.501, "2007-06-30": 39.5995, "2007-03-31": "-747.60000", "2006-12-31": -221.2002, "2006-09-30": -221.3008, "2006-06-30": 489.3008, "2006-03-31": "-751.70020", "2005-12-31": -607.099, "2005-09-30": -535.7006, "2005-06-30": 75.8006, "2005-03-31": "-704.70000"}, "Net Change In Investments - Total": {"2020-12-31": 592, "2020-09-30": -299, "2020-06-30": -4004, "2020-03-31": "-571.00000", "2019-12-31": 1091, "2019-09-30": -1372, "2019-06-30": -944, "2019-03-31": "-440.00000", "2018-12-31": 1209, "2018-09-30": -325, "2018-06-30": -98, "2018-03-31": "994.00000", "2017-12-31": -1296, "2017-09-30": 992.3, "2017-06-30": -873, "2017-03-31": "-1111.30000", "2016-12-31": -7782.7997, "2016-09-30": 726.0997, "2016-06-30": -198.4, "2016-03-31": "-1272.90000", "2015-12-31": 929.6004, "2015-09-30": 328.8012, "2015-06-30": 831.599, "2015-03-31": "-1955.00000", "2014-12-31": 876.1, "2014-09-30": 52.9, "2014-06-30": -647.5, "2014-03-31": "-1302.30000", "2013-12-31": 46.499, "2013-09-30": 164.401, "2013-06-30": -722, "2013-03-31": "-1007.50000", "2012-12-31": 2255.8992, "2012-09-30": -1081.8996, "2012-06-30": -980.9997, "2012-03-31": "145.70030", "2011-12-31": 659.6014, "2011-09-30": -114.6006, "2011-06-30": -640.9003, "2011-03-31": "397.40010", "2010-12-31": 45.7998, "2010-09-30": -714.2007, "2010-06-30": -390.2999, "2010-03-31": "313.60000", "2009-12-31": -374.0996, "2009-09-30": -87.2006, "2009-06-30": -13.9998, "2009-03-31": "-717.90000", "2008-12-31": 280.8001, "2008-09-30": 171.9, "2008-06-30": 164, "2008-03-31": "525.09990", "2007-12-31": 396.7999, "2007-09-30": 188.201, "2007-06-30": -192.3005, "2007-03-31": "-596.20000", "2006-12-31": -226.9002, "2006-09-30": -416.6008, "2006-06-30": 976.8008, "2006-03-31": "-553.00020", "2005-12-31": -996.099, "2005-09-30": -800.8006, "2005-06-30": 176.3005, "2005-03-31": "-882.49990"}, "Investing Activities - Other": {"2020-12-31": -6, "2020-09-30": 761, "2020-06-30": -699, "2020-03-31": "-101.00000", "2019-12-31": -17, "2019-09-30": -55, "2019-06-30": 0, "2019-03-31": "22.00000", "2018-12-31": -88, "2018-09-30": 2, "2018-06-30": 11, "2018-03-31": "4.00000", "2017-12-31": 0, "2017-09-30": 67.3, "2017-06-30": -2.5, "2017-03-31": "12.20000", "2016-12-31": -14, "2016-09-30": -38.7, "2016-06-30": 15.3, "2016-03-31": "-0.60000", "2015-12-31": -66.3, "2015-09-30": 53.6, "2015-06-30": 0, "2015-03-31": "-32.00000", "2014-12-31": 0, "2014-09-30": -21.2, "2014-06-30": 0, "2014-03-31": "-46.30000", "2013-12-31": 5.1, "2013-09-30": -29.2, "2013-06-30": -3.8, "2013-03-31": "-80.60000", "2012-12-31": 252.1, "2012-09-30": 0, "2012-06-30": -0.3, "2012-03-31": "-0.60000", "2011-12-31": -98, "2011-09-30": -6.6, "2011-06-30": -9.7, "2011-03-31": "-13.40000", "2010-12-31": -25.3, "2010-09-30": -24.7, "2010-06-30": -21.2, "2010-03-31": "-4.30000", "2009-12-31": -28.8, "2009-09-30": 0, "2009-06-30": 0, "2009-03-31": "-3.20000", "2008-12-31": 0, "2008-09-30": 0, "2008-06-30": 0, "2008-03-31": "", "2007-12-31": 28.7, "2007-09-30": -9.3, "2007-06-30": -12.2, "2007-03-31": "-9.40000", "2006-12-31": 0, "2006-09-30": 0, "2006-06-30": 0, "2006-03-31": "-24.70000", "2005-12-31": 0, "2005-09-30": 0, "2005-06-30": 0, "2005-03-31": ""}, "Cash Flow From Investing Activities": {"2020-12-31": 305, "2020-09-30": 89, "2020-06-30": -4934, "2020-03-31": "-2784.00000", "2019-12-31": 723, "2019-09-30": -1698, "2019-06-30": -1165, "2019-03-31": "-652.00000", "2018-12-31": 773, "2018-09-30": -688, "2018-06-30": -778, "2018-03-31": "-566.00000", "2017-12-31": -3620, "2017-09-30": 806.8, "2017-06-30": -1041.8, "2017-03-31": "-1227.00000", "2016-12-31": 670.8, "2016-09-30": 523, "2016-06-30": -316.8, "2016-03-31": "-1391.00000", "2015-12-31": 630.7, "2015-09-30": 244.5, "2015-06-30": 684.9, "2015-03-31": "-2711.60000", "2014-12-31": 660.1, "2014-09-30": -107.7, "2014-06-30": -783, "2014-03-31": "-744.30000", "2013-12-31": -147.6, "2013-09-30": -23.4, "2013-06-30": -867.8, "2013-03-31": "-1195.60000", "2012-12-31": -1266.5, "2012-09-30": -1317.9, "2012-06-30": -1987.3, "2012-03-31": "20.10000", "2011-12-31": 381.2, "2011-09-30": -853, "2011-06-30": -752.3, "2011-03-31": "282.10000", "2010-12-31": -102.6, "2010-09-30": -849, "2010-06-30": -511.8, "2010-03-31": "191.90000", "2009-12-31": 4163.3, "2009-09-30": -201.6, "2009-06-30": -168, "2009-03-31": "-790.90000", "2008-12-31": 172.5, "2008-09-30": 0.8, "2008-06-30": -7.3, "2008-03-31": "450.20000", "2007-12-31": 319.7, "2007-09-30": -166, "2007-06-30": -260.4, "2007-03-31": "-662.20000", "2006-12-31": -295.6, "2006-09-30": -488, "2006-06-30": 939, "2006-03-31": "-612.70000", "2005-12-31": -3203.6, "2005-09-30": -850.3, "2005-06-30": -69.3, "2005-03-31": "-1028.40000"}, "Net Long-Term Debt": {"2020-12-31": -719, "2020-09-30": -808, "2020-06-30": 776, "2020-03-31": "1153.00000", "2019-12-31": -300, "2019-09-30": 1223, "2019-06-30": 13, "2019-03-31": "117.00000", "2018-12-31": -344, "2018-09-30": -80, "2018-06-30": -597, "2018-03-31": "65.00000", "2017-12-31": -789, "2017-09-30": 5239.1, "2017-06-30": -4120.1, "2017-03-31": "2488.00000", "2016-12-31": -1735.5, "2016-09-30": 1907.7, "2016-06-30": -147.9, "2016-03-31": "-77.30000", "2015-12-31": -594.3, "2015-09-30": -190.3, "2015-06-30": -626.3, "2015-03-31": "622.40000", "2014-12-31": -424.9999, "2014-09-30": 572.9, "2014-06-30": 87.6, "2014-03-31": "355.20000", "2013-12-31": -415.8, "2013-09-30": -121.9, "2013-06-30": 90.7, "2013-03-31": "-296.60000", "2012-12-31": 1274.5, "2012-09-30": 2452.8, "2012-06-30": 1574.3, "2012-03-31": "-313.00000", "2011-12-31": -196.3, "2011-09-30": 1154, "2011-06-30": -164.1, "2011-03-31": "62.30000", "2010-12-31": -56.6, "2010-09-30": 471.3, "2010-06-30": 42.7, "2010-03-31": "-15.00000", "2009-12-31": -356.8, "2009-09-30": -316.9, "2009-06-30": -141.4, "2009-03-31": "489.10000", "2008-12-31": -455.2, "2008-09-30": -674.4, "2008-06-30": 529.9, "2008-03-31": "185.40000", "2007-12-31": 296.6, "2007-09-30": 498.6, "2007-06-30": 1086.5, "2007-03-31": "89.70000", "2006-12-31": -338.3, "2006-09-30": -165.3001, "2006-06-30": 345.3001, "2006-03-31": "358.39990", "2005-12-31": 2375.2, "2005-09-30": -224.5, "2005-06-30": 196.9, "2005-03-31": "5.50000"}, "Net Current Debt": {"2020-12-31": 31, "2020-09-30": 818, "2020-06-30": -1075, "2020-03-31": "375.00000", "2019-12-31": -294, "2019-09-30": -439, "2019-06-30": -85, "2019-03-31": "-50.00000", "2018-12-31": -569, "2018-09-30": 295, "2018-06-30": 200, "2018-03-31": "-116.00000", "2017-12-31": 3691, "2017-09-30": -5588.6, "2017-06-30": 3263, "2017-03-31": "-1084.40000", "2016-12-31": 1781.1, "2016-09-30": -1716.3999, "2016-06-30": 85.0999, "2016-03-31": "41.20000", "2015-12-31": -274.3999, "2015-09-30": -153.6001, "2015-06-30": -342.4, "2015-03-31": "452.20000", "2014-12-31": 317.3001, "2014-09-30": -532.5, "2014-06-30": 313.9, "2014-03-31": "619.90000", "2013-12-31": 119.6, "2013-09-30": 20.1, "2013-06-30": 282, "2013-03-31": "143.20000", "2012-12-31": -1.3, "2012-09-30": -144.1, "2012-06-30": 103.4, "2012-03-31": "-133.40000", "2011-12-31": 204, "2011-09-30": 49.9, "2011-06-30": 65.2, "2011-03-31": "-83.80000", "2010-12-31": 101.6, "2010-09-30": 133.9, "2010-06-30": 186.8, "2010-03-31": "154.60000", "2009-12-31": -79.6, "2009-09-30": -149.2, "2009-06-30": -312.3, "2009-03-31": "-33.40000", "2008-12-31": -70.7, "2008-09-30": -77.4, "2008-06-30": -81.4, "2008-03-31": "47.20000", "2007-12-31": -141.6, "2007-09-30": 39.3, "2007-06-30": 221.6, "2007-03-31": "-287.00000", "2006-12-31": 5.5, "2006-09-30": 485.8, "2006-06-30": -97.3, "2006-03-31": "-464.90000", "2005-12-31": 537.7, "2005-09-30": 464.3, "2005-06-30": -106.3, "2005-03-31": "-43.10000"}, "Debt Issuance/Retirement Net - Total": {"2020-12-31": -688, "2020-09-30": 10, "2020-06-30": -299, "2020-03-31": "1528.00000", "2019-12-31": -594, "2019-09-30": 784, "2019-06-30": -72, "2019-03-31": "67.00000", "2018-12-31": -913, "2018-09-30": 215, "2018-06-30": -397, "2018-03-31": "-51.00000", "2017-12-31": 2902, "2017-09-30": -349.5002, "2017-06-30": -857.0998, "2017-03-31": "1403.60000", "2016-12-31": 45.6, "2016-09-30": 191.3001, "2016-06-30": -62.8001, "2016-03-31": "-36.10000", "2015-12-31": -868.7, "2015-09-30": -343.9, "2015-06-30": -968.7, "2015-03-31": "1074.60000", "2014-12-31": -107.7, "2014-09-30": 40.4, "2014-06-30": 401.5, "2014-03-31": "975.10000", "2013-12-31": -296.1999, "2013-09-30": -101.8001, "2013-06-30": 372.7, "2013-03-31": "-153.40000", "2012-12-31": 1273.2, "2012-09-30": 2308.7, "2012-06-30": 1677.7, "2012-03-31": "-446.40000", "2011-12-31": 7.7, "2011-09-30": 1203.9, "2011-06-30": -98.9, "2011-03-31": "-21.50000", "2010-12-31": 45, "2010-09-30": 605.2, "2010-06-30": 229.5, "2010-03-31": "139.60000", "2009-12-31": -436.4, "2009-09-30": -466.1, "2009-06-30": -453.7, "2009-03-31": "455.70000", "2008-12-31": -525.9, "2008-09-30": -751.8, "2008-06-30": 448.5, "2008-03-31": "232.60000", "2007-12-31": 155, "2007-09-30": 537.9, "2007-06-30": 1308.1, "2007-03-31": "-197.30000", "2006-12-31": -332.8001, "2006-09-30": 320.5, "2006-06-30": 248, "2006-03-31": "-106.50010", "2005-12-31": 2912.9, "2005-09-30": 239.8, "2005-06-30": 90.6, "2005-03-31": "-37.60000"}, "Net Common Equity Issued/Repurchased": {"2020-12-31": -1294, "2020-09-30": -738, "2020-06-30": -7, "2020-03-31": "-485.00000", "2019-12-31": -255, "2019-09-30": -607, "2019-06-30": -434, "2019-03-31": "-218.00000", "2018-12-31": -452, "2018-09-30": -359, "2018-06-30": 885, "2018-03-31": "-335.00000", "2017-12-31": -316, "2017-09-30": -1098, "2017-06-30": -410.8, "2017-03-31": "52.80000", "2016-12-31": 28.8, "2016-09-30": 19.5, "2016-06-30": 20.8, "2016-03-31": "50.90000", "2015-12-31": 16.1, "2015-09-30": -90.4, "2015-06-30": -586.8, "2015-03-31": "-652.10000", "2014-12-31": -310.1, "2014-09-30": -492.7, "2014-06-30": -762, "2014-03-31": "-1132.70000", "2013-12-31": -299.9, "2013-09-30": -333.3, "2013-06-30": -145.7, "2013-03-31": "-316.50000", "2012-12-31": -643.9, "2012-09-30": -652.2, "2012-06-30": -445.8, "2012-03-31": "-644.10000", "2011-12-31": -669.8, "2011-09-30": -883.9, "2011-06-30": -547, "2011-03-31": "-694.10000", "2010-12-31": -987.8, "2010-09-30": -439.9, "2010-06-30": -1470.1, "2010-03-31": "-1318.90000", "2009-12-31": -778.1, "2009-09-30": -658.9, "2009-06-30": -411.6, "2009-03-31": "-663.30000", "2008-12-31": -211.9, "2008-09-30": -152, "2008-06-30": -840.2, "2008-03-31": "-1950.90000", "2007-12-31": -1647, "2007-09-30": -2300.6, "2007-06-30": -1046.4, "2007-03-31": "-372.90000", "2006-12-31": -453, "2006-09-30": -203.1, "2006-06-30": -1619.7, "2006-03-31": "-1714.90000", "2005-12-31": 55, "2005-09-30": 91.4, "2005-06-30": -218.8, "2005-03-31": "168.30000"}, "Net Total Equity Issued/Repurchased": {"2020-12-31": -1294, "2020-09-30": -738, "2020-06-30": -7, "2020-03-31": "-485.00000", "2019-12-31": -255, "2019-09-30": -607, "2019-06-30": -434, "2019-03-31": "-218.00000", "2018-12-31": -452, "2018-09-30": -359, "2018-06-30": 885, "2018-03-31": "-335.00000", "2017-12-31": -316, "2017-09-30": -1098, "2017-06-30": -410.8, "2017-03-31": "52.80000", "2016-12-31": 28.8, "2016-09-30": 19.5, "2016-06-30": 20.8, "2016-03-31": "50.90000", "2015-12-31": 16.1, "2015-09-30": -90.4, "2015-06-30": -586.8, "2015-03-31": "-652.10000", "2014-12-31": -310.1, "2014-09-30": -492.7, "2014-06-30": -762, "2014-03-31": "-1132.70000", "2013-12-31": -299.9, "2013-09-30": -333.3, "2013-06-30": -145.7, "2013-03-31": "-316.50000", "2012-12-31": -643.9, "2012-09-30": -652.2, "2012-06-30": -445.8, "2012-03-31": "-644.10000", "2011-12-31": -669.8, "2011-09-30": -883.9, "2011-06-30": -547, "2011-03-31": "-694.10000", "2010-12-31": -987.8, "2010-09-30": -439.9, "2010-06-30": -1470.1, "2010-03-31": "-1318.90000", "2009-12-31": -778.1, "2009-09-30": -658.9, "2009-06-30": -411.6, "2009-03-31": "-663.30000", "2008-12-31": -211.9, "2008-09-30": -152, "2008-06-30": -840.2, "2008-03-31": "-1950.90000", "2007-12-31": -1647, "2007-09-30": -2300.6, "2007-06-30": -1046.4, "2007-03-31": "-372.90000", "2006-12-31": -453, "2006-09-30": -203.1, "2006-06-30": -1619.7, "2006-03-31": "-1714.90000", "2005-12-31": 55, "2005-09-30": 91.4, "2005-06-30": -218.8, "2005-03-31": "168.30000"}, "Total Common And Preferred Stock Dividends Paid": {"2020-12-31": -234, "2020-09-30": -238, "2020-06-30": -242, "2020-03-31": "-240.00000", "2019-12-31": -202, "2019-09-30": -204, "2019-06-30": -206, "2019-03-31": "-206.00000", "2018-12-31": -193, "2018-09-30": -195, "2018-06-30": -196, "2018-03-31": "-192.00000", "2017-12-31": -180, "2017-09-30": -181, "2017-06-30": -171.8, "2017-03-31": "-172.20000", "2016-12-31": -171.3, "2016-09-30": -171.1, "2016-06-30": -170.9, "2016-03-31": "-170.70000", "2015-12-31": -163.1, "2015-09-30": -163, "2015-06-30": -163.9, "2015-03-31": "-166.60000", "2014-12-31": -117.6, "2014-09-30": -119.2, "2014-06-30": -120.5, "2014-03-31": "-123.40000", "2013-12-31": -110.5, "2013-09-30": -111.4, "2013-06-30": -112.7, "2013-03-31": "-113.40000", "2012-12-31": -87.1, "2012-09-30": -90.7, "2012-06-30": -93.5, "2012-03-31": "-95.80000", "2011-12-31": -85.7, "2011-09-30": -88.2, "2011-06-30": -91.1, "2011-03-31": "-92.80000", "2010-12-31": 0, "2010-09-30": 0, "2010-06-30": 0, "2010-03-31": "", "2009-12-31": 0, "2009-09-30": 0, "2009-06-30": 0, "2009-03-31": "", "2008-12-31": 0, "2008-09-30": 0, "2008-06-30": 0, "2008-03-31": "", "2007-12-31": 0, "2007-09-30": 0, "2007-06-30": 0, "2007-03-31": "", "2006-12-31": 0, "2006-09-30": 0, "2006-06-30": 0, "2006-03-31": "", "2005-12-31": 0, "2005-09-30": 0, "2005-06-30": 0, "2005-03-31": ""}, "Financial Activities - Other": {"2020-12-31": -151, "2020-09-30": -18, "2020-06-30": 653, "2020-03-31": "-124.00000", "2019-12-31": -253, "2019-09-30": 171, "2019-06-30": 35, "2019-03-31": "-72.00000", "2018-12-31": -3, "2018-09-30": -1, "2018-06-30": -5, "2018-03-31": "-49.00000", "2017-12-31": 27, "2017-09-30": -48, "2017-06-30": -124.1, "2017-03-31": "-49.90000", "2016-12-31": 675.9, "2016-09-30": -564.3, "2016-06-30": -231.8, "2016-03-31": "-252.80000", "2015-12-31": -92.6, "2015-09-30": 3.4, "2015-06-30": 16.4, "2015-03-31": "56.00000", "2014-12-31": 6.5, "2014-09-30": 10.6, "2014-06-30": 6.9, "2014-03-31": "22.40000", "2013-12-31": -19.2, "2013-09-30": 9.7, "2013-06-30": 9.6, "2013-03-31": "4.20000", "2012-12-31": 5.6, "2012-09-30": 0.5, "2012-06-30": 3.4, "2012-03-31": "19.30000", "2011-12-31": 3.8, "2011-09-30": 2.3, "2011-06-30": 13.5, "2011-03-31": "22.60000", "2010-12-31": 3, "2010-09-30": 2.2, "2010-06-30": 1.3, "2010-03-31": "21.60000", "2009-12-31": 4.3, "2009-09-30": 3.6, "2009-06-30": 1, "2009-03-31": "0.70000", "2008-12-31": 1.1, "2008-09-30": 1.3, "2008-06-30": 2.5, "2008-03-31": "11.10000", "2007-12-31": 11.9, "2007-09-30": 14.3, "2007-06-30": 75.9, "2007-03-31": "51.20000", "2006-12-31": 23.1, "2006-09-30": 51, "2006-06-30": 26.1, "2006-03-31": "36.30000", "2005-12-31": -2.5, "2005-09-30": 0, "2005-06-30": 0, "2005-03-31": ""}, "Cash Flow From Financial Activities": {"2020-12-31": -2367, "2020-09-30": -984, "2020-06-30": 105, "2020-03-31": "679.00000", "2019-12-31": -1304, "2019-09-30": 144, "2019-06-30": -677, "2019-03-31": "-429.00000", "2018-12-31": -1561, "2018-09-30": -340, "2018-06-30": 287, "2018-03-31": "-627.00000", "2017-12-31": 2433, "2017-09-30": -1676.5, "2017-06-30": -1563.8, "2017-03-31": "1234.30000", "2016-12-31": 579, "2016-09-30": -524.6, "2016-06-30": -444.7, "2016-03-31": "-408.70000", "2015-12-31": -1108.3, "2015-09-30": -593.9, "2015-06-30": -1703, "2015-03-31": "311.90000", "2014-12-31": -528.9, "2014-09-30": -560.9, "2014-06-30": -474.1, "2014-03-31": "-258.60000", "2013-12-31": -725.8, "2013-09-30": -536.8, "2013-06-30": 123.9, "2013-03-31": "-579.10000", "2012-12-31": 547.8, "2012-09-30": 1566.3, "2012-06-30": 1141.8, "2012-03-31": "-1167.00000", "2011-12-31": -744, "2011-09-30": 234.1, "2011-06-30": -723.5, "2011-03-31": "-785.80000", "2010-12-31": -939.8, "2010-09-30": 167.5, "2010-06-30": -1239.3, "2010-03-31": "-1157.70000", "2009-12-31": -1210.2, "2009-09-30": -1121.4, "2009-06-30": -864.3, "2009-03-31": "-206.90000", "2008-12-31": -736.7, "2008-09-30": -902.5, "2008-06-30": -389.2, "2008-03-31": "-1707.20000", "2007-12-31": -1480.1, "2007-09-30": -1748.4, "2007-06-30": 337.6, "2007-03-31": "-519.00000", "2006-12-31": -762.7, "2006-09-30": 168.4, "2006-06-30": -1345.6, "2006-03-31": "-1785.10000", "2005-12-31": 2965.4, "2005-09-30": 331.2, "2005-06-30": -128.2, "2005-03-31": "130.70000"}, "Net Cash Flow": {"2020-12-31": 1757, "2020-09-30": -2044, "2020-06-30": 683, "2020-03-31": "408.00000", "2019-12-31": 747, "2019-09-30": 112, "2019-06-30": -404, "2019-03-31": "548.00000", "2018-12-31": -326, "2018-09-30": -422, "2018-06-30": 51, "2018-03-31": "1022.00000", "2017-12-31": -2488, "2017-09-30": 1536.1, "2017-06-30": -2211.2, "2017-03-31": "2697.10000", "2016-12-31": 1529.5, "2016-09-30": 963.3, "2016-06-30": -93.3, "2016-03-31": "-437.50000", "2015-12-31": 565.7, "2015-09-30": -5.2, "2015-06-30": 156, "2015-03-31": "-754.70000", "2014-12-31": 433.8, "2014-09-30": -66.7, "2014-06-30": -186.6, "2014-03-31": "384.30000", "2013-12-31": -598.8, "2013-09-30": 838.4, "2013-06-30": -318, "2013-03-31": "-819.30000", "2012-12-31": 42.5, "2012-09-30": 489, "2012-06-30": -326, "2012-03-31": "77.50000", "2011-12-31": -306.8, "2011-09-30": 808.6, "2011-06-30": -702.2, "2011-03-31": "613.20000", "2010-12-31": -457.4, "2010-09-30": 218.3, "2010-06-30": -1498.3, "2010-03-31": "-1289.90000", "2009-12-31": 2973.9, "2009-09-30": 117.6, "2009-06-30": -653.5, "2009-03-31": "194.20000", "2008-12-31": -86.7, "2008-09-30": -3.2, "2008-06-30": -278.3, "2008-03-31": "-215.80000", "2007-12-31": -56.1, "2007-09-30": -1381.1, "2007-06-30": 803.1, "2007-03-31": "799.90000", "2006-12-31": 372.6, "2006-09-30": 295.1, "2006-06-30": -205.6, "2006-03-31": "-600.20000", "2005-12-31": 576.9, "2005-09-30": 210, "2005-06-30": 462.4, "2005-03-31": "33.70000"}, "Stock-Based Compensation": {"2020-12-31": 69, "2020-09-30": 80, "2020-06-30": 67, "2020-03-31": "67.00000", "2019-12-31": 68, "2019-09-30": 86, "2019-06-30": 70, "2019-03-31": "70.00000", "2018-12-31": 91, "2018-09-30": 57, "2018-06-30": 36, "2018-03-31": "42.00000", "2017-12-31": 39, "2017-09-30": 43.9, "2017-06-30": 44.4, "2017-03-31": "42.70000", "2016-12-31": 40.7, "2016-09-30": 41.9, "2016-06-30": 44.8, "2016-03-31": "37.60000", "2015-12-31": 37.2, "2015-09-30": 42.4, "2015-06-30": 41.5, "2015-03-31": "27.10000", "2014-12-31": 43.2, "2014-09-30": 36.8, "2014-06-30": 50.1, "2014-03-31": "38.80000", "2013-12-31": 42.3, "2013-09-30": 40.6, "2013-06-30": 41.6, "2013-03-31": "21.50000", "2012-12-31": 22.8, "2012-09-30": 52.2, "2012-06-30": 39, "2012-03-31": "32.50000", "2011-12-31": 36.7, "2011-09-30": 37.2, "2011-06-30": 38.3, "2011-03-31": "22.60000", "2010-12-31": 39.4, "2010-09-30": 39.5, "2010-06-30": 43, "2010-03-31": "14.10000", "2009-12-31": 37.9, "2009-09-30": 39, "2009-06-30": 51.9, "2009-03-31": "24.80000", "2008-12-31": 26.7, "2008-09-30": 39.8, "2008-06-30": 52.5, "2008-03-31": "37.00000", "2007-12-31": 23.5, "2007-09-30": 51.5, "2007-06-30": 61.8, "2007-03-31": "40.30000", "2006-12-31": 34.6, "2006-09-30": 71.2, "2006-06-30": 86.5, "2006-03-31": "54.60000", "2005-12-31": 20.7, "2005-09-30": 24.2, "2005-06-30": 20.6, "2005-03-31": "15.70000"}, "Common Stock Dividends Paid": {"2020-12-31": -234, "2020-09-30": -238, "2020-06-30": -242, "2020-03-31": "-240.00000", "2019-12-31": -202, "2019-09-30": -204, "2019-06-30": -206, "2019-03-31": "-206.00000", "2018-12-31": -193, "2018-09-30": -195, "2018-06-30": -196, "2018-03-31": "-192.00000", "2017-12-31": -180, "2017-09-30": -181, "2017-06-30": -171.8, "2017-03-31": "-172.20000", "2016-12-31": -171.3, "2016-09-30": -171.1, "2016-06-30": -170.9, "2016-03-31": "-170.70000", "2015-12-31": -163.1, "2015-09-30": -163, "2015-06-30": -163.9, "2015-03-31": "-166.60000", "2014-12-31": -117.6, "2014-09-30": -119.2, "2014-06-30": -120.5, "2014-03-31": "-123.40000", "2013-12-31": -110.5, "2013-09-30": -111.4, "2013-06-30": -112.7, "2013-03-31": "-113.40000", "2012-12-31": -87.1, "2012-09-30": -90.7, "2012-06-30": -93.5, "2012-03-31": "-95.80000", "2011-12-31": -85.7, "2011-09-30": -88.2, "2011-06-30": -91.1, "2011-03-31": "-92.80000", "2010-12-31": 0, "2010-09-30": 0, "2010-06-30": 0, "2010-03-31": "", "2009-12-31": 0, "2009-09-30": 0, "2009-06-30": 0, "2009-03-31": "", "2008-12-31": 0, "2008-09-30": 0, "2008-06-30": 0, "2008-03-31": "", "2007-12-31": 0, "2007-09-30": 0, "2007-06-30": 0, "2007-03-31": "", "2006-12-31": 0, "2006-09-30": 0, "2006-06-30": 0, "2006-03-31": "", "2005-12-31": 0, "2005-09-30": 0, "2005-06-30": 0, "2005-03-31": ""}}, "financial ratios": {"Current Ratio": {"2019-12-31": "1.65280", "2018-12-31": "1.56250", "2017-12-31": "1.55260", "2016-12-31": "1.61150", "2015-12-31": "1.61640", "2014-12-31": "1.70360", "2013-12-31": "1.81910", "2012-12-31": "1.83480", "2011-12-31": "1.70440", "2010-12-31": "1.86590", "2009-12-31": "1.91300", "2008-12-31": "0.80760", "2007-12-31": "0.90570", "2006-12-31": "0.76770", "2005-12-31": "0.77470"}, "Long-term Debt / Capital": {"2019-12-31": "0.35920", "2018-12-31": "0.37630", "2017-12-31": "0.39610", "2016-12-31": "0.36390", "2015-12-31": "0.39940", "2014-12-31": "0.36630", "2013-12-31": "0.35400", "2012-12-31": "0.37320", "2011-12-31": "0.26660", "2010-12-31": "0.25490", "2009-12-31": "0.25110", "2008-12-31": "0.26770", "2007-12-31": "0.28190", "2006-12-31": "0.20900", "2005-12-31": "0.20200"}, "Debt/Equity Ratio": {"2019-12-31": "0.64410", "2018-12-31": "0.69430", "2017-12-31": "0.76920", "2016-12-31": "0.66950", "2015-12-31": "0.74490", "2014-12-31": "0.68280", "2013-12-31": "0.62430", "2012-12-31": "0.65300", "2011-12-31": "0.46000", "2010-12-31": "0.41390", "2009-12-31": "0.35380", "2008-12-31": "0.43720", "2007-12-31": "0.43050", "2006-12-31": "0.32220", "2005-12-31": "0.32790"}, "Gross Margin": {"2019-12-31": "19.60890", "2018-12-31": "21.94240", "2017-12-31": "19.77340", "2016-12-31": "21.24480", "2015-12-31": "22.78980", "2014-12-31": "23.03810", "2013-12-31": "20.81900", "2012-12-31": "21.60030", "2011-12-31": "21.51710", "2010-12-31": "23.45560", "2009-12-31": "26.79140", "2008-12-31": "20.43540", "2007-12-31": "24.02890", "2006-12-31": "25.29520", "2005-12-31": "26.06370"}, "Operating Margin": {"2019-12-31": "6.46080", "2018-12-31": "6.33190", "2017-12-31": "5.53640", "2016-12-31": "6.21940", "2015-12-31": "6.66360", "2014-12-31": "6.83580", "2013-12-31": "6.46010", "2012-12-31": "7.10620", "2011-12-31": "7.22800", "2010-12-31": "8.13090", "2009-12-31": "12.08880", "2008-12-31": "5.86470", "2007-12-31": "9.32810", "2006-12-31": "9.32010", "2005-12-31": "9.22690"}, "EBIT Margin": {"2019-12-31": "6.46080", "2018-12-31": "6.33190", "2017-12-31": "5.53640", "2016-12-31": "6.21940", "2015-12-31": "6.66360", "2014-12-31": "6.83580", "2013-12-31": "6.46010", "2012-12-31": "7.10620", "2011-12-31": "7.22800", "2010-12-31": "8.13090", "2009-12-31": "12.08880", "2008-12-31": "5.86470", "2007-12-31": "9.32810", "2006-12-31": "9.32010", "2005-12-31": "9.22690"}, "EBITDA Margin": {"2019-12-31": "7.54800", "2018-12-31": "7.56090", "2017-12-31": "6.52600", "2016-12-31": "7.29410", "2015-12-31": "7.81060", "2014-12-31": "7.98780", "2013-12-31": "7.73970", "2012-12-31": "8.31060", "2011-12-31": "8.27760", "2010-12-31": "9.15440", "2009-12-31": "12.94110", "2008-12-31": "6.79810", "2007-12-31": "10.28640", "2006-12-31": "10.38030", "2005-12-31": "10.47450"}, "Pre-Tax Profit Margin": {"2019-12-31": "5.74300", "2018-12-31": "5.50240", "2017-12-31": "4.40250", "2016-12-31": "5.36750", "2015-12-31": "5.85040", "2014-12-31": "5.91290", "2013-12-31": "5.40690", "2012-12-31": "6.27390", "2011-12-31": "6.51930", "2010-12-31": "7.41720", "2009-12-31": "11.39980", "2008-12-31": "5.09770", "2007-12-31": "8.59580", "2006-12-31": "8.61300", "2005-12-31": "8.71990"}, "Net Profit Margin": {"2019-12-31": "4.61270", "2018-12-31": "4.07140", "2017-12-31": "4.26810", "2016-12-31": "2.91060", "2015-12-31": "3.23410", "2014-12-31": "3.47850", "2013-12-31": "3.50550", "2012-12-31": "4.31810", "2011-12-31": "4.35950", "2010-12-31": "4.91850", "2009-12-31": "7.30820", "2008-12-31": "4.06640", "2007-12-31": "5.46920", "2006-12-31": "5.42410", "2005-12-31": "5.52250"}, "Asset Turnover": {"2019-12-31": "1.34550", "2018-12-31": "1.28690", "2017-12-31": "1.27640", "2016-12-31": "1.30390", "2015-12-31": "1.28260", "2014-12-31": "1.19780", "2013-12-31": "1.19220", "2012-12-31": "1.04310", "2011-12-31": "1.16390", "2010-12-31": "1.17010", "2009-12-31": "1.24580", "2008-12-31": "1.26540", "2007-12-31": "1.17500", "2006-12-31": "1.10630", "2005-12-31": "0.86990"}, "Inventory Turnover Ratio": {"2019-12-31": "", "2018-12-31": "", "2017-12-31": "", "2016-12-31": "", "2015-12-31": "", "2014-12-31": "", "2013-12-31": "", "2012-12-31": "", "2011-12-31": "", "2010-12-31": "", "2009-12-31": "", "2008-12-31": "", "2007-12-31": "", "2006-12-31": "", "2005-12-31": ""}, "Receiveable Turnover": {"2019-12-31": "9.87520", "2018-12-31": "9.89210", "2017-12-31": "10.23880", "2016-12-31": "9.90680", "2015-12-31": "10.78310", "2014-12-31": "10.18760", "2013-12-31": "13.48280", "2012-12-31": "12.69690", "2011-12-31": "13.63490", "2010-12-31": "14.85100", "2009-12-31": "15.60860", "2008-12-31": "13.38330", "2007-12-31": "15.81630", "2006-12-31": "16.26520", "2005-12-31": "15.07180"}, "Days Sales In Receivables": {"2019-12-31": "36.96130", "2018-12-31": "36.89830", "2017-12-31": "35.64870", "2016-12-31": "36.84320", "2015-12-31": "33.84930", "2014-12-31": "35.82800", "2013-12-31": "27.07150", "2012-12-31": "28.74730", "2011-12-31": "26.76960", "2010-12-31": "24.57750", "2009-12-31": "23.38460", "2008-12-31": "27.27290", "2007-12-31": "23.07750", "2006-12-31": "22.44060", "2005-12-31": "24.21740"}, "ROE - Return On Equity": {"2019-12-31": "15.15070", "2018-12-31": "13.13900", "2017-12-31": "14.50030", "2016-12-31": "9.84050", "2015-12-31": "11.10910", "2014-12-31": "10.55660", "2013-12-31": "10.63710", "2012-12-31": "11.13740", "2011-12-31": "11.36500", "2010-12-31": "12.12430", "2009-12-31": "19.08800", "2008-12-31": "11.62160", "2007-12-31": "14.55130", "2006-12-31": "12.59330", "2005-12-31": "9.85790"}, "Return On Tangible Equity": {"2019-12-31": "188.21460", "2018-12-31": "-386.59790", "2017-12-31": "-350.63870", "2016-12-31": "-580.22450", "2015-12-31": "-95.66170", "2014-12-31": "-324.55680", "2013-12-31": "-444.23270", "2012-12-31": "-151.26080", "2011-12-31": "176.70600", "2010-12-31": "113.17970", "2009-12-31": "142.11830", "2008-12-31": "-290.69770", "2007-12-31": "1001.01400", "2006-12-31": "172.31230", "2005-12-31": "134.07710"}, "ROA - Return On Assets": {"2019-12-31": "6.20630", "2018-12-31": "5.23960", "2017-12-31": "5.44800", "2016-12-31": "3.79510", "2015-12-31": "4.14790", "2014-12-31": "4.15090", "2013-12-31": "4.42190", "2012-12-31": "4.49660", "2011-12-31": "5.07390", "2010-12-31": "5.75500", "2009-12-31": "9.10480", "2008-12-31": "5.14570", "2007-12-31": "6.42600", "2006-12-31": "6.00080", "2005-12-31": "4.80390"}, "ROI - Return On Investment": {"2019-12-31": "9.70820", "2018-12-31": "8.19530", "2017-12-31": "8.75700", "2016-12-31": "6.25970", "2015-12-31": "6.67210", "2014-12-31": "6.68940", "2013-12-31": "6.87110", "2012-12-31": "6.98120", "2011-12-31": "8.33500", "2010-12-31": "9.03340", "2009-12-31": "14.29420", "2008-12-31": "8.51070", "2007-12-31": "10.44980", "2006-12-31": "9.96140", "2005-12-31": "7.86710"}, "Book Value Per Share": {"2019-12-31": "125.44580", "2018-12-31": "110.88360", "2017-12-31": "103.49300", "2016-12-31": "95.16850", "2015-12-31": "88.21110", "2014-12-31": "90.45280", "2013-12-31": "84.44390", "2012-12-31": "78.11460", "2011-12-31": "68.62130", "2010-12-31": "63.04020", "2009-12-31": "55.27760", "2008-12-31": "42.58820", "2007-12-31": "41.33390", "2006-12-31": "39.92810", "2005-12-31": "37.84400"}, "Operating Cash Flow Per Share": {"2019-12-31": 8.7995, "2018-12-31": -1.1421, "2017-12-31": 3.4304, "2016-12-31": -3.237, "2015-12-31": 3.649, "2014-12-31": 1.7378, "2013-12-31": 1.597, "2012-12-31": -0.7923, "2011-12-31": 5.8352, "2010-12-31": -2.9173, "2009-12-31": 1.4767, "2008-12-31": -2.3691, "2007-12-31": 0.9185, "2006-12-31": 1.288, "2005-12-31": 5.0104}, "Free Cash Flow Per Share": {"2019-12-31": 9.2342, "2018-12-31": -2.7607, "2017-12-31": 2.6549, "2016-12-31": -3.2059, "2015-12-31": 3.6314, "2014-12-31": 1.5451, "2013-12-31": 1.2744, "2012-12-31": -1.0559, "2011-12-31": 5.5061, "2010-12-31": -3.2143, "2009-12-31": 1.3265, "2008-12-31": -2.5659, "2007-12-31": 0.7708, "2006-12-31": 1.2383, "2005-12-31": 4.7681}}, "financial ratios, quarterly": {"Current Ratio": {"2020-09-30": "1.59130", "2020-06-30": "1.63960", "2020-03-31": "1.52580", "2019-12-31": "1.65870", "2019-09-30": "1.70030", "2019-06-30": "1.63730", "2019-03-31": "1.61410", "2018-12-31": "1.56250", "2018-09-30": "1.53500", "2018-06-30": "1.52500", "2018-03-31": "1.49350", "2017-12-31": "1.55260", "2017-09-30": "1.51450", "2017-06-30": "1.64530", "2017-03-31": "1.63900", "2016-12-31": "1.61150", "2016-09-30": "1.56510", "2016-06-30": "1.58320", "2016-03-31": "1.58410", "2015-12-31": "1.61640", "2015-09-30": "1.71730", "2015-06-30": "1.60610", "2015-03-31": "1.63060", "2014-12-31": "1.70360", "2014-09-30": "1.75190", "2014-06-30": "1.69110", "2014-03-31": "1.71990", "2013-12-31": "1.81910", "2013-09-30": "1.84490", "2013-06-30": "1.80250", "2013-03-31": "1.78790", "2012-12-31": "1.83480", "2012-09-30": "2.10470", "2012-06-30": "1.75980", "2012-03-31": "1.72630", "2011-12-31": "1.70440", "2011-09-30": "1.74530", "2011-06-30": "1.89670", "2011-03-31": "1.89400", "2010-12-31": "1.86590", "2010-09-30": "1.90500", "2010-06-30": "1.75790", "2010-03-31": "1.83090", "2009-12-31": "1.91300", "2009-09-30": "1.79540", "2009-06-30": "1.74320", "2009-03-31": "0.81370", "2008-12-31": "0.80760", "2008-09-30": "0.84170", "2008-06-30": "0.89570", "2008-03-31": "0.87690", "2007-12-31": "0.90570", "2007-09-30": "0.90770", "2007-06-30": "0.96080", "2007-03-31": "0.88980", "2006-12-31": "0.76770", "2006-09-30": "0.77840", "2006-06-30": "0.73800", "2006-03-31": "0.70990", "2005-12-31": "0.77470", "2005-09-30": "1.75640", "2005-06-30": "1.67870", "2005-03-31": "1.72780"}, "Long-term Debt / Capital": {"2020-09-30": "0.36020", "2020-06-30": "0.36580", "2020-03-31": "0.37490", "2019-12-31": "0.35920", "2019-09-30": "0.37530", "2019-06-30": "0.36150", "2019-03-31": "0.36710", "2018-12-31": "0.37630", "2018-09-30": "0.37290", "2018-06-30": "0.37880", "2018-03-31": "0.40140", "2017-12-31": "0.39610", "2017-09-30": "0.34680", "2017-06-30": "0.36340", "2017-03-31": "0.37190", "2016-12-31": "0.36390", "2016-09-30": "0.36530", "2016-06-30": "0.36950", "2016-03-31": "0.38700", "2015-12-31": "0.39940", "2015-09-30": "0.40350", "2015-06-30": "0.40150", "2015-03-31": "0.37760", "2014-12-31": "0.36630", "2014-09-30": "0.37440", "2014-06-30": "0.36540", "2014-03-31": "0.36400", "2013-12-31": "0.35400", "2013-09-30": "0.36910", "2013-06-30": "0.36480", "2013-03-31": "0.36590", "2012-12-31": "0.37320", "2012-09-30": "0.36000", "2012-06-30": "0.30010", "2012-03-31": "0.26450", "2011-12-31": "0.26660", "2011-09-30": "0.26660", "2011-06-30": "0.25540", "2011-03-31": "0.26270", "2010-12-31": "0.25490", "2010-09-30": "0.25220", "2010-06-30": "0.23570", "2010-03-31": "0.23730", "2009-12-31": "0.25110", "2009-09-30": "0.26830", "2009-06-30": "0.27670", "2009-03-31": "0.28390", "2008-12-31": "0.26770", "2008-09-30": "0.28150", "2008-06-30": "0.31450", "2008-03-31": "0.30110", "2007-12-31": "0.28190", "2007-09-30": "0.26150", "2007-06-30": "0.23440", "2007-03-31": "0.20760", "2006-12-31": "0.20900", "2006-09-30": "0.22780", "2006-06-30": "0.24270", "2006-03-31": "0.21650", "2005-12-31": "0.20200", "2005-09-30": "0.15580", "2005-06-30": "0.16330", "2005-03-31": "0.17600"}, "Debt/Equity Ratio": {"2020-09-30": "0.61450", "2020-06-30": "0.62330", "2020-03-31": "0.68420", "2019-12-31": "0.63300", "2019-09-30": "0.66050", "2019-06-30": "0.64500", "2019-03-31": "0.66440", "2018-12-31": "0.69430", "2018-09-30": "0.69290", "2018-06-30": "0.69310", "2018-03-31": "0.75880", "2017-12-31": "0.76920", "2017-09-30": "0.66040", "2017-06-30": "0.66230", "2017-03-31": "0.70430", "2016-12-31": "0.66950", "2016-09-30": "0.68580", "2016-06-30": "0.70490", "2016-03-31": "0.73300", "2015-12-31": "0.74490", "2015-09-30": "0.76510", "2015-06-30": "0.79570", "2015-03-31": "0.73410", "2014-12-31": "0.68280", "2014-09-30": "0.69820", "2014-06-30": "0.68690", "2014-03-31": "0.67220", "2013-12-31": "0.62430", "2013-09-30": "0.63290", "2013-06-30": "0.63230", "2013-03-31": "0.63150", "2012-12-31": "0.65300", "2012-09-30": "0.60000", "2012-06-30": "0.50400", "2012-03-31": "0.43310", "2011-12-31": "0.46000", "2011-09-30": "0.45410", "2011-06-30": "0.39950", "2011-03-31": "0.40830", "2010-12-31": "0.41390", "2010-09-30": "0.40710", "2010-06-30": "0.39020", "2010-03-31": "0.36670", "2009-12-31": "0.35380", "2009-09-30": "0.40450", "2009-06-30": "0.42700", "2009-03-31": "0.45620", "2008-12-31": "0.43720", "2008-09-30": "0.45440", "2008-06-30": "0.49330", "2008-03-31": "0.46700", "2007-12-31": "0.43050", "2007-09-30": "0.40530", "2007-06-30": "0.36650", "2007-03-31": "0.31260", "2006-12-31": "0.32220", "2006-09-30": "0.30630", "2006-06-30": "0.35170", "2006-03-31": "0.34550", "2005-12-31": "0.32790", "2005-09-30": "0.25330", "2005-06-30": "0.26070", "2005-03-31": "0.25550"}, "Gross Margin": {"2020-09-30": "19.30480", "2020-06-30": "25.60140", "2020-03-31": "20.75560", "2019-12-31": "17.78740", "2019-09-30": "19.40470", "2019-06-30": "19.63400", "2019-03-31": "21.82760", "2018-12-31": "18.98340", "2018-09-30": "21.78830", "2018-06-30": "22.73360", "2018-03-31": "24.36440", "2017-12-31": "17.67520", "2017-09-30": "19.27230", "2017-06-30": "20.03820", "2017-03-31": "22.12160", "2016-12-31": "19.09750", "2016-09-30": "20.93730", "2016-06-30": "21.67670", "2016-03-31": "23.41080", "2015-12-31": "19.18180", "2015-09-30": "22.27210", "2015-06-30": "24.03190", "2015-03-31": "25.84890", "2014-12-31": "21.73590", "2014-09-30": "23.41920", "2014-06-30": "23.55870", "2014-03-31": "23.48790", "2013-12-31": "18.55070", "2013-09-30": "21.17280", "2013-06-30": "21.80690", "2013-03-31": "21.77570", "2012-12-31": "19.78250", "2012-09-30": "21.50580", "2012-06-30": "21.46710", "2012-03-31": "23.63450", "2011-12-31": "18.82200", "2011-09-30": "21.65930", "2011-06-30": "21.05000", "2011-03-31": "24.61550", "2010-12-31": "22.33210", "2010-09-30": "23.10340", "2010-06-30": "23.87450", "2010-03-31": "24.48500", "2009-12-31": "36.34420", "2009-09-30": "24.37330", "2009-06-30": "22.33150", "2009-03-31": "21.83470", "2008-12-31": "16.62020", "2008-09-30": "20.72920", "2008-06-30": "22.93190", "2008-03-31": "21.33450", "2007-12-31": "23.39760", "2007-09-30": "24.63390", "2007-06-30": "24.55220", "2007-03-31": "23.53990", "2006-12-31": "25.42880", "2006-09-30": "25.14780", "2006-06-30": "25.21890", "2006-03-31": "25.38640", "2005-12-31": "26.59460", "2005-09-30": "26.77180", "2005-06-30": "25.54760", "2005-03-31": "25.31640"}, "Operating Margin": {"2020-09-30": "1.98020", "2020-06-30": "11.45780", "2020-03-31": "7.71070", "2019-12-31": "4.71050", "2019-09-30": "6.27580", "2019-06-30": "6.42820", "2019-03-31": "8.63940", "2018-12-31": "3.10190", "2018-09-30": "6.14600", "2018-06-30": "7.38760", "2018-03-31": "8.79890", "2017-12-31": "2.51490", "2017-09-30": "5.65860", "2017-06-30": "6.22840", "2017-03-31": "7.76880", "2016-12-31": "3.84770", "2016-09-30": "6.11760", "2016-06-30": "7.61550", "2016-03-31": "7.38890", "2015-12-31": "2.70710", "2015-09-30": "6.49240", "2015-06-30": "8.53940", "2015-03-31": "9.06440", "2014-12-31": "5.48350", "2014-09-30": "7.09870", "2014-06-30": "7.64510", "2014-03-31": "7.16320", "2013-12-31": "3.43930", "2013-09-30": "6.58900", "2013-06-30": "7.68780", "2013-03-31": "8.17020", "2012-12-31": "4.08380", "2012-09-30": "7.55090", "2012-06-30": "7.56910", "2012-03-31": "9.20450", "2011-12-31": "3.85700", "2011-09-30": "7.49060", "2011-06-30": "7.35730", "2011-03-31": "10.29250", "2010-12-31": "5.91640", "2010-09-30": "8.53060", "2010-06-30": "8.52170", "2010-03-31": "9.51840", "2009-12-31": "23.43820", "2009-09-30": "7.95980", "2009-06-30": "7.58770", "2009-03-31": "6.66760", "2008-12-31": "4.13880", "2008-09-30": "4.46360", "2008-06-30": "8.31380", "2008-03-31": "6.41780", "2007-12-31": "9.30060", "2007-09-30": "9.78220", "2007-06-30": "9.28350", "2007-03-31": "8.94290", "2006-12-31": "9.47860", "2006-09-30": "9.41350", "2006-06-30": "9.22440", "2006-03-31": "9.15350", "2005-12-31": "9.67350", "2005-09-30": "9.67560", "2005-06-30": "8.57030", "2005-03-31": "8.97460"}, "EBIT Margin": {"2020-09-30": "1.98020", "2020-06-30": "11.45780", "2020-03-31": "7.71070", "2019-12-31": "4.71050", "2019-09-30": "6.27580", "2019-06-30": "6.42820", "2019-03-31": "8.63940", "2018-12-31": "3.10190", "2018-09-30": "6.14600", "2018-06-30": "7.38760", "2018-03-31": "8.79890", "2017-12-31": "2.51490", "2017-09-30": "5.65860", "2017-06-30": "6.22840", "2017-03-31": "7.76880", "2016-12-31": "3.84770", "2016-09-30": "6.11760", "2016-06-30": "7.61550", "2016-03-31": "7.38890", "2015-12-31": "2.70710", "2015-09-30": "6.49240", "2015-06-30": "8.53940", "2015-03-31": "9.06440", "2014-12-31": "5.48350", "2014-09-30": "7.09870", "2014-06-30": "7.64510", "2014-03-31": "7.16320", "2013-12-31": "3.43930", "2013-09-30": "6.58900", "2013-06-30": "7.68780", "2013-03-31": "8.17020", "2012-12-31": "4.08380", "2012-09-30": "7.55090", "2012-06-30": "7.56910", "2012-03-31": "9.20450", "2011-12-31": "3.85700", "2011-09-30": "7.49060", "2011-06-30": "7.35730", "2011-03-31": "10.29250", "2010-12-31": "5.91650", "2010-09-30": "8.53060", "2010-06-30": "8.52170", "2010-03-31": "9.51840", "2009-12-31": "23.43820", "2009-09-30": "7.95980", "2009-06-30": "7.58770", "2009-03-31": "6.66760", "2008-12-31": "4.13880", "2008-09-30": "4.46360", "2008-06-30": "8.31380", "2008-03-31": "6.41780", "2007-12-31": "9.30060", "2007-09-30": "9.78220", "2007-06-30": "9.28350", "2007-03-31": "8.94290", "2006-12-31": "9.47860", "2006-09-30": "9.41350", "2006-06-30": "9.22440", "2006-03-31": "9.15350", "2005-12-31": "9.67350", "2005-09-30": "9.67560", "2005-06-30": "8.57030", "2005-03-31": "8.97460"}, "EBITDA Margin": {"2020-09-30": "", "2020-06-30": "", "2020-03-31": "", "2019-12-31": "", "2019-09-30": "", "2019-06-30": "", "2019-03-31": "", "2018-12-31": "", "2018-09-30": "", "2018-06-30": "", "2018-03-31": "", "2017-12-31": "", "2017-09-30": "", "2017-06-30": "", "2017-03-31": "", "2016-12-31": "", "2016-09-30": "", "2016-06-30": "", "2016-03-31": "", "2015-12-31": "", "2015-09-30": "", "2015-06-30": "", "2015-03-31": "", "2014-12-31": "", "2014-09-30": "", "2014-06-30": "", "2014-03-31": "", "2013-12-31": "", "2013-09-30": "", "2013-06-30": "", "2013-03-31": "", "2012-12-31": "", "2012-09-30": "", "2012-06-30": "", "2012-03-31": "", "2011-12-31": "", "2011-09-30": "", "2011-06-30": "", "2011-03-31": "", "2010-12-31": "", "2010-09-30": "", "2010-06-30": "", "2010-03-31": "", "2009-12-31": "", "2009-09-30": "", "2009-06-30": "", "2009-03-31": "", "2008-12-31": "", "2008-09-30": "", "2008-06-30": "", "2008-03-31": "", "2007-12-31": "", "2007-09-30": "", "2007-06-30": "", "2007-03-31": "", "2006-12-31": "", "2006-09-30": "", "2006-06-30": "", "2006-03-31": "", "2005-12-31": "", "2005-09-30": "", "2005-06-30": "", "2005-03-31": ""}, "Pre-Tax Profit Margin": {"2020-09-30": "1.24850", "2020-06-30": "10.76070", "2020-03-31": "7.05240", "2019-12-31": "4.00630", "2019-09-30": "5.58220", "2019-06-30": "5.70560", "2019-03-31": "7.88530", "2018-12-31": "2.31890", "2018-09-30": "5.34170", "2018-06-30": "6.55510", "2018-03-31": "7.89810", "2017-12-31": "0.54800", "2017-09-30": "4.98970", "2017-06-30": "5.38090", "2017-03-31": "6.72560", "2016-12-31": "3.03120", "2016-09-30": "5.30980", "2016-06-30": "6.75000", "2016-03-31": "6.46670", "2015-12-31": "1.85410", "2015-09-30": "5.67590", "2015-06-30": "7.78400", "2015-03-31": "8.23610", "2014-12-31": "4.67280", "2014-09-30": "5.85870", "2014-06-30": "6.84060", "2014-03-31": "6.32780", "2013-12-31": "2.62490", "2013-09-30": "4.92680", "2013-06-30": "6.82920", "2013-03-31": "7.29690", "2012-12-31": "3.09500", "2012-09-30": "6.68070", "2012-06-30": "6.80590", "2012-03-31": "8.49680", "2011-12-31": "3.12190", "2011-09-30": "6.78790", "2011-06-30": "6.67120", "2011-03-31": "9.58150", "2010-12-31": "5.14360", "2010-09-30": "7.80110", "2010-06-30": "7.82740", "2010-03-31": "8.85890", "2009-12-31": "22.89130", "2009-09-30": "7.24270", "2009-06-30": "6.82860", "2009-03-31": "5.90100", "2008-12-31": "3.36970", "2008-09-30": "3.67220", "2008-06-30": "7.57010", "2008-03-31": "5.65270", "2007-12-31": "8.49580", "2007-09-30": "8.99750", "2007-06-30": "8.62790", "2007-03-31": "8.26090", "2006-12-31": "8.79360", "2006-09-30": "8.68270", "2006-06-30": "8.49120", "2006-03-31": "8.47420", "2005-12-31": "9.16310", "2005-09-30": "9.17280", "2005-06-30": "8.04200", "2005-03-31": "8.48850"}, "Net Profit Margin": {"2020-09-30": "0.71250", "2020-06-30": "7.77750", "2020-03-31": "5.14160", "2019-12-31": "3.40790", "2019-09-30": "4.43500", "2019-06-30": "4.47260", "2019-03-31": "6.28800", "2018-12-31": "1.81410", "2018-09-30": "4.12890", "2018-06-30": "4.59380", "2018-03-31": "5.82150", "2017-12-31": "5.42660", "2017-09-30": "3.33100", "2017-06-30": "3.81710", "2017-03-31": "4.48330", "2016-12-31": "1.69750", "2016-09-30": "2.88640", "2016-06-30": "3.63810", "2016-03-31": "3.46500", "2015-12-31": "0.89610", "2015-09-30": "3.29020", "2015-06-30": "4.29220", "2015-03-31": "4.54140", "2014-12-31": "2.66900", "2014-09-30": "3.39980", "2014-06-30": "3.95760", "2014-03-31": "3.92510", "2013-12-31": "0.82790", "2013-09-30": "3.67510", "2013-06-30": "4.52280", "2013-03-31": "5.03640", "2012-12-31": "3.02970", "2012-09-30": "4.50200", "2012-06-30": "4.17720", "2012-03-31": "5.55620", "2011-12-31": "2.18900", "2011-09-30": "4.43690", "2011-06-30": "4.64610", "2011-03-31": "6.22120", "2010-12-31": "3.75320", "2010-09-30": "5.07200", "2010-06-30": "5.00580", "2010-03-31": "5.81710", "2009-12-31": "14.46260", "2009-09-30": "4.73380", "2009-06-30": "4.49940", "2009-03-31": "3.83270", "2008-12-31": "2.19910", "2008-09-30": "5.48560", "2008-06-30": "4.79040", "2008-03-31": "3.78110", "2007-12-31": "5.51770", "2007-09-30": "5.69480", "2007-06-30": "5.47030", "2007-03-31": "5.19020", "2006-12-31": "5.48730", "2006-09-30": "5.61130", "2006-06-30": "5.30090", "2006-03-31": "5.28810", "2005-12-31": "5.73690", "2005-09-30": "5.74260", "2005-06-30": "5.01750", "2005-03-31": "5.58980"}, "Asset Turnover": {"2020-09-30": "0.35990", "2020-06-30": "0.33260", "2020-03-31": "0.35950", "2019-12-31": "0.35390", "2019-09-30": "0.34280", "2019-06-30": "0.33570", "2019-03-31": "0.33100", "2018-12-31": "0.32660", "2018-09-30": "0.31230", "2018-06-30": "0.30850", "2018-03-31": "0.30750", "2017-12-31": "0.32150", "2017-09-30": "0.32830", "2017-06-30": "0.32840", "2017-03-31": "0.32670", "2016-12-31": "0.33360", "2016-09-30": "0.33240", "2016-06-30": "0.33490", "2016-03-31": "0.31770", "2015-12-31": "0.32710", "2015-09-30": "0.31930", "2015-06-30": "0.31150", "2015-03-31": "0.29070", "2014-12-31": "0.30780", "2014-09-30": "0.29900", "2014-06-30": "0.29650", "2014-03-31": "0.28950", "2013-12-31": "0.30050", "2013-09-30": "0.29630", "2013-06-30": "0.29680", "2013-03-31": "0.29580", "2012-12-31": "0.25990", "2012-09-30": "0.27510", "2012-06-30": "0.28250", "2012-03-31": "0.29360", "2011-12-31": "0.29360", "2011-09-30": "0.29300", "2011-06-30": "0.29680", "2011-03-31": "0.29250", "2010-12-31": "0.29150", "2010-09-30": "0.28560", "2010-06-30": "0.28770", "2010-03-31": "0.29450", "2009-12-31": "0.36370", "2009-09-30": "0.31160", "2009-06-30": "0.31240", "2009-03-31": "0.30650", "2008-12-31": "0.31130", "2008-09-30": "0.30070", "2008-06-30": "0.30730", "2008-03-31": "0.30170", "2007-12-31": "0.29910", "2007-09-30": "0.28810", "2007-06-30": "0.28170", "2007-03-31": "0.28210", "2006-12-31": "0.28310", "2006-09-30": "0.28070", "2006-06-30": "0.28290", "2006-03-31": "0.26940", "2005-12-31": "0.22160", "2005-09-30": "0.26660", "2005-06-30": "0.26740", "2005-03-31": "0.27030"}, "Inventory Turnover Ratio": {"2020-09-30": "", "2020-06-30": "", "2020-03-31": "", "2019-12-31": "", "2019-09-30": "", "2019-06-30": "", "2019-03-31": "", "2018-12-31": "", "2018-09-30": "", "2018-06-30": "", "2018-03-31": "", "2017-12-31": "", "2017-09-30": "", "2017-06-30": "", "2017-03-31": "", "2016-12-31": "", "2016-09-30": "", "2016-06-30": "", "2016-03-31": "", "2015-12-31": "", "2015-09-30": "", "2015-06-30": "", "2015-03-31": "", "2014-12-31": "", "2014-09-30": "", "2014-06-30": "", "2014-03-31": "", "2013-12-31": "", "2013-09-30": "", "2013-06-30": "", "2013-03-31": "", "2012-12-31": "", "2012-09-30": "", "2012-06-30": "", "2012-03-31": "", "2011-12-31": "", "2011-09-30": "", "2011-06-30": "", "2011-03-31": "", "2010-12-31": "", "2010-09-30": "", "2010-06-30": "", "2010-03-31": "", "2009-12-31": "", "2009-09-30": "", "2009-06-30": "", "2009-03-31": "", "2008-12-31": "", "2008-09-30": "", "2008-06-30": "", "2008-03-31": "", "2007-12-31": "", "2007-09-30": "", "2007-06-30": "", "2007-03-31": "", "2006-12-31": "", "2006-09-30": "", "2006-06-30": "", "2006-03-31": "", "2005-12-31": "", "2005-09-30": "", "2005-06-30": "", "2005-03-31": ""}, "Receiveable Turnover": {"2020-09-30": "2.70070", "2020-06-30": "2.66330", "2020-03-31": "2.61550", "2019-12-31": "2.63760", "2019-09-30": "2.59020", "2019-06-30": "2.49320", "2019-03-31": "2.42320", "2018-12-31": "2.51030", "2018-09-30": "2.47720", "2018-06-30": "2.47900", "2018-03-31": "2.63250", "2017-12-31": "2.57910", "2017-09-30": "2.86700", "2017-06-30": "2.59610", "2017-03-31": "2.74080", "2016-12-31": "2.53490", "2016-09-30": "2.96080", "2016-06-30": "2.90140", "2016-03-31": "2.81810", "2015-12-31": "2.75010", "2015-09-30": "3.03430", "2015-06-30": "2.73340", "2015-03-31": "2.53540", "2014-12-31": "2.61800", "2014-09-30": "2.93650", "2014-06-30": "3.09950", "2014-03-31": "3.13790", "2013-12-31": "3.39840", "2013-09-30": "3.44400", "2013-06-30": "3.26040", "2013-03-31": "3.49630", "2012-12-31": "3.16330", "2012-09-30": "3.26250", "2012-06-30": "3.10410", "2012-03-31": "3.30420", "2011-12-31": "3.44020", "2011-09-30": "3.51810", "2011-06-30": "3.54540", "2011-03-31": "3.52950", "2010-12-31": "3.69940", "2010-09-30": "3.56740", "2010-06-30": "2.99170", "2010-03-31": "3.47570", "2009-12-31": "4.55660", "2009-09-30": "4.07930", "2009-06-30": "3.82240", "2009-03-31": "3.07420", "2008-12-31": "3.29270", "2008-09-30": "3.24300", "2008-06-30": "3.45760", "2008-03-31": "3.59420", "2007-12-31": "4.02600", "2007-09-30": "3.84630", "2007-06-30": "3.80070", "2007-03-31": "3.83310", "2006-12-31": "4.16170", "2006-09-30": "3.87600", "2006-06-30": "4.03790", "2006-03-31": "4.18940", "2005-12-31": "3.83940", "2005-09-30": "4.12780", "2005-06-30": "3.71600", "2005-03-31": "4.15570"}, "Days Sales In Receivables": {"2020-09-30": "33.32470", "2020-06-30": "33.79310", "2020-03-31": "34.40970", "2019-12-31": "34.12230", "2019-09-30": "34.74620", "2019-06-30": "36.09750", "2019-03-31": "37.14060", "2018-12-31": "35.85290", "2018-09-30": "36.33130", "2018-06-30": "36.30520", "2018-03-31": "34.18820", "2017-12-31": "34.89540", "2017-09-30": "31.39200", "2017-06-30": "34.66740", "2017-03-31": "32.83660", "2016-12-31": "35.50400", "2016-09-30": "30.39680", "2016-06-30": "31.01940", "2016-03-31": "31.93620", "2015-12-31": "32.72610", "2015-09-30": "29.66050", "2015-06-30": "32.92620", "2015-03-31": "35.49780", "2014-12-31": "34.37710", "2014-09-30": "30.64860", "2014-06-30": "29.03680", "2014-03-31": "28.68150", "2013-12-31": "26.48310", "2013-09-30": "26.13280", "2013-06-30": "27.60390", "2013-03-31": "25.74190", "2012-12-31": "28.45100", "2012-09-30": "27.58660", "2012-06-30": "28.99430", "2012-03-31": "27.23790", "2011-12-31": "26.16150", "2011-09-30": "25.58200", "2011-06-30": "25.38480", "2011-03-31": "25.49910", "2010-12-31": "24.32810", "2010-09-30": "25.22810", "2010-06-30": "30.08270", "2010-03-31": "25.89440", "2009-12-31": "19.75140", "2009-09-30": "22.06260", "2009-06-30": "23.54520", "2009-03-31": "29.27570", "2008-12-31": "27.33340", "2008-09-30": "27.75200", "2008-06-30": "26.02950", "2008-03-31": "25.04070", "2007-12-31": "22.35490", "2007-09-30": "23.39930", "2007-06-30": "23.67970", "2007-03-31": "23.47950", "2006-12-31": "21.62590", "2006-09-30": "23.21970", "2006-06-30": "22.28870", "2006-03-31": "21.48270", "2005-12-31": "23.44100", "2005-09-30": "21.80360", "2005-06-30": "24.21980", "2005-03-31": "21.65720"}, "ROE - Return On Equity": {"2020-09-30": "0.65450", "2020-06-30": "6.60570", "2020-03-31": "4.80550", "2019-12-31": "2.94380", "2019-09-30": "3.77570", "2019-06-30": "3.69890", "2019-03-31": "5.17030", "2018-12-31": "1.48560", "2018-09-30": "3.29960", "2018-06-30": "3.66930", "2018-03-31": "4.85700", "2017-12-31": "4.64400", "2017-09-30": "2.87880", "2017-06-30": "3.23590", "2017-03-31": "3.87060", "2016-12-31": "1.46850", "2016-09-30": "2.49670", "2016-06-30": "3.22110", "2016-03-31": "2.98550", "2015-12-31": "0.78500", "2015-09-30": "2.81800", "2015-06-30": "3.72510", "2015-03-31": "3.55550", "2014-12-31": "2.08940", "2014-09-30": "2.59690", "2014-06-30": "2.99920", "2014-03-31": "2.84000", "2013-12-31": "1.24730", "2013-09-30": "2.63540", "2013-06-30": "3.25810", "2013-03-31": "3.58710", "2012-12-31": "1.93130", "2012-09-30": "2.90220", "2012-06-30": "2.72210", "2012-03-31": "3.64030", "2011-12-31": "1.43980", "2011-09-30": "2.88050", "2011-06-30": "2.90140", "2011-03-31": "3.86440", "2010-12-31": "2.30470", "2010-09-30": "3.03390", "2010-06-30": "3.03650", "2010-03-31": "3.57600", "2009-12-31": "11.02750", "2009-09-30": "3.19320", "2009-06-30": "3.11640", "2009-03-31": "2.69850", "2008-12-31": "1.54630", "2008-09-30": "3.78670", "2008-06-30": "3.53100", "2008-03-31": "2.73480", "2007-12-31": "3.73680", "2007-09-30": "3.66650", "2007-06-30": "3.34230", "2007-03-31": "3.11500", "2006-12-31": "3.25970", "2006-09-30": "3.35830", "2006-06-30": "3.23270", "2006-03-31": "3.03490", "2005-12-31": "2.60870", "2005-09-30": "3.01720", "2005-06-30": "2.72190", "2005-03-31": "3.05840"}, "Return On Tangible Equity": {"2020-09-30": "8.11110", "2020-06-30": "70.31200", "2020-03-31": "363.48450", "2019-12-31": "36.57010", "2019-09-30": "56.98460", "2019-06-30": "78.38950", "2019-03-31": "270.68060", "2018-12-31": "-43.71130", "2018-09-30": "-202.10530", "2018-06-30": "-115.34240", "2018-03-31": "-58.33440", "2017-12-31": "-112.29930", "2017-09-30": "143.68240", "2017-06-30": "86.55980", "2017-03-31": "166.18420", "2016-12-31": "-86.58730", "2016-09-30": "-74.40680", "2016-06-30": "-56.22720", "2016-03-31": "-33.11820", "2015-12-31": "-6.75980", "2015-09-30": "-25.88140", "2015-06-30": "-31.18790", "2015-03-31": "-56.54170", "2014-12-31": "-64.23690", "2014-09-30": "-79.00080", "2014-06-30": "-94.09290", "2014-03-31": "-72.11860", "2013-12-31": "-52.09110", "2013-09-30": "-40.58100", "2013-06-30": "-41.11200", "2013-03-31": "-39.16400", "2012-12-31": "-26.22960", "2012-09-30": "60.79700", "2012-06-30": "65.45300", "2012-03-31": "47.80370", "2011-12-31": "22.38620", "2011-09-30": "36.39860", "2011-06-30": "23.12310", "2011-03-31": "33.40910", "2010-12-31": "21.51400", "2010-09-30": "24.31410", "2010-06-30": "29.99880", "2010-03-31": "28.50730", "2009-12-31": "82.10460", "2009-09-30": "59.93100", "2009-06-30": "209.38940", "2009-03-31": "-81.28850", "2008-12-31": "-38.67880", "2008-09-30": "-102.09000", "2008-06-30": "-54.80890", "2008-03-31": "-54.70690", "2007-12-31": "257.06070", "2007-09-30": "104.26450", "2007-06-30": "34.85080", "2007-03-31": "33.12050", "2006-12-31": "44.60220", "2006-09-30": "66.54090", "2006-06-30": "299.88030", "2006-03-31": "70.71910", "2005-12-31": "35.48110", "2005-09-30": "21.04930", "2005-06-30": "23.45590", "2005-03-31": "29.31000"}, "ROA - Return On Assets": {"2020-09-30": "0.25640", "2020-06-30": "2.58710", "2020-03-31": "1.84830", "2019-12-31": "1.20590", "2019-09-30": "1.52040", "2019-06-30": "1.50160", "2019-03-31": "2.08120", "2018-12-31": "0.59240", "2018-09-30": "1.28950", "2018-06-30": "1.41730", "2018-03-31": "1.78990", "2017-12-31": "1.74480", "2017-09-30": "1.09350", "2017-06-30": "1.25340", "2017-03-31": "1.46480", "2016-12-31": "0.56640", "2016-09-30": "0.95930", "2016-06-30": "1.21850", "2016-03-31": "1.10090", "2015-12-31": "0.29310", "2015-09-30": "1.05040", "2015-06-30": "1.33680", "2015-03-31": "1.32000", "2014-12-31": "0.82150", "2014-09-30": "1.01660", "2014-06-30": "1.17340", "2014-03-31": "1.12080", "2013-12-31": "0.51850", "2013-09-30": "1.08490", "2013-06-30": "1.34080", "2013-03-31": "1.46830", "2012-12-31": "0.77970", "2012-09-30": "1.23830", "2012-06-30": "1.18020", "2012-03-31": "1.63150", "2011-12-31": "0.64280", "2011-09-30": "1.30010", "2011-06-30": "1.37900", "2011-03-31": "1.81980", "2010-12-31": "1.09390", "2010-09-30": "1.44830", "2010-06-30": "1.44020", "2010-03-31": "1.71310", "2009-12-31": "5.26000", "2009-09-30": "1.47520", "2009-06-30": "1.40540", "2009-03-31": "1.17450", "2008-12-31": "0.68470", "2008-09-30": "1.64940", "2008-06-30": "1.47230", "2008-03-31": "1.14070", "2007-12-31": "1.65020", "2007-09-30": "1.64080", "2007-06-30": "1.54110", "2007-03-31": "1.46400", "2006-12-31": "1.55330", "2006-09-30": "1.57490", "2006-06-30": "1.49960", "2006-03-31": "1.42470", "2005-12-31": "1.27130", "2005-09-30": "1.53070", "2005-06-30": "1.34180", "2005-03-31": "1.51080"}, "ROI - Return On Investment": {"2020-09-30": "0.41870", "2020-06-30": "4.18940", "2020-03-31": "3.00410", "2019-12-31": "1.88630", "2019-09-30": "2.35880", "2019-06-30": "2.36170", "2019-03-31": "3.27260", "2018-12-31": "0.92660", "2018-09-30": "2.06920", "2018-06-30": "2.27940", "2018-03-31": "2.90760", "2017-12-31": "2.80460", "2017-09-30": "1.88040", "2017-06-30": "2.06000", "2017-03-31": "2.43100", "2016-12-31": "0.93410", "2016-09-30": "1.58470", "2016-06-30": "2.03090", "2016-03-31": "1.83020", "2015-12-31": "0.47150", "2015-09-30": "1.68090", "2015-06-30": "2.22960", "2015-03-31": "2.21290", "2014-12-31": "1.32400", "2014-09-30": "1.62470", "2014-06-30": "1.90320", "2014-03-31": "1.80630", "2013-12-31": "0.80570", "2013-09-30": "1.66270", "2013-06-30": "2.06940", "2013-03-31": "2.27470", "2012-12-31": "1.21060", "2012-09-30": "1.85750", "2012-06-30": "1.90530", "2012-03-31": "2.67730", "2011-12-31": "1.05590", "2011-09-30": "2.11250", "2011-06-30": "2.16050", "2011-03-31": "2.84930", "2010-12-31": "1.71710", "2010-09-30": "2.26860", "2010-06-30": "2.32090", "2010-03-31": "2.72730", "2009-12-31": "8.25800", "2009-09-30": "2.33650", "2009-06-30": "2.25410", "2009-03-31": "1.93240", "2008-12-31": "1.13240", "2008-09-30": "2.72070", "2008-06-30": "2.42060", "2008-03-31": "1.91120", "2007-12-31": "2.68350", "2007-09-30": "2.70790", "2007-06-30": "2.55870", "2007-03-31": "2.46840", "2006-12-31": "2.57850", "2006-09-30": "2.59330", "2006-06-30": "2.44820", "2006-03-31": "2.37780", "2005-12-31": "2.08190", "2005-09-30": "2.54720", "2005-06-30": "2.27750", "2005-03-31": "2.52000"}, "Book Value Per Share": {"2020-09-30": "135.98640", "2020-06-30": "136.66000", "2020-03-31": "125.75590", "2019-12-31": "125.44580", "2019-09-30": "123.46130", "2019-06-30": "120.34340", "2019-03-31": "116.56320", "2018-12-31": "110.88360", "2018-09-30": "112.36150", "2018-06-30": "110.42430", "2018-03-31": "105.70510", "2017-12-31": "103.49300", "2017-09-30": "100.80730", "2017-06-30": "100.46410", "2017-03-31": "98.43210", "2016-12-31": "95.16850", "2016-09-30": "93.94300", "2016-06-30": "92.08940", "2016-03-31": "89.58690", "2015-12-31": "88.21110", "2015-09-30": "89.01730", "2015-06-30": "88.16790", "2015-03-31": "91.86010", "2014-12-31": "90.45280", "2014-09-30": "89.80750", "2014-06-30": "88.81410", "2014-03-31": "86.35780", "2013-12-31": "84.44390", "2013-09-30": "83.75800", "2013-06-30": "81.95370", "2013-03-31": "80.87320", "2012-12-31": "78.11460", "2012-09-30": "75.84580", "2012-06-30": "72.71440", "2012-03-31": "70.90990", "2011-12-31": "68.62130", "2011-09-30": "67.91810", "2011-06-30": "66.75790", "2011-03-31": "65.03980", "2010-12-31": "63.04020", "2010-09-30": "61.70520", "2010-06-30": "58.99660", "2010-03-31": "56.84150", "2009-12-31": "55.27760", "2009-09-30": "49.17470", "2009-06-30": "46.62560", "2009-03-31": "44.22360", "2008-12-31": "42.58820", "2008-09-30": "42.58180", "2008-06-30": "41.50780", "2008-03-31": "40.73120", "2007-12-31": "41.33390", "2007-09-30": "41.15690", "2007-06-30": "41.38380", "2007-03-31": "40.98920", "2006-12-31": "39.92810", "2006-09-30": "38.90260", "2006-06-30": "37.44300", "2006-03-31": "37.53210", "2005-12-31": "37.84400", "2005-09-30": "34.46850", "2005-06-30": "33.51000", "2005-03-31": "32.65470"}, "Operating Cash Flow Per Share": {"2020-09-30": -4.3757, "2020-06-30": 21.6124, "2020-03-31": "9.80890", "2019-12-31": 5.077, "2019-09-30": 6.4567, "2019-06-30": 5.5367, "2019-03-31": "6.21430", "2018-12-31": 1.81, "2018-09-30": 2.2518, "2018-06-30": 1.9949, "2018-03-31": "8.42850", "2017-12-31": -4.9195, "2017-09-30": 9.1683, "2017-06-30": 1.4369, "2017-03-31": "9.94160", "2016-12-31": 1.0317, "2016-09-30": 3.5985, "2016-06-30": 2.4833, "2016-03-31": "5.08340", "2015-12-31": 3.6698, "2015-09-30": 1.4706, "2015-06-30": 4.4073, "2015-03-31": "5.88620", "2014-12-31": 0.9993, "2014-09-30": 2.1894, "2014-06-30": 3.8542, "2014-03-31": "4.74200", "2013-12-31": 0.919, "2013-09-30": 4.5697, "2013-06-30": 1.4303, "2013-03-31": "3.12810", "2012-12-31": 2.2842, "2012-09-30": 0.8984, "2012-06-30": 1.6595, "2012-03-31": "3.60800", "2011-12-31": 0.0401, "2011-09-30": 4.1237, "2011-06-30": 2.1392, "2011-03-31": "2.93940", "2010-12-31": 1.3443, "2010-09-30": 2.2213, "2010-06-30": 0.5646, "2010-03-31": "-0.72300", "2009-12-31": 0.0133, "2009-09-30": 3.0836, "2009-06-30": 0.835, "2009-03-31": "2.39260", "2008-12-31": 0.8402, "2008-09-30": 1.7891, "2008-06-30": 0.3171, "2008-03-31": "1.90140", "2007-12-31": 1.7893, "2007-09-30": 1.0466, "2007-06-30": 1.2011, "2007-03-31": "3.17990", "2006-12-31": 2.1543, "2006-09-30": 1.031, "2006-06-30": 0.4273, "2006-03-31": "2.68580", "2005-12-31": 1.3137, "2005-09-30": 1.1498, "2005-06-30": 1.0485, "2005-03-31": "1.49840"}, "Free Cash Flow Per Share": {"2020-09-30": -5.5876, "2020-06-30": 20.697, "2020-03-31": "9.01330", "2019-12-31": 3.7317, "2019-09-30": 5.4077, "2019-06-30": 4.6855, "2019-03-31": "5.32220", "2018-12-31": 0.5836, "2018-09-30": 0.921, "2018-06-30": 0.8094, "2018-03-31": "7.59890", "2017-12-31": -5.9519, "2017-09-30": 8.3334, "2017-06-30": 0.8235, "2017-03-31": "9.46860", "2016-12-31": 0.4036, "2016-09-30": 2.985, "2016-06-30": 1.986, "2016-03-31": "4.64410", "2015-12-31": 2.8461, "2015-09-30": 0.9224, "2015-06-30": 3.8866, "2015-03-31": "5.56950", "2014-12-31": 0.2528, "2014-09-30": 1.6925, "2014-06-30": 3.3697, "2014-03-31": "4.27820", "2013-12-31": 0.2603, "2013-09-30": 4.0523, "2013-06-30": 0.9588, "2013-03-31": "2.77670", "2012-12-31": 1.7718, "2012-09-30": 0.4158, "2012-06-30": 1.3433, "2012-03-31": "3.24280", "2011-12-31": -0.4484, "2011-09-30": 3.7474, "2011-06-30": 1.8599, "2011-03-31": "2.67070", "2010-12-31": 1.0751, "2010-09-30": 1.9222, "2010-06-30": 0.3114, "2010-03-31": "-0.98520", "2009-12-31": -0.2032, "2009-09-30": 2.8372, "2009-06-30": 0.6491, "2009-03-31": "2.25470", "2008-12-31": 0.6411, "2008-09-30": 1.6286, "2008-06-30": 0.1763, "2008-03-31": "1.76530", "2007-12-31": 1.6157, "2007-09-30": 0.9626, "2007-06-30": 1.1098, "2007-03-31": "3.08910", "2006-12-31": 2.0513, "2006-09-30": 0.9554, "2006-06-30": 0.3662, "2006-03-31": "2.63350", "2005-12-31": 1.2479, "2005-09-30": 1.0996, "2005-06-30": 0.9795, "2005-03-31": "1.44110"}}, "revenue": {"Anthem Annual Revenue (Millions of US $)": {"2020": "$121,867", "2019": "$104,213", "2018": "$92,105", "2017": "$90,040", "2016": "$84,863", "2015": "$79,157", "2014": "$73,874", "2013": "$71,024", "2012": "$61,497", "2011": "$60,711", "2010": "$58,699", "2009": "$64,940", "2008": "$61,251", "2007": "$61,168", "2006": "$57,058", "2005": "$44,614"}, "Anthem Quarterly Revenue (Millions of US $)": {"2020-12-31": "$31,824", "2020-09-30": "$31,158", "2020-06-30": "$29,264", "2020-03-31": "$29,621", "2019-12-31": "$27,407", "2019-09-30": "$26,674", "2019-06-30": "$25,466", "2019-03-31": "$24,666", "2018-12-31": "$23,373", "2018-09-30": "$23,251", "2018-06-30": "$22,944", "2018-03-31": "$22,537", "2017-12-31": "$22,681", "2017-09-30": "$22,426", "2017-06-30": "$22,407", "2017-03-31": "$22,526", "2016-12-31": "$21,714", "2016-09-30": "$21,404", "2016-06-30": "$21,456", "2016-03-31": "$20,289", "2015-12-31": "$20,188", "2015-09-30": "$19,902", "2015-06-30": "$20,016", "2015-03-31": "$19,052", "2014-12-31": "$18,984", "2014-09-30": "$18,557", "2014-06-30": "$18,473", "2014-03-31": "$17,859", "2013-12-31": "$17,902", "2013-09-30": "$17,856", "2013-06-30": "$17,690", "2013-03-31": "$17,576", "2012-12-31": "$15,322", "2012-09-30": "$15,353", "2012-06-30": "$15,407", "2012-03-31": "$15,415", "2011-12-31": "$15,318", "2011-09-30": "$15,398", "2011-06-30": "$15,101", "2011-03-31": "$14,894", "2010-12-31": "$14,622", "2010-09-30": "$14,572", "2010-06-30": "$14,431", "2010-03-31": "$15,073", "2009-12-31": "$18,958", "2009-09-30": "$15,425", "2009-06-30": "$15,413", "2009-03-31": "$15,143", "2008-12-31": "$15,070", "2008-09-30": "$14,961", "2008-06-30": "$15,667", "2008-03-31": "$15,554", "2007-12-31": "$15,570", "2007-09-30": "$15,242", "2007-06-30": "$15,268", "2007-03-31": "$15,088", "2006-12-31": "$14,599", "2006-09-30": "$14,449", "2006-06-30": "$14,171", "2006-03-31": "$13,839", "2005-12-31": "$11,365", "2005-09-30": "$11,157", "2005-06-30": "$11,149", "2005-03-31": "$10,943"}}, "gross-profit": {"Anthem Annual Gross Profit (Millions of US $)": {"2020": "$24,869", "2019": "$20,435", "2018": "$20,210", "2017": "$17,804", "2016": "$18,029", "2015": "$18,040", "2014": "$17,019", "2013": "$14,786", "2012": "$13,284", "2011": "$13,063", "2010": "$13,768", "2009": "$17,398", "2008": "$12,517", "2007": "$14,698", "2006": "$14,433", "2005": "$11,628"}, "Anthem Quarterly Gross Profit (Millions of US $)": {"2020-12-31": "$31,824", "2020-09-30": "$6,015", "2020-06-30": "$7,492", "2020-03-31": "$6,148", "2019-12-31": "$4,875", "2019-09-30": "$5,176", "2019-06-30": "$5,000", "2019-03-31": "$5,384", "2018-12-31": "$4,437", "2018-09-30": "$5,066", "2018-06-30": "$5,216", "2018-03-31": "$5,491", "2017-12-31": "$4,009", "2017-09-30": "$4,322", "2017-06-30": "$4,490", "2017-03-31": "$4,983", "2016-12-31": "$4,147", "2016-09-30": "$4,481", "2016-06-30": "$4,651", "2016-03-31": "$4,750", "2015-12-31": "$3,872", "2015-09-30": "$4,433", "2015-06-30": "$4,810", "2015-03-31": "$4,925", "2014-12-31": "$4,126", "2014-09-30": "$4,346", "2014-06-30": "$4,352", "2014-03-31": "$4,195", "2013-12-31": "$3,321", "2013-09-30": "$3,781", "2013-06-30": "$3,858", "2013-03-31": "$3,827", "2012-12-31": "$3,031", "2012-09-30": "$3,302", "2012-06-30": "$3,308", "2012-03-31": "$3,643", "2011-12-31": "$2,883", "2011-09-30": "$3,335", "2011-06-30": "$3,179", "2011-03-31": "$3,666", "2010-12-31": "$3,265", "2010-09-30": "$3,367", "2010-06-30": "$3,445", "2010-03-31": "$3,691", "2009-12-31": "$6,890", "2009-09-30": "$3,760", "2009-06-30": "$3,442", "2009-03-31": "$3,307", "2008-12-31": "$2,505", "2008-09-30": "$3,101", "2008-06-30": "$3,593", "2008-03-31": "$3,318", "2007-12-31": "$3,643", "2007-09-30": "$3,755", "2007-06-30": "$3,749", "2007-03-31": "$3,552", "2006-12-31": "$3,712", "2006-09-30": "$3,634", "2006-06-30": "$3,574", "2006-03-31": "$3,513", "2005-12-31": "$3,023", "2005-09-30": "$2,987", "2005-06-30": "$2,848", "2005-03-31": "$2,770"}}, "operating-income": {"Anthem Annual Operating Income (Millions of US $)": {"2020": "$7,058", "2019": "$6,733", "2018": "$5,832", "2017": "$4,985", "2016": "$5,278", "2015": "$5,275", "2014": "$5,050", "2013": "$4,588", "2012": "$4,370", "2011": "$4,388", "2010": "$4,773", "2009": "$7,850", "2008": "$3,592", "2007": "$5,706", "2006": "$5,318", "2005": "$4,117"}, "Anthem Quarterly Operating Income (Millions of US $)": {"2020-12-31": "$804", "2020-09-30": "$617", "2020-06-30": "$3,353", "2020-03-31": "$2,284", "2019-12-31": "$1,291", "2019-09-30": "$1,674", "2019-06-30": "$1,637", "2019-03-31": "$2,131", "2018-12-31": "$725", "2018-09-30": "$1,429", "2018-06-30": "$1,695", "2018-03-31": "$1,983", "2017-12-31": "$570", "2017-09-30": "$1,269", "2017-06-30": "$1,396", "2017-03-31": "$1,750", "2016-12-31": "$836", "2016-09-30": "$1,309", "2016-06-30": "$1,634", "2016-03-31": "$1,499", "2015-12-31": "$547", "2015-09-30": "$1,292", "2015-06-30": "$1,709", "2015-03-31": "$1,727", "2014-12-31": "$1,041", "2014-09-30": "$1,317", "2014-06-30": "$1,412", "2014-03-31": "$1,279", "2013-12-31": "$616", "2013-09-30": "$1,177", "2013-06-30": "$1,360", "2013-03-31": "$1,436", "2012-12-31": "$626", "2012-09-30": "$1,159", "2012-06-30": "$1,166", "2012-03-31": "$1,419", "2011-12-31": "$591", "2011-09-30": "$1,153", "2011-06-30": "$1,111", "2011-03-31": "$1,533", "2010-12-31": "$865", "2010-09-30": "$1,243", "2010-06-30": "$1,230", "2010-03-31": "$1,435", "2009-12-31": "$4,443", "2009-09-30": "$1,228", "2009-06-30": "$1,170", "2009-03-31": "$1,010", "2008-12-31": "$624", "2008-09-30": "$668", "2008-06-30": "$1,303", "2008-03-31": "$998", "2007-12-31": "$1,448", "2007-09-30": "$1,491", "2007-06-30": "$1,417", "2007-03-31": "$1,349", "2006-12-31": "$1,384", "2006-09-30": "$1,360", "2006-06-30": "$1,307", "2006-03-31": "$1,267", "2005-12-31": "$1,099", "2005-09-30": "$1,080", "2005-06-30": "$955", "2005-03-31": "$982"}}, "ebitda": {"Anthem Annual EBITDA (Millions of US $)": {"2019": "$7,866", "2018": "$6,964", "2017": "$5,876", "2016": "$6,190", "2015": "$6,183", "2014": "$5,901", "2013": "$5,497", "2012": "$5,111", "2011": "$5,025", "2010": "$5,374", "2009": "$8,404", "2008": "$4,164", "2007": "$6,292", "2006": "$5,923", "2005": "$4,673"}, "Anthem Quarterly EBITDA (Millions of US $)": {"2020-09-30": "$925", "2020-06-30": "$3,639", "2020-03-31": "$2,554", "2019-12-31": "$1,537", "2019-09-30": "$1,975", "2019-06-30": "$1,934", "2019-03-31": "$2,420", "2018-12-31": "$1,013", "2018-09-30": "$1,717", "2018-06-30": "$1,981", "2018-03-31": "$2,253", "2017-12-31": "$798", "2017-09-30": "$1,493", "2017-06-30": "$1,614", "2017-03-31": "$1,971", "2016-12-31": "$1,068", "2016-09-30": "$1,538", "2016-06-30": "$1,860", "2016-03-31": "$1,724", "2015-12-31": "$778", "2015-09-30": "$1,263", "2015-06-30": "$2,201", "2015-03-31": "$1,941", "2014-12-31": "$1,249", "2014-09-30": "$1,525", "2014-06-30": "$1,630", "2014-03-31": "$1,496", "2013-12-31": "$853", "2013-09-30": "$1,408", "2013-06-30": "$1,588", "2013-03-31": "$1,648", "2012-12-31": "$819", "2012-09-30": "$1,346", "2012-06-30": "$1,348", "2012-03-31": "$1,598", "2011-12-31": "$771", "2011-09-30": "$1,305", "2011-06-30": "$1,266", "2011-03-31": "$1,684", "2010-12-31": "$1,023", "2010-09-30": "$1,399", "2010-06-30": "$1,377", "2010-03-31": "$1,574", "2009-12-31": "$4,580", "2009-09-30": "$1,367", "2009-06-30": "$1,311", "2009-03-31": "$1,145", "2008-12-31": "$759", "2008-09-30": "$815", "2008-06-30": "$1,448", "2008-03-31": "$1,143", "2007-12-31": "$1,592", "2007-09-30": "$1,638", "2007-06-30": "$1,569", "2007-03-31": "$1,493", "2006-12-31": "$1,539", "2006-09-30": "$1,512", "2006-06-30": "$1,457", "2006-03-31": "$1,415", "2005-12-31": "$1,235", "2005-09-30": "$1,216", "2005-06-30": "$1,111", "2005-03-31": "$1,111"}}, "net-income": {"Anthem Annual Net Income (Millions of US $)": {"2020": "$4,572", "2019": "$4,807", "2018": "$3,750", "2017": "$3,843", "2016": "$2,470", "2015": "$2,560", "2014": "$2,570", "2013": "$2,490", "2012": "$2,656", "2011": "$2,647", "2010": "$2,887", "2009": "$4,746", "2008": "$2,491", "2007": "$3,345", "2006": "$3,095", "2005": "$2,464"}, "Anthem Quarterly Net Income (Millions of US $)": {"2020-12-31": "$551", "2020-09-30": "$222", "2020-06-30": "$2,276", "2020-03-31": "$1,523", "2019-12-31": "$934", "2019-09-30": "$1,183", "2019-06-30": "$1,139", "2019-03-31": "$1,551", "2018-12-31": "$424", "2018-09-30": "$960", "2018-06-30": "$1,054", "2018-03-31": "$1,312", "2017-12-31": "$1,231", "2017-09-30": "$747", "2017-06-30": "$855", "2017-03-31": "$1,010", "2016-12-31": "$369", "2016-09-30": "$618", "2016-06-30": "$781", "2016-03-31": "$703", "2015-12-31": "$181", "2015-09-30": "$655", "2015-06-30": "$859", "2015-03-31": "$865", "2014-12-31": "$507", "2014-09-30": "$631", "2014-06-30": "$731", "2014-03-31": "$701", "2013-12-31": "$148", "2013-09-30": "$656", "2013-06-30": "$800", "2013-03-31": "$885", "2012-12-31": "$464", "2012-09-30": "$691", "2012-06-30": "$644", "2012-03-31": "$857", "2011-12-31": "$335", "2011-09-30": "$683", "2011-06-30": "$702", "2011-03-31": "$927", "2010-12-31": "$549", "2010-09-30": "$739", "2010-06-30": "$722", "2010-03-31": "$877", "2009-12-31": "$2,742", "2009-09-30": "$730", "2009-06-30": "$694", "2009-03-31": "$580", "2008-12-31": "$331", "2008-09-30": "$821", "2008-06-30": "$751", "2008-03-31": "$588", "2007-12-31": "$859", "2007-09-30": "$868", "2007-06-30": "$835", "2007-03-31": "$783", "2006-12-31": "$801", "2006-09-30": "$811", "2006-06-30": "$751", "2006-03-31": "$732", "2005-12-31": "$652", "2005-09-30": "$641", "2005-06-30": "$559", "2005-03-31": "$612"}}, "eps-earnings-per-share-diluted": {"Anthem Annual EPS": {"2020": "$17.98", "2019": "$18.47", "2018": "$14.19", "2017": "$14.35", "2016": "$9.21", "2015": "$9.38", "2014": "$8.99", "2013": "$8.20", "2012": "$8.18", "2011": "$7.25", "2010": "$6.94", "2009": "$9.88", "2008": "$4.76", "2007": "$5.56", "2006": "$4.82", "2005": "$3.94"}, "Anthem Quarterly EPS": {"2020-12-31": "$2.19", "2020-09-30": "$0.87", "2020-06-30": "$8.91", "2020-03-31": "$5.94", "2019-12-31": "$3.65", "2019-09-30": "$4.55", "2019-06-30": "$4.36", "2019-03-31": "$5.91", "2018-12-31": "$1.60", "2018-09-30": "$3.62", "2018-06-30": "$3.98", "2018-03-31": "$4.99", "2017-12-31": "$4.66", "2017-09-30": "$2.80", "2017-06-30": "$3.16", "2017-03-31": "$3.73", "2016-12-31": "$1.37", "2016-09-30": "$2.30", "2016-06-30": "$2.91", "2016-03-31": "$2.63", "2015-12-31": "$0.73", "2015-09-30": "$2.43", "2015-06-30": "$3.13", "2015-03-31": "$3.09", "2014-12-31": "$1.81", "2014-09-30": "$2.22", "2014-06-30": "$2.56", "2014-03-31": "$2.40", "2013-12-31": "$0.51", "2013-09-30": "$2.16", "2013-06-30": "$2.64", "2013-03-31": "$2.89", "2012-12-31": "$1.56", "2012-09-30": "$2.15", "2012-06-30": "$1.94", "2012-03-31": "$2.53", "2011-12-31": "$1.02", "2011-09-30": "$1.90", "2011-06-30": "$1.89", "2011-03-31": "$2.44", "2010-12-31": "$1.43", "2010-09-30": "$1.84", "2010-06-30": "$1.71", "2010-03-31": "$1.96", "2009-12-31": "$5.76", "2009-09-30": "$1.53", "2009-06-30": "$1.43", "2009-03-31": "$1.16", "2008-12-31": "$0.65", "2008-09-30": "$1.60", "2008-06-30": "$1.44", "2008-03-31": "$1.07", "2007-12-31": "$1.50", "2007-09-30": "$1.45", "2007-06-30": "$1.35", "2007-03-31": "$1.26", "2006-12-31": "$1.27", "2006-09-30": "$1.29", "2006-06-30": "$1.17", "2006-03-31": "$1.09", "2005-12-31": "$1.04", "2005-09-30": "$1.02", "2005-06-30": "$0.90", "2005-03-31": "$0.98"}}, "shares-outstanding": {"Anthem Annual Shares Outstanding (Millions of Shares)": {"2020": "254", "2019": "260", "2018": "264", "2017": "268", "2016": "268", "2015": "273", "2014": "286", "2013": "304", "2012": "325", "2011": "365", "2010": "416", "2009": "481", "2008": "523", "2007": "602", "2006": "642", "2005": "626"}, "Anthem Quarterly Shares Outstanding (Millions of Shares)": {"2020-12-31": "251", "2020-09-30": "254", "2020-06-30": "255", "2020-03-31": "256", "2019-12-31": "260", "2019-09-30": "260", "2019-06-30": "261", "2019-03-31": "262", "2018-12-31": "264", "2018-09-30": "265", "2018-06-30": "265", "2018-03-31": "263", "2017-12-31": "268", "2017-09-30": "267", "2017-06-30": "271", "2017-03-31": "270", "2016-12-31": "268", "2016-09-30": "268", "2016-06-30": "268", "2016-03-31": "268", "2015-12-31": "273", "2015-09-30": "269", "2015-06-30": "274", "2015-03-31": "280", "2014-12-31": "286", "2014-09-30": "284", "2014-06-30": "286", "2014-03-31": "293", "2013-12-31": "304", "2013-09-30": "305", "2013-06-30": "303", "2013-03-31": "306", "2012-12-31": "325", "2012-09-30": "322", "2012-06-30": "331", "2012-03-31": "339", "2011-12-31": "365", "2011-09-30": "360", "2011-06-30": "372", "2011-03-31": "379", "2010-12-31": "416", "2010-09-30": "402", "2010-06-30": "422", "2010-03-31": "447", "2009-12-31": "481", "2009-09-30": "477", "2009-06-30": "486", "2009-03-31": "498", "2008-12-31": "523", "2008-09-30": "514", "2008-06-30": "523", "2008-03-31": "548", "2007-12-31": "602", "2007-09-30": "597", "2007-06-30": "618", "2007-03-31": "623", "2006-12-31": "642", "2006-09-30": "631", "2006-06-30": "642", "2006-03-31": "669", "2005-12-31": "626", "2005-09-30": "628", "2005-06-30": "625", "2005-03-31": "622"}}, "total-assets": {"Anthem Annual Total Assets (Millions of US $)": {"2019": "$77,453", "2018": "$71,571", "2017": "$70,540", "2016": "$65,083", "2015": "$61,718", "2014": "$61,676", "2013": "$59,575", "2012": "$58,955", "2011": "$52,163", "2010": "$50,167", "2009": "$52,125", "2008": "$48,403", "2007": "$52,060", "2006": "$51,575", "2005": "$51,287"}, "Anthem Quarterly Total Assets (Millions of US $)": {"2020-09-30": "$86,574", "2020-06-30": "$87,976", "2020-03-31": "$82,399", "2019-12-31": "$77,453", "2019-09-30": "$77,809", "2019-06-30": "$75,851", "2019-03-31": "$74,523", "2018-12-31": "$71,571", "2018-09-30": "$74,445", "2018-06-30": "$74,367", "2018-03-31": "$73,300", "2017-12-31": "$70,540", "2017-09-30": "$68,310", "2017-06-30": "$68,238", "2017-03-31": "$68,944", "2016-12-31": "$65,083", "2016-09-30": "$64,400", "2016-06-30": "$64,063", "2016-03-31": "$63,859", "2015-12-31": "$61,718", "2015-09-30": "$62,336", "2015-06-30": "$64,264", "2015-03-31": "$65,546", "2014-12-31": "$61,676", "2014-09-30": "$62,058", "2014-06-30": "$62,304", "2014-03-31": "$61,686", "2013-12-31": "$59,575", "2013-09-30": "$60,264", "2013-06-30": "$59,612", "2013-03-31": "$59,409", "2012-12-31": "$58,955", "2012-09-30": "$55,818", "2012-06-30": "$54,535", "2012-03-31": "$52,497", "2011-12-31": "$52,163", "2011-09-30": "$52,550", "2011-06-30": "$50,877", "2011-03-31": "$50,918", "2010-12-31": "$50,167", "2010-09-30": "$51,032", "2010-06-30": "$50,160", "2010-03-31": "$51,181", "2009-12-31": "$52,125", "2009-09-30": "$49,498", "2009-06-30": "$49,344", "2009-03-31": "$49,415", "2008-12-31": "$48,403", "2008-09-30": "$49,759", "2008-06-30": "$50,976", "2008-03-31": "$51,556", "2007-12-31": "$52,060", "2007-09-30": "$52,900", "2007-06-30": "$54,194", "2007-03-31": "$53,489", "2006-12-31": "$51,575", "2006-09-30": "$51,484", "2006-06-30": "$50,092", "2006-03-31": "$51,366", "2005-12-31": "$51,287", "2005-09-30": "$41,856", "2005-06-30": "$41,691", "2005-03-31": "$40,488"}}, "cash-on-hand": {"Anthem Annual Cash on Hand (Millions of US $)": {"2019": "$25,988", "2018": "$22,744", "2017": "$25,057", "2016": "$23,803", "2015": "$21,795", "2014": "$23,061", "2013": "$21,342", "2012": "$21,180", "2011": "$20,189", "2010": "$20,016", "2009": "$21,945", "2008": "$5,389", "2007": "$7,389", "2006": "$6,030", "2005": "$6,620"}, "Anthem Quarterly Cash on Hand (Millions of US $)": {"2020-09-30": "$29,766", "2020-06-30": "$31,516", "2020-03-31": "$25,796", "2019-12-31": "$25,622", "2019-09-30": "$26,925", "2019-06-30": "$25,272", "2019-03-31": "$24,099", "2018-12-31": "$22,744", "2018-09-30": "$24,684", "2018-06-30": "$24,847", "2018-03-31": "$24,701", "2017-12-31": "$25,057", "2017-09-30": "$27,171", "2017-06-30": "$26,567", "2017-03-31": "$27,790", "2016-12-31": "$23,803", "2016-09-30": "$23,619", "2016-06-30": "$23,311", "2016-03-31": "$23,100", "2015-12-31": "$21,795", "2015-09-30": "$22,497", "2015-06-30": "$23,237", "2015-03-31": "$24,354", "2014-12-31": "$23,061", "2014-09-30": "$23,569", "2014-06-30": "$23,972", "2014-03-31": "$23,290", "2013-12-31": "$21,342", "2013-09-30": "$22,061", "2013-06-30": "$21,123", "2013-03-31": "$21,434", "2012-12-31": "$21,180", "2012-09-30": "$22,833", "2012-06-30": "$21,081", "2012-03-31": "$20,437", "2011-12-31": "$20,189", "2011-09-30": "$20,940", "2011-06-30": "$20,369", "2011-03-31": "$20,332", "2010-12-31": "$20,016", "2010-09-30": "$20,964", "2010-06-30": "$19,320", "2010-03-31": "$20,804", "2009-12-31": "$21,945", "2009-09-30": "$18,605", "2009-06-30": "$17,684", "2009-03-31": "$5,441", "2008-12-31": "$5,389", "2008-09-30": "$6,107", "2008-06-30": "$6,571", "2008-03-31": "$7,154", "2007-12-31": "$7,389", "2007-09-30": "$7,682", "2007-06-30": "$9,027", "2007-03-31": "$7,937", "2006-12-31": "$6,030", "2006-09-30": "$5,809", "2006-06-30": "$5,023", "2006-03-31": "$5,855", "2005-12-31": "$6,620", "2005-09-30": "$17,744", "2005-06-30": "$17,353", "2005-03-31": "$16,603"}}, "long-term-debt": {"Anthem Annual Long Term Debt (Millions of US $)": {"2019": "$17,787", "2018": "$17,217", "2017": "$17,382", "2016": "$14,359", "2015": "$15,325", "2014": "$14,020", "2013": "$13,574", "2012": "$14,171", "2011": "$8,466", "2010": "$8,148", "2009": "$8,338", "2008": "$7,834", "2007": "$9,024", "2006": "$6,493", "2005": "$6,325"}, "Anthem Quarterly Long Term Debt (Millions of US $)": {"2020-09-30": "$19,094", "2020-06-30": "$19,873", "2020-03-31": "$19,005", "2019-12-31": "$17,787", "2019-09-30": "$18,820", "2019-06-30": "$17,436", "2019-03-31": "$17,396", "2018-12-31": "$17,217", "2018-09-30": "$17,300", "2018-06-30": "$17,515", "2018-03-31": "$18,110", "2017-12-31": "$17,382", "2017-09-30": "$13,777", "2017-06-30": "$15,088", "2017-03-31": "$15,450", "2016-12-31": "$14,359", "2016-09-30": "$14,242", "2016-06-30": "$14,202", "2016-03-31": "$14,865", "2015-12-31": "$15,325", "2015-09-30": "$15,720", "2015-06-30": "$15,468", "2015-03-31": "$14,764", "2014-12-31": "$14,020", "2014-09-30": "$14,538", "2014-06-30": "$14,038", "2014-03-31": "$13,932", "2013-12-31": "$13,574", "2013-09-30": "$14,514", "2013-06-30": "$14,092", "2013-03-31": "$14,030", "2012-12-31": "$14,171", "2012-09-30": "$13,396", "2012-06-30": "$10,136", "2012-03-31": "$8,463", "2011-12-31": "$8,466", "2011-09-30": "$8,622", "2011-06-30": "$8,292", "2011-03-31": "$8,542", "2010-12-31": "$8,148", "2010-09-30": "$8,217", "2010-06-30": "$7,335", "2010-03-31": "$7,630", "2009-12-31": "$8,338", "2009-09-30": "$8,384", "2009-06-30": "$8,514", "2009-03-31": "$8,527", "2008-12-31": "$7,834", "2008-09-30": "$8,491", "2008-06-30": "$9,750", "2008-03-31": "$9,267", "2007-12-31": "$9,024", "2007-09-30": "$8,381", "2007-06-30": "$7,652", "2007-03-31": "$6,586", "2006-12-31": "$6,493", "2006-09-30": "$7,122", "2006-06-30": "$7,446", "2006-03-31": "$6,664", "2005-12-31": "$6,325", "2005-09-30": "$3,918", "2005-06-30": "$4,010", "2005-03-31": "$4,273"}}, "total-liabilities": {"Anthem Annual Total Liabilities (Millions of US $)": {"2019": "$45,725", "2018": "$43,030", "2017": "$44,037", "2016": "$39,983", "2015": "$38,674", "2014": "$37,425", "2013": "$34,809", "2012": "$35,153", "2011": "$28,875", "2010": "$26,354", "2009": "$27,262", "2008": "$26,972", "2007": "$29,070", "2006": "$26,999", "2005": "$26,294"}, "Anthem Quarterly Total Liabilities (Millions of US $)": {"2020-09-30": "$52,653", "2020-06-30": "$53,521", "2020-03-31": "$50,706", "2019-12-31": "$45,725", "2019-09-30": "$46,477", "2019-06-30": "$45,058", "2019-03-31": "$44,525", "2018-12-31": "$43,030", "2018-09-30": "$45,351", "2018-06-30": "$45,642", "2018-03-31": "$46,288", "2017-12-31": "$44,037", "2017-09-30": "$42,362", "2017-06-30": "$41,806", "2017-03-31": "$42,852", "2016-12-31": "$39,983", "2016-09-30": "$39,656", "2016-06-30": "$39,829", "2016-03-31": "$40,312", "2015-12-31": "$38,674", "2015-09-30": "$39,100", "2015-06-30": "$41,201", "2015-03-31": "$41,212", "2014-12-31": "$37,425", "2014-09-30": "$37,764", "2014-06-30": "$37,927", "2014-03-31": "$37,340", "2013-12-31": "$34,809", "2013-09-30": "$35,455", "2013-06-30": "$35,080", "2013-03-31": "$35,091", "2012-12-31": "$35,153", "2012-09-30": "$32,001", "2012-06-30": "$30,891", "2012-03-31": "$28,968", "2011-12-31": "$28,875", "2011-09-30": "$28,832", "2011-06-30": "$26,696", "2011-03-31": "$26,940", "2010-12-31": "$26,354", "2010-09-30": "$26,671", "2010-06-30": "$26,370", "2010-03-31": "$26,662", "2009-12-31": "$27,262", "2009-09-30": "$26,630", "2009-06-30": "$27,091", "2009-03-31": "$27,907", "2008-12-31": "$26,972", "2008-09-30": "$28,085", "2008-06-30": "$29,721", "2008-03-31": "$30,052", "2007-12-31": "$29,070", "2007-09-30": "$29,226", "2007-06-30": "$29,205", "2007-03-31": "$28,350", "2006-12-31": "$26,999", "2006-09-30": "$27,341", "2006-06-30": "$26,854", "2006-03-31": "$27,253", "2005-12-31": "$26,294", "2005-09-30": "$20,621", "2005-06-30": "$21,140", "2005-03-31": "$20,487"}}, "total-share-holder-equity": {"Anthem Annual Share Holder Equity (Millions of US $)": {"2019": "$31,728", "2018": "$28,541", "2017": "$26,503", "2016": "$25,100", "2015": "$23,044", "2014": "$24,251", "2013": "$24,765", "2012": "$23,803", "2011": "$23,288", "2010": "$23,813", "2009": "$24,863", "2008": "$21,432", "2007": "$22,990", "2006": "$24,576", "2005": "$24,993"}, "Anthem Quarterly Share Holder Equity (Millions of US $)": {"2020-09-30": "$33,921", "2020-06-30": "$34,455", "2020-03-31": "$31,693", "2019-12-31": "$31,728", "2019-09-30": "$31,332", "2019-06-30": "$30,793", "2019-03-31": "$29,998", "2018-12-31": "$28,541", "2018-09-30": "$29,094", "2018-06-30": "$28,725", "2018-03-31": "$27,012", "2017-12-31": "$26,503", "2017-09-30": "$25,948", "2017-06-30": "$26,432", "2017-03-31": "$26,092", "2016-12-31": "$25,100", "2016-09-30": "$24,744", "2016-06-30": "$24,234", "2016-03-31": "$23,547", "2015-12-31": "$23,044", "2015-09-30": "$23,236", "2015-06-30": "$23,063", "2015-03-31": "$24,334", "2014-12-31": "$24,251", "2014-09-30": "$24,294", "2014-06-30": "$24,377", "2014-03-31": "$24,345", "2013-12-31": "$24,765", "2013-09-30": "$24,808", "2013-06-30": "$24,533", "2013-03-31": "$24,318", "2012-12-31": "$23,803", "2012-09-30": "$23,817", "2012-06-30": "$23,644", "2012-03-31": "$23,528", "2011-12-31": "$23,288", "2011-09-30": "$23,718", "2011-06-30": "$24,181", "2011-03-31": "$23,978", "2010-12-31": "$23,813", "2010-09-30": "$24,362", "2010-06-30": "$23,791", "2010-03-31": "$24,519", "2009-12-31": "$24,863", "2009-09-30": "$22,867", "2009-06-30": "$22,253", "2009-03-31": "$21,508", "2008-12-31": "$21,432", "2008-09-30": "$21,673", "2008-06-30": "$21,255", "2008-03-31": "$21,504", "2007-12-31": "$22,990", "2007-09-30": "$23,674", "2007-06-30": "$24,989", "2007-03-31": "$25,139", "2006-12-31": "$24,576", "2006-09-30": "$24,143", "2006-06-30": "$23,238", "2006-03-31": "$24,113", "2005-12-31": "$24,993", "2005-09-30": "$21,235", "2005-06-30": "$20,552", "2005-03-31": "$20,001"}}, "profit-margins": {"current": "3.75%"}, "gross margin": {"2020-12-31": "42.24%", "2020-09-30": "20.89%", "2020-06-30": "20.97%", "2020-03-31": "19.42%", "2019-12-31": "19.61%", "2019-09-30": "19.96%", "2019-06-30": "20.55%", "2019-03-31": "21.33%", "2018-12-31": "21.94%", "2018-09-30": "21.64%", "2018-06-30": "21.02%", "2018-03-31": "20.34%", "2017-12-31": "19.77%", "2017-09-30": "20.14%", "2017-06-30": "20.56%", "2017-03-31": "20.97%", "2016-12-31": "21.24%", "2016-09-30": "21.30%", "2016-06-30": "21.64%", "2016-03-31": "22.22%", "2015-12-31": "22.79%", "2015-09-30": "23.47%", "2015-06-30": "23.77%", "2015-03-31": "23.64%", "2014-12-31": "23.04%", "2014-09-30": "22.27%", "2014-06-30": "21.71%", "2014-03-31": "21.25%", "2013-12-31": "20.82%", "2013-09-30": "21.18%", "2013-06-30": "21.26%", "2013-03-31": "21.16%", "2012-12-31": "21.60%", "2012-09-30": "21.36%", "2012-06-30": "21.40%", "2012-03-31": "21.30%", "2011-12-31": "21.52%", "2011-09-30": "22.40%", "2011-06-30": "22.77%", "2011-03-31": "23.48%", "2010-12-31": "23.46%", "2010-09-30": "27.59%", "2010-06-30": "27.84%", "2010-03-31": "27.41%", "2009-12-31": "26.79%", "2009-09-30": "21.32%", "2009-06-30": "20.39%", "2009-03-31": "20.56%", "2008-12-31": "20.44%", "2008-09-30": "22.11%", "2008-06-30": "23.07%", "2008-03-31": "23.47%", "2007-12-31": "24.03%", "2007-09-30": "24.53%", "2007-06-30": "24.66%", "2007-03-31": "24.82%", "2006-12-31": "25.30%", "2006-09-30": "25.54%", "2006-06-30": "25.92%", "2006-03-31": "26.04%", "2005-12-31": "26.06%"}, "operating margin": {"2020-12-31": "5.79%", "2020-09-30": "6.42%", "2020-06-30": "7.61%", "2020-03-31": "6.31%", "2019-12-31": "6.46%", "2019-09-30": "6.16%", "2019-06-30": "6.12%", "2019-03-31": "6.35%", "2018-12-31": "6.33%", "2018-09-30": "6.21%", "2018-06-30": "6.09%", "2018-03-31": "5.79%", "2017-12-31": "5.54%", "2017-09-30": "5.90%", "2017-06-30": "6.01%", "2017-03-31": "6.35%", "2016-12-31": "6.22%", "2016-09-30": "5.99%", "2016-06-30": "6.08%", "2016-03-31": "6.28%", "2015-12-31": "6.66%", "2015-09-30": "7.40%", "2015-06-30": "7.56%", "2015-03-31": "7.32%", "2014-12-31": "6.83%", "2014-09-30": "6.35%", "2014-06-30": "6.22%", "2014-03-31": "6.22%", "2013-12-31": "6.46%", "2013-09-30": "6.72%", "2013-06-30": "6.95%", "2013-03-31": "6.89%", "2012-12-31": "7.11%", "2012-09-30": "7.05%", "2012-06-30": "7.03%", "2012-03-31": "6.98%", "2011-12-31": "7.23%", "2011-09-30": "7.77%", "2011-06-30": "8.03%", "2011-03-31": "8.32%", "2010-12-31": "8.13%", "2010-09-30": "13.25%", "2010-06-30": "13.05%", "2010-03-31": "12.76%", "2009-12-31": "12.09%", "2009-09-30": "6.60%", "2009-06-30": "5.73%", "2009-03-31": "5.93%", "2008-12-31": "5.87%", "2008-09-30": "7.15%", "2008-06-30": "8.45%", "2008-03-31": "8.69%", "2007-12-31": "9.33%", "2007-09-30": "9.37%", "2007-06-30": "9.28%", "2007-03-31": "9.26%", "2006-12-31": "9.32%", "2006-09-30": "9.35%", "2006-06-30": "9.41%", "2006-03-31": "9.26%", "2005-12-31": "9.23%"}, "ebitda margin": {"2020-09-30": "7.37%", "2020-06-30": "8.59%", "2020-03-31": "7.33%", "2019-12-31": "7.55%", "2019-09-30": "7.33%", "2019-06-30": "7.32%", "2019-03-31": "7.57%", "2018-12-31": "7.56%", "2018-09-30": "7.38%", "2018-06-30": "7.20%", "2018-03-31": "6.84%", "2017-12-31": "6.53%", "2017-09-30": "6.90%", "2017-06-30": "7.03%", "2017-03-31": "7.39%", "2016-12-31": "7.29%", "2016-09-30": "7.08%", "2016-06-30": "6.87%", "2016-03-31": "7.42%", "2015-12-31": "7.81%", "2015-09-30": "8.54%", "2015-06-30": "9.03%", "2015-03-31": "8.45%", "2014-12-31": "7.99%", "2014-09-30": "7.56%", "2014-06-30": "7.47%", "2014-03-31": "7.50%", "2013-12-31": "7.74%", "2013-09-30": "7.98%", "2013-06-30": "8.19%", "2013-03-31": "8.11%", "2012-12-31": "8.31%", "2012-09-30": "8.23%", "2012-06-30": "8.16%", "2012-03-31": "8.07%", "2011-12-31": "8.28%", "2011-09-30": "8.79%", "2011-06-30": "9.08%", "2011-03-31": "9.37%", "2010-12-31": "9.15%", "2010-09-30": "14.17%", "2010-06-30": "13.93%", "2010-03-31": "13.62%", "2009-12-31": "12.94%", "2009-09-30": "7.51%", "2009-06-30": "6.65%", "2009-03-31": "6.85%", "2008-12-31": "6.80%", "2008-09-30": "8.09%", "2008-06-30": "9.38%", "2008-03-31": "9.64%", "2007-12-31": "10.29%", "2007-09-30": "10.36%", "2007-06-30": "10.29%", "2007-03-31": "10.29%", "2006-12-31": "10.38%", "2006-09-30": "10.44%", "2006-06-30": "10.53%", "2006-03-31": "10.48%", "2005-12-31": "10.47%"}, "pre tax profit margin": {"2020-12-31": "5.12%", "2020-09-30": "5.73%", "2020-06-30": "6.93%", "2020-03-31": "5.61%", "2019-12-31": "5.74%", "2019-09-30": "5.42%", "2019-06-30": "5.36%", "2019-03-31": "5.55%", "2018-12-31": "5.50%", "2018-09-30": "5.09%", "2018-06-30": "5.00%", "2018-03-31": "4.70%", "2017-12-31": "4.40%", "2017-09-30": "5.05%", "2017-06-30": "5.13%", "2017-03-31": "5.46%", "2016-12-31": "5.37%", "2016-09-30": "5.12%", "2016-06-30": "5.21%", "2016-03-31": "5.44%", "2015-12-31": "5.85%", "2015-09-30": "6.60%", "2015-06-30": "6.66%", "2015-03-31": "6.40%", "2014-12-31": "5.91%", "2014-09-30": "5.43%", "2014-06-30": "5.19%", "2014-03-31": "5.17%", "2013-12-31": "5.41%", "2013-09-30": "5.62%", "2013-06-30": "6.05%", "2013-03-31": "6.02%", "2012-12-31": "6.28%", "2012-09-30": "6.28%", "2012-06-30": "6.31%", "2012-03-31": "6.27%", "2011-12-31": "6.52%", "2011-09-30": "7.05%", "2011-06-30": "7.30%", "2011-03-31": "7.60%", "2010-12-31": "7.42%", "2010-09-30": "12.60%", "2010-06-30": "12.40%", "2010-03-31": "12.09%", "2009-12-31": "11.40%", "2009-09-30": "5.85%", "2009-06-30": "4.96%", "2009-03-31": "5.16%", "2008-12-31": "5.10%", "2008-09-30": "6.38%", "2008-06-30": "7.67%", "2008-03-31": "7.93%", "2007-12-31": "8.59%", "2007-09-30": "8.67%", "2007-06-30": "8.59%", "2007-03-31": "8.55%", "2006-12-31": "8.61%", "2006-09-30": "8.68%", "2006-06-30": "8.79%", "2006-03-31": "8.70%", "2005-12-31": "8.72%"}, "net profit margin": {"2020-12-31": "3.75%", "2020-09-30": "4.22%", "2020-06-30": "5.24%", "2020-03-31": "4.38%", "2019-12-31": "4.61%", "2019-09-30": "4.29%", "2019-06-30": "4.21%", "2019-03-31": "4.23%", "2018-12-31": "4.07%", "2018-09-30": "4.99%", "2018-06-30": "4.80%", "2018-03-31": "4.60%", "2017-12-31": "4.27%", "2017-09-30": "3.35%", "2017-06-30": "3.24%", "2017-03-31": "3.19%", "2016-12-31": "2.91%", "2016-09-30": "2.74%", "2016-06-30": "2.83%", "2016-03-31": "2.98%", "2015-12-31": "3.23%", "2015-09-30": "3.70%", "2015-06-30": "3.74%", "2015-03-31": "3.64%", "2014-12-31": "3.48%", "2014-09-30": "3.04%", "2014-06-30": "3.10%", "2014-03-31": "3.23%", "2013-12-31": "3.50%", "2013-09-30": "4.10%", "2013-06-30": "4.31%", "2013-03-31": "4.22%", "2012-12-31": "4.32%", "2012-09-30": "4.11%", "2012-06-30": "4.09%", "2012-03-31": "4.21%", "2011-12-31": "4.36%", "2011-09-30": "4.77%", "2011-06-30": "4.93%", "2011-03-31": "5.02%", "2010-12-31": "4.92%", "2010-09-30": "8.06%", "2010-06-30": "7.94%", "2010-03-31": "7.77%", "2009-12-31": "7.31%", "2009-09-30": "3.82%", "2009-06-30": "4.00%", "2009-03-31": "4.08%", "2008-12-31": "4.07%", "2008-09-30": "4.89%", "2008-06-30": "4.94%", "2008-03-31": "5.11%", "2007-12-31": "5.47%", "2007-09-30": "5.46%", "2007-06-30": "5.44%", "2007-03-31": "5.40%", "2006-12-31": "5.42%", "2006-09-30": "5.47%", "2006-06-30": "5.49%", "2006-03-31": "5.44%", "2005-12-31": "5.52%"}, "pe ratio": {"current": "13.32", "2021-02-11": "18.63", "2020-12-31": "20.43", "2020-09-30": "13.85", "2020-06-30": "11.35", "2020-03-31": "12.17", "2019-12-31": "16.16", "2019-09-30": "14.38", "2019-06-30": "17.86", "2019-03-31": "18.57", "2018-12-31": "18.04", "2018-09-30": "15.49", "2018-06-30": "14.09", "2018-03-31": "13.64", "2017-12-31": "15.15", "2017-09-30": "16.54", "2017-06-30": "17.10", "2017-03-31": "15.35", "2016-12-31": "14.88", "2016-09-30": "13.95", "2016-06-30": "14.33", "2016-03-31": "14.72", "2015-12-31": "13.97", "2015-09-30": "12.46", "2015-06-30": "14.85", "2015-03-31": "14.74", "2014-12-31": "12.86", "2014-09-30": "14.28", "2014-06-30": "12.90", "2014-03-31": "11.76", "2013-12-31": "10.21", "2013-09-30": "8.18", "2013-06-30": "7.99", "2013-03-31": "6.96", "2012-12-31": "6.65", "2012-09-30": "6.75", "2012-06-30": "7.64", "2012-03-31": "8.87", "2011-12-31": "8.02", "2011-09-30": "7.42", "2011-06-30": "8.99", "2011-03-31": "8.13", "2010-12-31": "7.06", "2010-09-30": "4.24", "2010-06-30": "3.77", "2010-03-31": "5.08", "2009-12-31": "4.97", "2009-09-30": "8.52", "2009-06-30": "9.02", "2009-03-31": "6.72", "2008-12-31": "7.59", "2008-09-30": "7.14", "2008-06-30": "7.48", "2008-03-31": "7.04", "2007-12-31": "13.52", "2007-09-30": "12.68", "2007-06-30": "13.22", "2007-03-31": "13.92", "2006-12-31": "13.98"}, "price sales": {"2021-02-11": "0.61", "2020-12-31": "0.67", "2020-09-30": "0.58", "2020-06-30": "0.60", "2020-03-31": "0.53", "2019-12-31": "0.75", "2019-09-30": "0.62", "2019-06-30": "0.75", "2019-03-31": "0.79", "2018-12-31": "0.74", "2018-09-30": "0.78", "2018-06-30": "0.68", "2018-03-31": "0.63", "2017-12-31": "0.65", "2017-09-30": "0.55", "2017-06-30": "0.55", "2017-03-31": "0.49", "2016-12-31": "0.43", "2016-09-30": "0.38", "2016-06-30": "0.41", "2016-03-31": "0.44", "2015-12-31": "0.45", "2015-09-30": "0.46", "2015-06-30": "0.56", "2015-03-31": "0.54", "2014-12-31": "0.45", "2014-09-30": "0.44", "2014-06-30": "0.40", "2014-03-31": "0.38", "2013-12-31": "0.36", "2013-09-30": "0.34", "2013-06-30": "0.35", "2013-03-31": "0.30", "2012-12-31": "0.29", "2012-09-30": "0.28", "2012-06-30": "0.32", "2012-03-31": "0.38", "2011-12-31": "0.35", "2011-09-30": "0.36", "2011-06-30": "0.45", "2011-03-31": "0.41", "2010-12-31": "0.35", "2010-09-30": "0.34", "2010-06-30": "0.30", "2010-03-31": "0.40", "2009-12-31": "0.37", "2009-09-30": "0.33", "2009-06-30": "0.36", "2009-03-31": "0.28", "2008-12-31": "0.31", "2008-09-30": "0.35", "2008-06-30": "0.37", "2008-03-31": "0.36", "2007-12-31": "0.75", "2007-09-30": "0.70", "2007-06-30": "0.72", "2007-03-31": "0.76", "2006-12-31": "0.76"}, "price book": {"current": "2.24", "2021-02-11": "2.15", "2020-09-30": "1.97", "2020-06-30": "1.91", "2020-03-31": "1.79", "2019-12-31": "2.38", "2019-09-30": "1.91", "2019-06-30": "2.30", "2019-03-31": "2.41", "2018-12-31": "2.31", "2018-09-30": "2.38", "2018-06-30": "2.10", "2018-03-31": "2.02", "2017-12-31": "2.10", "2017-09-30": "1.81", "2017-06-30": "1.80", "2017-03-31": "1.61", "2016-12-31": "1.44", "2016-09-30": "1.27", "2016-06-30": "1.35", "2016-03-31": "1.46", "2015-12-31": "1.48", "2015-09-30": "1.46", "2015-06-30": "1.72", "2015-03-31": "1.55", "2014-12-31": "1.28", "2014-09-30": "1.22", "2014-06-30": "1.11", "2014-03-31": "1.05", "2013-12-31": "0.99", "2013-09-30": "0.90", "2013-06-30": "0.90", "2013-03-31": "0.73", "2012-12-31": "0.69", "2012-09-30": "0.67", "2012-06-30": "0.77", "2012-03-31": "0.91", "2011-12-31": "0.84", "2011-09-30": "0.83", "2011-06-30": "1.02", "2011-03-31": "0.92", "2010-12-31": "0.77", "2010-09-30": "0.79", "2010-06-30": "0.71", "2010-03-31": "0.97", "2009-12-31": "0.90", "2009-09-30": "0.83", "2009-06-30": "0.94", "2009-03-31": "0.74", "2008-12-31": "0.85", "2008-09-30": "0.94", "2008-06-30": "0.99", "2008-03-31": "0.93", "2007-12-31": "1.82", "2007-09-30": "1.65", "2007-06-30": "1.66", "2007-03-31": "1.70", "2006-12-31": "1.69", "2006-09-30": "1.70", "2006-06-30": "1.67", "2006-03-31": "1.77"}, "price fcf": {"2021-02-11": "", "2020-09-30": "$27.85", "2020-06-30": "$38.85", "2020-03-31": "$22.84", "2019-12-31": "$19.15", "2019-09-30": "$16.00", "2019-06-30": "$11.51", "2019-03-31": "$7.64", "2018-12-31": "$9.91", "2018-09-30": "$3.38", "2018-06-30": "$10.79", "2018-03-31": "$10.80", "2017-12-31": "$12.67", "2017-09-30": "$19.03", "2017-06-30": "$13.68", "2017-03-31": "$14.84", "2016-12-31": "$10.02", "2016-09-30": "$12.46", "2016-06-30": "$10.40", "2016-03-31": "$12.30", "2015-12-31": "$13.22", "2015-09-30": "$10.63", "2015-06-30": "$11.40", "2015-03-31": "$10.88", "2014-12-31": "$9.59", "2014-09-30": "$9.60", "2014-06-30": "$11.96", "2014-03-31": "$9.55", "2013-12-31": "$8.05", "2013-09-30": "$9.56", "2013-06-30": "$5.92", "2013-03-31": "$6.31", "2012-12-31": "$6.77", "2012-09-30": "$4.55", "2012-06-30": "$7.89", "2012-03-31": "$8.40", "2011-12-31": "$7.83", "2011-09-30": "$9.35", "2011-06-30": "$7.53", "2011-03-31": "$5.98", "2010-12-31": "$2.32", "2010-09-30": "$1.05", "2010-06-30": "$1.96", "2010-03-31": "$2.30", "2009-12-31": "$5.54", "2009-09-30": "$6.38", "2009-06-30": "$5.17", "2009-03-31": "$4.70", "2008-12-31": "$4.21", "2008-09-30": "$5.19", "2008-06-30": "$4.52", "2008-03-31": "$5.45", "2007-12-31": "$6.78", "2007-09-30": "$7.21", "2007-06-30": "$7.21", "2007-03-31": "$6.46", "2006-12-31": "$6.01"}, "net worth": {"value": "$74.29B"}, "current ratio": {"2020-12-31": "1.55", "2020-09-30": "1.59", "2020-06-30": "1.64", "2020-03-31": "1.53", "2019-12-31": "1.66", "2019-09-30": "1.70", "2019-06-30": "1.64", "2019-03-31": "1.61", "2018-12-31": "1.56", "2018-09-30": "1.54", "2018-06-30": "1.53", "2018-03-31": "1.49", "2017-12-31": "1.55", "2017-09-30": "1.52", "2017-06-30": "1.65", "2017-03-31": "1.64", "2016-12-31": "1.61", "2016-09-30": "1.57", "2016-06-30": "1.58", "2016-03-31": "1.58", "2015-12-31": "1.62", "2015-09-30": "1.72", "2015-06-30": "1.61", "2015-03-31": "1.63", "2014-12-31": "1.70", "2014-09-30": "1.75", "2014-06-30": "1.69", "2014-03-31": "1.72", "2013-12-31": "1.82", "2013-09-30": "1.85", "2013-06-30": "1.80", "2013-03-31": "1.79", "2012-12-31": "1.84", "2012-09-30": "2.11", "2012-06-30": "1.76", "2012-03-31": "1.73", "2011-12-31": "1.70", "2011-09-30": "1.75", "2011-06-30": "1.90", "2011-03-31": "1.89", "2010-12-31": "1.87", "2010-09-30": "1.91", "2010-06-30": "1.76", "2010-03-31": "1.83", "2009-12-31": "1.91", "2009-09-30": "1.80", "2009-06-30": "1.74", "2009-03-31": "0.81", "2008-12-31": "0.81", "2008-09-30": "0.84", "2008-06-30": "0.90", "2008-03-31": "0.88", "2007-12-31": "0.91", "2007-09-30": "0.91", "2007-06-30": "0.96", "2007-03-31": "0.89", "2006-12-31": "0.77", "2006-09-30": "0.78", "2006-06-30": "0.74", "2006-03-31": "0.71", "2005-12-31": "0.78", "2005-09-30": "1.76", "2005-06-30": "1.68", "2005-03-31": "1.73"}, "quick ratio": {"2020-12-31": "0.00", "2020-09-30": "0.00", "2020-06-30": "0.00", "2020-03-31": "0.00", "2019-12-31": "0.00", "2019-09-30": "0.00", "2019-06-30": "0.00", "2019-03-31": "0.00", "2018-12-31": "0.00", "2018-09-30": "0.00", "2018-06-30": "0.00", "2018-03-31": "0.00", "2017-12-31": "0.00", "2017-09-30": "0.00", "2017-06-30": "0.00", "2017-03-31": "0.00", "2016-12-31": "0.00", "2016-09-30": "0.00", "2016-06-30": "0.00", "2016-03-31": "0.00", "2015-12-31": "0.00", "2015-09-30": "0.00", "2015-06-30": "0.00", "2015-03-31": "0.00", "2014-12-31": "0.00", "2014-09-30": "0.00", "2014-06-30": "0.00", "2014-03-31": "0.00", "2013-12-31": "0.00", "2013-09-30": "0.00", "2013-06-30": "0.00", "2013-03-31": "0.00", "2012-12-31": "0.00", "2012-09-30": "0.00", "2012-06-30": "0.00", "2012-03-31": "0.00", "2011-12-31": "0.00", "2011-09-30": "0.00", "2011-06-30": "0.00", "2011-03-31": "0.00", "2010-12-31": "0.00", "2010-09-30": "0.00", "2010-06-30": "0.00", "2010-03-31": "0.00", "2009-12-31": "0.00", "2009-09-30": "0.00", "2009-06-30": "0.00", "2009-03-31": "0.00", "2008-12-31": "0.00", "2008-09-30": "0.00", "2008-06-30": "0.00", "2008-03-31": "0.00", "2007-12-31": "0.00", "2007-09-30": "0.00", "2007-06-30": "0.00", "2007-03-31": "0.00", "2006-12-31": "0.00", "2006-09-30": "0.00", "2006-06-30": "0.00", "2006-03-31": "0.00", "2005-12-31": "0.00", "2005-09-30": "0.00", "2005-06-30": "0.00", "2005-03-31": "0.00"}, "debt equity ratio": {"current": "0.58", "2020-12-31": "1.61", "2020-09-30": "1.55", "2020-06-30": "1.55", "2020-03-31": "1.60", "2019-12-31": "1.44", "2019-09-30": "1.48", "2019-06-30": "1.46", "2019-03-31": "1.48", "2018-12-31": "1.51", "2018-09-30": "1.56", "2018-06-30": "1.59", "2018-03-31": "1.71", "2017-12-31": "1.66", "2017-09-30": "1.63", "2017-06-30": "1.58", "2017-03-31": "1.64", "2016-12-31": "1.59", "2016-09-30": "1.60", "2016-06-30": "1.64", "2016-03-31": "1.71", "2015-12-31": "1.68", "2015-09-30": "1.68", "2015-06-30": "1.79", "2015-03-31": "1.69", "2014-12-31": "1.54", "2014-09-30": "1.55", "2014-06-30": "1.56", "2014-03-31": "1.53", "2013-12-31": "1.41", "2013-09-30": "1.43", "2013-06-30": "1.43", "2013-03-31": "1.44", "2012-12-31": "1.48", "2012-09-30": "1.34", "2012-06-30": "1.31", "2012-03-31": "1.23", "2011-12-31": "1.24", "2011-09-30": "1.22", "2011-06-30": "1.10", "2011-03-31": "1.12", "2010-12-31": "1.11", "2010-09-30": "1.10", "2010-06-30": "1.11", "2010-03-31": "1.09", "2009-12-31": "1.10", "2009-09-30": "1.17", "2009-06-30": "1.22", "2009-03-31": "1.30", "2008-12-31": "1.26", "2008-09-30": "1.30", "2008-06-30": "1.40", "2008-03-31": "1.40", "2007-12-31": "1.26", "2007-09-30": "1.24", "2007-06-30": "1.17", "2007-03-31": "1.13", "2006-12-31": "1.10", "2006-09-30": "1.13", "2006-06-30": "1.16", "2006-03-31": "1.13", "2005-12-31": "1.05", "2005-09-30": "0.97", "2005-06-30": "1.03", "2005-03-31": "1.02"}, "return on equity": {"2020-12-31": "13.72%", "2020-09-30": "15.04%", "2020-06-30": "18.31%", "2020-03-31": "15.23%", "2019-12-31": "15.53%", "2019-09-30": "14.24%", "2019-06-30": "13.76%", "2019-03-31": "13.71%", "2018-12-31": "13.23%", "2018-09-30": "16.37%", "2018-06-30": "16.06%", "2018-03-31": "15.66%", "2017-12-31": "14.64%", "2017-09-30": "11.51%", "2017-06-30": "11.14%", "2017-03-31": "11.09%", "2016-12-31": "10.12%", "2016-09-30": "9.56%", "2016-06-30": "9.87%", "2016-03-31": "10.33%", "2015-12-31": "10.93%", "2015-09-30": "12.17%", "2015-06-30": "11.93%", "2015-03-31": "11.24%", "2014-12-31": "10.57%", "2014-09-30": "9.04%", "2014-06-30": "9.10%", "2014-03-31": "9.37%", "2013-12-31": "10.12%", "2013-09-30": "11.51%", "2013-06-30": "11.78%", "2013-03-31": "11.23%", "2012-12-31": "11.21%", "2012-09-30": "10.72%", "2012-06-30": "10.70%", "2012-03-31": "10.88%", "2011-12-31": "11.13%", "2011-09-30": "11.96%", "2011-06-30": "12.11%", "2011-03-31": "12.24%", "2010-12-31": "11.97%", "2010-09-30": "20.83%", "2010-06-30": "21.12%", "2010-03-31": "21.35%", "2009-12-31": "20.75%", "2009-09-30": "10.61%", "2009-06-30": "11.17%", "2009-03-31": "11.57%", "2008-12-31": "11.60%", "2008-09-30": "13.81%", "2008-06-30": "13.71%", "2008-03-31": "13.53%", "2007-12-31": "13.82%", "2007-09-30": "13.36%", "2007-06-30": "13.07%", "2007-03-31": "12.96%", "2006-12-31": "12.89%", "2006-09-30": "12.21%", "2006-06-30": "11.87%", "2006-03-31": "11.37%", "2005-12-31": "11.36%"}, "return on assets": {"2020-12-31": "5.32%", "2020-09-30": "5.93%", "2020-06-30": "7.27%", "2020-03-31": "6.10%", "2019-12-31": "6.29%", "2019-09-30": "5.73%", "2019-06-30": "5.50%", "2019-03-31": "5.41%", "2018-12-31": "5.11%", "2018-09-30": "6.23%", "2018-06-30": "6.06%", "2018-03-31": "5.91%", "2017-12-31": "5.57%", "2017-09-30": "4.41%", "2017-06-30": "4.28%", "2017-03-31": "4.23%", "2016-12-31": "3.84%", "2016-09-30": "3.59%", "2016-06-30": "3.68%", "2016-03-31": "3.80%", "2015-12-31": "4.03%", "2015-09-30": "4.55%", "2015-06-30": "4.52%", "2015-03-31": "4.35%", "2014-12-31": "4.15%", "2014-09-30": "3.60%", "2014-06-30": "3.67%", "2014-03-31": "3.82%", "2013-12-31": "4.17%", "2013-09-30": "4.71%", "2013-06-30": "4.86%", "2013-03-31": "4.69%", "2012-12-31": "4.79%", "2012-09-30": "4.70%", "2012-06-30": "4.76%", "2012-03-31": "4.95%", "2011-12-31": "5.13%", "2011-09-30": "5.60%", "2011-06-30": "5.75%", "2011-03-31": "5.81%", "2010-12-31": "5.70%", "2010-09-30": "9.94%", "2010-06-30": "9.99%", "2010-03-31": "9.98%", "2009-12-31": "9.47%", "2009-09-30": "4.75%", "2009-06-30": "4.93%", "2009-03-31": "5.00%", "2008-12-31": "4.96%", "2008-09-30": "5.91%", "2008-06-30": "5.91%", "2008-03-31": "5.98%", "2007-12-31": "6.29%", "2007-09-30": "6.20%", "2007-06-30": "6.13%", "2007-03-31": "6.09%", "2006-12-31": "6.05%", "2006-09-30": "5.77%", "2006-06-30": "5.71%", "2006-03-31": "5.55%", "2005-12-31": "5.62%"}, "return on investments": {"2020-12-31": "13.41%", "2020-09-30": "14.54%", "2020-06-30": "16.81%", "2020-03-31": "13.87%", "2019-12-31": "13.79%", "2019-09-30": "12.88%", "2019-06-30": "12.62%", "2019-03-31": "12.88%", "2018-12-31": "12.71%", "2018-09-30": "12.50%", "2018-06-30": "12.61%", "2018-03-31": "12.26%", "2017-12-31": "11.96%", "2017-09-30": "12.95%", "2017-06-30": "13.10%", "2017-03-31": "13.96%", "2016-12-31": "13.59%", "2016-09-30": "12.94%", "2016-06-30": "12.90%", "2016-03-31": "13.09%", "2015-12-31": "13.62%", "2015-09-30": "14.90%", "2015-06-30": "14.98%", "2015-03-31": "14.22%", "2014-12-31": "13.13%", "2014-09-30": "12.02%", "2014-06-30": "11.62%", "2014-03-31": "11.47%", "2013-12-31": "11.87%", "2013-09-30": "11.92%", "2013-06-30": "12.04%", "2013-03-31": "11.91%", "2012-12-31": "12.40%", "2012-09-30": "12.87%", "2012-06-30": "13.33%", "2012-03-31": "13.30%", "2011-12-31": "13.60%", "2011-09-30": "14.42%", "2011-06-30": "14.67%", "2011-03-31": "15.20%", "2010-12-31": "14.94%", "2010-09-30": "25.88%", "2010-06-30": "26.11%", "2010-03-31": "25.99%", "2009-12-31": "25.07%", "2009-09-30": "13.29%", "2009-06-30": "11.55%", "2009-03-31": "11.97%", "2008-12-31": "11.86%", "2008-09-30": "14.25%", "2008-06-30": "16.66%", "2008-03-31": "16.80%", "2007-12-31": "17.77%", "2007-09-30": "17.70%", "2007-06-30": "17.40%", "2007-03-31": "17.32%", "2006-12-31": "17.18%", "2006-09-30": "16.23%", "2006-06-30": "16.12%", "2006-03-31": "15.74%", "2005-12-31": "15.63%"}, "return on tangible equity": {"2020-09-30": "221.53%", "2020-06-30": "285.59%", "2020-03-31": "294.00%", "2019-12-31": "288.88%", "2019-09-30": "548.79%", "2019-06-30": "2804.82%", "2019-03-31": "-893.39%", "2018-12-31": "-325.52%", "2018-09-30": "-385.04%", "2018-06-30": "-464.72%", "2018-03-31": "-902.56%", "2017-12-31": "1507.06%", "2017-09-30": "705.56%", "2017-06-30": "3355.29%", "2017-03-31": "-545.78%", "2016-12-31": "-207.34%", "2016-09-30": "-130.14%", "2016-06-30": "-106.46%", "2016-03-31": "-95.12%", "2015-12-31": "-107.89%", "2015-09-30": "-151.81%", "2015-06-30": "-194.93%", "2015-03-31": "-280.77%", "2014-12-31": "-309.27%", "2014-09-30": "-282.74%", "2014-06-30": "-227.01%", "2014-03-31": "-180.54%", "2013-12-31": "-156.17%", "2013-09-30": "-148.91%", "2013-06-30": "-237.31%", "2013-03-31": "-577.20%", "2012-12-31": "492.08%", "2012-09-30": "186.84%", "2012-06-30": "163.84%", "2012-03-31": "125.69%", "2011-12-31": "115.30%", "2011-09-30": "111.80%", "2011-06-30": "102.36%", "2011-03-31": "109.05%", "2010-12-31": "104.27%", "2010-09-30": "171.29%", "2010-06-30": "202.01%", "2010-03-31": "253.29%", "2009-12-31": "454.82%", "2009-09-30": "-42454.55%", "2009-06-30": "-474.76%", "2009-03-31": "-265.28%", "2008-12-31": "-242.73%", "2008-09-30": "-414.41%", "2008-06-30": "-959.62%", "2008-03-31": "506.43%", "2007-12-31": "225.75%", "2007-09-30": "177.94%", "2007-06-30": "166.17%", "2007-03-31": "223.56%", "2006-12-31": "287.91%", "2006-09-30": "271.40%", "2006-06-30": "180.03%", "2006-03-31": "124.50%", "2005-12-31": "105.37%"}, "dividend yield history": {"last payout": "$3.80", "last yield": "1.27%"}}