{"ticker": "AON", "price": {"title": "Aon Historical Annual Stock Price Data", "value": 223.22, "historical": {"2021": {"Average Stock Price": "207.4596", "Year Open": "204.5500", "Year High": "223.2200", "Year Low": "202.1300", "Year Close": "223.2200", "Annual % Change": "5.66%"}, "2020": {"Average Stock Price": "198.7111", "Year Open": "208.7900", "Year High": "237.4300", "Year Low": "145.4800", "Year Close": "211.2700", "Annual % Change": "1.43%"}, "2019": {"Average Stock Price": "183.8438", "Year Open": "144.0400", "Year High": "209.9300", "Year Low": "141.8800", "Year Close": "208.2900", "Annual % Change": "43.29%"}, "2018": {"Average Stock Price": "145.6513", "Year Open": "131.4900", "Year High": "165.5800", "Year Low": "131.4900", "Year Close": "145.3600", "Annual % Change": "8.48%"}, "2017": {"Average Stock Price": "130.9891", "Year Open": "112.0800", "Year High": "152.3800", "Year Low": "111.1700", "Year Close": "134.0000", "Annual % Change": "20.15%"}, "2016": {"Average Stock Price": "105.4122", "Year Open": "90.7100", "Year High": "115.9500", "Year Low": "84.6200", "Year Close": "111.5300", "Annual % Change": "20.95%"}, "2015": {"Average Stock Price": "96.6834", "Year Open": "94.3300", "Year High": "104.5200", "Year Low": "88.4000", "Year Close": "92.2100", "Annual % Change": "-2.76%"}, "2014": {"Average Stock Price": "86.6812", "Year Open": "82.3600", "Year High": "97.6000", "Year Low": "76.8800", "Year Close": "94.8300", "Annual % Change": "13.04%"}, "2013": {"Average Stock Price": "67.5664", "Year Open": "57.4300", "Year High": "83.9300", "Year Low": "54.9000", "Year Close": "83.8900", "Annual % Change": "50.85%"}, "2012": {"Average Stock Price": "50.3525", "Year Open": "47.0300", "Year High": "57.7400", "Year Low": "45.1100", "Year Close": "55.6100", "Annual % Change": "18.82%"}, "2011": {"Average Stock Price": "48.2735", "Year Open": "45.5200", "Year High": "54.1700", "Year Low": "40.0000", "Year Close": "46.8000", "Annual % Change": "1.72%"}, "2010": {"Average Stock Price": "40.0850", "Year Open": "37.9400", "Year High": "46.0500", "Year Low": "35.6200", "Year Close": "46.0100", "Annual % Change": "20.01%"}, "2009": {"Average Stock Price": "39.3396", "Year Open": "45.1200", "Year High": "45.1200", "Year Low": "35.2600", "Year Close": "38.3400", "Annual % Change": "-16.07%"}, "2008": {"Average Stock Price": "44.1286", "Year Open": "46.4400", "Year High": "48.1700", "Year Low": "34.5500", "Year Close": "45.6800", "Annual % Change": "-4.21%"}, "2007": {"Average Stock Price": "42.0463", "Year Open": "35.3900", "Year High": "50.0800", "Year Low": "34.6700", "Year Close": "47.6900", "Annual % Change": "34.95%"}, "2006": {"Average Stock Price": "36.2605", "Year Open": "37.2500", "Year High": "42.3600", "Year Low": "31.9000", "Year Close": "35.3400", "Annual % Change": "-1.70%"}, "2005": {"Average Stock Price": "27.6844", "Year Open": "23.5800", "Year High": "36.9000", "Year Low": "20.8500", "Year Close": "35.9500", "Annual % Change": "50.67%"}, "2004": {"Average Stock Price": "25.5850", "Year Open": "24.0600", "Year High": "28.9900", "Year Low": "19.2000", "Year Close": "23.8600", "Annual % Change": "-0.33%"}, "2003": {"Average Stock Price": "22.0601", "Year Open": "19.5700", "Year High": "26.4600", "Year Low": "17.6400", "Year Close": "23.9400", "Annual % Change": "26.73%"}, "2002": {"Average Stock Price": "27.2775", "Year Open": "35.5000", "Year High": "39.5400", "Year Low": "14.6000", "Year Close": "18.8900", "Annual % Change": "-46.82%"}, "2001": {"Average Stock Price": "35.8062", "Year Open": "33.5600", "Year High": "44.7500", "Year Low": "31.8100", "Year Close": "35.5200", "Annual % Change": "3.71%"}, "2000": {"Average Stock Price": "32.0445", "Year Open": "39.0000", "Year High": "42.7500", "Year Low": "21.0600", "Year Close": "34.2500", "Annual % Change": "-14.38%"}, "1999": {"Average Stock Price": "38.2969", "Year Open": "37.2067", "Year High": "46.0867", "Year Low": "26.9400", "Year Close": "40.0000", "Annual % Change": "8.34%"}, "1998": {"Average Stock Price": "41.6907", "Year Open": "38.7533", "Year High": "49.7533", "Year Low": "34.3733", "Year Close": "36.9200", "Annual % Change": "-5.54%"}, "1997": {"Average Stock Price": "32.8981", "Year Open": "27.3911", "Year High": "39.0867", "Year Low": "27.0578", "Year Close": "39.0867", "Annual % Change": "41.57%"}, "1996": {"Average Stock Price": "23.7221", "Year Open": "22.4444", "Year High": "28.5556", "Year Low": "21.3333", "Year Close": "27.6089", "Annual % Change": "24.54%"}, "1995": {"Average Stock Price": "17.2455", "Year Open": "14.0000", "Year High": "22.4444", "Year Low": "14.0000", "Year Close": "22.1689", "Annual % Change": "55.88%"}, "1994": {"Average Stock Price": "14.5304", "Year Open": "14.2607", "Year High": "15.6667", "Year Low": "13.3333", "Year Close": "14.2222", "Annual % Change": "-0.79%"}, "1993": {"Average Stock Price": "15.7024", "Year Open": "15.8519", "Year High": "17.0370", "Year Low": "13.7778", "Year Close": "14.3348", "Annual % Change": "-10.41%"}, "1992": {"Average Stock Price": "13.4538", "Year Open": "11.7422", "Year High": "16.0000", "Year Low": "11.6681", "Year Close": "16.0000", "Annual % Change": "36.26%"}, "1991": {"Average Stock Price": "11.0170", "Year Open": "10.2607", "Year High": "12.2222", "Year Low": "8.8889", "Year Close": "11.7422", "Annual % Change": "14.04%"}, "1990": {"Average Stock Price": "10.5530", "Year Open": "12.5570", "Year High": "12.5570", "Year Low": "8.0000", "Year Close": "10.2963", "Annual % Change": "-17.75%"}, "1989": {"Average Stock Price": "10.0496", "Year Open": "8.1837", "Year High": "12.8148", "Year Low": "8.0356", "Year Close": "12.5185", "Annual % Change": "50.89%"}, "1988": {"Average Stock Price": "7.6914", "Year Open": "6.9985", "Year High": "8.5185", "Year Low": "6.5926", "Year Close": "8.2963", "Annual % Change": "22.43%"}, "1987": {"Average Stock Price": "7.8697", "Year Open": "8.2133", "Year High": "9.2681", "Year Low": "6.0741", "Year Close": "6.7763", "Annual % Change": "-13.39%"}, "1986": {"Average Stock Price": "8.5031", "Year Open": "7.6015", "Year High": "9.7126", "Year Low": "7.6015", "Year Close": "7.8237", "Annual % Change": "2.05%"}, "1985": {"Average Stock Price": "6.7451", "Year Open": "5.6296", "Year High": "7.6667", "Year Low": "5.6296", "Year Close": "7.6667", "Annual % Change": "35.72%"}}}, "market cap": {"value": "$51.03B"}, "income statement": {"Revenue": {"2020-12-31": "11066.00000", "2019-12-31": "11013.00000", "2018-12-31": "10770.00000", "2017-12-31": "9998.00000", "2016-12-31": "9409.00000", "2015-12-31": "9480.00000", "2014-12-31": "12045.00000", "2013-12-31": "11815.00000", "2012-12-31": "11514.00000", "2011-12-31": "11287.00000", "2010-12-31": "8512.00000", "2009-12-31": "7595.00000", "2008-12-31": "7528.00000", "2007-12-31": "7234.00000", "2006-12-31": "6770.00000", "2005-12-31": "6651.00000"}, "Cost Of Goods Sold": {"2020-12-31": "5905.00000", "2019-12-31": "6054.00000", "2018-12-31": "6103.00000", "2017-12-31": "6003.00000", "2016-12-31": "5514.00000", "2015-12-31": "5605.00000", "2014-12-31": "7014.00000", "2013-12-31": "6945.00000", "2012-12-31": "6709.00000", "2011-12-31": "6567.00000", "2010-12-31": "5097.00000", "2009-12-31": "4597.00000", "2008-12-31": "4581.00000", "2007-12-31": "4341.00000", "2006-12-31": "4172.00000", "2005-12-31": "4084.00000"}, "Gross Profit": {"2020-12-31": "5161.00000", "2019-12-31": "4959.00000", "2018-12-31": "4667.00000", "2017-12-31": "3995.00000", "2016-12-31": "3895.00000", "2015-12-31": "3875.00000", "2014-12-31": "5031.00000", "2013-12-31": "4870.00000", "2012-12-31": "4805.00000", "2011-12-31": "4720.00000", "2010-12-31": "3415.00000", "2009-12-31": "2998.00000", "2008-12-31": "2947.00000", "2007-12-31": "2893.00000", "2006-12-31": "2598.00000", "2005-12-31": "2567.00000"}, "Research And Development Expenses": {"2020-12-31": "", "2019-12-31": "", "2018-12-31": "", "2017-12-31": "", "2016-12-31": "", "2015-12-31": "", "2014-12-31": "", "2013-12-31": "", "2012-12-31": "", "2011-12-31": "", "2010-12-31": "", "2009-12-31": "", "2008-12-31": "", "2007-12-31": "", "2006-12-31": "", "2005-12-31": ""}, "SG&A Expenses": {"2020-12-31": "1232.00000", "2019-12-31": "1393.00000", "2018-12-31": "1500.00000", "2017-12-31": "1272.00000", "2016-12-31": "1036.00000", "2015-12-31": "1200.00000", "2014-12-31": "3065.00000", "2013-12-31": "3199.00000", "2012-12-31": "3209.00000", "2011-12-31": "3124.00000", "2010-12-31": "2171.00000", "2009-12-31": "1977.00000", "2008-12-31": "2007.00000", "2007-12-31": "1890.00000", "2006-12-31": "1546.00000", "2005-12-31": "1616.00000"}, "Other Operating Income Or Expenses": {"2020-12-31": "-735.00000", "2019-12-31": "-833.00000", "2018-12-31": "-854.00000", "2017-12-31": "-767.00000", "2016-12-31": "-729.00000", "2015-12-31": "-751.00000", "2014-12-31": "", "2013-12-31": "", "2012-12-31": "", "2011-12-31": "", "2010-12-31": "", "2009-12-31": "", "2008-12-31": "", "2007-12-31": "", "2006-12-31": "", "2005-12-31": ""}, "Operating Expenses": {"2020-12-31": "8285.00000", "2019-12-31": "8844.00000", "2018-12-31": "9226.00000", "2017-12-31": "8933.00000", "2016-12-31": "7598.00000", "2015-12-31": "7893.00000", "2014-12-31": "10079.00000", "2013-12-31": "10144.00000", "2012-12-31": "9918.00000", "2011-12-31": "9691.00000", "2010-12-31": "7268.00000", "2009-12-31": "6574.00000", "2008-12-31": "6588.00000", "2007-12-31": "6231.00000", "2006-12-31": "5940.00000", "2005-12-31": "5944.00000"}, "Operating Income": {"2020-12-31": "2781.00000", "2019-12-31": "2169.00000", "2018-12-31": "1544.00000", "2017-12-31": "1065.00000", "2016-12-31": "1811.00000", "2015-12-31": "1587.00000", "2014-12-31": "1966.00000", "2013-12-31": "1671.00000", "2012-12-31": "1596.00000", "2011-12-31": "1596.00000", "2010-12-31": "1244.00000", "2009-12-31": "1021.00000", "2008-12-31": "940.00000", "2007-12-31": "1003.00000", "2006-12-31": "830.00000", "2005-12-31": "707.00000"}, "Total Non-Operating Income/Expense": {"2020-12-31": "-316.00000", "2019-12-31": "-298.00000", "2018-12-31": "-298.00000", "2017-12-31": "-380.00000", "2016-12-31": "-410.00000", "2015-12-31": "-159.00000", "2014-12-31": "-201.00000", "2013-12-31": "-133.00000", "2012-12-31": "-216.00000", "2011-12-31": "-208.00000", "2010-12-31": "-185.00000", "2009-12-31": "-72.00000", "2008-12-31": "-61.00000", "2007-12-31": "20.00000", "2006-12-31": "-102.00000", "2005-12-31": "-130.00000"}, "Pre-Tax Income": {"2020-12-31": "2465.00000", "2019-12-31": "1871.00000", "2018-12-31": "1246.00000", "2017-12-31": "685.00000", "2016-12-31": "1401.00000", "2015-12-31": "1428.00000", "2014-12-31": "1765.00000", "2013-12-31": "1538.00000", "2012-12-31": "1380.00000", "2011-12-31": "1388.00000", "2010-12-31": "1059.00000", "2009-12-31": "949.00000", "2008-12-31": "879.00000", "2007-12-31": "1023.00000", "2006-12-31": "728.00000", "2005-12-31": "577.00000"}, "Income Taxes": {"2020-12-31": "448.00000", "2019-12-31": "297.00000", "2018-12-31": "146.00000", "2017-12-31": "250.00000", "2016-12-31": "148.00000", "2015-12-31": "175.00000", "2014-12-31": "334.00000", "2013-12-31": "390.00000", "2012-12-31": "360.00000", "2011-12-31": "378.00000", "2010-12-31": "300.00000", "2009-12-31": "268.00000", "2008-12-31": "242.00000", "2007-12-31": "348.00000", "2006-12-31": "239.00000", "2005-12-31": "161.00000"}, "Income After Taxes": {"2020-12-31": "2017.00000", "2019-12-31": "1574.00000", "2018-12-31": "1100.00000", "2017-12-31": "435.00000", "2016-12-31": "1253.00000", "2015-12-31": "1253.00000", "2014-12-31": "1431.00000", "2013-12-31": "1148.00000", "2012-12-31": "1020.00000", "2011-12-31": "1010.00000", "2010-12-31": "759.00000", "2009-12-31": "681.00000", "2008-12-31": "637.00000", "2007-12-31": "675.00000", "2006-12-31": "489.00000", "2005-12-31": "416.00000"}, "Other Income": {"2020-12-31": "", "2019-12-31": "", "2018-12-31": "", "2017-12-31": "", "2016-12-31": "", "2015-12-31": "", "2014-12-31": "", "2013-12-31": "", "2012-12-31": "", "2011-12-31": "", "2010-12-31": "", "2009-12-31": "", "2008-12-31": "", "2007-12-31": "", "2006-12-31": "", "2005-12-31": ""}, "Income From Continuous Operations": {"2020-12-31": "2017.00000", "2019-12-31": "1574.00000", "2018-12-31": "1100.00000", "2017-12-31": "435.00000", "2016-12-31": "1253.00000", "2015-12-31": "1253.00000", "2014-12-31": "1431.00000", "2013-12-31": "1148.00000", "2012-12-31": "1020.00000", "2011-12-31": "1010.00000", "2010-12-31": "759.00000", "2009-12-31": "681.00000", "2008-12-31": "637.00000", "2007-12-31": "675.00000", "2006-12-31": "489.00000", "2005-12-31": "416.00000"}, "Income From Discontinued Operations": {"2020-12-31": "1.00000", "2019-12-31": "-1.00000", "2018-12-31": "74.00000", "2017-12-31": "828.00000", "2016-12-31": "177.00000", "2015-12-31": "169.00000", "2014-12-31": "", "2013-12-31": "", "2012-12-31": "", "2011-12-31": "", "2010-12-31": "-27.00000", "2009-12-31": "111.00000", "2008-12-31": "841.00000", "2007-12-31": "202.00000", "2006-12-31": "230.00000", "2005-12-31": "319.00000"}, "Net Income": {"2020-12-31": "1969.00000", "2019-12-31": "1532.00000", "2018-12-31": "1134.00000", "2017-12-31": "1226.00000", "2016-12-31": "1396.00000", "2015-12-31": "1385.00000", "2014-12-31": "1397.00000", "2013-12-31": "1113.00000", "2012-12-31": "993.00000", "2011-12-31": "979.00000", "2010-12-31": "706.00000", "2009-12-31": "747.00000", "2008-12-31": "1462.00000", "2007-12-31": "864.00000", "2006-12-31": "720.00000", "2005-12-31": "733.00000"}, "EBITDA": {"2020-12-31": "3194.00000", "2019-12-31": "2733.00000", "2018-12-31": "2313.00000", "2017-12-31": "1956.00000", "2016-12-31": "2130.00000", "2015-12-31": "1925.00000", "2014-12-31": "2560.00000", "2013-12-31": "2306.00000", "2012-12-31": "2251.00000", "2011-12-31": "2178.00000", "2010-12-31": "1549.00000", "2009-12-31": "1263.00000", "2008-12-31": "1162.00000", "2007-12-31": "1208.00000", "2006-12-31": "1074.00000", "2005-12-31": "984.00000"}, "EBIT": {"2020-12-31": "2781.00000", "2019-12-31": "2169.00000", "2018-12-31": "1544.00000", "2017-12-31": "1065.00000", "2016-12-31": "1811.00000", "2015-12-31": "1587.00000", "2014-12-31": "1966.00000", "2013-12-31": "1671.00000", "2012-12-31": "1596.00000", "2011-12-31": "1596.00000", "2010-12-31": "1244.00000", "2009-12-31": "1021.00000", "2008-12-31": "940.00000", "2007-12-31": "1003.00000", "2006-12-31": "830.00000", "2005-12-31": "707.00000"}, "Basic Shares Outstanding": {"2020-12-31": "231.90000", "2019-12-31": "238.60000", "2018-12-31": "245.20000", "2017-12-31": "258.50000", "2016-12-31": "268.10000", "2015-12-31": "280.80000", "2014-12-31": "295.50000", "2013-12-31": "311.40000", "2012-12-31": "328.50000", "2011-12-31": "335.50000", "2010-12-31": "293.40000", "2009-12-31": "283.20000", "2008-12-31": "292.80000", "2007-12-31": "305.00000", "2006-12-31": "317.00000", "2005-12-31": "322.00000"}, "Shares Outstanding": {"2020-12-31": "233.10000", "2019-12-31": "240.60000", "2018-12-31": "247.00000", "2017-12-31": "260.70000", "2016-12-31": "270.30000", "2015-12-31": "283.80000", "2014-12-31": "299.60000", "2013-12-31": "315.40000", "2012-12-31": "332.60000", "2011-12-31": "340.90000", "2010-12-31": "298.10000", "2009-12-31": "291.10000", "2008-12-31": "304.50000", "2007-12-31": "326.90000", "2006-12-31": "342.10000", "2005-12-31": "341.50000"}, "Basic EPS": {"2020-12-31": "8.49000", "2019-12-31": "6.42000", "2018-12-31": "4.62000", "2017-12-31": "4.74000", "2016-12-31": "5.21000", "2015-12-31": "4.93000", "2014-12-31": "4.73000", "2013-12-31": "3.57000", "2012-12-31": "3.02000", "2011-12-31": "2.92000", "2010-12-31": "2.41000", "2009-12-31": "2.64000", "2008-12-31": "4.99000", "2007-12-31": "2.83000", "2006-12-31": "2.27000", "2005-12-31": "2.27000"}, "EPS - Earnings Per Share": {"2020-12-31": "8.45000", "2019-12-31": "6.37000", "2018-12-31": "4.59000", "2017-12-31": "4.70000", "2016-12-31": "5.16000", "2015-12-31": "4.88000", "2014-12-31": "4.66000", "2013-12-31": "3.53000", "2012-12-31": "2.99000", "2011-12-31": "2.87000", "2010-12-31": "2.37000", "2009-12-31": "2.57000", "2008-12-31": "4.80000", "2007-12-31": "2.66000", "2006-12-31": "2.13000", "2005-12-31": "2.17000"}}, "income statement, quarterly": {"Revenue": {"2020-12-31": "2965.00000", "2020-09-30": "2385.00000", "2020-06-30": "2497.00000", "2020-03-31": "3219.00000", "2019-12-31": "2885.00000", "2019-09-30": "2379.00000", "2019-06-30": "2606.00000", "2019-03-31": "3143.00000", "2018-12-31": "2770.00000", "2018-09-30": "2349.00000", "2018-06-30": "2561.00000", "2018-03-31": "3090.00000", "2017-12-31": "2909.00000", "2017-09-30": "2340.00000", "2017-06-30": "2368.00000", "2017-03-31": "2381.00000", "2016-12-31": "2650.00000", "2016-09-30": "2201.00000", "2016-06-30": "2282.00000", "2016-03-31": "2276.00000", "2015-12-31": "1086.00000", "2015-09-30": "2742.00000", "2015-06-30": "2805.00000", "2015-03-31": "2847.00000", "2014-12-31": "3299.00000", "2014-09-30": "2880.00000", "2014-06-30": "2919.00000", "2014-03-31": "2947.00000", "2013-12-31": "3209.00000", "2013-09-30": "2794.00000", "2013-06-30": "2897.00000", "2013-03-31": "2915.00000", "2012-12-31": "3115.00000", "2012-09-30": "2737.00000", "2012-06-30": "2821.00000", "2012-03-31": "2841.00000", "2011-12-31": "2994.00000", "2011-09-30": "2723.00000", "2011-06-30": "2811.00000", "2011-03-31": "2759.00000", "2010-12-31": "2909.00000", "2010-09-30": "1801.00000", "2010-06-30": "1898.00000", "2010-03-31": "1904.00000", "2009-12-31": "2073.00000", "2009-09-30": "1794.00000", "2009-06-30": "1882.00000", "2009-03-31": "1846.00000", "2008-12-31": "1821.00000", "2008-09-30": "1846.00000", "2008-06-30": "1956.00000", "2008-03-31": "1905.00000", "2007-12-31": "1821.00000", "2007-09-30": "1749.00000", "2007-06-30": "1866.00000", "2007-03-31": "1798.00000", "2006-12-31": "229.00000", "2006-09-30": "2168.00000", "2006-06-30": "2208.00000", "2006-03-31": "2165.00000", "2005-12-31": "21.00000", "2005-09-30": "2018.00000", "2005-06-30": "2148.00000", "2005-03-31": "2464.00000"}, "Cost Of Goods Sold": {"2020-12-31": "1635.00000", "2020-09-30": "1387.00000", "2020-06-30": "1361.00000", "2020-03-31": "1522.00000", "2019-12-31": "1601.00000", "2019-09-30": "1368.00000", "2019-06-30": "1501.00000", "2019-03-31": "1584.00000", "2018-12-31": "1601.00000", "2018-09-30": "1392.00000", "2018-06-30": "1494.00000", "2018-03-31": "1616.00000", "2017-12-31": "1640.00000", "2017-09-30": "1428.00000", "2017-06-30": "1466.00000", "2017-03-31": "1469.00000", "2016-12-31": "1473.00000", "2016-09-30": "1300.00000", "2016-06-30": "1396.00000", "2016-03-31": "1345.00000", "2015-12-31": "625.00000", "2015-09-30": "1644.00000", "2015-06-30": "1653.00000", "2015-03-31": "1683.00000", "2014-12-31": "1848.00000", "2014-09-30": "1707.00000", "2014-06-30": "1708.00000", "2014-03-31": "1751.00000", "2013-12-31": "1842.00000", "2013-09-30": "1666.00000", "2013-06-30": "1712.00000", "2013-03-31": "1725.00000", "2012-12-31": "1789.00000", "2012-09-30": "1620.00000", "2012-06-30": "1639.00000", "2012-03-31": "1661.00000", "2011-12-31": "1724.00000", "2011-09-30": "1634.00000", "2011-06-30": "1612.00000", "2011-03-31": "1597.00000", "2010-12-31": "1715.00000", "2010-09-30": "1050.00000", "2010-06-30": "1169.00000", "2010-03-31": "1163.00000", "2009-12-31": "1330.00000", "2009-09-30": "1119.00000", "2009-06-30": "1134.00000", "2009-03-31": "1014.00000", "2008-12-31": "1153.00000", "2008-09-30": "1131.00000", "2008-06-30": "1143.00000", "2008-03-31": "1154.00000", "2007-12-31": "1131.00000", "2007-09-30": "1048.00000", "2007-06-30": "1109.00000", "2007-03-31": "1053.00000", "2006-12-31": "-36.00000", "2006-09-30": "1465.00000", "2006-06-30": "1392.00000", "2006-03-31": "1351.00000", "2005-12-31": "-44.00000", "2005-09-30": "1273.00000", "2005-06-30": "1339.00000", "2005-03-31": "1516.00000"}, "Gross Profit": {"2020-12-31": "1330.00000", "2020-09-30": "998.00000", "2020-06-30": "1136.00000", "2020-03-31": "1697.00000", "2019-12-31": "1284.00000", "2019-09-30": "1011.00000", "2019-06-30": "1105.00000", "2019-03-31": "1559.00000", "2018-12-31": "1169.00000", "2018-09-30": "957.00000", "2018-06-30": "1067.00000", "2018-03-31": "1474.00000", "2017-12-31": "1269.00000", "2017-09-30": "912.00000", "2017-06-30": "902.00000", "2017-03-31": "912.00000", "2016-12-31": "1177.00000", "2016-09-30": "901.00000", "2016-06-30": "886.00000", "2016-03-31": "931.00000", "2015-12-31": "461.00000", "2015-09-30": "1098.00000", "2015-06-30": "1152.00000", "2015-03-31": "1164.00000", "2014-12-31": "1451.00000", "2014-09-30": "1173.00000", "2014-06-30": "1211.00000", "2014-03-31": "1196.00000", "2013-12-31": "1367.00000", "2013-09-30": "1128.00000", "2013-06-30": "1185.00000", "2013-03-31": "1190.00000", "2012-12-31": "1326.00000", "2012-09-30": "1117.00000", "2012-06-30": "1182.00000", "2012-03-31": "1180.00000", "2011-12-31": "1270.00000", "2011-09-30": "1089.00000", "2011-06-30": "1199.00000", "2011-03-31": "1162.00000", "2010-12-31": "1194.00000", "2010-09-30": "751.00000", "2010-06-30": "729.00000", "2010-03-31": "741.00000", "2009-12-31": "743.00000", "2009-09-30": "675.00000", "2009-06-30": "748.00000", "2009-03-31": "832.00000", "2008-12-31": "668.00000", "2008-09-30": "715.00000", "2008-06-30": "813.00000", "2008-03-31": "751.00000", "2007-12-31": "690.00000", "2007-09-30": "701.00000", "2007-06-30": "757.00000", "2007-03-31": "745.00000", "2006-12-31": "265.00000", "2006-09-30": "703.00000", "2006-06-30": "816.00000", "2006-03-31": "814.00000", "2005-12-31": "65.00000", "2005-09-30": "745.00000", "2005-06-30": "809.00000", "2005-03-31": "948.00000"}, "Research And Development Expenses": {"2020-12-31": "", "2020-09-30": "", "2020-06-30": "", "2020-03-31": "", "2019-12-31": "", "2019-09-30": "", "2019-06-30": "", "2019-03-31": "", "2018-12-31": "", "2018-09-30": "", "2018-06-30": "", "2018-03-31": "", "2017-12-31": "", "2017-09-30": "", "2017-06-30": "", "2017-03-31": "", "2016-12-31": "", "2016-09-30": "", "2016-06-30": "", "2016-03-31": "", "2015-12-31": "", "2015-09-30": "", "2015-06-30": "", "2015-03-31": "", "2014-12-31": "", "2014-09-30": "", "2014-06-30": "", "2014-03-31": "", "2013-12-31": "", "2013-09-30": "", "2013-06-30": "", "2013-03-31": "", "2012-12-31": "", "2012-09-30": "", "2012-06-30": "", "2012-03-31": "", "2011-12-31": "", "2011-09-30": "", "2011-06-30": "", "2011-03-31": "", "2010-12-31": "", "2010-09-30": "", "2010-06-30": "", "2010-03-31": "", "2009-12-31": "", "2009-09-30": "", "2009-06-30": "", "2009-03-31": "", "2008-12-31": "", "2008-09-30": "", "2008-06-30": "", "2008-03-31": "", "2007-12-31": "", "2007-09-30": "", "2007-06-30": "", "2007-03-31": "", "2006-12-31": "", "2006-09-30": "", "2006-06-30": "", "2006-03-31": "", "2005-12-31": "", "2005-09-30": "", "2005-06-30": "", "2005-03-31": ""}, "SG&A Expenses": {"2020-12-31": "340.00000", "2020-09-30": "288.00000", "2020-06-30": "262.00000", "2020-03-31": "342.00000", "2019-12-31": "393.00000", "2019-09-30": "310.00000", "2019-06-30": "344.00000", "2019-03-31": "346.00000", "2018-12-31": "311.00000", "2018-09-30": "336.00000", "2018-06-30": "535.00000", "2018-03-31": "318.00000", "2017-12-31": "316.00000", "2017-09-30": "317.00000", "2017-06-30": "331.00000", "2017-03-31": "308.00000", "2016-12-31": "266.00000", "2016-09-30": "267.00000", "2016-06-30": "232.00000", "2016-03-31": "271.00000", "2015-12-31": "-1083.00000", "2015-09-30": "685.00000", "2015-06-30": "875.00000", "2015-03-31": "723.00000", "2014-12-31": "816.00000", "2014-09-30": "756.00000", "2014-06-30": "766.00000", "2014-03-31": "727.00000", "2013-12-31": "852.00000", "2013-09-30": "764.00000", "2013-06-30": "803.00000", "2013-03-31": "780.00000", "2012-12-31": "865.00000", "2012-09-30": "778.00000", "2012-06-30": "788.00000", "2012-03-31": "778.00000", "2011-12-31": "840.00000", "2011-09-30": "761.00000", "2011-06-30": "759.00000", "2011-03-31": "764.00000", "2010-12-31": "754.00000", "2010-09-30": "488.00000", "2010-06-30": "461.00000", "2010-03-31": "468.00000", "2009-12-31": "502.00000", "2009-09-30": "481.00000", "2009-06-30": "528.00000", "2009-03-31": "466.00000", "2008-12-31": "674.00000", "2008-09-30": "419.00000", "2008-06-30": "500.00000", "2008-03-31": "414.00000", "2007-12-31": "645.00000", "2007-09-30": "397.00000", "2007-06-30": "425.00000", "2007-03-31": "423.00000", "2006-12-31": "152.00000", "2006-09-30": "474.00000", "2006-06-30": "459.00000", "2006-03-31": "461.00000", "2005-12-31": "115.00000", "2005-09-30": "494.00000", "2005-06-30": "471.00000", "2005-03-31": "536.00000"}, "Other Operating Income Or Expenses": {"2020-12-31": "-193.00000", "2020-09-30": "-177.00000", "2020-06-30": "-181.00000", "2020-03-31": "-184.00000", "2019-12-31": "-222.00000", "2019-09-30": "-196.00000", "2019-06-30": "-211.00000", "2019-03-31": "-204.00000", "2018-12-31": "-208.00000", "2018-09-30": "-219.00000", "2018-06-30": "-219.00000", "2018-03-31": "-208.00000", "2017-12-31": "-213.00000", "2017-09-30": "-198.00000", "2017-06-30": "-184.00000", "2017-03-31": "-172.00000", "2016-12-31": "-191.00000", "2016-09-30": "-185.00000", "2016-06-30": "-188.00000", "2016-03-31": "-165.00000", "2015-12-31": "", "2015-09-30": "", "2015-06-30": "", "2015-03-31": "", "2014-12-31": "", "2014-09-30": "", "2014-06-30": "", "2014-03-31": "", "2013-12-31": "", "2013-09-30": "", "2013-06-30": "", "2013-03-31": "", "2012-12-31": "", "2012-09-30": "", "2012-06-30": "", "2012-03-31": "", "2011-12-31": "", "2011-09-30": "", "2011-06-30": "", "2011-03-31": "", "2010-12-31": "", "2010-09-30": "", "2010-06-30": "", "2010-03-31": "", "2009-12-31": "", "2009-09-30": "", "2009-06-30": "", "2009-03-31": "", "2008-12-31": "", "2008-09-30": "", "2008-06-30": "", "2008-03-31": "", "2007-12-31": "", "2007-09-30": "", "2007-06-30": "", "2007-03-31": "", "2006-12-31": "", "2006-09-30": "", "2006-06-30": "", "2006-03-31": "", "2005-12-31": "", "2005-09-30": "", "2005-06-30": "", "2005-03-31": ""}, "Operating Expenses": {"2020-12-31": "2252.00000", "2020-09-30": "1944.00000", "2020-06-30": "1903.00000", "2020-03-31": "2186.00000", "2019-12-31": "2361.00000", "2019-09-30": "2019.00000", "2019-06-30": "2193.00000", "2019-03-31": "2271.00000", "2018-12-31": "2271.00000", "2018-09-30": "2087.00000", "2018-06-30": "2577.00000", "2018-03-31": "2291.00000", "2017-12-31": "2308.00000", "2017-09-30": "2084.00000", "2017-06-30": "2495.00000", "2017-03-31": "2046.00000", "2016-12-31": "2014.00000", "2016-09-30": "1833.00000", "2016-06-30": "1895.00000", "2016-03-31": "1856.00000", "2015-12-31": "630.00000", "2015-09-30": "2329.00000", "2015-06-30": "2528.00000", "2015-03-31": "2406.00000", "2014-12-31": "2664.00000", "2014-09-30": "2463.00000", "2014-06-30": "2474.00000", "2014-03-31": "2478.00000", "2013-12-31": "2694.00000", "2013-09-30": "2430.00000", "2013-06-30": "2515.00000", "2013-03-31": "2505.00000", "2012-12-31": "2654.00000", "2012-09-30": "2398.00000", "2012-06-30": "2427.00000", "2012-03-31": "2439.00000", "2011-12-31": "2564.00000", "2011-09-30": "2395.00000", "2011-06-30": "2371.00000", "2011-03-31": "2361.00000", "2010-12-31": "2469.00000", "2010-09-30": "1538.00000", "2010-06-30": "1630.00000", "2010-03-31": "1631.00000", "2009-12-31": "1832.00000", "2009-09-30": "1600.00000", "2009-06-30": "1662.00000", "2009-03-31": "1480.00000", "2008-12-31": "1670.00000", "2008-09-30": "1599.00000", "2008-06-30": "1701.00000", "2008-03-31": "1618.00000", "2007-12-31": "1635.00000", "2007-09-30": "1493.00000", "2007-06-30": "1580.00000", "2007-03-31": "1523.00000", "2006-12-31": "172.00000", "2006-09-30": "1995.00000", "2006-06-30": "1906.00000", "2006-03-31": "1867.00000", "2005-12-31": "112.00000", "2005-09-30": "1844.00000", "2005-06-30": "1869.00000", "2005-03-31": "2119.00000"}, "Operating Income": {"2020-12-31": "713.00000", "2020-09-30": "441.00000", "2020-06-30": "594.00000", "2020-03-31": "1033.00000", "2019-12-31": "524.00000", "2019-09-30": "360.00000", "2019-06-30": "413.00000", "2019-03-31": "872.00000", "2018-12-31": "499.00000", "2018-09-30": "262.00000", "2018-06-30": "-16.00000", "2018-03-31": "799.00000", "2017-12-31": "601.00000", "2017-09-30": "256.00000", "2017-06-30": "-127.00000", "2017-03-31": "335.00000", "2016-12-31": "636.00000", "2016-09-30": "368.00000", "2016-06-30": "387.00000", "2016-03-31": "420.00000", "2015-12-31": "456.00000", "2015-09-30": "413.00000", "2015-06-30": "277.00000", "2015-03-31": "441.00000", "2014-12-31": "635.00000", "2014-09-30": "417.00000", "2014-06-30": "445.00000", "2014-03-31": "469.00000", "2013-12-31": "515.00000", "2013-09-30": "364.00000", "2013-06-30": "382.00000", "2013-03-31": "410.00000", "2012-12-31": "461.00000", "2012-09-30": "339.00000", "2012-06-30": "394.00000", "2012-03-31": "402.00000", "2011-12-31": "430.00000", "2011-09-30": "328.00000", "2011-06-30": "440.00000", "2011-03-31": "398.00000", "2010-12-31": "440.00000", "2010-09-30": "263.00000", "2010-06-30": "268.00000", "2010-03-31": "273.00000", "2009-12-31": "241.00000", "2009-09-30": "194.00000", "2009-06-30": "220.00000", "2009-03-31": "366.00000", "2008-12-31": "151.00000", "2008-09-30": "247.00000", "2008-06-30": "255.00000", "2008-03-31": "287.00000", "2007-12-31": "186.00000", "2007-09-30": "256.00000", "2007-06-30": "286.00000", "2007-03-31": "275.00000", "2006-12-31": "57.00000", "2006-09-30": "173.00000", "2006-06-30": "302.00000", "2006-03-31": "298.00000", "2005-12-31": "-91.00000", "2005-09-30": "174.00000", "2005-06-30": "279.00000", "2005-03-31": "345.00000"}, "Total Non-Operating Income/Expense": {"2020-12-31": "-87.00000", "2020-09-30": "-78.00000", "2020-06-30": "-99.00000", "2020-03-31": "-52.00000", "2019-12-31": "-83.00000", "2019-09-30": "-75.00000", "2019-06-30": "-70.00000", "2019-03-31": "-70.00000", "2018-12-31": "-78.00000", "2018-09-30": "-68.00000", "2018-06-30": "-71.00000", "2018-03-31": "-81.00000", "2017-12-31": "-195.00000", "2017-09-30": "-56.00000", "2017-06-30": "-59.00000", "2017-03-31": "-70.00000", "2016-12-31": "-231.00000", "2016-09-30": "-59.00000", "2016-06-30": "-71.00000", "2016-03-31": "-49.00000", "2015-12-31": "-15.00000", "2015-09-30": "-61.00000", "2015-06-30": "-63.00000", "2015-03-31": "-20.00000", "2014-12-31": "-54.00000", "2014-09-30": "-27.00000", "2014-06-30": "-65.00000", "2014-03-31": "-55.00000", "2013-12-31": "-40.00000", "2013-09-30": "-11.00000", "2013-06-30": "-40.00000", "2013-03-31": "-42.00000", "2012-12-31": "-52.00000", "2012-09-30": "-65.00000", "2012-06-30": "-43.00000", "2012-03-31": "-56.00000", "2011-12-31": "-42.00000", "2011-09-30": "-36.00000", "2011-06-30": "-88.00000", "2011-03-31": "-42.00000", "2010-12-31": "-80.00000", "2010-09-30": "-55.00000", "2010-06-30": "-24.00000", "2010-03-31": "-26.00000", "2009-12-31": "-23.00000", "2009-09-30": "-16.00000", "2009-06-30": "-10.00000", "2009-03-31": "-23.00000", "2008-12-31": "26.00000", "2008-09-30": "-29.00000", "2008-06-30": "-29.00000", "2008-03-31": "-29.00000", "2007-12-31": "93.00000", "2007-09-30": "-33.00000", "2007-06-30": "-5.00000", "2007-03-31": "-35.00000", "2006-12-31": "-1.00000", "2006-09-30": "-34.00000", "2006-06-30": "-35.00000", "2006-03-31": "-32.00000", "2005-12-31": "-32.00000", "2005-09-30": "-30.00000", "2005-06-30": "-33.00000", "2005-03-31": "-35.00000"}, "Pre-Tax Income": {"2020-12-31": "626.00000", "2020-09-30": "363.00000", "2020-06-30": "495.00000", "2020-03-31": "981.00000", "2019-12-31": "441.00000", "2019-09-30": "285.00000", "2019-06-30": "343.00000", "2019-03-31": "802.00000", "2018-12-31": "421.00000", "2018-09-30": "194.00000", "2018-06-30": "-87.00000", "2018-03-31": "718.00000", "2017-12-31": "406.00000", "2017-09-30": "200.00000", "2017-06-30": "-186.00000", "2017-03-31": "265.00000", "2016-12-31": "405.00000", "2016-09-30": "309.00000", "2016-06-30": "316.00000", "2016-03-31": "371.00000", "2015-12-31": "441.00000", "2015-09-30": "352.00000", "2015-06-30": "214.00000", "2015-03-31": "421.00000", "2014-12-31": "581.00000", "2014-09-30": "390.00000", "2014-06-30": "380.00000", "2014-03-31": "414.00000", "2013-12-31": "475.00000", "2013-09-30": "353.00000", "2013-06-30": "342.00000", "2013-03-31": "368.00000", "2012-12-31": "409.00000", "2012-09-30": "274.00000", "2012-06-30": "351.00000", "2012-03-31": "346.00000", "2011-12-31": "388.00000", "2011-09-30": "292.00000", "2011-06-30": "352.00000", "2011-03-31": "356.00000", "2010-12-31": "360.00000", "2010-09-30": "208.00000", "2010-06-30": "244.00000", "2010-03-31": "247.00000", "2009-12-31": "218.00000", "2009-09-30": "178.00000", "2009-06-30": "210.00000", "2009-03-31": "343.00000", "2008-12-31": "177.00000", "2008-09-30": "218.00000", "2008-06-30": "226.00000", "2008-03-31": "258.00000", "2007-12-31": "279.00000", "2007-09-30": "223.00000", "2007-06-30": "281.00000", "2007-03-31": "240.00000", "2006-12-31": "56.00000", "2006-09-30": "139.00000", "2006-06-30": "267.00000", "2006-03-31": "266.00000", "2005-12-31": "-123.00000", "2005-09-30": "144.00000", "2005-06-30": "246.00000", "2005-03-31": "310.00000"}, "Income Taxes": {"2020-12-31": "92.00000", "2020-09-30": "82.00000", "2020-06-30": "85.00000", "2020-03-31": "189.00000", "2019-12-31": "59.00000", "2019-09-30": "56.00000", "2019-06-30": "56.00000", "2019-03-31": "126.00000", "2018-12-31": "137.00000", "2018-09-30": "39.00000", "2018-06-30": "-144.00000", "2018-03-31": "114.00000", "2017-12-31": "389.00000", "2017-09-30": "4.00000", "2017-06-30": "-143.00000", "2017-03-31": "0.00000", "2016-12-31": "21.00000", "2016-09-30": "25.00000", "2016-06-30": "43.00000", "2016-03-31": "59.00000", "2015-12-31": "20.00000", "2015-09-30": "49.00000", "2015-06-30": "26.00000", "2015-03-31": "80.00000", "2014-12-31": "114.00000", "2014-09-30": "75.00000", "2014-06-30": "67.00000", "2014-03-31": "78.00000", "2013-12-31": "115.00000", "2013-09-30": "89.00000", "2013-06-30": "90.00000", "2013-03-31": "96.00000", "2012-12-31": "103.00000", "2012-09-30": "64.00000", "2012-06-30": "96.00000", "2012-03-31": "97.00000", "2011-12-31": "104.00000", "2011-09-30": "84.00000", "2011-06-30": "87.00000", "2011-03-31": "103.00000", "2010-12-31": "118.00000", "2010-09-30": "61.00000", "2010-06-30": "60.00000", "2010-03-31": "61.00000", "2009-12-31": "56.00000", "2009-09-30": "47.00000", "2009-06-30": "57.00000", "2009-03-31": "108.00000", "2008-12-31": "50.00000", "2008-09-30": "59.00000", "2008-06-30": "57.00000", "2008-03-31": "76.00000", "2007-12-31": "82.00000", "2007-09-30": "93.00000", "2007-06-30": "98.00000", "2007-03-31": "75.00000", "2006-12-31": "5.00000", "2006-09-30": "49.00000", "2006-06-30": "92.00000", "2006-03-31": "93.00000", "2005-12-31": "-51.00000", "2005-09-30": "47.00000", "2005-06-30": "53.00000", "2005-03-31": "112.00000"}, "Income After Taxes": {"2020-12-31": "534.00000", "2020-09-30": "281.00000", "2020-06-30": "410.00000", "2020-03-31": "792.00000", "2019-12-31": "382.00000", "2019-09-30": "229.00000", "2019-06-30": "287.00000", "2019-03-31": "676.00000", "2018-12-31": "284.00000", "2018-09-30": "155.00000", "2018-06-30": "57.00000", "2018-03-31": "604.00000", "2017-12-31": "17.00000", "2017-09-30": "196.00000", "2017-06-30": "-43.00000", "2017-03-31": "265.00000", "2016-12-31": "384.00000", "2016-09-30": "284.00000", "2016-06-30": "273.00000", "2016-03-31": "312.00000", "2015-12-31": "421.00000", "2015-09-30": "303.00000", "2015-06-30": "188.00000", "2015-03-31": "341.00000", "2014-12-31": "467.00000", "2014-09-30": "315.00000", "2014-06-30": "313.00000", "2014-03-31": "336.00000", "2013-12-31": "360.00000", "2013-09-30": "264.00000", "2013-06-30": "252.00000", "2013-03-31": "272.00000", "2012-12-31": "306.00000", "2012-09-30": "210.00000", "2012-06-30": "255.00000", "2012-03-31": "249.00000", "2011-12-31": "284.00000", "2011-09-30": "208.00000", "2011-06-30": "265.00000", "2011-03-31": "253.00000", "2010-12-31": "242.00000", "2010-09-30": "147.00000", "2010-06-30": "184.00000", "2010-03-31": "186.00000", "2009-12-31": "162.00000", "2009-09-30": "131.00000", "2009-06-30": "153.00000", "2009-03-31": "235.00000", "2008-12-31": "127.00000", "2008-09-30": "159.00000", "2008-06-30": "169.00000", "2008-03-31": "182.00000", "2007-12-31": "197.00000", "2007-09-30": "130.00000", "2007-06-30": "183.00000", "2007-03-31": "165.00000", "2006-12-31": "51.00000", "2006-09-30": "90.00000", "2006-06-30": "175.00000", "2006-03-31": "173.00000", "2005-12-31": "-72.00000", "2005-09-30": "97.00000", "2005-06-30": "193.00000", "2005-03-31": "198.00000"}, "Other Income": {"2020-12-31": "", "2020-09-30": "", "2020-06-30": "", "2020-03-31": "", "2019-12-31": "", "2019-09-30": "", "2019-06-30": "", "2019-03-31": "", "2018-12-31": "", "2018-09-30": "", "2018-06-30": "", "2018-03-31": "", "2017-12-31": "", "2017-09-30": "", "2017-06-30": "", "2017-03-31": "", "2016-12-31": "", "2016-09-30": "", "2016-06-30": "", "2016-03-31": "", "2015-12-31": "", "2015-09-30": "", "2015-06-30": "", "2015-03-31": "", "2014-12-31": "", "2014-09-30": "", "2014-06-30": "", "2014-03-31": "", "2013-12-31": "", "2013-09-30": "", "2013-06-30": "", "2013-03-31": "", "2012-12-31": "", "2012-09-30": "", "2012-06-30": "", "2012-03-31": "", "2011-12-31": "", "2011-09-30": "", "2011-06-30": "", "2011-03-31": "", "2010-12-31": "", "2010-09-30": "", "2010-06-30": "", "2010-03-31": "", "2009-12-31": "", "2009-09-30": "", "2009-06-30": "", "2009-03-31": "", "2008-12-31": "", "2008-09-30": "", "2008-06-30": "", "2008-03-31": "", "2007-12-31": "", "2007-09-30": "", "2007-06-30": "", "2007-03-31": "", "2006-12-31": "", "2006-09-30": "", "2006-06-30": "", "2006-03-31": "", "2005-12-31": "", "2005-09-30": "", "2005-06-30": "", "2005-03-31": ""}, "Income From Continuous Operations": {"2020-12-31": "534.00000", "2020-09-30": "281.00000", "2020-06-30": "410.00000", "2020-03-31": "792.00000", "2019-12-31": "382.00000", "2019-09-30": "229.00000", "2019-06-30": "287.00000", "2019-03-31": "676.00000", "2018-12-31": "284.00000", "2018-09-30": "155.00000", "2018-06-30": "57.00000", "2018-03-31": "604.00000", "2017-12-31": "17.00000", "2017-09-30": "196.00000", "2017-06-30": "-43.00000", "2017-03-31": "265.00000", "2016-12-31": "384.00000", "2016-09-30": "284.00000", "2016-06-30": "273.00000", "2016-03-31": "312.00000", "2015-12-31": "421.00000", "2015-09-30": "303.00000", "2015-06-30": "188.00000", "2015-03-31": "341.00000", "2014-12-31": "467.00000", "2014-09-30": "315.00000", "2014-06-30": "313.00000", "2014-03-31": "336.00000", "2013-12-31": "360.00000", "2013-09-30": "264.00000", "2013-06-30": "252.00000", "2013-03-31": "272.00000", "2012-12-31": "306.00000", "2012-09-30": "210.00000", "2012-06-30": "255.00000", "2012-03-31": "249.00000", "2011-12-31": "284.00000", "2011-09-30": "208.00000", "2011-06-30": "265.00000", "2011-03-31": "253.00000", "2010-12-31": "242.00000", "2010-09-30": "147.00000", "2010-06-30": "184.00000", "2010-03-31": "186.00000", "2009-12-31": "162.00000", "2009-09-30": "131.00000", "2009-06-30": "153.00000", "2009-03-31": "235.00000", "2008-12-31": "127.00000", "2008-09-30": "159.00000", "2008-06-30": "169.00000", "2008-03-31": "182.00000", "2007-12-31": "197.00000", "2007-09-30": "130.00000", "2007-06-30": "183.00000", "2007-03-31": "165.00000", "2006-12-31": "51.00000", "2006-09-30": "90.00000", "2006-06-30": "175.00000", "2006-03-31": "173.00000", "2005-12-31": "-72.00000", "2005-09-30": "97.00000", "2005-06-30": "193.00000", "2005-03-31": "198.00000"}, "Income From Discontinued Operations": {"2020-12-31": "", "2020-09-30": "1.00000", "2020-06-30": "1.00000", "2020-03-31": "-1.00000", "2019-12-31": "", "2019-09-30": "-1.00000", "2019-06-30": "", "2019-03-31": "", "2018-12-31": "69.00000", "2018-09-30": "-2.00000", "2018-06-30": "1.00000", "2018-03-31": "6.00000", "2017-12-31": "-29.00000", "2017-09-30": "-4.00000", "2017-06-30": "821.00000", "2017-03-31": "40.00000", "2016-12-31": "75.00000", "2016-09-30": "42.00000", "2016-06-30": "35.00000", "2016-03-31": "25.00000", "2015-12-31": "", "2015-09-30": "", "2015-06-30": "", "2015-03-31": "", "2014-12-31": "", "2014-09-30": "", "2014-06-30": "", "2014-03-31": "", "2013-12-31": "", "2013-09-30": "", "2013-06-30": "", "2013-03-31": "", "2012-12-31": "", "2012-09-30": "", "2012-06-30": "-1.00000", "2012-03-31": "", "2011-12-31": "", "2011-09-30": "", "2011-06-30": "2.00000", "2011-03-31": "2.00000", "2010-12-31": "-1.00000", "2010-09-30": "0.00000", "2010-06-30": "-26.00000", "2010-03-31": "0.00000", "2009-12-31": "56.00000", "2009-09-30": "3.00000", "2009-06-30": "2.00000", "2009-03-31": "50.00000", "2008-12-31": "-129.00000", "2008-09-30": "-38.00000", "2008-06-30": "967.00000", "2008-03-31": "41.00000", "2007-12-31": "23.00000", "2007-09-30": "74.00000", "2007-06-30": "57.00000", "2007-03-31": "48.00000", "2006-12-31": "172.00000", "2006-09-30": "16.00000", "2006-06-30": "18.00000", "2006-03-31": "24.00000", "2005-12-31": "294.00000", "2005-09-30": "25.00000", "2005-06-30": "-2.00000", "2005-03-31": "2.00000"}, "Net Income": {"2020-12-31": "524.00000", "2020-09-30": "275.00000", "2020-06-30": "398.00000", "2020-03-31": "772.00000", "2019-12-31": "374.00000", "2019-09-30": "222.00000", "2019-06-30": "277.00000", "2019-03-31": "659.00000", "2018-12-31": "345.00000", "2018-09-30": "147.00000", "2018-06-30": "48.00000", "2018-03-31": "594.00000", "2017-12-31": "-19.00000", "2017-09-30": "185.00000", "2017-06-30": "769.00000", "2017-03-31": "291.00000", "2016-12-31": "452.00000", "2016-09-30": "319.00000", "2016-06-30": "300.00000", "2016-03-31": "325.00000", "2015-12-31": "584.00000", "2015-09-30": "295.00000", "2015-06-30": "178.00000", "2015-03-31": "328.00000", "2014-12-31": "459.00000", "2014-09-30": "309.00000", "2014-06-30": "304.00000", "2014-03-31": "325.00000", "2013-12-31": "355.00000", "2013-09-30": "256.00000", "2013-06-30": "241.00000", "2013-03-31": "261.00000", "2012-12-31": "305.00000", "2012-09-30": "204.00000", "2012-06-30": "246.00000", "2012-03-31": "238.00000", "2011-12-31": "277.00000", "2011-09-30": "198.00000", "2011-06-30": "258.00000", "2011-03-31": "246.00000", "2010-12-31": "231.00000", "2010-09-30": "144.00000", "2010-06-30": "153.00000", "2010-03-31": "178.00000", "2009-12-31": "198.00000", "2009-09-30": "120.00000", "2009-06-30": "149.00000", "2009-03-31": "280.00000", "2008-12-31": "-6.00000", "2008-09-30": "117.00000", "2008-06-30": "1133.00000", "2008-03-31": "218.00000", "2007-12-31": "207.00000", "2007-09-30": "204.00000", "2007-06-30": "240.00000", "2007-03-31": "213.00000", "2006-12-31": "223.00000", "2006-09-30": "106.00000", "2006-06-30": "193.00000", "2006-03-31": "198.00000", "2005-12-31": "222.00000", "2005-09-30": "121.00000", "2005-06-30": "191.00000", "2005-03-31": "199.00000"}, "EBITDA": {"2020-12-31": "", "2020-09-30": "533.00000", "2020-06-30": "693.00000", "2020-03-31": "1171.00000", "2019-12-31": "669.00000", "2019-09-30": "505.00000", "2019-06-30": "550.00000", "2019-03-31": "1009.00000", "2018-12-31": "650.00000", "2018-09-30": "402.00000", "2018-06-30": "423.00000", "2018-03-31": "838.00000", "2017-12-31": "740.00000", "2017-09-30": "397.00000", "2017-06-30": "430.00000", "2017-03-31": "389.00000", "2016-12-31": "720.00000", "2016-09-30": "449.00000", "2016-06-30": "466.00000", "2016-03-31": "495.00000", "2015-12-31": "388.00000", "2015-09-30": "547.00000", "2015-06-30": "413.00000", "2015-03-31": "577.00000", "2014-12-31": "783.00000", "2014-09-30": "568.00000", "2014-06-30": "594.00000", "2014-03-31": "615.00000", "2013-12-31": "677.00000", "2013-09-30": "521.00000", "2013-06-30": "540.00000", "2013-03-31": "568.00000", "2012-12-31": "635.00000", "2012-09-30": "500.00000", "2012-06-30": "555.00000", "2012-03-31": "561.00000", "2011-12-31": "575.00000", "2011-09-30": "472.00000", "2011-06-30": "589.00000", "2011-03-31": "542.00000", "2010-12-31": "566.00000", "2010-09-30": "324.00000", "2010-06-30": "328.00000", "2010-03-31": "331.00000", "2009-12-31": "309.00000", "2009-09-30": "250.00000", "2009-06-30": "278.00000", "2009-03-31": "426.00000", "2008-12-31": "216.00000", "2008-09-30": "296.00000", "2008-06-30": "313.00000", "2008-03-31": "337.00000", "2007-12-31": "242.00000", "2007-09-30": "306.00000", "2007-06-30": "335.00000", "2007-03-31": "325.00000", "2006-12-31": "128.00000", "2006-09-30": "230.00000", "2006-06-30": "361.00000", "2006-03-31": "355.00000", "2005-12-31": "-23.00000", "2005-09-30": "253.00000", "2005-06-30": "341.00000", "2005-03-31": "413.00000"}, "EBIT": {"2020-12-31": "713.00000", "2020-09-30": "441.00000", "2020-06-30": "594.00000", "2020-03-31": "1033.00000", "2019-12-31": "524.00000", "2019-09-30": "360.00000", "2019-06-30": "413.00000", "2019-03-31": "872.00000", "2018-12-31": "499.00000", "2018-09-30": "262.00000", "2018-06-30": "-16.00000", "2018-03-31": "799.00000", "2017-12-31": "601.00000", "2017-09-30": "256.00000", "2017-06-30": "-127.00000", "2017-03-31": "335.00000", "2016-12-31": "636.00000", "2016-09-30": "368.00000", "2016-06-30": "387.00000", "2016-03-31": "420.00000", "2015-12-31": "456.00000", "2015-09-30": "413.00000", "2015-06-30": "277.00000", "2015-03-31": "441.00000", "2014-12-31": "635.00000", "2014-09-30": "417.00000", "2014-06-30": "445.00000", "2014-03-31": "469.00000", "2013-12-31": "515.00000", "2013-09-30": "364.00000", "2013-06-30": "382.00000", "2013-03-31": "410.00000", "2012-12-31": "461.00000", "2012-09-30": "339.00000", "2012-06-30": "394.00000", "2012-03-31": "402.00000", "2011-12-31": "430.00000", "2011-09-30": "328.00000", "2011-06-30": "440.00000", "2011-03-31": "398.00000", "2010-12-31": "440.00000", "2010-09-30": "263.00000", "2010-06-30": "268.00000", "2010-03-31": "273.00000", "2009-12-31": "241.00000", "2009-09-30": "194.00000", "2009-06-30": "220.00000", "2009-03-31": "366.00000", "2008-12-31": "151.00000", "2008-09-30": "247.00000", "2008-06-30": "255.00000", "2008-03-31": "287.00000", "2007-12-31": "186.00000", "2007-09-30": "256.00000", "2007-06-30": "286.00000", "2007-03-31": "275.00000", "2006-12-31": "57.00000", "2006-09-30": "173.00000", "2006-06-30": "302.00000", "2006-03-31": "298.00000", "2005-12-31": "-91.00000", "2005-09-30": "174.00000", "2005-06-30": "279.00000", "2005-03-31": "345.00000"}, "Basic Shares Outstanding": {"2020-12-31": "229.20000", "2020-09-30": "232.60000", "2020-06-30": "232.70000", "2020-03-31": "233.20000", "2019-12-31": "238.60000", "2019-09-30": "236.90000", "2019-06-30": "240.60000", "2019-03-31": "242.20000", "2018-12-31": "245.20000", "2018-09-30": "244.00000", "2018-06-30": "246.00000", "2018-03-31": "248.50000", "2017-12-31": "258.50000", "2017-09-30": "255.60000", "2017-06-30": "262.40000", "2017-03-31": "264.80000", "2016-12-31": "268.10000", "2016-09-30": "267.50000", "2016-06-30": "268.00000", "2016-03-31": "271.70000", "2015-12-31": "280.80000", "2015-09-30": "280.90000", "2015-06-30": "284.50000", "2015-03-31": "284.20000", "2014-12-31": "295.50000", "2014-09-30": "292.30000", "2014-06-30": "298.50000", "2014-03-31": "303.50000", "2013-12-31": "311.40000", "2013-09-30": "309.50000", "2013-06-30": "313.70000", "2013-03-31": "316.40000", "2012-12-31": "328.50000", "2012-09-30": "327.30000", "2012-06-30": "332.00000", "2012-03-31": "332.40000", "2011-12-31": "335.50000", "2011-09-30": "332.60000", "2011-06-30": "337.70000", "2011-03-31": "339.40000", "2010-12-31": "293.40000", "2010-09-30": "278.70000", "2010-06-30": "278.40000", "2010-03-31": "275.90000", "2009-12-31": "283.20000", "2009-09-30": "283.80000", "2009-06-30": "285.40000", "2009-03-31": "284.30000", "2008-12-31": "292.80000", "2008-09-30": "281.70000", "2008-06-30": "289.50000", "2008-03-31": "311.90000", "2007-12-31": "305.00000", "2007-09-30": "295.00000", "2007-06-30": "296.00000", "2007-03-31": "298.00000", "2006-12-31": "317.00000", "2006-09-30": "316.00000", "2006-06-30": "320.00000", "2006-03-31": "324.00000", "2005-12-31": "322.00000", "2005-09-30": "323.00000", "2005-06-30": "322.00000", "2005-03-31": "321.00000"}, "Shares Outstanding": {"2020-12-31": "230.90000", "2020-09-30": "233.50000", "2020-06-30": "233.60000", "2020-03-31": "234.50000", "2019-12-31": "240.60000", "2019-09-30": "239.10000", "2019-06-30": "242.80000", "2019-03-31": "243.70000", "2018-12-31": "247.00000", "2018-09-30": "245.60000", "2018-06-30": "247.40000", "2018-03-31": "250.20000", "2017-12-31": "260.70000", "2017-09-30": "257.30000", "2017-06-30": "262.40000", "2017-03-31": "267.00000", "2016-12-31": "270.30000", "2016-09-30": "269.60000", "2016-06-30": "269.80000", "2016-03-31": "273.70000", "2015-12-31": "283.80000", "2015-09-30": "283.80000", "2015-06-30": "286.70000", "2015-03-31": "287.10000", "2014-12-31": "299.60000", "2014-09-30": "296.10000", "2014-06-30": "301.60000", "2014-03-31": "307.20000", "2013-12-31": "315.40000", "2013-09-30": "312.90000", "2013-06-30": "317.10000", "2013-03-31": "320.00000", "2012-12-31": "332.60000", "2012-09-30": "331.00000", "2012-06-30": "335.60000", "2012-03-31": "336.60000", "2011-12-31": "340.90000", "2011-09-30": "336.90000", "2011-06-30": "342.70000", "2011-03-31": "345.40000", "2010-12-31": "298.10000", "2010-09-30": "282.20000", "2010-06-30": "282.60000", "2010-03-31": "283.40000", "2009-12-31": "291.10000", "2009-09-30": "292.10000", "2009-06-30": "292.70000", "2009-03-31": "292.00000", "2008-12-31": "304.50000", "2008-09-30": "293.90000", "2008-06-30": "305.30000", "2008-03-31": "319.80000", "2007-12-31": "326.90000", "2007-09-30": "321.50000", "2007-06-30": "321.90000", "2007-03-31": "324.40000", "2006-12-31": "342.10000", "2006-09-30": "340.10000", "2006-06-30": "344.80000", "2006-03-31": "350.20000", "2005-12-31": "341.50000", "2005-09-30": "342.70000", "2005-06-30": "338.50000", "2005-03-31": "337.10000"}, "Basic EPS": {"2020-12-31": "2.29000", "2020-09-30": "1.18000", "2020-06-30": "1.71000", "2020-03-31": "3.31000", "2019-12-31": "1.61000", "2019-09-30": "0.94000", "2019-06-30": "1.15000", "2019-03-31": "2.72000", "2018-12-31": "1.43000", "2018-09-30": "0.60000", "2018-06-30": "0.20000", "2018-03-31": "2.39000", "2017-12-31": "-0.01000", "2017-09-30": "0.72000", "2017-06-30": "2.93000", "2017-03-31": "1.10000", "2016-12-31": "1.70000", "2016-09-30": "1.19000", "2016-06-30": "1.12000", "2016-03-31": "1.20000", "2015-12-31": "2.10000", "2015-09-30": "1.05000", "2015-06-30": "0.63000", "2015-03-31": "1.15000", "2014-12-31": "1.58000", "2014-09-30": "1.06000", "2014-06-30": "1.02000", "2014-03-31": "1.07000", "2013-12-31": "1.15000", "2013-09-30": "0.83000", "2013-06-30": "0.77000", "2013-03-31": "0.82000", "2012-12-31": "0.94000", "2012-09-30": "0.62000", "2012-06-30": "0.74000", "2012-03-31": "0.72000", "2011-12-31": "0.85000", "2011-09-30": "0.59000", "2011-06-30": "0.76000", "2011-03-31": "0.72000", "2010-12-31": "0.69000", "2010-09-30": "0.52000", "2010-06-30": "0.55000", "2010-03-31": "0.65000", "2009-12-31": "0.72000", "2009-09-30": "0.42000", "2009-06-30": "0.51000", "2009-03-31": "0.99000", "2008-12-31": "0.05000", "2008-09-30": "0.42000", "2008-06-30": "3.82000", "2008-03-31": "0.70000", "2007-12-31": "0.62000", "2007-09-30": "0.69000", "2007-06-30": "0.81000", "2007-03-31": "0.71000", "2006-12-31": "0.72000", "2006-09-30": "0.34000", "2006-06-30": "0.60000", "2006-03-31": "0.61000", "2005-12-31": "0.69000", "2005-09-30": "0.37000", "2005-06-30": "0.59000", "2005-03-31": "0.62000"}, "EPS - Earnings Per Share": {"2020-12-31": "2.27000", "2020-09-30": "1.18000", "2020-06-30": "1.70000", "2020-03-31": "3.29000", "2019-12-31": "1.60000", "2019-09-30": "0.93000", "2019-06-30": "1.14000", "2019-03-31": "2.70000", "2018-12-31": "1.43000", "2018-09-30": "0.60000", "2018-06-30": "0.19000", "2018-03-31": "2.37000", "2017-12-31": "-0.04000", "2017-09-30": "0.72000", "2017-06-30": "2.93000", "2017-03-31": "1.09000", "2016-12-31": "1.68000", "2016-09-30": "1.18000", "2016-06-30": "1.11000", "2016-03-31": "1.19000", "2015-12-31": "2.08000", "2015-09-30": "1.04000", "2015-06-30": "0.62000", "2015-03-31": "1.14000", "2014-12-31": "1.55000", "2014-09-30": "1.04000", "2014-06-30": "1.01000", "2014-03-31": "1.06000", "2013-12-31": "1.13000", "2013-09-30": "0.82000", "2013-06-30": "0.76000", "2013-03-31": "0.82000", "2012-12-31": "0.93000", "2012-09-30": "0.62000", "2012-06-30": "0.73000", "2012-03-31": "0.71000", "2011-12-31": "0.82000", "2011-09-30": "0.59000", "2011-06-30": "0.75000", "2011-03-31": "0.71000", "2010-12-31": "0.69000", "2010-09-30": "0.51000", "2010-06-30": "0.54000", "2010-03-31": "0.63000", "2009-12-31": "0.69000", "2009-09-30": "0.41000", "2009-06-30": "0.51000", "2009-03-31": "0.96000", "2008-12-31": "0.01000", "2008-09-30": "0.40000", "2008-06-30": "3.71000", "2008-03-31": "0.68000", "2007-12-31": "0.61000", "2007-09-30": "0.64000", "2007-06-30": "0.75000", "2007-03-31": "0.66000", "2006-12-31": "0.67000", "2006-09-30": "0.32000", "2006-06-30": "0.57000", "2006-03-31": "0.57000", "2005-12-31": "0.65000", "2005-09-30": "0.36000", "2005-06-30": "0.57000", "2005-03-31": "0.59000"}}, "balance sheet": {"Cash On Hand": {"2020-12-31": "884.00000", "2019-12-31": "790.00000", "2018-12-31": "656.00000", "2017-12-31": "756.00000", "2016-12-31": "426.00000", "2015-12-31": "384.00000", "2014-12-31": "374.00000", "2013-12-31": "477.00000", "2012-12-31": "291.00000", "2011-12-31": "272.00000", "2010-12-31": "346.00000", "2009-12-31": "217.00000", "2008-12-31": "582.00000", "2007-12-31": "584.00000", "2006-12-31": "281.00000", "2005-12-31": "476.00000"}, "Receivables": {"2020-12-31": "3070.00000", "2019-12-31": "3112.00000", "2018-12-31": "2760.00000", "2017-12-31": "2478.00000", "2016-12-31": "2106.00000", "2015-12-31": "2564.00000", "2014-12-31": "2815.00000", "2013-12-31": "2896.00000", "2012-12-31": "3101.00000", "2011-12-31": "3183.00000", "2010-12-31": "2701.00000", "2009-12-31": "2052.00000", "2008-12-31": "1990.00000", "2007-12-31": "1993.00000", "2006-12-31": "8631.00000", "2005-12-31": "9135.00000"}, "Inventory": {"2020-12-31": "", "2019-12-31": "", "2018-12-31": "", "2017-12-31": "", "2016-12-31": "", "2015-12-31": "", "2014-12-31": "", "2013-12-31": "", "2012-12-31": "", "2011-12-31": "", "2010-12-31": "", "2009-12-31": "", "2008-12-31": "", "2007-12-31": "", "2006-12-31": "", "2005-12-31": ""}, "Pre-Paid Expenses": {"2020-12-31": "", "2019-12-31": "", "2018-12-31": "", "2017-12-31": "", "2016-12-31": "", "2015-12-31": "", "2014-12-31": "", "2013-12-31": "", "2012-12-31": "", "2011-12-31": "", "2010-12-31": "", "2009-12-31": "", "2008-12-31": "", "2007-12-31": "", "2006-12-31": "", "2005-12-31": ""}, "Other Current Assets": {"2020-12-31": "", "2019-12-31": "", "2018-12-31": "", "2017-12-31": "", "2016-12-31": "", "2015-12-31": "", "2014-12-31": "", "2013-12-31": "", "2012-12-31": "", "2011-12-31": "", "2010-12-31": "", "2009-12-31": "", "2008-12-31": "", "2007-12-31": "", "2006-12-31": "", "2005-12-31": ""}, "Total Current Assets": {"2020-12-31": "3954.00000", "2019-12-31": "3902.00000", "2018-12-31": "3416.00000", "2017-12-31": "3234.00000", "2016-12-31": "2532.00000", "2015-12-31": "2948.00000", "2014-12-31": "3189.00000", "2013-12-31": "3373.00000", "2012-12-31": "3392.00000", "2011-12-31": "3455.00000", "2010-12-31": "3047.00000", "2009-12-31": "2269.00000", "2008-12-31": "2572.00000", "2007-12-31": "2577.00000", "2006-12-31": "8912.00000", "2005-12-31": "9611.00000"}, "Property, Plant, And Equipment": {"2020-12-31": "599.00000", "2019-12-31": "621.00000", "2018-12-31": "588.00000", "2017-12-31": "564.00000", "2016-12-31": "550.00000", "2015-12-31": "765.00000", "2014-12-31": "765.00000", "2013-12-31": "791.00000", "2012-12-31": "820.00000", "2011-12-31": "783.00000", "2010-12-31": "781.00000", "2009-12-31": "461.00000", "2008-12-31": "451.00000", "2007-12-31": "497.00000", "2006-12-31": "456.00000", "2005-12-31": "505.00000"}, "Long-Term Investments": {"2020-12-31": "308.00000", "2019-12-31": "138.00000", "2018-12-31": "172.00000", "2017-12-31": "529.00000", "2016-12-31": "290.00000", "2015-12-31": "356.00000", "2014-12-31": "394.00000", "2013-12-31": "655.00000", "2012-12-31": "511.00000", "2011-12-31": "1024.00000", "2010-12-31": "1097.00000", "2009-12-31": "741.00000", "2008-12-31": "1016.00000", "2007-12-31": "1452.00000", "2006-12-31": "4864.00000", "2005-12-31": "7058.00000"}, "Goodwill And Intangible Assets": {"2020-12-31": "9306.00000", "2019-12-31": "8948.00000", "2018-12-31": "9320.00000", "2017-12-31": "10091.00000", "2016-12-31": "9300.00000", "2015-12-31": "10628.00000", "2014-12-31": "11380.00000", "2013-12-31": "11575.00000", "2012-12-31": "11918.00000", "2011-12-31": "12046.00000", "2010-12-31": "12258.00000", "2009-12-31": "6869.00000", "2008-12-31": "6416.00000", "2007-12-31": "5119.00000", "2006-12-31": "4666.00000", "2005-12-31": "4253.00000"}, "Other Long-Term Assets": {"2020-12-31": "16304.00000", "2019-12-31": "14222.00000", "2018-12-31": "12365.00000", "2017-12-31": "11281.00000", "2016-12-31": "10424.00000", "2015-12-31": "11886.00000", "2014-12-31": "13900.00000", "2013-12-31": "13664.00000", "2012-12-31": "13560.00000", "2011-12-31": "11986.00000", "2010-12-31": "11494.00000", "2009-12-31": "11737.00000", "2008-12-31": "11690.00000", "2007-12-31": "14755.00000", "2006-12-31": "4746.00000", "2005-12-31": "5409.00000"}, "Total Long-Term Assets": {"2020-12-31": "27241.00000", "2019-12-31": "24574.00000", "2018-12-31": "23006.00000", "2017-12-31": "22854.00000", "2016-12-31": "24083.00000", "2015-12-31": "23935.00000", "2014-12-31": "26583.00000", "2013-12-31": "26878.00000", "2012-12-31": "27094.00000", "2011-12-31": "26097.00000", "2010-12-31": "25935.00000", "2009-12-31": "20689.00000", "2008-12-31": "20368.00000", "2007-12-31": "22352.00000", "2006-12-31": "15472.00000", "2005-12-31": "18221.00000"}, "Total Assets": {"2020-12-31": "32106.00000", "2019-12-31": "29405.00000", "2018-12-31": "26422.00000", "2017-12-31": "26088.00000", "2016-12-31": "26615.00000", "2015-12-31": "26883.00000", "2014-12-31": "29772.00000", "2013-12-31": "30251.00000", "2012-12-31": "30486.00000", "2011-12-31": "29552.00000", "2010-12-31": "28982.00000", "2009-12-31": "22958.00000", "2008-12-31": "22940.00000", "2007-12-31": "24929.00000", "2006-12-31": "24384.00000", "2005-12-31": "27832.00000"}, "Total Current Liabilities": {"2020-12-31": "2464.00000", "2019-12-31": "2651.00000", "2018-12-31": "2194.00000", "2017-12-31": "2260.00000", "2016-12-31": "1940.00000", "2015-12-31": "2334.00000", "2014-12-31": "2588.00000", "2013-12-31": "2634.00000", "2012-12-31": "2305.00000", "2011-12-31": "2169.00000", "2010-12-31": "2302.00000", "2009-12-31": "1545.00000", "2008-12-31": "1665.00000", "2007-12-31": "1665.00000", "2006-12-31": "11226.00000", "2005-12-31": "12888.00000"}, "Long Term Debt": {"2020-12-31": "7281.00000", "2019-12-31": "6627.00000", "2018-12-31": "5993.00000", "2017-12-31": "5667.00000", "2016-12-31": "5869.00000", "2015-12-31": "5138.00000", "2014-12-31": "4799.00000", "2013-12-31": "3686.00000", "2012-12-31": "3713.00000", "2011-12-31": "4155.00000", "2010-12-31": "4014.00000", "2009-12-31": "1998.00000", "2008-12-31": "1872.00000", "2007-12-31": "1893.00000", "2006-12-31": "2243.00000", "2005-12-31": "2105.00000"}, "Other Non-Current Liabilities": {"2020-12-31": "17619.00000", "2019-12-31": "15535.00000", "2018-12-31": "13835.00000", "2017-12-31": "13386.00000", "2016-12-31": "12094.00000", "2015-12-31": "13315.00000", "2014-12-31": "15441.00000", "2013-12-31": "15316.00000", "2012-12-31": "16357.00000", "2011-12-31": "14807.00000", "2010-12-31": "13697.00000", "2009-12-31": "13855.00000", "2008-12-31": "13870.00000", "2007-12-31": "15041.00000", "2006-12-31": "5603.00000", "2005-12-31": "7522.00000"}, "Total Long Term Liabilities": {"2020-12-31": "25162.00000", "2019-12-31": "22361.00000", "2018-12-31": "20009.00000", "2017-12-31": "19180.00000", "2016-12-31": "19143.00000", "2015-12-31": "18490.00000", "2014-12-31": "20553.00000", "2013-12-31": "19422.00000", "2012-12-31": "20376.00000", "2011-12-31": "19263.00000", "2010-12-31": "18374.00000", "2009-12-31": "15982.00000", "2008-12-31": "15860.00000", "2007-12-31": "17043.00000", "2006-12-31": "7940.00000", "2005-12-31": "9627.00000"}, "Total Liabilities": {"2020-12-31": "28523.00000", "2019-12-31": "25956.00000", "2018-12-31": "22203.00000", "2017-12-31": "21440.00000", "2016-12-31": "21083.00000", "2015-12-31": "20824.00000", "2014-12-31": "23141.00000", "2013-12-31": "22056.00000", "2012-12-31": "22681.00000", "2011-12-31": "21432.00000", "2010-12-31": "20676.00000", "2009-12-31": "17527.00000", "2008-12-31": "17525.00000", "2007-12-31": "18708.00000", "2006-12-31": "19166.00000", "2005-12-31": "22515.00000"}, "Common Stock Net": {"2020-12-31": "2.00000", "2019-12-31": "2.00000", "2018-12-31": "2.00000", "2017-12-31": "2.00000", "2016-12-31": "3.00000", "2015-12-31": "3.00000", "2014-12-31": "3.00000", "2013-12-31": "3.00000", "2012-12-31": "3.00000", "2011-12-31": "386.00000", "2010-12-31": "386.00000", "2009-12-31": "363.00000", "2008-12-31": "362.00000", "2007-12-31": "361.00000", "2006-12-31": "347.00000", "2005-12-31": "344.00000"}, "Retained Earnings (Accumulated Deficit)": {"2020-12-31": "1042.00000", "2019-12-31": "1254.00000", "2018-12-31": "2093.00000", "2017-12-31": "2302.00000", "2016-12-31": "3807.00000", "2015-12-31": "4013.00000", "2014-12-31": "4605.00000", "2013-12-31": "5731.00000", "2012-12-31": "5933.00000", "2011-12-31": "8594.00000", "2010-12-31": "7861.00000", "2009-12-31": "7335.00000", "2008-12-31": "6816.00000", "2007-12-31": "5607.00000", "2006-12-31": "4992.00000", "2005-12-31": "4531.00000"}, "Comprehensive Income": {"2020-12-31": "-3861.00000", "2019-12-31": "-4033.00000", "2018-12-31": "-3909.00000", "2017-12-31": "-3496.00000", "2016-12-31": "-3912.00000", "2015-12-31": "-3423.00000", "2014-12-31": "-3134.00000", "2013-12-31": "-2374.00000", "2012-12-31": "-2610.00000", "2011-12-31": "-2370.00000", "2010-12-31": "-1917.00000", "2009-12-31": "-1675.00000", "2008-12-31": "-1462.00000", "2007-12-31": "-726.00000", "2006-12-31": "-1010.00000", "2005-12-31": "-1155.00000"}, "Other Share Holders Equity": {"2020-12-31": "", "2019-12-31": "", "2018-12-31": "", "2017-12-31": "", "2016-12-31": "", "2015-12-31": "", "2014-12-31": "", "2013-12-31": "", "2012-12-31": "", "2011-12-31": "", "2010-12-31": "", "2009-12-31": "", "2008-12-31": "", "2007-12-31": "", "2006-12-31": "", "2005-12-31": ""}, "Share Holder Equity": {"2020-12-31": "3583.00000", "2019-12-31": "3449.00000", "2018-12-31": "4219.00000", "2017-12-31": "4648.00000", "2016-12-31": "5532.00000", "2015-12-31": "6059.00000", "2014-12-31": "6631.00000", "2013-12-31": "8195.00000", "2012-12-31": "7805.00000", "2011-12-31": "8120.00000", "2010-12-31": "8306.00000", "2009-12-31": "5431.00000", "2008-12-31": "5415.00000", "2007-12-31": "6221.00000", "2006-12-31": "5218.00000", "2005-12-31": "5317.00000"}, "Total Liabilities And Share Holders Equity": {"2020-12-31": "32106.00000", "2019-12-31": "29405.00000", "2018-12-31": "26422.00000", "2017-12-31": "26088.00000", "2016-12-31": "26615.00000", "2015-12-31": "26883.00000", "2014-12-31": "29772.00000", "2013-12-31": "30251.00000", "2012-12-31": "30486.00000", "2011-12-31": "29552.00000", "2010-12-31": "28982.00000", "2009-12-31": "22958.00000", "2008-12-31": "22940.00000", "2007-12-31": "24929.00000", "2006-12-31": "24384.00000", "2005-12-31": "27832.00000"}}, "balance sheet, quarterly": {"Cash On Hand": {"2020-12-31": "884.00000", "2020-09-30": "821.00000", "2020-06-30": "757.00000", "2020-03-31": "690.00000", "2019-12-31": "790.00000", "2019-09-30": "602.00000", "2019-06-30": "581.00000", "2019-03-31": "600.00000", "2018-12-31": "656.00000", "2018-09-30": "484.00000", "2018-06-30": "487.00000", "2018-03-31": "597.00000", "2017-12-31": "756.00000", "2017-09-30": "749.00000", "2017-06-30": "684.00000", "2017-03-31": "433.00000", "2016-12-31": "426.00000", "2016-09-30": "483.00000", "2016-06-30": "438.00000", "2016-03-31": "465.00000", "2015-12-31": "384.00000", "2015-09-30": "398.00000", "2015-06-30": "367.00000", "2015-03-31": "378.00000", "2014-12-31": "374.00000", "2014-09-30": "382.00000", "2014-06-30": "418.00000", "2014-03-31": "338.00000", "2013-12-31": "477.00000", "2013-09-30": "369.00000", "2013-06-30": "266.00000", "2013-03-31": "408.00000", "2012-12-31": "291.00000", "2012-09-30": "290.00000", "2012-06-30": "286.00000", "2012-03-31": "323.00000", "2011-12-31": "272.00000", "2011-09-30": "295.00000", "2011-06-30": "300.00000", "2011-03-31": "682.00000", "2010-12-31": "346.00000", "2010-09-30": "335.00000", "2010-06-30": "260.00000", "2010-03-31": "422.00000", "2009-12-31": "217.00000", "2009-09-30": "580.00000", "2009-06-30": "537.00000", "2009-03-31": "501.00000", "2008-12-31": "582.00000", "2008-09-30": "478.00000", "2008-06-30": "466.00000", "2008-03-31": "452.00000", "2007-12-31": "584.00000", "2007-09-30": "321.00000", "2007-06-30": "406.00000", "2007-03-31": "351.00000", "2006-12-31": "281.00000", "2006-09-30": "461.00000", "2006-06-30": "425.00000", "2006-03-31": "451.00000", "2005-12-31": "476.00000", "2005-09-30": "433.00000", "2005-06-30": "419.00000", "2005-03-31": "526.00000"}, "Receivables": {"2020-12-31": "3070.00000", "2020-09-30": "2906.00000", "2020-06-30": "3314.00000", "2020-03-31": "3554.00000", "2019-12-31": "3112.00000", "2019-09-30": "2866.00000", "2019-06-30": "3227.00000", "2019-03-31": "3242.00000", "2018-12-31": "2760.00000", "2018-09-30": "2656.00000", "2018-06-30": "2992.00000", "2018-03-31": "3053.00000", "2017-12-31": "2478.00000", "2017-09-30": "2068.00000", "2017-06-30": "2191.00000", "2017-03-31": "2103.00000", "2016-12-31": "2106.00000", "2016-09-30": "2391.00000", "2016-06-30": "2516.00000", "2016-03-31": "2591.00000", "2015-12-31": "2564.00000", "2015-09-30": "2453.00000", "2015-06-30": "2684.00000", "2015-03-31": "2672.00000", "2014-12-31": "2815.00000", "2014-09-30": "2630.00000", "2014-06-30": "2803.00000", "2014-03-31": "2880.00000", "2013-12-31": "2896.00000", "2013-09-30": "2666.00000", "2013-06-30": "2838.00000", "2013-03-31": "2884.00000", "2012-12-31": "3101.00000", "2012-09-30": "2959.00000", "2012-06-30": "3075.00000", "2012-03-31": "3164.00000", "2011-12-31": "3183.00000", "2011-09-30": "2745.00000", "2011-06-30": "2785.00000", "2011-03-31": "2650.00000", "2010-12-31": "2701.00000", "2010-09-30": "2086.00000", "2010-06-30": "1994.00000", "2010-03-31": "1983.00000", "2009-12-31": "2052.00000", "2009-09-30": "1844.00000", "2009-06-30": "1937.00000", "2009-03-31": "1795.00000", "2008-12-31": "1990.00000", "2008-09-30": "1877.00000", "2008-06-30": "2012.00000", "2008-03-31": "1938.00000", "2007-12-31": "1993.00000", "2007-09-30": "8296.00000", "2007-06-30": "9255.00000", "2007-03-31": "8972.00000", "2006-12-31": "8631.00000", "2006-09-30": "8907.00000", "2006-06-30": "10570.00000", "2006-03-31": "9963.00000", "2005-12-31": "9135.00000", "2005-09-30": "8857.00000", "2005-06-30": "9570.00000", "2005-03-31": "9630.00000"}, "Inventory": {"2020-12-31": "", "2020-09-30": "", "2020-06-30": "", "2020-03-31": "", "2019-12-31": "", "2019-09-30": "", "2019-06-30": "", "2019-03-31": "", "2018-12-31": "", "2018-09-30": "", "2018-06-30": "", "2018-03-31": "", "2017-12-31": "", "2017-09-30": "", "2017-06-30": "", "2017-03-31": "", "2016-12-31": "", "2016-09-30": "", "2016-06-30": "", "2016-03-31": "", "2015-12-31": "", "2015-09-30": "", "2015-06-30": "", "2015-03-31": "", "2014-12-31": "", "2014-09-30": "", "2014-06-30": "", "2014-03-31": "", "2013-12-31": "", "2013-09-30": "", "2013-06-30": "", "2013-03-31": "", "2012-12-31": "", "2012-09-30": "", "2012-06-30": "", "2012-03-31": "", "2011-12-31": "", "2011-09-30": "", "2011-06-30": "", "2011-03-31": "", "2010-12-31": "", "2010-09-30": "", "2010-06-30": "", "2010-03-31": "", "2009-12-31": "", "2009-09-30": "", "2009-06-30": "", "2009-03-31": "", "2008-12-31": "", "2008-09-30": "", "2008-06-30": "", "2008-03-31": "", "2007-12-31": "", "2007-09-30": "", "2007-06-30": "", "2007-03-31": "", "2006-12-31": "", "2006-09-30": "", "2006-06-30": "", "2006-03-31": "", "2005-12-31": "", "2005-09-30": "", "2005-06-30": "", "2005-03-31": ""}, "Pre-Paid Expenses": {"2020-12-31": "", "2020-09-30": "", "2020-06-30": "", "2020-03-31": "", "2019-12-31": "", "2019-09-30": "", "2019-06-30": "", "2019-03-31": "", "2018-12-31": "", "2018-09-30": "", "2018-06-30": "", "2018-03-31": "", "2017-12-31": "", "2017-09-30": "", "2017-06-30": "", "2017-03-31": "", "2016-12-31": "", "2016-09-30": "", "2016-06-30": "", "2016-03-31": "", "2015-12-31": "", "2015-09-30": "", "2015-06-30": "", "2015-03-31": "", "2014-12-31": "", "2014-09-30": "", "2014-06-30": "", "2014-03-31": "", "2013-12-31": "", "2013-09-30": "", "2013-06-30": "", "2013-03-31": "", "2012-12-31": "", "2012-09-30": "", "2012-06-30": "", "2012-03-31": "", "2011-12-31": "", "2011-09-30": "", "2011-06-30": "", "2011-03-31": "", "2010-12-31": "", "2010-09-30": "", "2010-06-30": "", "2010-03-31": "", "2009-12-31": "", "2009-09-30": "", "2009-06-30": "", "2009-03-31": "", "2008-12-31": "", "2008-09-30": "", "2008-06-30": "", "2008-03-31": "", "2007-12-31": "", "2007-09-30": "", "2007-06-30": "", "2007-03-31": "", "2006-12-31": "", "2006-09-30": "", "2006-06-30": "", "2006-03-31": "", "2005-12-31": "", "2005-09-30": "", "2005-06-30": "", "2005-03-31": ""}, "Other Current Assets": {"2020-12-31": "", "2020-09-30": "", "2020-06-30": "", "2020-03-31": "", "2019-12-31": "", "2019-09-30": "", "2019-06-30": "", "2019-03-31": "", "2018-12-31": "", "2018-09-30": "", "2018-06-30": "", "2018-03-31": "", "2017-12-31": "", "2017-09-30": "", "2017-06-30": "", "2017-03-31": "", "2016-12-31": "", "2016-09-30": "", "2016-06-30": "", "2016-03-31": "", "2015-12-31": "", "2015-09-30": "", "2015-06-30": "", "2015-03-31": "", "2014-12-31": "", "2014-09-30": "", "2014-06-30": "", "2014-03-31": "", "2013-12-31": "", "2013-09-30": "", "2013-06-30": "", "2013-03-31": "", "2012-12-31": "", "2012-09-30": "", "2012-06-30": "", "2012-03-31": "", "2011-12-31": "", "2011-09-30": "", "2011-06-30": "", "2011-03-31": "", "2010-12-31": "", "2010-09-30": "", "2010-06-30": "", "2010-03-31": "", "2009-12-31": "", "2009-09-30": "", "2009-06-30": "", "2009-03-31": "", "2008-12-31": "", "2008-09-30": "", "2008-06-30": "", "2008-03-31": "", "2007-12-31": "", "2007-09-30": "", "2007-06-30": "", "2007-03-31": "", "2006-12-31": "", "2006-09-30": "", "2006-06-30": "", "2006-03-31": "", "2005-12-31": "", "2005-09-30": "", "2005-06-30": "", "2005-03-31": ""}, "Total Current Assets": {"2020-12-31": "3954.00000", "2020-09-30": "3727.00000", "2020-06-30": "4071.00000", "2020-03-31": "4244.00000", "2019-12-31": "3902.00000", "2019-09-30": "3468.00000", "2019-06-30": "3808.00000", "2019-03-31": "3842.00000", "2018-12-31": "3416.00000", "2018-09-30": "3140.00000", "2018-06-30": "3479.00000", "2018-03-31": "3650.00000", "2017-12-31": "3234.00000", "2017-09-30": "2817.00000", "2017-06-30": "2875.00000", "2017-03-31": "2536.00000", "2016-12-31": "2532.00000", "2016-09-30": "2874.00000", "2016-06-30": "2954.00000", "2016-03-31": "3056.00000", "2015-12-31": "2948.00000", "2015-09-30": "2851.00000", "2015-06-30": "3051.00000", "2015-03-31": "3050.00000", "2014-12-31": "3189.00000", "2014-09-30": "3012.00000", "2014-06-30": "3221.00000", "2014-03-31": "3218.00000", "2013-12-31": "3373.00000", "2013-09-30": "3035.00000", "2013-06-30": "3104.00000", "2013-03-31": "3292.00000", "2012-12-31": "3392.00000", "2012-09-30": "3249.00000", "2012-06-30": "3361.00000", "2012-03-31": "3487.00000", "2011-12-31": "3455.00000", "2011-09-30": "3040.00000", "2011-06-30": "3085.00000", "2011-03-31": "3332.00000", "2010-12-31": "3047.00000", "2010-09-30": "2421.00000", "2010-06-30": "2254.00000", "2010-03-31": "2405.00000", "2009-12-31": "2269.00000", "2009-09-30": "2424.00000", "2009-06-30": "2474.00000", "2009-03-31": "2296.00000", "2008-12-31": "2572.00000", "2008-09-30": "2355.00000", "2008-06-30": "2478.00000", "2008-03-31": "2390.00000", "2007-12-31": "2577.00000", "2007-09-30": "8617.00000", "2007-06-30": "9661.00000", "2007-03-31": "9323.00000", "2006-12-31": "8912.00000", "2006-09-30": "9368.00000", "2006-06-30": "10995.00000", "2006-03-31": "10414.00000", "2005-12-31": "9611.00000", "2005-09-30": "9290.00000", "2005-06-30": "9989.00000", "2005-03-31": "10156.00000"}, "Property, Plant, And Equipment": {"2020-12-31": "599.00000", "2020-09-30": "609.00000", "2020-06-30": "615.00000", "2020-03-31": "666.00000", "2019-12-31": "621.00000", "2019-09-30": "606.00000", "2019-06-30": "599.00000", "2019-03-31": "606.00000", "2018-12-31": "588.00000", "2018-09-30": "594.00000", "2018-06-30": "575.00000", "2018-03-31": "578.00000", "2017-12-31": "564.00000", "2017-09-30": "545.00000", "2017-06-30": "556.00000", "2017-03-31": "536.00000", "2016-12-31": "550.00000", "2016-09-30": "738.00000", "2016-06-30": "751.00000", "2016-03-31": "766.00000", "2015-12-31": "765.00000", "2015-09-30": "785.00000", "2015-06-30": "782.00000", "2015-03-31": "754.00000", "2014-12-31": "765.00000", "2014-09-30": "760.00000", "2014-06-30": "787.00000", "2014-03-31": "785.00000", "2013-12-31": "791.00000", "2013-09-30": "803.00000", "2013-06-30": "808.00000", "2013-03-31": "816.00000", "2012-12-31": "820.00000", "2012-09-30": "814.00000", "2012-06-30": "797.00000", "2012-03-31": "808.00000", "2011-12-31": "783.00000", "2011-09-30": "773.00000", "2011-06-30": "798.00000", "2011-03-31": "791.00000", "2010-12-31": "781.00000", "2010-09-30": "468.00000", "2010-06-30": "450.00000", "2010-03-31": "452.00000", "2009-12-31": "461.00000", "2009-09-30": "453.00000", "2009-06-30": "447.00000", "2009-03-31": "430.00000", "2008-12-31": "451.00000", "2008-09-30": "449.00000", "2008-06-30": "483.00000", "2008-03-31": "507.00000", "2007-12-31": "497.00000", "2007-09-30": "520.00000", "2007-06-30": "526.00000", "2007-03-31": "507.00000", "2006-12-31": "456.00000", "2006-09-30": "499.00000", "2006-06-30": "507.00000", "2006-03-31": "524.00000", "2005-12-31": "505.00000", "2005-09-30": "552.00000", "2005-06-30": "585.00000", "2005-03-31": "622.00000"}, "Long-Term Investments": {"2020-12-31": "308.00000", "2020-09-30": "448.00000", "2020-06-30": "654.00000", "2020-03-31": "170.00000", "2019-12-31": "138.00000", "2019-09-30": "177.00000", "2019-06-30": "235.00000", "2019-03-31": "134.00000", "2018-12-31": "172.00000", "2018-09-30": "167.00000", "2018-06-30": "173.00000", "2018-03-31": "118.00000", "2017-12-31": "529.00000", "2017-09-30": "1640.00000", "2017-06-30": "2746.00000", "2017-03-31": "200.00000", "2016-12-31": "290.00000", "2016-09-30": "463.00000", "2016-06-30": "251.00000", "2016-03-31": "587.00000", "2015-12-31": "356.00000", "2015-09-30": "385.00000", "2015-06-30": "484.00000", "2015-03-31": "343.00000", "2014-12-31": "394.00000", "2014-09-30": "360.00000", "2014-06-30": "446.00000", "2014-03-31": "483.00000", "2013-12-31": "655.00000", "2013-09-30": "496.00000", "2013-06-30": "479.00000", "2013-03-31": "504.00000", "2012-12-31": "511.00000", "2012-09-30": "878.00000", "2012-06-30": "716.00000", "2012-03-31": "721.00000", "2011-12-31": "1024.00000", "2011-09-30": "861.00000", "2011-06-30": "764.00000", "2011-03-31": "907.00000", "2010-12-31": "1097.00000", "2010-09-30": "2415.00000", "2010-06-30": "775.00000", "2010-03-31": "620.00000", "2009-12-31": "741.00000", "2009-09-30": "899.00000", "2009-06-30": "876.00000", "2009-03-31": "1192.00000", "2008-12-31": "1016.00000", "2008-09-30": "2316.00000", "2008-06-30": "2980.00000", "2008-03-31": "1187.00000", "2007-12-31": "1452.00000", "2007-09-30": "7485.00000", "2007-06-30": "7547.00000", "2007-03-31": "7666.00000", "2006-12-31": "4864.00000", "2006-09-30": "7072.00000", "2006-06-30": "7386.00000", "2006-03-31": "9301.00000", "2005-12-31": "7058.00000", "2005-09-30": "8780.00000", "2005-06-30": "8595.00000", "2005-03-31": "9126.00000"}, "Goodwill And Intangible Assets": {"2020-12-31": "9306.00000", "2020-09-30": "9127.00000", "2020-06-30": "9055.00000", "2020-03-31": "9039.00000", "2019-12-31": "8948.00000", "2019-09-30": "8945.00000", "2019-06-30": "9171.00000", "2019-03-31": "9296.00000", "2018-12-31": "9320.00000", "2018-09-30": "9542.00000", "2018-06-30": "9654.00000", "2018-03-31": "10212.00000", "2017-12-31": "10091.00000", "2017-09-30": "9229.00000", "2017-06-30": "9147.00000", "2017-03-31": "9430.00000", "2016-12-31": "9300.00000", "2016-09-30": "10490.00000", "2016-06-30": "10580.00000", "2016-03-31": "10519.00000", "2015-12-31": "10628.00000", "2015-09-30": "10828.00000", "2015-06-30": "11011.00000", "2015-03-31": "10958.00000", "2014-12-31": "11380.00000", "2014-09-30": "11638.00000", "2014-06-30": "11567.00000", "2014-03-31": "11530.00000", "2013-12-31": "11575.00000", "2013-09-30": "11615.00000", "2013-06-30": "11531.00000", "2013-03-31": "11630.00000", "2012-12-31": "11918.00000", "2012-09-30": "11896.00000", "2012-06-30": "11819.00000", "2012-03-31": "12099.00000", "2011-12-31": "12046.00000", "2011-09-30": "12196.00000", "2011-06-30": "12459.00000", "2011-03-31": "12442.00000", "2010-12-31": "12258.00000", "2010-09-30": "6730.00000", "2010-06-30": "6463.00000", "2010-03-31": "6657.00000", "2009-12-31": "6869.00000", "2009-09-30": "6720.00000", "2009-06-30": "6659.00000", "2009-03-31": "6284.00000", "2008-12-31": "6416.00000", "2008-09-30": "5104.00000", "2008-06-30": "5382.00000", "2008-03-31": "5414.00000", "2007-12-31": "5119.00000", "2007-09-30": "5086.00000", "2007-06-30": "4941.00000", "2007-03-31": "4895.00000", "2006-12-31": "4666.00000", "2006-09-30": "4546.00000", "2006-06-30": "4526.00000", "2006-03-31": "4533.00000", "2005-12-31": "4253.00000", "2005-09-30": "4546.00000", "2005-06-30": "4572.00000", "2005-03-31": "4778.00000"}, "Other Long-Term Assets": {"2020-12-31": "16304.00000", "2020-09-30": "15879.00000", "2020-06-30": "16005.00000", "2020-03-31": "14628.00000", "2019-12-31": "14222.00000", "2019-09-30": "13447.00000", "2019-06-30": "14436.00000", "2019-03-31": "13676.00000", "2018-12-31": "12365.00000", "2018-09-30": "11683.00000", "2018-06-30": "12884.00000", "2018-03-31": "12993.00000", "2017-12-31": "11281.00000", "2017-09-30": "11128.00000", "2017-06-30": "11290.00000", "2017-03-31": "10743.00000", "2016-12-31": "10424.00000", "2016-09-30": "10409.00000", "2016-06-30": "11892.00000", "2016-03-31": "11714.00000", "2015-12-31": "11886.00000", "2015-09-30": "12357.00000", "2015-06-30": "13875.00000", "2015-03-31": "13284.00000", "2014-12-31": "13900.00000", "2014-09-30": "13057.00000", "2014-06-30": "15755.00000", "2014-03-31": "14061.00000", "2013-12-31": "13664.00000", "2013-09-30": "13356.00000", "2013-06-30": "14140.00000", "2013-03-31": "13787.00000", "2012-12-31": "13560.00000", "2012-09-30": "12672.00000", "2012-06-30": "14114.00000", "2012-03-31": "13156.00000", "2011-12-31": "11986.00000", "2011-09-30": "11875.00000", "2011-06-30": "13390.00000", "2011-03-31": "12330.00000", "2010-12-31": "11494.00000", "2010-09-30": "11324.00000", "2010-06-30": "14014.00000", "2010-03-31": "12825.00000", "2009-12-31": "11737.00000", "2009-09-30": "11145.00000", "2009-06-30": "13982.00000", "2009-03-31": "12906.00000", "2008-12-31": "11690.00000", "2008-09-30": "10494.00000", "2008-06-30": "12752.00000", "2008-03-31": "17009.00000", "2007-12-31": "14755.00000", "2007-09-30": "1539.00000", "2007-06-30": "1554.00000", "2007-03-31": "1656.00000", "2006-12-31": "4746.00000", "2006-09-30": "6674.00000", "2006-06-30": "6151.00000", "2006-03-31": "2616.00000", "2005-12-31": "5409.00000", "2005-09-30": "2937.00000", "2005-06-30": "3022.00000", "2005-03-31": "2748.00000"}, "Total Long-Term Assets": {"2020-12-31": "27241.00000", "2020-09-30": "26718.00000", "2020-06-30": "26983.00000", "2020-03-31": "25141.00000", "2019-12-31": "24574.00000", "2019-09-30": "23786.00000", "2019-06-30": "25040.00000", "2019-03-31": "24300.00000", "2018-12-31": "23006.00000", "2018-09-30": "22462.00000", "2018-06-30": "23738.00000", "2018-03-31": "24197.00000", "2017-12-31": "22854.00000", "2017-09-30": "23107.00000", "2017-06-30": "24314.00000", "2017-03-31": "24446.00000", "2016-12-31": "24083.00000", "2016-09-30": "22378.00000", "2016-06-30": "23739.00000", "2016-03-31": "23757.00000", "2015-12-31": "23935.00000", "2015-09-30": "24355.00000", "2015-06-30": "26152.00000", "2015-03-31": "25339.00000", "2014-12-31": "26583.00000", "2014-09-30": "25815.00000", "2014-06-30": "28555.00000", "2014-03-31": "26859.00000", "2013-12-31": "26878.00000", "2013-09-30": "26270.00000", "2013-06-30": "26958.00000", "2013-03-31": "26737.00000", "2012-12-31": "27094.00000", "2012-09-30": "26260.00000", "2012-06-30": "27446.00000", "2012-03-31": "26784.00000", "2011-12-31": "26097.00000", "2011-09-30": "25705.00000", "2011-06-30": "27411.00000", "2011-03-31": "26470.00000", "2010-12-31": "25935.00000", "2010-09-30": "20937.00000", "2010-06-30": "21702.00000", "2010-03-31": "20554.00000", "2009-12-31": "20689.00000", "2009-09-30": "19217.00000", "2009-06-30": "21964.00000", "2009-03-31": "20812.00000", "2008-12-31": "20368.00000", "2008-09-30": "18363.00000", "2008-06-30": "21597.00000", "2008-03-31": "24117.00000", "2007-12-31": "22352.00000", "2007-09-30": "15206.00000", "2007-06-30": "15130.00000", "2007-03-31": "15268.00000", "2006-12-31": "15472.00000", "2006-09-30": "19315.00000", "2006-06-30": "19108.00000", "2006-03-31": "18204.00000", "2005-12-31": "18221.00000", "2005-09-30": "17925.00000", "2005-06-30": "17901.00000", "2005-03-31": "18409.00000"}, "Total Assets": {"2020-12-31": "32106.00000", "2020-09-30": "31359.00000", "2020-06-30": "31995.00000", "2020-03-31": "30282.00000", "2019-12-31": "29405.00000", "2019-09-30": "28167.00000", "2019-06-30": "29807.00000", "2019-03-31": "29135.00000", "2018-12-31": "26422.00000", "2018-09-30": "25602.00000", "2018-06-30": "27217.00000", "2018-03-31": "27847.00000", "2017-12-31": "26088.00000", "2017-09-30": "25924.00000", "2017-06-30": "27189.00000", "2017-03-31": "26982.00000", "2016-12-31": "26615.00000", "2016-09-30": "25252.00000", "2016-06-30": "26693.00000", "2016-03-31": "26813.00000", "2015-12-31": "26883.00000", "2015-09-30": "27206.00000", "2015-06-30": "29203.00000", "2015-03-31": "28389.00000", "2014-12-31": "29772.00000", "2014-09-30": "28827.00000", "2014-06-30": "31776.00000", "2014-03-31": "30077.00000", "2013-12-31": "30251.00000", "2013-09-30": "29305.00000", "2013-06-30": "30062.00000", "2013-03-31": "30029.00000", "2012-12-31": "30486.00000", "2012-09-30": "29509.00000", "2012-06-30": "30807.00000", "2012-03-31": "30271.00000", "2011-12-31": "29552.00000", "2011-09-30": "28745.00000", "2011-06-30": "30496.00000", "2011-03-31": "29802.00000", "2010-12-31": "28982.00000", "2010-09-30": "23358.00000", "2010-06-30": "23956.00000", "2010-03-31": "22959.00000", "2009-12-31": "22958.00000", "2009-09-30": "21641.00000", "2009-06-30": "24438.00000", "2009-03-31": "23108.00000", "2008-12-31": "22940.00000", "2008-09-30": "20718.00000", "2008-06-30": "24075.00000", "2008-03-31": "26507.00000", "2007-12-31": "24929.00000", "2007-09-30": "23823.00000", "2007-06-30": "24791.00000", "2007-03-31": "24591.00000", "2006-12-31": "24384.00000", "2006-09-30": "28683.00000", "2006-06-30": "30103.00000", "2006-03-31": "28618.00000", "2005-12-31": "27832.00000", "2005-09-30": "27215.00000", "2005-06-30": "27890.00000", "2005-03-31": "28565.00000"}, "Total Current Liabilities": {"2020-12-31": "2464.00000", "2020-09-30": "2080.00000", "2020-06-30": "2270.00000", "2020-03-31": "3433.00000", "2019-12-31": "2651.00000", "2019-09-30": "2647.00000", "2019-06-30": "2213.00000", "2019-03-31": "1905.00000", "2018-12-31": "2194.00000", "2018-09-30": "2341.00000", "2018-06-30": "2246.00000", "2018-03-31": "1948.00000", "2017-12-31": "2260.00000", "2017-09-30": "1893.00000", "2017-06-30": "1715.00000", "2017-03-31": "1999.00000", "2016-12-31": "1940.00000", "2016-09-30": "1727.00000", "2016-06-30": "1624.00000", "2016-03-31": "2115.00000", "2015-12-31": "2334.00000", "2015-09-30": "2774.00000", "2015-06-30": "2605.00000", "2015-03-31": "2357.00000", "2014-12-31": "2588.00000", "2014-09-30": "2188.00000", "2014-06-30": "2297.00000", "2014-03-31": "2576.00000", "2013-12-31": "2634.00000", "2013-09-30": "2729.00000", "2013-06-30": "1850.00000", "2013-03-31": "2242.00000", "2012-12-31": "2305.00000", "2012-09-30": "1810.00000", "2012-06-30": "1731.00000", "2012-03-31": "1718.00000", "2011-12-31": "2169.00000", "2011-09-30": "1774.00000", "2011-06-30": "1609.00000", "2011-03-31": "2046.00000", "2010-12-31": "2302.00000", "2010-09-30": "1891.00000", "2010-06-30": "1562.00000", "2010-03-31": "1353.00000", "2009-12-31": "1545.00000", "2009-09-30": "10940.00000", "2009-06-30": "2073.00000", "2009-03-31": "12679.00000", "2008-12-31": "1665.00000", "2008-09-30": "1180.00000", "2008-06-30": "1207.00000", "2008-03-31": "1290.00000", "2007-12-31": "1665.00000", "2007-09-30": "12390.00000", "2007-06-30": "13524.00000", "2007-03-31": "13306.00000", "2006-12-31": "11226.00000", "2006-09-30": "13219.00000", "2006-06-30": "14868.00000", "2006-03-31": "16798.00000", "2005-12-31": "12888.00000", "2005-09-30": "15496.00000", "2005-06-30": "16184.00000", "2005-03-31": "16621.00000"}, "Long Term Debt": {"2020-12-31": "7281.00000", "2020-09-30": "7251.00000", "2020-06-30": "7229.00000", "2020-03-31": "6227.00000", "2019-12-31": "6627.00000", "2019-09-30": "6120.00000", "2019-06-30": "6740.00000", "2019-03-31": "5990.00000", "2018-12-31": "5993.00000", "2018-09-30": "5665.00000", "2018-06-30": "5659.00000", "2018-03-31": "5697.00000", "2017-12-31": "5667.00000", "2017-09-30": "5662.00000", "2017-06-30": "5631.00000", "2017-03-31": "5610.00000", "2016-12-31": "5869.00000", "2016-09-30": "5910.00000", "2016-06-30": "5907.00000", "2016-03-31": "5902.00000", "2015-12-31": "5138.00000", "2015-09-30": "4799.00000", "2015-06-30": "4824.00000", "2015-03-31": "4710.00000", "2014-12-31": "4799.00000", "2014-09-30": "4840.00000", "2014-06-30": "5155.00000", "2014-03-31": "3669.00000", "2013-12-31": "3686.00000", "2013-09-30": "3352.00000", "2013-06-30": "4012.00000", "2013-03-31": "3770.00000", "2012-12-31": "3713.00000", "2012-09-30": "4111.00000", "2012-06-30": "4098.00000", "2012-03-31": "4168.00000", "2011-12-31": "4155.00000", "2011-09-30": "4415.00000", "2011-06-30": "4479.00000", "2011-03-31": "4409.00000", "2010-12-31": "4014.00000", "2010-09-30": "3146.00000", "2010-06-30": "1601.00000", "2010-03-31": "2013.00000", "2009-12-31": "1998.00000", "2009-09-30": "1998.00000", "2009-06-30": "1249.00000", "2009-03-31": "1848.00000", "2008-12-31": "1872.00000", "2008-09-30": "1964.00000", "2008-06-30": "2022.00000", "2008-03-31": "1995.00000", "2007-12-31": "1893.00000", "2007-09-30": "1994.00000", "2007-06-30": "2182.00000", "2007-03-31": "2072.00000", "2006-12-31": "2243.00000", "2006-09-30": "2075.00000", "2006-06-30": "2082.00000", "2006-03-31": "2012.00000", "2005-12-31": "2105.00000", "2005-09-30": "1846.00000", "2005-06-30": "1830.00000", "2005-03-31": "2085.00000"}, "Other Non-Current Liabilities": {"2020-12-31": "17619.00000", "2020-09-30": "17275.00000", "2020-06-30": "17654.00000", "2020-03-31": "16263.00000", "2019-12-31": "15535.00000", "2019-09-30": "14708.00000", "2019-06-30": "15768.00000", "2019-03-31": "15195.00000", "2018-12-31": "13835.00000", "2018-09-30": "12995.00000", "2018-06-30": "14400.00000", "2018-03-31": "14574.00000", "2017-12-31": "13386.00000", "2017-09-30": "13039.00000", "2017-06-30": "14206.00000", "2017-03-31": "12399.00000", "2016-12-31": "12094.00000", "2016-09-30": "12085.00000", "2016-06-30": "13562.00000", "2016-03-31": "13272.00000", "2015-12-31": "13315.00000", "2015-09-30": "13691.00000", "2015-06-30": "15318.00000", "2015-03-31": "14891.00000", "2014-12-31": "15441.00000", "2014-09-30": "14527.00000", "2014-06-30": "16565.00000", "2014-03-31": "15826.00000", "2013-12-31": "15316.00000", "2013-09-30": "15634.00000", "2013-06-30": "16582.00000", "2013-03-31": "16384.00000", "2012-12-31": "16357.00000", "2012-09-30": "15227.00000", "2012-06-30": "16768.00000", "2012-03-31": "15969.00000", "2011-12-31": "14807.00000", "2011-09-30": "14277.00000", "2011-06-30": "15943.00000", "2011-03-31": "14860.00000", "2010-12-31": "13697.00000", "2010-09-30": "12477.00000", "2010-06-30": "15315.00000", "2010-03-31": "14136.00000", "2009-12-31": "13855.00000", "2009-09-30": "2573.00000", "2009-06-30": "15108.00000", "2009-03-31": "2919.00000", "2008-12-31": "13870.00000", "2008-09-30": "11627.00000", "2008-06-30": "14391.00000", "2008-03-31": "16770.00000", "2007-12-31": "15041.00000", "2007-09-30": "3824.00000", "2007-06-30": "3741.00000", "2007-03-31": "3953.00000", "2006-12-31": "5603.00000", "2006-09-30": "8017.00000", "2006-06-30": "7761.00000", "2006-03-31": "4500.00000", "2005-12-31": "7522.00000", "2005-09-30": "4544.00000", "2005-06-30": "4575.00000", "2005-03-31": "4665.00000"}, "Total Long Term Liabilities": {"2020-12-31": "25162.00000", "2020-09-30": "24749.00000", "2020-06-30": "25083.00000", "2020-03-31": "22679.00000", "2019-12-31": "22361.00000", "2019-09-30": "21037.00000", "2019-06-30": "22719.00000", "2019-03-31": "21390.00000", "2018-12-31": "20009.00000", "2018-09-30": "18933.00000", "2018-06-30": "20353.00000", "2018-03-31": "20514.00000", "2017-12-31": "19180.00000", "2017-09-30": "18784.00000", "2017-06-30": "19921.00000", "2017-03-31": "19157.00000", "2016-12-31": "19143.00000", "2016-09-30": "18031.00000", "2016-06-30": "19508.00000", "2016-03-31": "19351.00000", "2015-12-31": "18490.00000", "2015-09-30": "18490.00000", "2015-06-30": "20142.00000", "2015-03-31": "19601.00000", "2014-12-31": "20553.00000", "2014-09-30": "19367.00000", "2014-06-30": "21720.00000", "2014-03-31": "19495.00000", "2013-12-31": "19422.00000", "2013-09-30": "18986.00000", "2013-06-30": "20594.00000", "2013-03-31": "20154.00000", "2012-12-31": "20376.00000", "2012-09-30": "19338.00000", "2012-06-30": "20866.00000", "2012-03-31": "20137.00000", "2011-12-31": "19263.00000", "2011-09-30": "18692.00000", "2011-06-30": "20422.00000", "2011-03-31": "19269.00000", "2010-12-31": "18374.00000", "2010-09-30": "15623.00000", "2010-06-30": "16916.00000", "2010-03-31": "16149.00000", "2009-12-31": "15982.00000", "2009-09-30": "4571.00000", "2009-06-30": "16357.00000", "2009-03-31": "4767.00000", "2008-12-31": "15860.00000", "2008-09-30": "13591.00000", "2008-06-30": "16413.00000", "2008-03-31": "18765.00000", "2007-12-31": "17043.00000", "2007-09-30": "5818.00000", "2007-06-30": "5923.00000", "2007-03-31": "6025.00000", "2006-12-31": "7940.00000", "2006-09-30": "10092.00000", "2006-06-30": "9843.00000", "2006-03-31": "6512.00000", "2005-12-31": "9627.00000", "2005-09-30": "6390.00000", "2005-06-30": "6455.00000", "2005-03-31": "6800.00000"}, "Total Liabilities": {"2020-12-31": "28523.00000", "2020-09-30": "27739.00000", "2020-06-30": "28300.00000", "2020-03-31": "27022.00000", "2019-12-31": "25956.00000", "2019-09-30": "24606.00000", "2019-06-30": "25894.00000", "2019-03-31": "24273.00000", "2018-12-31": "22203.00000", "2018-09-30": "21274.00000", "2018-06-30": "22599.00000", "2018-03-31": "22462.00000", "2017-12-31": "21440.00000", "2017-09-30": "20677.00000", "2017-06-30": "21636.00000", "2017-03-31": "21156.00000", "2016-12-31": "21083.00000", "2016-09-30": "19758.00000", "2016-06-30": "21132.00000", "2016-03-31": "21466.00000", "2015-12-31": "20824.00000", "2015-09-30": "21264.00000", "2015-06-30": "22747.00000", "2015-03-31": "21958.00000", "2014-12-31": "23141.00000", "2014-09-30": "21555.00000", "2014-06-30": "24017.00000", "2014-03-31": "22071.00000", "2013-12-31": "22056.00000", "2013-09-30": "21715.00000", "2013-06-30": "22444.00000", "2013-03-31": "22396.00000", "2012-12-31": "22681.00000", "2012-09-30": "21148.00000", "2012-06-30": "22597.00000", "2012-03-31": "21855.00000", "2011-12-31": "21432.00000", "2011-09-30": "20466.00000", "2011-06-30": "22031.00000", "2011-03-31": "21315.00000", "2010-12-31": "20676.00000", "2010-09-30": "17514.00000", "2010-06-30": "18478.00000", "2010-03-31": "17502.00000", "2009-12-31": "17527.00000", "2009-09-30": "15511.00000", "2009-06-30": "18430.00000", "2009-03-31": "17446.00000", "2008-12-31": "17525.00000", "2008-09-30": "14771.00000", "2008-06-30": "17620.00000", "2008-03-31": "20055.00000", "2007-12-31": "18708.00000", "2007-09-30": "18208.00000", "2007-06-30": "19447.00000", "2007-03-31": "19331.00000", "2006-12-31": "19166.00000", "2006-09-30": "23311.00000", "2006-06-30": "24711.00000", "2006-03-31": "23310.00000", "2005-12-31": "22515.00000", "2005-09-30": "21886.00000", "2005-06-30": "22639.00000", "2005-03-31": "23421.00000"}, "Common Stock Net": {"2020-12-31": "2.00000", "2020-09-30": "2.00000", "2020-06-30": "2.00000", "2020-03-31": "2.00000", "2019-12-31": "2.00000", "2019-09-30": "2.00000", "2019-06-30": "2.00000", "2019-03-31": "2.00000", "2018-12-31": "2.00000", "2018-09-30": "2.00000", "2018-06-30": "2.00000", "2018-03-31": "2.00000", "2017-12-31": "2.00000", "2017-09-30": "3.00000", "2017-06-30": "3.00000", "2017-03-31": "3.00000", "2016-12-31": "3.00000", "2016-09-30": "3.00000", "2016-06-30": "3.00000", "2016-03-31": "3.00000", "2015-12-31": "3.00000", "2015-09-30": "3.00000", "2015-06-30": "3.00000", "2015-03-31": "3.00000", "2014-12-31": "3.00000", "2014-09-30": "3.00000", "2014-06-30": "3.00000", "2014-03-31": "3.00000", "2013-12-31": "3.00000", "2013-09-30": "3.00000", "2013-06-30": "3.00000", "2013-03-31": "3.00000", "2012-12-31": "3.00000", "2012-09-30": "3.00000", "2012-06-30": "3.00000", "2012-03-31": "386.00000", "2011-12-31": "386.00000", "2011-09-30": "386.00000", "2011-06-30": "386.00000", "2011-03-31": "386.00000", "2010-12-31": "386.00000", "2010-09-30": "363.00000", "2010-06-30": "363.00000", "2010-03-31": "363.00000", "2009-12-31": "363.00000", "2009-09-30": "363.00000", "2009-06-30": "363.00000", "2009-03-31": "363.00000", "2008-12-31": "362.00000", "2008-09-30": "361.00000", "2008-06-30": "361.00000", "2008-03-31": "361.00000", "2007-12-31": "361.00000", "2007-09-30": "350.00000", "2007-06-30": "350.00000", "2007-03-31": "347.00000", "2006-12-31": "347.00000", "2006-09-30": "347.00000", "2006-06-30": "347.00000", "2006-03-31": "346.00000", "2005-12-31": "344.00000", "2005-09-30": "342.00000", "2005-06-30": "341.00000", "2005-03-31": "340.00000"}, "Retained Earnings (Accumulated Deficit)": {"2020-12-31": "1042.00000", "2020-09-30": "1423.00000", "2020-06-30": "1751.00000", "2020-03-31": "1455.00000", "2019-12-31": "1254.00000", "2019-09-30": "1436.00000", "2019-06-30": "1669.00000", "2019-03-31": "2555.00000", "2018-12-31": "2093.00000", "2018-09-30": "2042.00000", "2018-06-30": "2295.00000", "2018-03-31": "2747.00000", "2017-12-31": "2302.00000", "2017-09-30": "2914.00000", "2017-06-30": "3574.00000", "2017-03-31": "3934.00000", "2016-12-31": "3807.00000", "2016-09-30": "3702.00000", "2016-06-30": "3784.00000", "2016-03-31": "3600.00000", "2015-12-31": "4013.00000", "2015-09-30": "4015.00000", "2015-06-30": "4405.00000", "2015-03-31": "4612.00000", "2014-12-31": "4605.00000", "2014-09-30": "4718.00000", "2014-06-30": "4982.00000", "2014-03-31": "5403.00000", "2013-12-31": "5731.00000", "2013-09-30": "5507.00000", "2013-06-30": "5805.00000", "2013-03-31": "5844.00000", "2012-12-31": "5933.00000", "2012-09-30": "6179.00000", "2012-06-30": "6302.00000", "2012-03-31": "8770.00000", "2011-12-31": "8594.00000", "2011-09-30": "8377.00000", "2011-06-30": "8233.00000", "2011-03-31": "8039.00000", "2010-12-31": "7861.00000", "2010-09-30": "7700.00000", "2010-06-30": "7605.00000", "2010-03-31": "7500.00000", "2009-12-31": "7335.00000", "2009-09-30": "7189.00000", "2009-06-30": "7132.00000", "2009-03-31": "7034.00000", "2008-12-31": "6816.00000", "2008-09-30": "6868.00000", "2008-06-30": "6807.00000", "2008-03-31": "5767.00000", "2007-12-31": "5607.00000", "2007-09-30": "5452.00000", "2007-06-30": "5303.00000", "2007-03-31": "5141.00000", "2006-12-31": "4992.00000", "2006-09-30": "4897.00000", "2006-06-30": "4843.00000", "2006-03-31": "4711.00000", "2005-12-31": "4531.00000", "2005-09-30": "4397.00000", "2005-06-30": "4325.00000", "2005-03-31": "4182.00000"}, "Comprehensive Income": {"2020-12-31": "-3861.00000", "2020-09-30": "-4099.00000", "2020-06-30": "-4296.00000", "2020-03-31": "-4409.00000", "2019-12-31": "-4033.00000", "2019-09-30": "-4030.00000", "2019-06-30": "-3837.00000", "2019-03-31": "-3740.00000", "2018-12-31": "-3909.00000", "2018-09-30": "-3632.00000", "2018-06-30": "-3524.00000", "2018-03-31": "-3191.00000", "2017-12-31": "-3496.00000", "2017-09-30": "-3412.00000", "2017-06-30": "-3677.00000", "2017-03-31": "-3750.00000", "2016-12-31": "-3912.00000", "2016-09-30": "-3793.00000", "2016-06-30": "-3722.00000", "2016-03-31": "-3710.00000", "2015-12-31": "-3423.00000", "2015-09-30": "-3453.00000", "2015-06-30": "-3236.00000", "2015-03-31": "-3427.00000", "2014-12-31": "-3134.00000", "2014-09-30": "-2518.00000", "2014-06-30": "-2218.00000", "2014-03-31": "-2320.00000", "2013-12-31": "-2374.00000", "2013-09-30": "-2636.00000", "2013-06-30": "-2809.00000", "2013-03-31": "-2775.00000", "2012-12-31": "-2610.00000", "2012-09-30": "-2250.00000", "2012-06-30": "-2432.00000", "2012-03-31": "-2239.00000", "2011-12-31": "-2370.00000", "2011-09-30": "-1900.00000", "2011-06-30": "-1698.00000", "2011-03-31": "-1714.00000", "2010-12-31": "-1917.00000", "2010-09-30": "-1741.00000", "2010-06-30": "-1961.00000", "2010-03-31": "-1871.00000", "2009-12-31": "-1675.00000", "2009-09-30": "-1172.00000", "2009-06-30": "-1254.00000", "2009-03-31": "-1517.00000", "2008-12-31": "-1462.00000", "2008-09-30": "-738.00000", "2008-06-30": "-490.00000", "2008-03-31": "-396.00000", "2007-12-31": "-726.00000", "2007-09-30": "-791.00000", "2007-06-30": "-928.00000", "2007-03-31": "-921.00000", "2006-12-31": "-1010.00000", "2006-09-30": "-1002.00000", "2006-06-30": "-1059.00000", "2006-03-31": "-1161.00000", "2005-12-31": "-1155.00000", "2005-09-30": "-913.00000", "2005-06-30": "-877.00000", "2005-03-31": "-816.00000"}, "Other Share Holders Equity": {"2020-12-31": "", "2020-09-30": "", "2020-06-30": "", "2020-03-31": "", "2019-12-31": "", "2019-09-30": "", "2019-06-30": "", "2019-03-31": "", "2018-12-31": "", "2018-09-30": "", "2018-06-30": "", "2018-03-31": "", "2017-12-31": "", "2017-09-30": "", "2017-06-30": "", "2017-03-31": "", "2016-12-31": "", "2016-09-30": "", "2016-06-30": "", "2016-03-31": "", "2015-12-31": "", "2015-09-30": "", "2015-06-30": "", "2015-03-31": "", "2014-12-31": "", "2014-09-30": "", "2014-06-30": "", "2014-03-31": "", "2013-12-31": "", "2013-09-30": "", "2013-06-30": "", "2013-03-31": "", "2012-12-31": "", "2012-09-30": "", "2012-06-30": "", "2012-03-31": "", "2011-12-31": "", "2011-09-30": "", "2011-06-30": "", "2011-03-31": "", "2010-12-31": "", "2010-09-30": "", "2010-06-30": "", "2010-03-31": "", "2009-12-31": "", "2009-09-30": "", "2009-06-30": "", "2009-03-31": "", "2008-12-31": "", "2008-09-30": "", "2008-06-30": "", "2008-03-31": "", "2007-12-31": "", "2007-09-30": "", "2007-06-30": "", "2007-03-31": "", "2006-12-31": "", "2006-09-30": "", "2006-06-30": "", "2006-03-31": "", "2005-12-31": "", "2005-09-30": "", "2005-06-30": "", "2005-03-31": ""}, "Share Holder Equity": {"2020-12-31": "3583.00000", "2020-09-30": "3620.00000", "2020-06-30": "3695.00000", "2020-03-31": "3260.00000", "2019-12-31": "3449.00000", "2019-09-30": "3561.00000", "2019-06-30": "3913.00000", "2019-03-31": "4862.00000", "2018-12-31": "4219.00000", "2018-09-30": "4328.00000", "2018-06-30": "4618.00000", "2018-03-31": "5385.00000", "2017-12-31": "4648.00000", "2017-09-30": "5247.00000", "2017-06-30": "5553.00000", "2017-03-31": "5826.00000", "2016-12-31": "5532.00000", "2016-09-30": "5494.00000", "2016-06-30": "5561.00000", "2016-03-31": "5347.00000", "2015-12-31": "6059.00000", "2015-09-30": "5942.00000", "2015-06-30": "6456.00000", "2015-03-31": "6431.00000", "2014-12-31": "6631.00000", "2014-09-30": "7272.00000", "2014-06-30": "7759.00000", "2014-03-31": "8006.00000", "2013-12-31": "8195.00000", "2013-09-30": "7590.00000", "2013-06-30": "7618.00000", "2013-03-31": "7633.00000", "2012-12-31": "7805.00000", "2012-09-30": "8361.00000", "2012-06-30": "8210.00000", "2012-03-31": "8416.00000", "2011-12-31": "8120.00000", "2011-09-30": "8279.00000", "2011-06-30": "8465.00000", "2011-03-31": "8487.00000", "2010-12-31": "8306.00000", "2010-09-30": "5844.00000", "2010-06-30": "5478.00000", "2010-03-31": "5457.00000", "2009-12-31": "5431.00000", "2009-09-30": "6130.00000", "2009-06-30": "6008.00000", "2009-03-31": "5662.00000", "2008-12-31": "5415.00000", "2008-09-30": "5947.00000", "2008-06-30": "6455.00000", "2008-03-31": "6452.00000", "2007-12-31": "6221.00000", "2007-09-30": "5615.00000", "2007-06-30": "5344.00000", "2007-03-31": "5260.00000", "2006-12-31": "5218.00000", "2006-09-30": "5372.00000", "2006-06-30": "5392.00000", "2006-03-31": "5308.00000", "2005-12-31": "5317.00000", "2005-09-30": "5329.00000", "2005-06-30": "5251.00000", "2005-03-31": "5144.00000"}, "Total Liabilities And Share Holders Equity": {"2020-12-31": "32106.00000", "2020-09-30": "31359.00000", "2020-06-30": "31995.00000", "2020-03-31": "30282.00000", "2019-12-31": "29405.00000", "2019-09-30": "28167.00000", "2019-06-30": "29807.00000", "2019-03-31": "29135.00000", "2018-12-31": "26422.00000", "2018-09-30": "25602.00000", "2018-06-30": "27217.00000", "2018-03-31": "27847.00000", "2017-12-31": "26088.00000", "2017-09-30": "25924.00000", "2017-06-30": "27189.00000", "2017-03-31": "26982.00000", "2016-12-31": "26615.00000", "2016-09-30": "25252.00000", "2016-06-30": "26693.00000", "2016-03-31": "26813.00000", "2015-12-31": "26883.00000", "2015-09-30": "27206.00000", "2015-06-30": "29203.00000", "2015-03-31": "28389.00000", "2014-12-31": "29772.00000", "2014-09-30": "28827.00000", "2014-06-30": "31776.00000", "2014-03-31": "30077.00000", "2013-12-31": "30251.00000", "2013-09-30": "29305.00000", "2013-06-30": "30062.00000", "2013-03-31": "30029.00000", "2012-12-31": "30486.00000", "2012-09-30": "29509.00000", "2012-06-30": "30807.00000", "2012-03-31": "30271.00000", "2011-12-31": "29552.00000", "2011-09-30": "28745.00000", "2011-06-30": "30496.00000", "2011-03-31": "29802.00000", "2010-12-31": "28982.00000", "2010-09-30": "23358.00000", "2010-06-30": "23956.00000", "2010-03-31": "22959.00000", "2009-12-31": "22958.00000", "2009-09-30": "21641.00000", "2009-06-30": "24438.00000", "2009-03-31": "23108.00000", "2008-12-31": "22940.00000", "2008-09-30": "20718.00000", "2008-06-30": "24075.00000", "2008-03-31": "26507.00000", "2007-12-31": "24929.00000", "2007-09-30": "23823.00000", "2007-06-30": "24791.00000", "2007-03-31": "24591.00000", "2006-12-31": "24384.00000", "2006-09-30": "28683.00000", "2006-06-30": "30103.00000", "2006-03-31": "28618.00000", "2005-12-31": "27832.00000", "2005-09-30": "27215.00000", "2005-06-30": "27890.00000", "2005-03-31": "28565.00000"}}, "cash flow statement": {"Net Income/Loss": {"2020-12-31": "2018.00000", "2019-12-31": "1573.00000", "2018-12-31": "1174.00000", "2017-12-31": "1263.00000", "2016-12-31": "1430.00000", "2015-12-31": "1422.00000", "2014-12-31": "1431.00000", "2013-12-31": "1148.00000", "2012-12-31": "1020.00000", "2011-12-31": "1010.00000", "2010-12-31": "732.00000", "2009-12-31": "792.00000", "2008-12-31": "1478.00000", "2007-12-31": "877.00000", "2006-12-31": "720.00000", "2005-12-31": "735.00000"}, "Total Depreciation And Amortization - Cash Flow": {"2020-12-31": "413.00000", "2019-12-31": "564.00000", "2018-12-31": "769.00000", "2017-12-31": "891.00000", "2016-12-31": "319.00000", "2015-12-31": "338.00000", "2014-12-31": "594.00000", "2013-12-31": "635.00000", "2012-12-31": "655.00000", "2011-12-31": "582.00000", "2010-12-31": "305.00000", "2009-12-31": "242.00000", "2008-12-31": "222.00000", "2007-12-31": "205.00000", "2006-12-31": "244.00000", "2005-12-31": "277.00000"}, "Other Non-Cash Items": {"2020-12-31": "295.00000", "2019-12-31": "269.00000", "2018-12-31": "45.00000", "2017-12-31": "-446.00000", "2016-12-31": "563.00000", "2015-12-31": "354.00000", "2014-12-31": "149.00000", "2013-12-31": "221.00000", "2012-12-31": "117.00000", "2011-12-31": "375.00000", "2010-12-31": "340.00000", "2009-12-31": "256.00000", "2008-12-31": "-1142.00000", "2007-12-31": "130.00000", "2006-12-31": "83.00000", "2005-12-31": "-337.00000"}, "Total Non-Cash Items": {"2020-12-31": "708.00000", "2019-12-31": "833.00000", "2018-12-31": "814.00000", "2017-12-31": "445.00000", "2016-12-31": "882.00000", "2015-12-31": "692.00000", "2014-12-31": "743.00000", "2013-12-31": "856.00000", "2012-12-31": "772.00000", "2011-12-31": "957.00000", "2010-12-31": "645.00000", "2009-12-31": "498.00000", "2008-12-31": "-920.00000", "2007-12-31": "335.00000", "2006-12-31": "327.00000", "2005-12-31": "-60.00000"}, "Change In Accounts Receivable": {"2020-12-31": "-1032.00000", "2019-12-31": "-780.00000", "2018-12-31": "-806.00000", "2017-12-31": "-83.00000", "2016-12-31": "490.00000", "2015-12-31": "502.00000", "2014-12-31": "-44.00000", "2013-12-31": "137.00000", "2012-12-31": "-1296.00000", "2011-12-31": "-508.00000", "2010-12-31": "747.00000", "2009-12-31": "295.00000", "2008-12-31": "-151.00000", "2007-12-31": "53.00000", "2006-12-31": "-555.00000", "2005-12-31": "-7.00000"}, "Change In Inventories": {"2020-12-31": "", "2019-12-31": "", "2018-12-31": "", "2017-12-31": "", "2016-12-31": "", "2015-12-31": "", "2014-12-31": "", "2013-12-31": "", "2012-12-31": "", "2011-12-31": "", "2010-12-31": "", "2009-12-31": "", "2008-12-31": "", "2007-12-31": "", "2006-12-31": "", "2005-12-31": ""}, "Change In Accounts Payable": {"2020-12-31": "186.00000", "2019-12-31": "-28.00000", "2018-12-31": "25.00000", "2017-12-31": "96.00000", "2016-12-31": "53.00000", "2015-12-31": "88.00000", "2014-12-31": "4.00000", "2013-12-31": "110.00000", "2012-12-31": "-37.00000", "2011-12-31": "", "2010-12-31": "-280.00000", "2009-12-31": "-54.00000", "2008-12-31": "-11.00000", "2007-12-31": "-116.00000", "2006-12-31": "756.00000", "2005-12-31": "192.00000"}, "Change In Assets/Liabilities": {"2020-12-31": "920.00000", "2019-12-31": "257.00000", "2018-12-31": "445.00000", "2017-12-31": "-73.00000", "2016-12-31": "-487.00000", "2015-12-31": "-719.00000", "2014-12-31": "-364.00000", "2013-12-31": "-382.00000", "2012-12-31": "775.00000", "2011-12-31": "-561.00000", "2010-12-31": "-1061.00000", "2009-12-31": "-926.00000", "2008-12-31": "517.00000", "2007-12-31": "-17.00000", "2006-12-31": "-107.00000", "2005-12-31": "-122.00000"}, "Total Change In Assets/Liabilities": {"2020-12-31": "57.00000", "2019-12-31": "-571.00000", "2018-12-31": "-302.00000", "2017-12-31": "-974.00000", "2016-12-31": "14.00000", "2015-12-31": "-105.00000", "2014-12-31": "-362.00000", "2013-12-31": "-251.00000", "2012-12-31": "-373.00000", "2011-12-31": "-949.00000", "2010-12-31": "-594.00000", "2009-12-31": "-790.00000", "2008-12-31": "410.00000", "2007-12-31": "51.00000", "2006-12-31": "-79.00000", "2005-12-31": "211.00000"}, "Cash Flow From Operating Activities": {"2020-12-31": "2783.00000", "2019-12-31": "1835.00000", "2018-12-31": "1686.00000", "2017-12-31": "734.00000", "2016-12-31": "2326.00000", "2015-12-31": "2009.00000", "2014-12-31": "1812.00000", "2013-12-31": "1753.00000", "2012-12-31": "1419.00000", "2011-12-31": "1018.00000", "2010-12-31": "783.00000", "2009-12-31": "500.00000", "2008-12-31": "968.00000", "2007-12-31": "1263.00000", "2006-12-31": "968.00000", "2005-12-31": "886.00000"}, "Net Change In Property, Plant, And Equipment": {"2020-12-31": "-141.00000", "2019-12-31": "-225.00000", "2018-12-31": "-240.00000", "2017-12-31": "-183.00000", "2016-12-31": "-156.00000", "2015-12-31": "-200.00000", "2014-12-31": "-256.00000", "2013-12-31": "-229.00000", "2012-12-31": "-269.00000", "2011-12-31": "-241.00000", "2010-12-31": "-180.00000", "2009-12-31": "-140.00000", "2008-12-31": "-103.00000", "2007-12-31": "-170.00000", "2006-12-31": "-152.00000", "2005-12-31": "-126.00000"}, "Net Change In Intangible Assets": {"2020-12-31": "", "2019-12-31": "", "2018-12-31": "", "2017-12-31": "", "2016-12-31": "", "2015-12-31": "", "2014-12-31": "", "2013-12-31": "", "2012-12-31": "", "2011-12-31": "", "2010-12-31": "", "2009-12-31": "", "2008-12-31": "", "2007-12-31": "", "2006-12-31": "", "2005-12-31": ""}, "Net Acquisitions/Divestitures": {"2020-12-31": "-338.00000", "2019-12-31": "13.00000", "2018-12-31": "-68.00000", "2017-12-31": "3217.00000", "2016-12-31": "-772.00000", "2015-12-31": "189.00000", "2014-12-31": "-431.00000", "2013-12-31": "-14.00000", "2012-12-31": "-160.00000", "2011-12-31": "-97.00000", "2010-12-31": "-2078.00000", "2009-12-31": "-263.00000", "2008-12-31": "1724.00000", "2007-12-31": "-251.00000", "2006-12-31": "-138.00000", "2005-12-31": "-81.00000"}, "Net Change In Short-term Investments": {"2020-12-31": "-167.00000", "2019-12-31": "35.00000", "2018-12-31": "348.00000", "2017-12-31": "-232.00000", "2016-12-31": "61.00000", "2015-12-31": "9.00000", "2014-12-31": "110.00000", "2013-12-31": "-174.00000", "2012-12-31": "440.00000", "2011-12-31": "-8.00000", "2010-12-31": "-337.00000", "2009-12-31": "259.00000", "2008-12-31": "-133.00000", "2007-12-31": "-114.00000", "2006-12-31": "-470.00000", "2005-12-31": "-42.00000"}, "Net Change In Long-Term Investments": {"2020-12-31": "-33.00000", "2019-12-31": "-52.00000", "2018-12-31": "-9.00000", "2017-12-31": "4.00000", "2016-12-31": "-21.00000", "2015-12-31": "-46.00000", "2014-12-31": "32.00000", "2013-12-31": "78.00000", "2012-12-31": "166.00000", "2011-12-31": "160.00000", "2010-12-31": "56.00000", "2009-12-31": "-85.00000", "2008-12-31": "-84.00000", "2007-12-31": "19.00000", "2006-12-31": "-112.00000", "2005-12-31": "-884.00000"}, "Net Change In Investments - Total": {"2020-12-31": "-200.00000", "2019-12-31": "-17.00000", "2018-12-31": "339.00000", "2017-12-31": "-228.00000", "2016-12-31": "40.00000", "2015-12-31": "-37.00000", "2014-12-31": "142.00000", "2013-12-31": "-96.00000", "2012-12-31": "606.00000", "2011-12-31": "152.00000", "2010-12-31": "-281.00000", "2009-12-31": "174.00000", "2008-12-31": "-217.00000", "2007-12-31": "-95.00000", "2006-12-31": "-582.00000", "2005-12-31": "-926.00000"}, "Investing Activities - Other": {"2020-12-31": "", "2019-12-31": "", "2018-12-31": "", "2017-12-31": "-19.00000", "2016-12-31": "-66.00000", "2015-12-31": "-90.00000", "2014-12-31": "", "2013-12-31": "", "2012-12-31": "", "2011-12-31": "", "2010-12-31": "", "2009-12-31": "", "2008-12-31": "", "2007-12-31": "53.00000", "2006-12-31": "682.00000", "2005-12-31": "364.00000"}, "Cash Flow From Investing Activities": {"2020-12-31": "-679.00000", "2019-12-31": "-229.00000", "2018-12-31": "31.00000", "2017-12-31": "2787.00000", "2016-12-31": "-954.00000", "2015-12-31": "-138.00000", "2014-12-31": "-545.00000", "2013-12-31": "-339.00000", "2012-12-31": "177.00000", "2011-12-31": "-186.00000", "2010-12-31": "-2539.00000", "2009-12-31": "-229.00000", "2008-12-31": "1404.00000", "2007-12-31": "-463.00000", "2006-12-31": "-190.00000", "2005-12-31": "-769.00000"}, "Net Long-Term Debt": {"2020-12-31": "271.00000", "2019-12-31": "1111.00000", "2018-12-31": "337.00000", "2017-12-31": "-345.00000", "2016-12-31": "522.00000", "2015-12-31": "253.00000", "2014-12-31": "1321.00000", "2013-12-31": "227.00000", "2012-12-31": "-344.00000", "2011-12-31": "-15.00000", "2010-12-31": "2089.00000", "2009-12-31": "-25.00000", "2008-12-31": "-386.00000", "2007-12-31": "92.00000", "2006-12-31": "107.00000", "2005-12-31": "-17.00000"}, "Net Current Debt": {"2020-12-31": "", "2019-12-31": "", "2018-12-31": "", "2017-12-31": "", "2016-12-31": "", "2015-12-31": "", "2014-12-31": "", "2013-12-31": "", "2012-12-31": "", "2011-12-31": "", "2010-12-31": "", "2009-12-31": "", "2008-12-31": "", "2007-12-31": "", "2006-12-31": "34.00000", "2005-12-31": "5.00000"}, "Debt Issuance/Retirement Net - Total": {"2020-12-31": "271.00000", "2019-12-31": "1111.00000", "2018-12-31": "337.00000", "2017-12-31": "-345.00000", "2016-12-31": "522.00000", "2015-12-31": "253.00000", "2014-12-31": "1321.00000", "2013-12-31": "227.00000", "2012-12-31": "-344.00000", "2011-12-31": "-15.00000", "2010-12-31": "2089.00000", "2009-12-31": "-25.00000", "2008-12-31": "-386.00000", "2007-12-31": "92.00000", "2006-12-31": "141.00000", "2005-12-31": "-12.00000"}, "Net Common Equity Issued/Repurchased": {"2020-12-31": "-1912.00000", "2019-12-31": "-2091.00000", "2018-12-31": "-1619.00000", "2017-12-31": "-2520.00000", "2016-12-31": "-1386.00000", "2015-12-31": "-1580.00000", "2014-12-31": "-2355.00000", "2013-12-31": "-1124.00000", "2012-12-31": "-1011.00000", "2011-12-31": "-651.00000", "2010-12-31": "-71.00000", "2009-12-31": "-430.00000", "2008-12-31": "-1678.00000", "2007-12-31": "-469.00000", "2006-12-31": "-916.00000", "2005-12-31": "51.00000"}, "Net Total Equity Issued/Repurchased": {"2020-12-31": "-1912.00000", "2019-12-31": "-2091.00000", "2018-12-31": "-1619.00000", "2017-12-31": "-2520.00000", "2016-12-31": "-1386.00000", "2015-12-31": "-1580.00000", "2014-12-31": "-2355.00000", "2013-12-31": "-1124.00000", "2012-12-31": "-1011.00000", "2011-12-31": "-651.00000", "2010-12-31": "-71.00000", "2009-12-31": "-430.00000", "2008-12-31": "-1678.00000", "2007-12-31": "-469.00000", "2006-12-31": "-916.00000", "2005-12-31": "1.00000"}, "Total Common And Preferred Stock Dividends Paid": {"2020-12-31": "-412.00000", "2019-12-31": "-410.00000", "2018-12-31": "-382.00000", "2017-12-31": "-364.00000", "2016-12-31": "-345.00000", "2015-12-31": "-323.00000", "2014-12-31": "-273.00000", "2013-12-31": "-212.00000", "2012-12-31": "-231.00000", "2011-12-31": "-230.00000", "2010-12-31": "-195.00000", "2009-12-31": "-197.00000", "2008-12-31": "-180.00000", "2007-12-31": "-176.00000", "2006-12-31": "-189.00000", "2005-12-31": "-193.00000"}, "Financial Activities - Other": {"2020-12-31": "-35.00000", "2019-12-31": "-103.00000", "2018-12-31": "-35.00000", "2017-12-31": "-36.00000", "2016-12-31": "-77.00000", "2015-12-31": "-39.00000", "2014-12-31": "4.00000", "2013-12-31": "-27.00000", "2012-12-31": "", "2011-12-31": "", "2010-12-31": "", "2009-12-31": "", "2008-12-31": "", "2007-12-31": "", "2006-12-31": "", "2005-12-31": ""}, "Cash Flow From Financial Activities": {"2020-12-31": "-2088.00000", "2019-12-31": "-1493.00000", "2018-12-31": "-1699.00000", "2017-12-31": "-3265.00000", "2016-12-31": "-1286.00000", "2015-12-31": "-1689.00000", "2014-12-31": "-1303.00000", "2013-12-31": "-1136.00000", "2012-12-31": "-1586.00000", "2011-12-31": "-896.00000", "2010-12-31": "1823.00000", "2009-12-31": "-652.00000", "2008-12-31": "-2244.00000", "2007-12-31": "-553.00000", "2006-12-31": "-964.00000", "2005-12-31": "-204.00000"}, "Net Cash Flow": {"2020-12-31": "94.00000", "2019-12-31": "134.00000", "2018-12-31": "-100.00000", "2017-12-31": "325.00000", "2016-12-31": "47.00000", "2015-12-31": "10.00000", "2014-12-31": "-103.00000", "2013-12-31": "186.00000", "2012-12-31": "19.00000", "2011-12-31": "-74.00000", "2010-12-31": "129.00000", "2009-12-31": "-365.00000", "2008-12-31": "-2.00000", "2007-12-31": "303.00000", "2006-12-31": "-195.00000", "2005-12-31": "-94.00000"}, "Stock-Based Compensation": {"2020-12-31": "312.00000", "2019-12-31": "317.00000", "2018-12-31": "338.00000", "2017-12-31": "319.00000", "2016-12-31": "306.00000", "2015-12-31": "320.00000", "2014-12-31": "328.00000", "2013-12-31": "300.00000", "2012-12-31": "212.00000", "2011-12-31": "235.00000", "2010-12-31": "221.00000", "2009-12-31": "209.00000", "2008-12-31": "248.00000", "2007-12-31": "204.00000", "2006-12-31": "153.00000", "2005-12-31": "72.00000"}, "Common Stock Dividends Paid": {"2020-12-31": "-412.00000", "2019-12-31": "-410.00000", "2018-12-31": "-382.00000", "2017-12-31": "-364.00000", "2016-12-31": "-345.00000", "2015-12-31": "-323.00000", "2014-12-31": "-273.00000", "2013-12-31": "-212.00000", "2012-12-31": "-231.00000", "2011-12-31": "-230.00000", "2010-12-31": "-195.00000", "2009-12-31": "-197.00000", "2008-12-31": "-180.00000", "2007-12-31": "-176.00000", "2006-12-31": "-189.00000", "2005-12-31": "-193.00000"}}, "cash flow statement, quarterly": {"Net Income/Loss": {"2020-12-31": 534, "2020-09-30": 282, "2020-06-30": 411, "2020-03-31": "791.00000", "2019-12-31": 382, "2019-09-30": 228, "2019-06-30": 287, "2019-03-31": "676.00000", "2018-12-31": 353, "2018-09-30": 153, "2018-06-30": 58, "2018-03-31": "610.00000", "2017-12-31": -12, "2017-09-30": 192, "2017-06-30": 778, "2017-03-31": "305.00000", "2016-12-31": 459, "2016-09-30": 326, "2016-06-30": 308, "2016-03-31": "337.00000", "2015-12-31": 590, "2015-09-30": 303, "2015-06-30": 188, "2015-03-31": "341.00000", "2014-12-31": 467, "2014-09-30": 315, "2014-06-30": 313, "2014-03-31": "336.00000", "2013-12-31": 360, "2013-09-30": 264, "2013-06-30": 252, "2013-03-31": "272.00000", "2012-12-31": 307, "2012-09-30": 210, "2012-06-30": 254, "2012-03-31": "249.00000", "2011-12-31": 280, "2011-09-30": 208, "2011-06-30": 267, "2011-03-31": "255.00000", "2010-12-31": 241, "2010-09-30": 147, "2010-06-30": 158, "2010-03-31": "186.00000", "2009-12-31": 218, "2009-09-30": 134, "2009-06-30": 155, "2009-03-31": "285.00000", "2008-12-31": -2, "2008-09-30": 121, "2008-06-30": 1136, "2008-03-31": "223.00000", "2007-12-31": 220, "2007-09-30": 204, "2007-06-30": 240, "2007-03-31": "213.00000", "2006-12-31": 223, "2006-09-30": 106, "2006-06-30": 193, "2006-03-31": "198.00000", "2005-12-31": 222, "2005-09-30": 122, "2005-06-30": 191, "2005-03-31": "200.00000"}, "Total Depreciation And Amortization - Cash Flow": {"2020-12-31": 84, "2020-09-30": 92, "2020-06-30": 99, "2020-03-31": "138.00000", "2019-12-31": 145, "2019-09-30": 145, "2019-06-30": 137, "2019-03-31": "137.00000", "2018-12-31": 151, "2018-09-30": 140, "2018-06-30": 439, "2018-03-31": "39.00000", "2017-12-31": 139, "2017-09-30": 141, "2017-06-30": 557, "2017-03-31": "54.00000", "2016-12-31": 84, "2016-09-30": 81, "2016-06-30": 79, "2016-03-31": "75.00000", "2015-12-31": -68, "2015-09-30": 134, "2015-06-30": 136, "2015-03-31": "136.00000", "2014-12-31": 148, "2014-09-30": 151, "2014-06-30": 149, "2014-03-31": "146.00000", "2013-12-31": 162, "2013-09-30": 157, "2013-06-30": 158, "2013-03-31": "158.00000", "2012-12-31": 174, "2012-09-30": 161, "2012-06-30": 161, "2012-03-31": "159.00000", "2011-12-31": 145, "2011-09-30": 144, "2011-06-30": 149, "2011-03-31": "144.00000", "2010-12-31": 126, "2010-09-30": 61, "2010-06-30": 60, "2010-03-31": "58.00000", "2009-12-31": 68, "2009-09-30": 56, "2009-06-30": 58, "2009-03-31": "60.00000", "2008-12-31": 65, "2008-09-30": 49, "2008-06-30": 58, "2008-03-31": "50.00000", "2007-12-31": 56, "2007-09-30": 50, "2007-06-30": 49, "2007-03-31": "50.00000", "2006-12-31": 71, "2006-09-30": 57, "2006-06-30": 59, "2006-03-31": "57.00000", "2005-12-31": 68, "2005-09-30": 79, "2005-06-30": 62, "2005-03-31": "68.00000"}, "Other Non-Cash Items": {"2020-12-31": 118, "2020-09-30": 77, "2020-06-30": 54, "2020-03-31": "46.00000", "2019-12-31": 68, "2019-09-30": 53, "2019-06-30": 88, "2019-03-31": "60.00000", "2018-12-31": -40, "2018-09-30": 37, "2018-06-30": -160, "2018-03-31": "208.00000", "2017-12-31": 339, "2017-09-30": 88, "2017-06-30": -1012, "2017-03-31": "139.00000", "2016-12-31": 180, "2016-09-30": 118, "2016-06-30": 94, "2016-03-31": "171.00000", "2015-12-31": 227, "2015-09-30": -33, "2015-06-30": 82, "2015-03-31": "78.00000", "2014-12-31": -134, "2014-09-30": 98, "2014-06-30": 78, "2014-03-31": "107.00000", "2013-12-31": -58, "2013-09-30": 118, "2013-06-30": 79, "2013-03-31": "82.00000", "2012-12-31": -63, "2012-09-30": 52, "2012-06-30": 57, "2012-03-31": "71.00000", "2011-12-31": 197, "2011-09-30": 44, "2011-06-30": 49, "2011-03-31": "85.00000", "2010-12-31": 121, "2010-09-30": 79, "2010-06-30": 92, "2010-03-31": "48.00000", "2009-12-31": 120, "2009-09-30": 132, "2009-06-30": 42, "2009-03-31": "-38.00000", "2008-12-31": 135, "2008-09-30": 47, "2008-06-30": -1376, "2008-03-31": "52.00000", "2007-12-31": 57, "2007-09-30": 4, "2007-06-30": 40, "2007-03-31": "29.00000", "2006-12-31": 95, "2006-09-30": -46, "2006-06-30": 28, "2006-03-31": "6.00000", "2005-12-31": -320, "2005-09-30": -49, "2005-06-30": 14, "2005-03-31": "18.00000"}, "Total Non-Cash Items": {"2020-12-31": 202, "2020-09-30": 169, "2020-06-30": 153, "2020-03-31": "184.00000", "2019-12-31": 213, "2019-09-30": 198, "2019-06-30": 225, "2019-03-31": "197.00000", "2018-12-31": 111, "2018-09-30": 177, "2018-06-30": 279, "2018-03-31": "247.00000", "2017-12-31": 478, "2017-09-30": 229, "2017-06-30": -455, "2017-03-31": "193.00000", "2016-12-31": 264, "2016-09-30": 199, "2016-06-30": 173, "2016-03-31": "246.00000", "2015-12-31": 159, "2015-09-30": 101, "2015-06-30": 218, "2015-03-31": "214.00000", "2014-12-31": 14, "2014-09-30": 249, "2014-06-30": 227, "2014-03-31": "253.00000", "2013-12-31": 104, "2013-09-30": 275, "2013-06-30": 237, "2013-03-31": "240.00000", "2012-12-31": 111, "2012-09-30": 213, "2012-06-30": 218, "2012-03-31": "230.00000", "2011-12-31": 342, "2011-09-30": 188, "2011-06-30": 198, "2011-03-31": "229.00000", "2010-12-31": 247, "2010-09-30": 140, "2010-06-30": 152, "2010-03-31": "106.00000", "2009-12-31": 188, "2009-09-30": 188, "2009-06-30": 100, "2009-03-31": "22.00000", "2008-12-31": 200, "2008-09-30": 96, "2008-06-30": -1318, "2008-03-31": "102.00000", "2007-12-31": 113, "2007-09-30": 54, "2007-06-30": 89, "2007-03-31": "79.00000", "2006-12-31": 166, "2006-09-30": 11, "2006-06-30": 87, "2006-03-31": "63.00000", "2005-12-31": -252, "2005-09-30": 30, "2005-06-30": 76, "2005-03-31": "86.00000"}, "Change In Accounts Receivable": {"2020-12-31": -174, "2020-09-30": 1044, "2020-06-30": -551, "2020-03-31": "-1351.00000", "2019-12-31": -787, "2019-09-30": 1410, "2019-06-30": -336, "2019-03-31": "-1067.00000", "2018-12-31": -1561, "2018-09-30": 2009, "2018-06-30": -380, "2018-03-31": "-874.00000", "2017-12-31": -1213, "2017-09-30": 1145, "2017-06-30": -390, "2017-03-31": "375.00000", "2016-12-31": -1223, "2016-09-30": 1571, "2016-06-30": -290, "2016-03-31": "432.00000", "2015-12-31": -525, "2015-09-30": 1084, "2015-06-30": -279, "2015-03-31": "222.00000", "2014-12-31": -1252, "2014-09-30": 1656, "2014-06-30": -626, "2014-03-31": "178.00000", "2013-12-31": -921, "2013-09-30": 1521, "2013-06-30": -595, "2013-03-31": "132.00000", "2012-12-31": -1089, "2012-09-30": 1213, "2012-06-30": -837, "2012-03-31": "-583.00000", "2011-12-31": -884, "2011-09-30": 1074, "2011-06-30": -987, "2011-03-31": "289.00000", "2010-12-31": 787, "2010-09-30": -42, "2010-06-30": -43, "2010-03-31": "45.00000", "2009-12-31": 77, "2009-09-30": 80, "2009-06-30": -41, "2009-03-31": "179.00000", "2008-12-31": -262, "2008-09-30": 68, "2008-06-30": -68, "2008-03-31": "111.00000", "2007-12-31": 4, "2007-09-30": -10, "2007-06-30": 23, "2007-03-31": "36.00000", "2006-12-31": -602, "2006-09-30": -18, "2006-06-30": 74, "2006-03-31": "-9.00000", "2005-12-31": 40, "2005-09-30": -28, "2005-06-30": -19, "2005-03-31": ""}, "Change In Inventories": {"2020-12-31": 0, "2020-09-30": 0, "2020-06-30": 0, "2020-03-31": "", "2019-12-31": 0, "2019-09-30": 0, "2019-06-30": 0, "2019-03-31": "", "2018-12-31": 0, "2018-09-30": 0, "2018-06-30": 0, "2018-03-31": "", "2017-12-31": 0, "2017-09-30": 0, "2017-06-30": 0, "2017-03-31": "", "2016-12-31": 0, "2016-09-30": 0, "2016-06-30": 0, "2016-03-31": "", "2015-12-31": 0, "2015-09-30": 0, "2015-06-30": 0, "2015-03-31": "", "2014-12-31": 0, "2014-09-30": 0, "2014-06-30": 0, "2014-03-31": "", "2013-12-31": 0, "2013-09-30": 0, "2013-06-30": 0, "2013-03-31": "", "2012-12-31": 0, "2012-09-30": 0, "2012-06-30": 0, "2012-03-31": "", "2011-12-31": 0, "2011-09-30": 0, "2011-06-30": 0, "2011-03-31": "", "2010-12-31": 0, "2010-09-30": 0, "2010-06-30": 0, "2010-03-31": "", "2009-12-31": 0, "2009-09-30": 0, "2009-06-30": 0, "2009-03-31": "", "2008-12-31": 0, "2008-09-30": 0, "2008-06-30": 0, "2008-03-31": "", "2007-12-31": 0, "2007-09-30": 0, "2007-06-30": 0, "2007-03-31": "", "2006-12-31": 0, "2006-09-30": 0, "2006-06-30": 0, "2006-03-31": "", "2005-12-31": 0, "2005-09-30": 0, "2005-06-30": 0, "2005-03-31": ""}, "Change In Accounts Payable": {"2020-12-31": 377, "2020-09-30": 132, "2020-06-30": -48, "2020-03-31": "-275.00000", "2019-12-31": 357, "2019-09-30": 194, "2019-06-30": -125, "2019-03-31": "-454.00000", "2018-12-31": 356, "2018-09-30": 164, "2018-06-30": -56, "2018-03-31": "-439.00000", "2017-12-31": 333, "2017-09-30": 140, "2017-06-30": 13, "2017-03-31": "-390.00000", "2016-12-31": 299, "2016-09-30": 89, "2016-06-30": -28, "2016-03-31": "-307.00000", "2015-12-31": 400, "2015-09-30": 75, "2015-06-30": -39, "2015-03-31": "-348.00000", "2014-12-31": 412, "2014-09-30": 84, "2014-06-30": -24, "2014-03-31": "-468.00000", "2013-12-31": 440, "2013-09-30": 101, "2013-06-30": -14, "2013-03-31": "-417.00000", "2012-12-31": 310, "2012-09-30": 153, "2012-06-30": -49, "2012-03-31": "-451.00000", "2011-12-31": 227, "2011-09-30": 76, "2011-06-30": 24, "2011-03-31": "-327.00000", "2010-12-31": 17, "2010-09-30": 46, "2010-06-30": -69, "2010-03-31": "-274.00000", "2009-12-31": 345, "2009-09-30": -94, "2009-06-30": -45, "2009-03-31": "-260.00000", "2008-12-31": 346, "2008-09-30": -7, "2008-06-30": -82, "2008-03-31": "-268.00000", "2007-12-31": 395, "2007-09-30": -50, "2007-06-30": -481, "2007-03-31": "20.00000", "2006-12-31": 344, "2006-09-30": 339, "2006-06-30": -40, "2006-03-31": "113.00000", "2005-12-31": 77, "2005-09-30": -86, "2005-06-30": 180, "2005-03-31": "21.00000"}, "Change In Assets/Liabilities": {"2020-12-31": -128, "2020-09-30": -671, "2020-06-30": 871, "2020-03-31": "848.00000", "2019-12-31": 530, "2019-09-30": -1221, "2019-06-30": 344, "2019-03-31": "604.00000", "2018-12-31": 1281, "2018-09-30": -1948, "2018-06-30": 546, "2018-03-31": "566.00000", "2017-12-31": 924, "2017-09-30": -1093, "2017-06-30": 283, "2017-03-31": "-187.00000", "2016-12-31": 1014, "2016-09-30": -1456, "2016-06-30": 345, "2016-03-31": "-390.00000", "2015-12-31": -3, "2015-09-30": -929, "2015-06-30": 371, "2015-03-31": "-158.00000", "2014-12-31": 1035, "2014-09-30": -1688, "2014-06-30": 601, "2014-03-31": "-312.00000", "2013-12-31": 705, "2013-09-30": -1477, "2013-06-30": 498, "2013-03-31": "-108.00000", "2012-12-31": 795, "2012-09-30": -1210, "2012-06-30": 691, "2012-03-31": "499.00000", "2011-12-31": 318, "2011-09-30": -1228, "2011-06-30": 698, "2011-03-31": "-349.00000", "2010-12-31": -1317, "2010-09-30": -320, "2010-06-30": 237, "2010-03-31": "339.00000", "2009-12-31": -423, "2009-09-30": -130, "2009-06-30": -618, "2009-03-31": "245.00000", "2008-12-31": 594, "2008-09-30": -509, "2008-06-30": 84, "2008-03-31": "348.00000", "2007-12-31": -371, "2007-09-30": -126, "2007-06-30": 73, "2007-03-31": "407.00000", "2006-12-31": 84, "2006-09-30": -473, "2006-06-30": -58, "2006-03-31": "340.00000", "2005-12-31": -247, "2005-09-30": 259, "2005-06-30": -660, "2005-03-31": "526.00000"}, "Total Change In Assets/Liabilities": {"2020-12-31": 24, "2020-09-30": 353, "2020-06-30": 317, "2020-03-31": "-637.00000", "2019-12-31": 77, "2019-09-30": 376, "2019-06-30": -225, "2019-03-31": "-799.00000", "2018-12-31": 247, "2018-09-30": 232, "2018-06-30": -64, "2018-03-31": "-717.00000", "2017-12-31": -85, "2017-09-30": -568, "2017-06-30": -63, "2017-03-31": "-258.00000", "2016-12-31": 128, "2016-09-30": 186, "2016-06-30": 10, "2016-03-31": "-310.00000", "2015-12-31": -35, "2015-09-30": 313, "2015-06-30": -126, "2015-03-31": "-257.00000", "2014-12-31": 448, "2014-09-30": -14, "2014-06-30": -196, "2014-03-31": "-600.00000", "2013-12-31": 305, "2013-09-30": 58, "2013-06-30": -156, "2013-03-31": "-458.00000", "2012-12-31": 134, "2012-09-30": 175, "2012-06-30": -188, "2012-03-31": "-494.00000", "2011-12-31": -391, "2011-09-30": -28, "2011-06-30": -201, "2011-03-31": "-329.00000", "2010-12-31": -499, "2010-09-30": -376, "2010-06-30": 106, "2010-03-31": "175.00000", "2009-12-31": -87, "2009-09-30": -238, "2009-06-30": -711, "2009-03-31": "246.00000", "2008-12-31": 733, "2008-09-30": -448, "2008-06-30": -66, "2008-03-31": "191.00000", "2007-12-31": 4, "2007-09-30": -165, "2007-06-30": -312, "2007-03-31": "524.00000", "2006-12-31": -245, "2006-09-30": -185, "2006-06-30": -85, "2006-03-31": "436.00000", "2005-12-31": 55, "2005-09-30": 159, "2005-06-30": -509, "2005-03-31": "506.00000"}, "Cash Flow From Operating Activities": {"2020-12-31": 760, "2020-09-30": 804, "2020-06-30": 881, "2020-03-31": "338.00000", "2019-12-31": 672, "2019-09-30": 802, "2019-06-30": 287, "2019-03-31": "74.00000", "2018-12-31": 711, "2018-09-30": 562, "2018-06-30": 273, "2018-03-31": "140.00000", "2017-12-31": 381, "2017-09-30": -147, "2017-06-30": 260, "2017-03-31": "240.00000", "2016-12-31": 851, "2016-09-30": 711, "2016-06-30": 491, "2016-03-31": "273.00000", "2015-12-31": 714, "2015-09-30": 717, "2015-06-30": 280, "2015-03-31": "298.00000", "2014-12-31": 929, "2014-09-30": 550, "2014-06-30": 344, "2014-03-31": "-11.00000", "2013-12-31": 769, "2013-09-30": 597, "2013-06-30": 333, "2013-03-31": "54.00000", "2012-12-31": 552, "2012-09-30": 598, "2012-06-30": 284, "2012-03-31": "-15.00000", "2011-12-31": 231, "2011-09-30": 368, "2011-06-30": 264, "2011-03-31": "155.00000", "2010-12-31": -11, "2010-09-30": -89, "2010-06-30": 416, "2010-03-31": "467.00000", "2009-12-31": 319, "2009-09-30": 84, "2009-06-30": -456, "2009-03-31": "553.00000", "2008-12-31": 931, "2008-09-30": -231, "2008-06-30": -248, "2008-03-31": "516.00000", "2007-12-31": 337, "2007-09-30": 93, "2007-06-30": 17, "2007-03-31": "816.00000", "2006-12-31": 144, "2006-09-30": -68, "2006-06-30": 195, "2006-03-31": "697.00000", "2005-12-31": 25, "2005-09-30": 311, "2005-06-30": -242, "2005-03-31": "792.00000"}, "Net Change In Property, Plant, And Equipment": {"2020-12-31": -22, "2020-09-30": -30, "2020-06-30": -30, "2020-03-31": "-59.00000", "2019-12-31": -58, "2019-09-30": -61, "2019-06-30": -49, "2019-03-31": "-57.00000", "2018-12-31": -61, "2018-09-30": -68, "2018-06-30": -66, "2018-03-31": "-45.00000", "2017-12-31": -58, "2017-09-30": -43, "2017-06-30": -48, "2017-03-31": "-34.00000", "2016-12-31": -49, "2016-09-30": -39, "2016-06-30": -31, "2016-03-31": "-37.00000", "2015-12-31": 25, "2015-09-30": -83, "2015-06-30": -80, "2015-03-31": "-62.00000", "2014-12-31": -77, "2014-09-30": -64, "2014-06-30": -60, "2014-03-31": "-55.00000", "2013-12-31": -55, "2013-09-30": -52, "2013-06-30": -62, "2013-03-31": "-60.00000", "2012-12-31": -68, "2012-09-30": -72, "2012-06-30": -58, "2012-03-31": "-71.00000", "2011-12-31": -90, "2011-09-30": -52, "2011-06-30": -43, "2011-03-31": "-56.00000", "2010-12-31": -65, "2010-09-30": -44, "2010-06-30": -38, "2010-03-31": "-33.00000", "2009-12-31": -54, "2009-09-30": -33, "2009-06-30": -32, "2009-03-31": "-21.00000", "2008-12-31": -23, "2008-09-30": -22, "2008-06-30": -29, "2008-03-31": "-29.00000", "2007-12-31": -67, "2007-09-30": -21, "2007-06-30": -47, "2007-03-31": "-35.00000", "2006-12-31": -56, "2006-09-30": -25, "2006-06-30": -39, "2006-03-31": "-32.00000", "2005-12-31": -39, "2005-09-30": -36, "2005-06-30": -24, "2005-03-31": "-27.00000"}, "Net Change In Intangible Assets": {"2020-12-31": 0, "2020-09-30": 0, "2020-06-30": 0, "2020-03-31": "", "2019-12-31": 0, "2019-09-30": 0, "2019-06-30": 0, "2019-03-31": "", "2018-12-31": 0, "2018-09-30": 0, "2018-06-30": 0, "2018-03-31": "", "2017-12-31": 0, "2017-09-30": 0, "2017-06-30": 0, "2017-03-31": "", "2016-12-31": 0, "2016-09-30": 0, "2016-06-30": 0, "2016-03-31": "", "2015-12-31": 0, "2015-09-30": 0, "2015-06-30": 0, "2015-03-31": "", "2014-12-31": 0, "2014-09-30": 0, "2014-06-30": 0, "2014-03-31": "", "2013-12-31": 0, "2013-09-30": 0, "2013-06-30": 0, "2013-03-31": "", "2012-12-31": 0, "2012-09-30": 0, "2012-06-30": 0, "2012-03-31": "", "2011-12-31": 0, "2011-09-30": 0, "2011-06-30": 0, "2011-03-31": "", "2010-12-31": 0, "2010-09-30": 0, "2010-06-30": 0, "2010-03-31": "", "2009-12-31": 0, "2009-09-30": 0, "2009-06-30": 0, "2009-03-31": "", "2008-12-31": 0, "2008-09-30": 0, "2008-06-30": 0, "2008-03-31": "", "2007-12-31": 0, "2007-09-30": 0, "2007-06-30": 0, "2007-03-31": "", "2006-12-31": 0, "2006-09-30": 0, "2006-06-30": 0, "2006-03-31": "", "2005-12-31": 0, "2005-09-30": 0, "2005-06-30": 0, "2005-03-31": ""}, "Net Acquisitions/Divestitures": {"2020-12-31": 0, "2020-09-30": 0, "2020-06-30": -34, "2020-03-31": "-304.00000", "2019-12-31": 9, "2019-09-30": 12, "2019-06-30": 1, "2019-03-31": "-9.00000", "2018-12-31": -10, "2018-09-30": -8, "2018-06-30": -20, "2018-03-31": "-30.00000", "2017-12-31": -805, "2017-09-30": 4171, "2017-06-30": -101, "2017-03-31": "-48.00000", "2016-12-31": -678, "2016-09-30": 89, "2016-06-30": -167, "2016-03-31": "-16.00000", "2015-12-31": 161, "2015-09-30": -1, "2015-06-30": 50, "2015-03-31": "-21.00000", "2014-12-31": -15, "2014-09-30": -334, "2014-06-30": -78, "2014-03-31": "-4.00000", "2013-12-31": 6, "2013-09-30": 2, "2013-06-30": -21, "2013-03-31": "-1.00000", "2012-12-31": -65, "2012-09-30": -14, "2012-06-30": -58, "2012-03-31": "-23.00000", "2011-12-31": -4, "2011-09-30": -6, "2011-06-30": -84, "2011-03-31": "-3.00000", "2010-12-31": -1998, "2010-09-30": -25, "2010-06-30": -8, "2010-03-31": "-47.00000", "2009-12-31": -347, "2009-09-30": -14, "2009-06-30": 3, "2009-03-31": "95.00000", "2008-12-31": -994, "2008-09-30": -134, "2008-06-30": 2898, "2008-03-31": "-46.00000", "2007-12-31": -23, "2007-09-30": -22, "2007-06-30": -16, "2007-03-31": "-190.00000", "2006-12-31": -6, "2006-09-30": -24, "2006-06-30": -89, "2006-03-31": "-19.00000", "2005-12-31": -23, "2005-09-30": -6, "2005-06-30": -24, "2005-03-31": "-28.00000"}, "Net Change In Short-term Investments": {"2020-12-31": 145, "2020-09-30": 210, "2020-06-30": -484, "2020-03-31": "-38.00000", "2019-12-31": 42, "2019-09-30": 55, "2019-06-30": -103, "2019-03-31": "41.00000", "2018-12-31": -8, "2018-09-30": 4, "2018-06-30": -63, "2018-03-31": "415.00000", "2017-12-31": 1112, "2017-09-30": 1107, "2017-06-30": -2545, "2017-03-31": "94.00000", "2016-12-31": 169, "2016-09-30": -214, "2016-06-30": 333, "2016-03-31": "-227.00000", "2015-12-31": 18, "2015-09-30": 88, "2015-06-30": -139, "2015-03-31": "42.00000", "2014-12-31": -191, "2014-09-30": 84, "2014-06-30": 34, "2014-03-31": "183.00000", "2013-12-31": -161, "2013-09-30": -42, "2013-06-30": 45, "2013-03-31": "-16.00000", "2012-12-31": 374, "2012-09-30": -193, "2012-06-30": -24, "2012-03-31": "283.00000", "2011-12-31": -184, "2011-09-30": -114, "2011-06-30": 72, "2011-03-31": "218.00000", "2010-12-31": 1821, "2010-09-30": -1446, "2010-06-30": -413, "2010-03-31": "-299.00000", "2009-12-31": 198, "2009-09-30": 58, "2009-06-30": 708, "2009-03-31": "-705.00000", "2008-12-31": 628, "2008-09-30": 943, "2008-06-30": -1630, "2008-03-31": "-74.00000", "2007-12-31": -477, "2007-09-30": 154, "2007-06-30": 168, "2007-03-31": "41.00000", "2006-12-31": -405, "2006-09-30": 111, "2006-06-30": 220, "2006-03-31": "-396.00000", "2005-12-31": -307, "2005-09-30": 80, "2005-06-30": 554, "2005-03-31": "-369.00000"}, "Net Change In Long-Term Investments": {"2020-12-31": 13, "2020-09-30": -3, "2020-06-30": -6, "2020-03-31": "-37.00000", "2019-12-31": 9, "2019-09-30": -15, "2019-06-30": -44, "2019-03-31": "-2.00000", "2018-12-31": 26, "2018-09-30": -22, "2018-06-30": -19, "2018-03-31": "6.00000", "2017-12-31": 16, "2017-09-30": -9, "2017-06-30": -19, "2017-03-31": "16.00000", "2016-12-31": -5, "2016-09-30": -10, "2016-06-30": -5, "2016-03-31": "-1.00000", "2015-12-31": -66, "2015-09-30": 11, "2015-06-30": 7, "2015-03-31": "2.00000", "2014-12-31": 0, "2014-09-30": -2, "2014-06-30": 2, "2014-03-31": "32.00000", "2013-12-31": 10, "2013-09-30": 51, "2013-06-30": 2, "2013-03-31": "15.00000", "2012-12-31": 4, "2012-09-30": 118, "2012-06-30": 11, "2012-03-31": "33.00000", "2011-12-31": 85, "2011-09-30": -1, "2011-06-30": 65, "2011-03-31": "11.00000", "2010-12-31": -9, "2010-09-30": 3, "2010-06-30": 6, "2010-03-31": "56.00000", "2009-12-31": -89, "2009-09-30": 5, "2009-06-30": 4, "2009-03-31": "-5.00000", "2008-12-31": -73, "2008-09-30": -8, "2008-06-30": 15, "2008-03-31": "-18.00000", "2007-12-31": 55, "2007-09-30": 35, "2007-06-30": -34, "2007-03-31": "-37.00000", "2006-12-31": -39, "2006-09-30": 24, "2006-06-30": -108, "2006-03-31": "11.00000", "2005-12-31": -153, "2005-09-30": -298, "2005-06-30": -91, "2005-03-31": "-342.00000"}, "Net Change In Investments - Total": {"2020-12-31": 158, "2020-09-30": 207, "2020-06-30": -490, "2020-03-31": "-75.00000", "2019-12-31": 51, "2019-09-30": 40, "2019-06-30": -147, "2019-03-31": "39.00000", "2018-12-31": 18, "2018-09-30": -18, "2018-06-30": -82, "2018-03-31": "421.00000", "2017-12-31": 1128, "2017-09-30": 1098, "2017-06-30": -2564, "2017-03-31": "110.00000", "2016-12-31": 164, "2016-09-30": -224, "2016-06-30": 328, "2016-03-31": "-228.00000", "2015-12-31": -48, "2015-09-30": 99, "2015-06-30": -132, "2015-03-31": "44.00000", "2014-12-31": -191, "2014-09-30": 82, "2014-06-30": 36, "2014-03-31": "215.00000", "2013-12-31": -151, "2013-09-30": 9, "2013-06-30": 47, "2013-03-31": "-1.00000", "2012-12-31": 378, "2012-09-30": -75, "2012-06-30": -13, "2012-03-31": "316.00000", "2011-12-31": -99, "2011-09-30": -115, "2011-06-30": 137, "2011-03-31": "229.00000", "2010-12-31": 1812, "2010-09-30": -1443, "2010-06-30": -407, "2010-03-31": "-243.00000", "2009-12-31": 109, "2009-09-30": 63, "2009-06-30": 712, "2009-03-31": "-710.00000", "2008-12-31": 555, "2008-09-30": 935, "2008-06-30": -1615, "2008-03-31": "-92.00000", "2007-12-31": -422, "2007-09-30": 189, "2007-06-30": 134, "2007-03-31": "4.00000", "2006-12-31": -444, "2006-09-30": 135, "2006-06-30": 112, "2006-03-31": "-385.00000", "2005-12-31": -460, "2005-09-30": -218, "2005-06-30": 463, "2005-03-31": "-711.00000"}, "Investing Activities - Other": {"2020-12-31": 0, "2020-09-30": 0, "2020-06-30": 0, "2020-03-31": "", "2019-12-31": 0, "2019-09-30": 0, "2019-06-30": 0, "2019-03-31": "", "2018-12-31": 0, "2018-09-30": -1, "2018-06-30": 1, "2018-03-31": "", "2017-12-31": 0, "2017-09-30": -4193, "2017-06-30": 4189, "2017-03-31": "-15.00000", "2016-12-31": -20, "2016-09-30": -113, "2016-06-30": -15, "2016-03-31": "82.00000", "2015-12-31": -90, "2015-09-30": 0, "2015-06-30": -41, "2015-03-31": "41.00000", "2014-12-31": 0, "2014-09-30": 0, "2014-06-30": 0, "2014-03-31": "", "2013-12-31": 0, "2013-09-30": 0, "2013-06-30": 0, "2013-03-31": "", "2012-12-31": 0, "2012-09-30": 0, "2012-06-30": 0, "2012-03-31": "", "2011-12-31": 0, "2011-09-30": 0, "2011-06-30": 0, "2011-03-31": "", "2010-12-31": 0, "2010-09-30": 0, "2010-06-30": 0, "2010-03-31": "", "2009-12-31": 0, "2009-09-30": 0, "2009-06-30": 0, "2009-03-31": "", "2008-12-31": 0, "2008-09-30": 0, "2008-06-30": 0, "2008-03-31": "", "2007-12-31": 14, "2007-09-30": 0, "2007-06-30": 39, "2007-03-31": "", "2006-12-31": 662, "2006-09-30": 0, "2006-06-30": 0, "2006-03-31": "20.00000", "2005-12-31": 355, "2005-09-30": 0, "2005-06-30": 0, "2005-03-31": "9.00000"}, "Cash Flow From Investing Activities": {"2020-12-31": 136, "2020-09-30": 177, "2020-06-30": -554, "2020-03-31": "-438.00000", "2019-12-31": 2, "2019-09-30": -9, "2019-06-30": -195, "2019-03-31": "-27.00000", "2018-12-31": -53, "2018-09-30": -95, "2018-06-30": -167, "2018-03-31": "346.00000", "2017-12-31": 265, "2017-09-30": 1033, "2017-06-30": 1476, "2017-03-31": "13.00000", "2016-12-31": -583, "2016-09-30": -287, "2016-06-30": 115, "2016-03-31": "-199.00000", "2015-12-31": 48, "2015-09-30": 15, "2015-06-30": -203, "2015-03-31": "2.00000", "2014-12-31": -283, "2014-09-30": -316, "2014-06-30": -102, "2014-03-31": "156.00000", "2013-12-31": -200, "2013-09-30": -41, "2013-06-30": -36, "2013-03-31": "-62.00000", "2012-12-31": 245, "2012-09-30": -161, "2012-06-30": -129, "2012-03-31": "222.00000", "2011-12-31": -193, "2011-09-30": -173, "2011-06-30": 10, "2011-03-31": "170.00000", "2010-12-31": -251, "2010-09-30": -1512, "2010-06-30": -453, "2010-03-31": "-323.00000", "2009-12-31": -292, "2009-09-30": 16, "2009-06-30": 683, "2009-03-31": "-636.00000", "2008-12-31": -462, "2008-09-30": 779, "2008-06-30": 1254, "2008-03-31": "-167.00000", "2007-12-31": -498, "2007-09-30": 146, "2007-06-30": 110, "2007-03-31": "-221.00000", "2006-12-31": 156, "2006-09-30": 86, "2006-06-30": -16, "2006-03-31": "-416.00000", "2005-12-31": -167, "2005-09-30": -260, "2005-06-30": 415, "2005-03-31": "-757.00000"}, "Net Long-Term Debt": {"2020-12-31": -25, "2020-09-30": -310, "2020-06-30": -113, "2020-03-31": "719.00000", "2019-12-31": 51, "2019-09-30": -271, "2019-06-30": 1154, "2019-03-31": "177.00000", "2018-12-31": -125, "2018-09-30": -63, "2018-06-30": 421, "2018-03-31": "104.00000", "2017-12-31": 2, "2017-09-30": -8, "2017-06-30": -381, "2017-03-31": "42.00000", "2016-12-31": 101, "2016-09-30": -3, "2016-06-30": -446, "2016-03-31": "870.00000", "2015-12-31": -381, "2015-09-30": 85, "2015-06-30": 365, "2015-03-31": "184.00000", "2014-12-31": 139, "2014-09-30": -397, "2014-06-30": 1213, "2014-03-31": "366.00000", "2013-12-31": -173, "2013-09-30": 93, "2013-06-30": -128, "2013-03-31": "435.00000", "2012-12-31": -250, "2012-09-30": -121, "2012-06-30": 92, "2012-03-31": "-65.00000", "2011-12-31": -64, "2011-09-30": 84, "2011-06-30": -385, "2011-03-31": "350.00000", "2010-12-31": 365, "2010-09-30": 1726, "2010-06-30": -75, "2010-03-31": "73.00000", "2009-12-31": 1, "2009-09-30": 5, "2009-06-30": -30, "2009-03-31": "-1.00000", "2008-12-31": -453, "2008-09-30": 1, "2008-06-30": 8, "2008-03-31": "58.00000", "2007-12-31": 339, "2007-09-30": -211, "2007-06-30": 137, "2007-03-31": "-173.00000", "2006-12-31": 164, "2006-09-30": -8, "2006-06-30": 45, "2006-03-31": "-94.00000", "2005-12-31": 261, "2005-09-30": -2, "2005-06-30": -249, "2005-03-31": "-27.00000"}, "Net Current Debt": {"2020-12-31": 0, "2020-09-30": 0, "2020-06-30": 0, "2020-03-31": "", "2019-12-31": 0, "2019-09-30": 0, "2019-06-30": 0, "2019-03-31": "", "2018-12-31": 0, "2018-09-30": 0, "2018-06-30": 0, "2018-03-31": "", "2017-12-31": 0, "2017-09-30": 0, "2017-06-30": 0, "2017-03-31": "", "2016-12-31": 0, "2016-09-30": 0, "2016-06-30": 0, "2016-03-31": "", "2015-12-31": 0, "2015-09-30": 0, "2015-06-30": 0, "2015-03-31": "", "2014-12-31": 0, "2014-09-30": 0, "2014-06-30": 0, "2014-03-31": "", "2013-12-31": 0, "2013-09-30": 0, "2013-06-30": 0, "2013-03-31": "", "2012-12-31": 0, "2012-09-30": 0, "2012-06-30": 0, "2012-03-31": "", "2011-12-31": 0, "2011-09-30": 0, "2011-06-30": 0, "2011-03-31": "", "2010-12-31": 0, "2010-09-30": 0, "2010-06-30": 0, "2010-03-31": "", "2009-12-31": 0, "2009-09-30": 0, "2009-06-30": 0, "2009-03-31": "", "2008-12-31": 232, "2008-09-30": -1, "2008-06-30": -62, "2008-03-31": "-169.00000", "2007-12-31": 29, "2007-09-30": 9, "2007-06-30": 3, "2007-03-31": "-41.00000", "2006-12-31": -227, "2006-09-30": 247, "2006-06-30": 17, "2006-03-31": "-3.00000", "2005-12-31": -34, "2005-09-30": 19, "2005-06-30": 20, "2005-03-31": ""}, "Debt Issuance/Retirement Net - Total": {"2020-12-31": -25, "2020-09-30": -310, "2020-06-30": -113, "2020-03-31": "719.00000", "2019-12-31": 51, "2019-09-30": -271, "2019-06-30": 1154, "2019-03-31": "177.00000", "2018-12-31": -125, "2018-09-30": -63, "2018-06-30": 421, "2018-03-31": "104.00000", "2017-12-31": 2, "2017-09-30": -8, "2017-06-30": -381, "2017-03-31": "42.00000", "2016-12-31": 101, "2016-09-30": -3, "2016-06-30": -446, "2016-03-31": "870.00000", "2015-12-31": -381, "2015-09-30": 85, "2015-06-30": 365, "2015-03-31": "184.00000", "2014-12-31": 139, "2014-09-30": -397, "2014-06-30": 1213, "2014-03-31": "366.00000", "2013-12-31": -173, "2013-09-30": 93, "2013-06-30": -128, "2013-03-31": "435.00000", "2012-12-31": -250, "2012-09-30": -121, "2012-06-30": 92, "2012-03-31": "-65.00000", "2011-12-31": -64, "2011-09-30": 84, "2011-06-30": -385, "2011-03-31": "350.00000", "2010-12-31": 365, "2010-09-30": 1726, "2010-06-30": -75, "2010-03-31": "73.00000", "2009-12-31": 1, "2009-09-30": 5, "2009-06-30": -30, "2009-03-31": "-1.00000", "2008-12-31": -221, "2008-09-30": 0, "2008-06-30": -54, "2008-03-31": "-111.00000", "2007-12-31": 368, "2007-09-30": -202, "2007-06-30": 140, "2007-03-31": "-214.00000", "2006-12-31": -63, "2006-09-30": 239, "2006-06-30": 62, "2006-03-31": "-97.00000", "2005-12-31": 227, "2005-09-30": 17, "2005-06-30": -229, "2005-03-31": "-27.00000"}, "Net Common Equity Issued/Repurchased": {"2020-12-31": -808, "2020-09-30": -484, "2020-06-30": -45, "2020-03-31": "-575.00000", "2019-12-31": -451, "2019-09-30": -341, "2019-06-30": -1101, "2019-03-31": "-198.00000", "2018-12-31": -208, "2018-09-30": -290, "2018-06-30": -443, "2018-03-31": "-678.00000", "2017-12-31": -514, "2017-09-30": -767, "2017-06-30": -1028, "2017-03-31": "-211.00000", "2016-12-31": -279, "2016-09-30": -270, "2016-06-30": -87, "2016-03-31": "-750.00000", "2015-12-31": -282, "2015-09-30": -587, "2015-06-30": -347, "2015-03-31": "-364.00000", "2014-12-31": -664, "2014-09-30": -482, "2014-06-30": -636, "2014-03-31": "-573.00000", "2013-12-31": -177, "2013-09-30": -479, "2013-06-30": -203, "2013-03-31": "-265.00000", "2012-12-31": -479, "2012-09-30": -247, "2012-06-30": -234, "2012-03-31": "-51.00000", "2011-12-31": 36, "2011-09-30": -196, "2011-06-30": -226, "2011-03-31": "-265.00000", "2010-12-31": -63, "2010-09-30": 11, "2010-06-30": -4, "2010-03-31": "-15.00000", "2009-12-31": -322, "2009-09-30": -72, "2009-06-30": -91, "2009-03-31": "55.00000", "2008-12-31": 53, "2008-09-30": -485, "2008-06-30": -903, "2008-03-31": "-343.00000", "2007-12-31": 79, "2007-09-30": -93, "2007-06-30": -183, "2007-03-31": "-272.00000", "2006-12-31": -370, "2006-09-30": -168, "2006-06-30": -219, "2006-03-31": "-159.00000", "2005-12-31": 10, "2005-09-30": 29, "2005-06-30": 7, "2005-03-31": "5.00000"}, "Net Total Equity Issued/Repurchased": {"2020-12-31": -808, "2020-09-30": -484, "2020-06-30": -45, "2020-03-31": "-575.00000", "2019-12-31": -451, "2019-09-30": -341, "2019-06-30": -1101, "2019-03-31": "-198.00000", "2018-12-31": -208, "2018-09-30": -290, "2018-06-30": -443, "2018-03-31": "-678.00000", "2017-12-31": -514, "2017-09-30": -767, "2017-06-30": -1028, "2017-03-31": "-211.00000", "2016-12-31": -279, "2016-09-30": -270, "2016-06-30": -87, "2016-03-31": "-750.00000", "2015-12-31": -282, "2015-09-30": -587, "2015-06-30": -347, "2015-03-31": "-364.00000", "2014-12-31": -664, "2014-09-30": -482, "2014-06-30": -636, "2014-03-31": "-573.00000", "2013-12-31": -177, "2013-09-30": -479, "2013-06-30": -203, "2013-03-31": "-265.00000", "2012-12-31": -479, "2012-09-30": -247, "2012-06-30": -234, "2012-03-31": "-51.00000", "2011-12-31": 36, "2011-09-30": -196, "2011-06-30": -226, "2011-03-31": "-265.00000", "2010-12-31": -63, "2010-09-30": 11, "2010-06-30": -4, "2010-03-31": "-15.00000", "2009-12-31": -322, "2009-09-30": -72, "2009-06-30": -91, "2009-03-31": "55.00000", "2008-12-31": 53, "2008-09-30": -485, "2008-06-30": -903, "2008-03-31": "-343.00000", "2007-12-31": 79, "2007-09-30": -93, "2007-06-30": -183, "2007-03-31": "-272.00000", "2006-12-31": -370, "2006-09-30": -168, "2006-06-30": -219, "2006-03-31": "-159.00000", "2005-12-31": 10, "2005-09-30": -21, "2005-06-30": 7, "2005-03-31": "5.00000"}, "Total Common And Preferred Stock Dividends Paid": {"2020-12-31": -105, "2020-09-30": -103, "2020-06-30": -102, "2020-03-31": "-102.00000", "2019-12-31": -103, "2019-09-30": -104, "2019-06-30": -107, "2019-03-31": "-96.00000", "2018-12-31": -97, "2018-09-30": -98, "2018-06-30": -98, "2018-03-31": "-89.00000", "2017-12-31": -90, "2017-09-30": -92, "2017-06-30": -95, "2017-03-31": "-87.00000", "2016-12-31": -87, "2016-09-30": -89, "2016-06-30": -87, "2016-03-31": "-82.00000", "2015-12-31": -83, "2015-09-30": -84, "2015-06-30": -85, "2015-03-31": "-71.00000", "2014-12-31": -54, "2014-09-30": -81, "2014-06-30": -85, "2014-03-31": "-53.00000", "2013-12-31": -40, "2013-09-30": -61, "2013-06-30": -61, "2013-03-31": "-50.00000", "2012-12-31": -61, "2012-09-30": -62, "2012-06-30": -58, "2012-03-31": "-50.00000", "2011-12-31": -59, "2011-09-30": -65, "2011-06-30": -55, "2011-03-31": "-51.00000", "2010-12-31": -57, "2010-09-30": -45, "2010-06-30": -49, "2010-03-31": "-44.00000", "2009-12-31": -73, "2009-09-30": -41, "2009-06-30": -42, "2009-03-31": "-41.00000", "2008-12-31": -50, "2008-09-30": -41, "2008-06-30": -43, "2008-03-31": "-46.00000", "2007-12-31": -44, "2007-09-30": -44, "2007-06-30": -44, "2007-03-31": "-44.00000", "2006-12-31": -46, "2006-09-30": -47, "2006-06-30": -48, "2006-03-31": "-48.00000", "2005-12-31": -48, "2005-09-30": -48, "2005-06-30": -49, "2005-03-31": "-48.00000"}, "Financial Activities - Other": {"2020-12-31": -4, "2020-09-30": -45, "2020-06-30": -26, "2020-03-31": "40.00000", "2019-12-31": -22, "2019-09-30": -20, "2019-06-30": -38, "2019-03-31": "-23.00000", "2018-12-31": -14, "2018-09-30": -6, "2018-06-30": -15, "2018-03-31": "", "2017-12-31": -15, "2017-09-30": -11, "2017-06-30": -8, "2017-03-31": "-2.00000", "2016-12-31": -6, "2016-09-30": -9, "2016-06-30": -20, "2016-03-31": "-42.00000", "2015-12-31": -13, "2015-09-30": -3, "2015-06-30": -17, "2015-03-31": "-6.00000", "2014-12-31": -21, "2014-09-30": 706, "2014-06-30": -681, "2014-03-31": "", "2013-12-31": -27, "2013-09-30": 0, "2013-06-30": 0, "2013-03-31": "", "2012-12-31": 0, "2012-09-30": 0, "2012-06-30": 0, "2012-03-31": "", "2011-12-31": 0, "2011-09-30": 0, "2011-06-30": 0, "2011-03-31": "", "2010-12-31": 0, "2010-09-30": 0, "2010-06-30": 0, "2010-03-31": "", "2009-12-31": 0, "2009-09-30": 0, "2009-06-30": 0, "2009-03-31": "", "2008-12-31": 0, "2008-09-30": 0, "2008-06-30": 0, "2008-03-31": "", "2007-12-31": 0, "2007-09-30": 0, "2007-06-30": 0, "2007-03-31": "", "2006-12-31": 0, "2006-09-30": 0, "2006-06-30": 0, "2006-03-31": "", "2005-12-31": 0, "2005-09-30": 0, "2005-06-30": 0, "2005-03-31": ""}, "Cash Flow From Financial Activities": {"2020-12-31": -942, "2020-09-30": -942, "2020-06-30": -286, "2020-03-31": "82.00000", "2019-12-31": -525, "2019-09-30": -736, "2019-06-30": -92, "2019-03-31": "-140.00000", "2018-12-31": -444, "2018-09-30": -457, "2018-06-30": -135, "2018-03-31": "-663.00000", "2017-12-31": -617, "2017-09-30": -878, "2017-06-30": -1512, "2017-03-31": "-258.00000", "2016-12-31": -271, "2016-09-30": -371, "2016-06-30": -640, "2016-03-31": "-4.00000", "2015-12-31": -759, "2015-09-30": -589, "2015-06-30": -84, "2015-03-31": "-257.00000", "2014-12-31": -600, "2014-09-30": -254, "2014-06-30": -189, "2014-03-31": "-260.00000", "2013-12-31": -417, "2013-09-30": -447, "2013-06-30": -392, "2013-03-31": "120.00000", "2012-12-31": -790, "2012-09-30": -430, "2012-06-30": -200, "2012-03-31": "-166.00000", "2011-12-31": -87, "2011-09-30": -177, "2011-06-30": -666, "2011-03-31": "34.00000", "2010-12-31": 245, "2010-09-30": 1692, "2010-06-30": -128, "2010-03-31": "14.00000", "2009-12-31": -394, "2009-09-30": -108, "2009-06-30": -163, "2009-03-31": "13.00000", "2008-12-31": -218, "2008-09-30": -526, "2008-06-30": -1000, "2008-03-31": "-500.00000", "2007-12-31": 403, "2007-09-30": -339, "2007-06-30": -87, "2007-03-31": "-530.00000", "2006-12-31": -479, "2006-09-30": 24, "2006-06-30": -205, "2006-03-31": "-304.00000", "2005-12-31": 189, "2005-09-30": -52, "2005-06-30": -271, "2005-03-31": "-70.00000"}, "Net Cash Flow": {"2020-12-31": 63, "2020-09-30": 64, "2020-06-30": 67, "2020-03-31": "-100.00000", "2019-12-31": 188, "2019-09-30": 21, "2019-06-30": -19, "2019-03-31": "-56.00000", "2018-12-31": 172, "2018-09-30": -3, "2018-06-30": -110, "2018-03-31": "-159.00000", "2017-12-31": 7, "2017-09-30": 65, "2017-06-30": 233, "2017-03-31": "20.00000", "2016-12-31": -52, "2016-09-30": 45, "2016-06-30": -27, "2016-03-31": "81.00000", "2015-12-31": -14, "2015-09-30": 31, "2015-06-30": -11, "2015-03-31": "4.00000", "2014-12-31": -8, "2014-09-30": -36, "2014-06-30": 80, "2014-03-31": "-139.00000", "2013-12-31": 108, "2013-09-30": 103, "2013-06-30": -142, "2013-03-31": "117.00000", "2012-12-31": 1, "2012-09-30": 4, "2012-06-30": -37, "2012-03-31": "51.00000", "2011-12-31": -23, "2011-09-30": -5, "2011-06-30": -382, "2011-03-31": "336.00000", "2010-12-31": 11, "2010-09-30": 75, "2010-06-30": -162, "2010-03-31": "205.00000", "2009-12-31": -363, "2009-09-30": 43, "2009-06-30": 36, "2009-03-31": "-81.00000", "2008-12-31": 104, "2008-09-30": 12, "2008-06-30": 14, "2008-03-31": "-132.00000", "2007-12-31": 263, "2007-09-30": -85, "2007-06-30": 55, "2007-03-31": "70.00000", "2006-12-31": -180, "2006-09-30": 36, "2006-06-30": -26, "2006-03-31": "-25.00000", "2005-12-31": 43, "2005-09-30": 14, "2005-06-30": -107, "2005-03-31": "-44.00000"}, "Stock-Based Compensation": {"2020-12-31": 105, "2020-09-30": 67, "2020-06-30": 64, "2020-03-31": "76.00000", "2019-12-31": 65, "2019-09-30": 72, "2019-06-30": 91, "2019-03-31": "89.00000", "2018-12-31": 124, "2018-09-30": 67, "2018-06-30": -40, "2018-03-31": "187.00000", "2017-12-31": 105, "2017-09-30": 66, "2017-06-30": 27, "2017-03-31": "121.00000", "2016-12-31": 96, "2016-09-30": 66, "2016-06-30": 65, "2016-03-31": "79.00000", "2015-12-31": 81, "2015-09-30": 75, "2015-06-30": 74, "2015-03-31": "90.00000", "2014-12-31": 81, "2014-09-30": 72, "2014-06-30": 73, "2014-03-31": "102.00000", "2013-12-31": 93, "2013-09-30": 70, "2013-06-30": 68, "2013-03-31": "69.00000", "2012-12-31": 52, "2012-09-30": 55, "2012-06-30": 50, "2012-03-31": "55.00000", "2011-12-31": 56, "2011-09-30": 58, "2011-06-30": 47, "2011-03-31": "74.00000", "2010-12-31": 55, "2010-09-30": 43, "2010-06-30": 57, "2010-03-31": "66.00000", "2009-12-31": 57, "2009-09-30": 57, "2009-06-30": 55, "2009-03-31": "40.00000", "2008-12-31": 54, "2008-09-30": 52, "2008-06-30": 60, "2008-03-31": "82.00000", "2007-12-31": 52, "2007-09-30": 45, "2007-06-30": 56, "2007-03-31": "51.00000", "2006-12-31": 42, "2006-09-30": 33, "2006-06-30": 37, "2006-03-31": "41.00000", "2005-12-31": 21, "2005-09-30": 15, "2005-06-30": 15, "2005-03-31": "21.00000"}, "Common Stock Dividends Paid": {"2020-12-31": -105, "2020-09-30": -103, "2020-06-30": -102, "2020-03-31": "-102.00000", "2019-12-31": -103, "2019-09-30": -104, "2019-06-30": -107, "2019-03-31": "-96.00000", "2018-12-31": -97, "2018-09-30": -98, "2018-06-30": -98, "2018-03-31": "-89.00000", "2017-12-31": -90, "2017-09-30": -92, "2017-06-30": -95, "2017-03-31": "-87.00000", "2016-12-31": -87, "2016-09-30": -89, "2016-06-30": -87, "2016-03-31": "-82.00000", "2015-12-31": -83, "2015-09-30": -84, "2015-06-30": -85, "2015-03-31": "-71.00000", "2014-12-31": -54, "2014-09-30": -81, "2014-06-30": -85, "2014-03-31": "-53.00000", "2013-12-31": -40, "2013-09-30": -61, "2013-06-30": -61, "2013-03-31": "-50.00000", "2012-12-31": -61, "2012-09-30": -62, "2012-06-30": -58, "2012-03-31": "-50.00000", "2011-12-31": -59, "2011-09-30": -65, "2011-06-30": -55, "2011-03-31": "-51.00000", "2010-12-31": -57, "2010-09-30": -45, "2010-06-30": -49, "2010-03-31": "-44.00000", "2009-12-31": -73, "2009-09-30": -41, "2009-06-30": -42, "2009-03-31": "-41.00000", "2008-12-31": -50, "2008-09-30": -41, "2008-06-30": -43, "2008-03-31": "-46.00000", "2007-12-31": -44, "2007-09-30": -44, "2007-06-30": -44, "2007-03-31": "-44.00000", "2006-12-31": -46, "2006-09-30": -47, "2006-06-30": -48, "2006-03-31": "-48.00000", "2005-12-31": -48, "2005-09-30": -48, "2005-06-30": -49, "2005-03-31": "-48.00000"}}, "financial ratios": {"Current Ratio": {"2019-12-31": "", "2018-12-31": "", "2017-12-31": "", "2016-12-31": "", "2015-12-31": "", "2014-12-31": "", "2013-12-31": "", "2012-12-31": "", "2011-12-31": "", "2010-12-31": "", "2009-12-31": "", "2008-12-31": "", "2007-12-31": "", "2006-12-31": "", "2005-12-31": ""}, "Long-term Debt / Capital": {"2019-12-31": "0.65770", "2018-12-31": "0.58690", "2017-12-31": "0.54940", "2016-12-31": "0.51480", "2015-12-31": "0.45890", "2014-12-31": "0.41990", "2013-12-31": "0.31020", "2012-12-31": "0.32240", "2011-12-31": "0.33850", "2010-12-31": "0.32580", "2009-12-31": "0.26890", "2008-12-31": "0.25690", "2007-12-31": "0.23330", "2006-12-31": "0.30060", "2005-12-31": "0.28360"}, "Debt/Equity Ratio": {"2019-12-31": "2.12790", "2018-12-31": "1.48000", "2017-12-31": "1.28360", "2016-12-31": "1.12170", "2015-12-31": "0.94070", "2014-12-31": "0.84180", "2013-12-31": "0.53560", "2012-12-31": "0.53360", "2011-12-31": "0.55320", "2010-12-31": "0.54250", "2009-12-31": "0.36970", "2008-12-31": "0.36510", "2007-12-31": "0.34480", "2006-12-31": "0.43790", "2005-12-31": "0.39720"}, "Gross Margin": {"2019-12-31": "", "2018-12-31": "", "2017-12-31": "", "2016-12-31": "", "2015-12-31": "", "2014-12-31": "", "2013-12-31": "", "2012-12-31": "", "2011-12-31": "", "2010-12-31": "", "2009-12-31": "", "2008-12-31": "", "2007-12-31": "", "2006-12-31": "", "2005-12-31": ""}, "Operating Margin": {"2019-12-31": "19.69490", "2018-12-31": "14.33610", "2017-12-31": "10.65210", "2016-12-31": "19.24750", "2015-12-31": "16.74050", "2014-12-31": "16.32210", "2013-12-31": "14.14300", "2012-12-31": "13.86140", "2011-12-31": "14.14020", "2010-12-31": "14.61470", "2009-12-31": "13.44310", "2008-12-31": "12.48670", "2007-12-31": "13.86510", "2006-12-31": "12.26000", "2005-12-31": "10.63000"}, "EBIT Margin": {"2019-12-31": "19.69490", "2018-12-31": "14.33610", "2017-12-31": "10.65210", "2016-12-31": "19.24750", "2015-12-31": "16.74050", "2014-12-31": "16.32210", "2013-12-31": "14.14300", "2012-12-31": "13.86140", "2011-12-31": "14.14020", "2010-12-31": "14.61470", "2009-12-31": "13.44310", "2008-12-31": "12.48670", "2007-12-31": "13.86510", "2006-12-31": "12.26000", "2005-12-31": "10.63000"}, "EBITDA Margin": {"2019-12-31": "24.81610", "2018-12-31": "21.47630", "2017-12-31": "19.56390", "2016-12-31": "22.63790", "2015-12-31": "20.30590", "2014-12-31": "21.25360", "2013-12-31": "19.51760", "2012-12-31": "19.55010", "2011-12-31": "19.29650", "2010-12-31": "18.19780", "2009-12-31": "16.62940", "2008-12-31": "15.43570", "2007-12-31": "16.69890", "2006-12-31": "15.86410", "2005-12-31": "14.79480"}, "Pre-Tax Profit Margin": {"2019-12-31": "16.98900", "2018-12-31": "11.56920", "2017-12-31": "6.85140", "2016-12-31": "14.89000", "2015-12-31": "15.06330", "2014-12-31": "14.65340", "2013-12-31": "13.01740", "2012-12-31": "11.98540", "2011-12-31": "12.29730", "2010-12-31": "12.44130", "2009-12-31": "12.49510", "2008-12-31": "11.67640", "2007-12-31": "14.14160", "2006-12-31": "10.75330", "2005-12-31": "8.67540"}, "Net Profit Margin": {"2019-12-31": "13.91080", "2018-12-31": "10.52930", "2017-12-31": "12.26250", "2016-12-31": "14.83690", "2015-12-31": "14.60970", "2014-12-31": "11.59820", "2013-12-31": "9.42020", "2012-12-31": "8.62430", "2011-12-31": "8.67370", "2010-12-31": "8.29420", "2009-12-31": "9.83540", "2008-12-31": "19.42080", "2007-12-31": "11.94360", "2006-12-31": "10.63520", "2005-12-31": "11.02090"}, "Asset Turnover": {"2019-12-31": "0.37450", "2018-12-31": "0.40760", "2017-12-31": "0.38320", "2016-12-31": "0.35350", "2015-12-31": "0.35260", "2014-12-31": "0.40460", "2013-12-31": "0.39060", "2012-12-31": "0.37770", "2011-12-31": "0.38190", "2010-12-31": "0.29370", "2009-12-31": "0.33080", "2008-12-31": "0.32820", "2007-12-31": "0.29020", "2006-12-31": "0.27760", "2005-12-31": "0.23900"}, "Inventory Turnover Ratio": {"2019-12-31": "", "2018-12-31": "", "2017-12-31": "", "2016-12-31": "", "2015-12-31": "", "2014-12-31": "", "2013-12-31": "", "2012-12-31": "", "2011-12-31": "", "2010-12-31": "", "2009-12-31": "", "2008-12-31": "", "2007-12-31": "", "2006-12-31": "", "2005-12-31": ""}, "Receiveable Turnover": {"2019-12-31": "", "2018-12-31": "", "2017-12-31": "", "2016-12-31": "", "2015-12-31": "", "2014-12-31": "", "2013-12-31": "", "2012-12-31": "", "2011-12-31": "", "2010-12-31": "", "2009-12-31": "", "2008-12-31": "", "2007-12-31": "", "2006-12-31": "", "2005-12-31": ""}, "Days Sales In Receivables": {"2019-12-31": "", "2018-12-31": "", "2017-12-31": "", "2016-12-31": "", "2015-12-31": "", "2014-12-31": "", "2013-12-31": "", "2012-12-31": "", "2011-12-31": "", "2010-12-31": "", "2009-12-31": "", "2008-12-31": "", "2007-12-31": "", "2006-12-31": "", "2005-12-31": ""}, "ROE - Return On Equity": {"2019-12-31": "45.63640", "2018-12-31": "26.07250", "2017-12-31": "9.35890", "2016-12-31": "22.65000", "2015-12-31": "20.68000", "2014-12-31": "21.58050", "2013-12-31": "14.00850", "2012-12-31": "13.06860", "2011-12-31": "12.43840", "2010-12-31": "9.13800", "2009-12-31": "12.53910", "2008-12-31": "11.76360", "2007-12-31": "10.85040", "2006-12-31": "9.37140", "2005-12-31": "7.82400"}, "Return On Tangible Equity": {"2019-12-31": "-28.62340", "2018-12-31": "-21.56440", "2017-12-31": "-7.99190", "2016-12-31": "-33.25370", "2015-12-31": "-27.42390", "2014-12-31": "-30.13270", "2013-12-31": "-33.96450", "2012-12-31": "-24.79940", "2011-12-31": "-25.72590", "2010-12-31": "-19.20550", "2009-12-31": "-47.35740", "2008-12-31": "-63.63640", "2007-12-31": "61.25230", "2006-12-31": "88.58700", "2005-12-31": "39.09770"}, "ROA - Return On Assets": {"2019-12-31": "5.35280", "2018-12-31": "4.16320", "2017-12-31": "1.66740", "2016-12-31": "4.70790", "2015-12-31": "4.66090", "2014-12-31": "4.80650", "2013-12-31": "3.79490", "2012-12-31": "3.34580", "2011-12-31": "3.41770", "2010-12-31": "2.61890", "2009-12-31": "2.96630", "2008-12-31": "2.77680", "2007-12-31": "2.70770", "2006-12-31": "2.00540", "2005-12-31": "1.49470"}, "ROI - Return On Investment": {"2019-12-31": "15.62130", "2018-12-31": "10.77160", "2017-12-31": "4.21720", "2016-12-31": "10.99030", "2015-12-31": "11.19050", "2014-12-31": "12.51970", "2013-12-31": "9.66250", "2012-12-31": "8.85570", "2011-12-31": "8.22810", "2010-12-31": "6.16070", "2009-12-31": "9.16680", "2008-12-31": "8.74160", "2007-12-31": "8.31900", "2006-12-31": "6.55410", "2005-12-31": "5.60500"}, "Book Value Per Share": {"2019-12-31": "14.86000", "2018-12-31": "17.57180", "2017-12-31": "18.77220", "2016-12-31": "21.11450", "2015-12-31": "22.45740", "2014-12-31": "23.68210", "2013-12-31": "27.25310", "2012-12-31": "25.10450", "2011-12-31": "25.00000", "2010-12-31": "24.99550", "2009-12-31": "20.39430", "2008-12-31": "19.92270", "2007-12-31": "20.44360", "2006-12-31": "17.41070", "2005-12-31": "16.55360"}, "Operating Cash Flow Per Share": {"2019-12-31": 0.8009, "2018-12-31": 4.0104, "2017-12-31": -5.7898, "2016-12-31": 1.5264, "2015-12-31": 1.0308, "2014-12-31": 0.4901, "2013-12-31": 1.2916, "2012-12-31": 1.2802, "2011-12-31": 0.3596, "2010-12-31": 0.909, "2009-12-31": -1.4614, "2008-12-31": -0.6846, "2007-12-31": 1.034, "2006-12-31": 0.2352, "2005-12-31": 2.5944}, "Free Cash Flow Per Share": {"2019-12-31": 0.8373, "2018-12-31": 3.7408, "2017-12-31": -5.9146, "2016-12-31": 1.6539, "2015-12-31": 1.1806, "2014-12-31": 0.3616, "2013-12-31": 1.3744, "2012-12-31": 1.1783, "2011-12-31": 0.2565, "2010-12-31": 0.7861, "2009-12-31": -1.604, "2008-12-31": -0.5028, "2007-12-31": 0.9582, "2006-12-31": 0.1598, "2005-12-31": 2.2255}}, "financial ratios, quarterly": {"Current Ratio": {"2020-09-30": "", "2020-06-30": "", "2020-03-31": "", "2019-12-31": "", "2019-09-30": "", "2019-06-30": "", "2019-03-31": "", "2018-12-31": "", "2018-09-30": "", "2018-06-30": "", "2018-03-31": "", "2017-12-31": "", "2017-09-30": "", "2017-06-30": "", "2017-03-31": "", "2016-12-31": "", "2016-09-30": "", "2016-06-30": "", "2016-03-31": "", "2015-12-31": "", "2015-09-30": "", "2015-06-30": "", "2015-03-31": "", "2014-12-31": "", "2014-09-30": "", "2014-06-30": "", "2014-03-31": "", "2013-12-31": "", "2013-09-30": "", "2013-06-30": "", "2013-03-31": "", "2012-12-31": "", "2012-09-30": "", "2012-06-30": "", "2012-03-31": "", "2011-12-31": "", "2011-09-30": "", "2011-06-30": "", "2011-03-31": "", "2010-12-31": "", "2010-09-30": "", "2010-06-30": "", "2010-03-31": "", "2009-12-31": "", "2009-09-30": "", "2009-06-30": "", "2009-03-31": "", "2008-12-31": "", "2008-09-30": "", "2008-06-30": "", "2008-03-31": "", "2007-12-31": "", "2007-09-30": "", "2007-06-30": "", "2007-03-31": "", "2006-12-31": "", "2006-09-30": "", "2006-06-30": "", "2006-03-31": "", "2005-12-31": "", "2005-09-30": "", "2005-06-30": "", "2005-03-31": ""}, "Long-term Debt / Capital": {"2020-09-30": "0.66700", "2020-06-30": "0.66180", "2020-03-31": "0.65640", "2019-12-31": "0.65770", "2019-09-30": "0.63220", "2019-06-30": "0.63270", "2019-03-31": "0.55200", "2018-12-31": "0.58690", "2018-09-30": "0.56690", "2018-06-30": "0.55060", "2018-03-31": "0.51410", "2017-12-31": "0.54940", "2017-09-30": "0.51900", "2017-06-30": "0.50350", "2017-03-31": "0.49060", "2016-12-31": "0.51480", "2016-09-30": "0.51820", "2016-06-30": "0.51510", "2016-03-31": "0.52470", "2015-12-31": "0.45890", "2015-09-30": "0.44680", "2015-06-30": "0.42770", "2015-03-31": "0.42280", "2014-12-31": "0.41990", "2014-09-30": "0.39960", "2014-06-30": "0.39920", "2014-03-31": "0.31430", "2013-12-31": "0.31020", "2013-09-30": "0.30630", "2013-06-30": "0.34500", "2013-03-31": "0.33060", "2012-12-31": "0.32240", "2012-09-30": "0.32960", "2012-06-30": "0.33300", "2012-03-31": "0.33120", "2011-12-31": "0.33850", "2011-09-30": "0.34780", "2011-06-30": "0.34600", "2011-03-31": "0.34190", "2010-12-31": "0.32580", "2010-09-30": "0.34990", "2010-06-30": "0.22620", "2010-03-31": "0.26950", "2009-12-31": "0.26890", "2009-09-30": "0.24580", "2009-06-30": "0.17210", "2009-03-31": "0.24610", "2008-12-31": "0.25690", "2008-09-30": "0.24830", "2008-06-30": "0.23850", "2008-03-31": "0.23620", "2007-12-31": "0.23330", "2007-09-30": "0.26210", "2007-06-30": "0.28990", "2007-03-31": "0.28260", "2006-12-31": "0.30060", "2006-09-30": "0.27860", "2006-06-30": "0.27860", "2006-03-31": "0.27490", "2005-12-31": "0.28360", "2005-09-30": "0.25730", "2005-06-30": "0.25840", "2005-03-31": "0.28840"}, "Debt/Equity Ratio": {"2020-09-30": "2.13340", "2020-06-30": "2.16810", "2020-03-31": "2.48800", "2019-12-31": "2.12790", "2019-09-30": "2.04100", "2019-06-30": "1.93820", "2019-03-31": "1.31960", "2018-12-31": "1.48000", "2018-09-30": "1.48010", "2018-06-30": "1.39840", "2018-03-31": "1.13280", "2017-12-31": "1.28360", "2017-09-30": "1.13720", "2017-06-30": "1.06660", "2017-03-31": "1.07740", "2016-12-31": "1.12170", "2016-09-30": "1.12120", "2016-06-30": "1.10740", "2016-03-31": "1.23380", "2015-12-31": "0.94070", "2015-09-30": "1.03100", "2015-06-30": "0.93880", "2015-03-31": "0.88260", "2014-12-31": "0.84180", "2014-09-30": "0.75630", "2014-06-30": "0.76740", "2014-03-31": "0.59280", "2013-12-31": "0.53560", "2013-09-30": "0.60050", "2013-06-30": "0.58270", "2013-03-31": "0.59900", "2012-12-31": "0.53360", "2012-09-30": "0.52650", "2012-06-30": "0.54690", "2012-03-31": "0.52920", "2011-12-31": "0.55320", "2011-09-30": "0.55300", "2011-06-30": "0.53530", "2011-03-31": "0.57860", "2010-12-31": "0.54250", "2010-09-30": "0.64270", "2010-06-30": "0.35980", "2010-03-31": "0.38430", "2009-12-31": "0.36970", "2009-09-30": "0.32790", "2009-06-30": "0.32120", "2009-03-31": "0.34480", "2008-12-31": "0.36510", "2008-09-30": "0.33030", "2008-06-30": "0.31320", "2008-03-31": "0.32220", "2007-12-31": "0.34480", "2007-09-30": "0.35760", "2007-06-30": "0.40910", "2007-03-31": "0.39410", "2006-12-31": "0.43790", "2006-09-30": "0.43620", "2006-06-30": "0.39000", "2006-03-31": "0.37980", "2005-12-31": "0.39720", "2005-09-30": "0.35410", "2005-06-30": "0.35270", "2005-03-31": "0.40570"}, "Gross Margin": {"2020-09-30": "", "2020-06-30": "", "2020-03-31": "", "2019-12-31": "", "2019-09-30": "", "2019-06-30": "", "2019-03-31": "", "2018-12-31": "", "2018-09-30": "", "2018-06-30": "", "2018-03-31": "", "2017-12-31": "", "2017-09-30": "", "2017-06-30": "", "2017-03-31": "", "2016-12-31": "", "2016-09-30": "", "2016-06-30": "", "2016-03-31": "", "2015-12-31": "", "2015-09-30": "", "2015-06-30": "", "2015-03-31": "", "2014-12-31": "", "2014-09-30": "", "2014-06-30": "", "2014-03-31": "", "2013-12-31": "", "2013-09-30": "", "2013-06-30": "", "2013-03-31": "", "2012-12-31": "", "2012-09-30": "", "2012-06-30": "", "2012-03-31": "", "2011-12-31": "", "2011-09-30": "", "2011-06-30": "", "2011-03-31": "", "2010-12-31": "", "2010-09-30": "", "2010-06-30": "", "2010-03-31": "", "2009-12-31": "", "2009-09-30": "", "2009-06-30": "", "2009-03-31": "", "2008-12-31": "", "2008-09-30": "", "2008-06-30": "", "2008-03-31": "", "2007-12-31": "", "2007-09-30": "", "2007-06-30": "", "2007-03-31": "", "2006-12-31": "", "2006-09-30": "", "2006-06-30": "", "2006-03-31": "", "2005-12-31": "", "2005-09-30": "", "2005-06-30": "", "2005-03-31": ""}, "Operating Margin": {"2020-09-30": "18.49060", "2020-06-30": "23.78860", "2020-03-31": "32.09070", "2019-12-31": "18.16290", "2019-09-30": "15.13240", "2019-06-30": "15.84800", "2019-03-31": "27.74420", "2018-12-31": "18.01440", "2018-09-30": "11.15370", "2018-06-30": "-0.62480", "2018-03-31": "25.85760", "2017-12-31": "20.66000", "2017-09-30": "10.94020", "2017-06-30": "-5.36320", "2017-03-31": "14.06970", "2016-12-31": "24.00000", "2016-09-30": "16.71970", "2016-06-30": "16.95880", "2016-03-31": "18.45340", "2015-12-31": "41.98900", "2015-09-30": "15.06200", "2015-06-30": "9.87520", "2015-03-31": "15.49000", "2014-12-31": "19.24830", "2014-09-30": "14.47920", "2014-06-30": "15.24500", "2014-03-31": "15.91450", "2013-12-31": "16.04860", "2013-09-30": "13.02790", "2013-06-30": "13.18610", "2013-03-31": "14.06520", "2012-12-31": "14.79940", "2012-09-30": "12.38580", "2012-06-30": "13.96670", "2012-03-31": "14.15000", "2011-12-31": "14.36210", "2011-09-30": "12.04550", "2011-06-30": "15.65280", "2011-03-31": "14.42550", "2010-12-31": "15.12550", "2010-09-30": "14.60300", "2010-06-30": "14.12010", "2010-03-31": "14.33820", "2009-12-31": "11.62570", "2009-09-30": "10.81380", "2009-06-30": "11.68970", "2009-03-31": "19.82670", "2008-12-31": "8.29210", "2008-09-30": "13.38030", "2008-06-30": "13.03680", "2008-03-31": "15.06560", "2007-12-31": "10.21420", "2007-09-30": "14.63690", "2007-06-30": "15.32690", "2007-03-31": "15.29480", "2006-12-31": "24.89080", "2006-09-30": "7.97970", "2006-06-30": "13.67750", "2006-03-31": "13.76440", "2005-12-31": "-433.33330", "2005-09-30": "8.62240", "2005-06-30": "12.98880", "2005-03-31": "14.00160"}, "EBIT Margin": {"2020-09-30": "18.49060", "2020-06-30": "23.78860", "2020-03-31": "32.09070", "2019-12-31": "18.16290", "2019-09-30": "15.13240", "2019-06-30": "15.84800", "2019-03-31": "27.74420", "2018-12-31": "18.01440", "2018-09-30": "11.15370", "2018-06-30": "-0.62480", "2018-03-31": "25.85760", "2017-12-31": "20.66000", "2017-09-30": "10.94020", "2017-06-30": "-5.36320", "2017-03-31": "14.06970", "2016-12-31": "24.00000", "2016-09-30": "16.71970", "2016-06-30": "16.95880", "2016-03-31": "18.45340", "2015-12-31": "41.98900", "2015-09-30": "15.06200", "2015-06-30": "9.87520", "2015-03-31": "15.49000", "2014-12-31": "19.24830", "2014-09-30": "14.47920", "2014-06-30": "15.24500", "2014-03-31": "15.91450", "2013-12-31": "16.04860", "2013-09-30": "13.02790", "2013-06-30": "13.18610", "2013-03-31": "14.06520", "2012-12-31": "14.79940", "2012-09-30": "12.38580", "2012-06-30": "13.96670", "2012-03-31": "14.15000", "2011-12-31": "14.36210", "2011-09-30": "12.04550", "2011-06-30": "15.65280", "2011-03-31": "14.42550", "2010-12-31": "15.12550", "2010-09-30": "14.60300", "2010-06-30": "14.12010", "2010-03-31": "14.33820", "2009-12-31": "11.62570", "2009-09-30": "10.81380", "2009-06-30": "11.68970", "2009-03-31": "19.82670", "2008-12-31": "8.29210", "2008-09-30": "13.38030", "2008-06-30": "13.03680", "2008-03-31": "15.06560", "2007-12-31": "10.21420", "2007-09-30": "14.63690", "2007-06-30": "15.32690", "2007-03-31": "15.29480", "2006-12-31": "24.89080", "2006-09-30": "7.97970", "2006-06-30": "13.67750", "2006-03-31": "13.76440", "2005-12-31": "-433.33330", "2005-09-30": "8.62240", "2005-06-30": "12.98880", "2005-03-31": "14.00160"}, "EBITDA Margin": {"2020-09-30": "", "2020-06-30": "", "2020-03-31": "", "2019-12-31": "", "2019-09-30": "", "2019-06-30": "", "2019-03-31": "", "2018-12-31": "", "2018-09-30": "", "2018-06-30": "", "2018-03-31": "", "2017-12-31": "", "2017-09-30": "", "2017-06-30": "", "2017-03-31": "", "2016-12-31": "", "2016-09-30": "", "2016-06-30": "", "2016-03-31": "", "2015-12-31": "", "2015-09-30": "", "2015-06-30": "", "2015-03-31": "", "2014-12-31": "", "2014-09-30": "", "2014-06-30": "", "2014-03-31": "", "2013-12-31": "", "2013-09-30": "", "2013-06-30": "", "2013-03-31": "", "2012-12-31": "", "2012-09-30": "", "2012-06-30": "", "2012-03-31": "", "2011-12-31": "", "2011-09-30": "", "2011-06-30": "", "2011-03-31": "", "2010-12-31": "", "2010-09-30": "", "2010-06-30": "", "2010-03-31": "", "2009-12-31": "", "2009-09-30": "", "2009-06-30": "", "2009-03-31": "", "2008-12-31": "", "2008-09-30": "", "2008-06-30": "", "2008-03-31": "", "2007-12-31": "", "2007-09-30": "", "2007-06-30": "", "2007-03-31": "", "2006-12-31": "", "2006-09-30": "", "2006-06-30": "", "2006-03-31": "", "2005-12-31": "", "2005-09-30": "", "2005-06-30": "", "2005-03-31": ""}, "Pre-Tax Profit Margin": {"2020-09-30": "15.22010", "2020-06-30": "19.82380", "2020-03-31": "30.47530", "2019-12-31": "15.28600", "2019-09-30": "11.97980", "2019-06-30": "13.16190", "2019-03-31": "25.51700", "2018-12-31": "15.19860", "2018-09-30": "8.25880", "2018-06-30": "-3.39710", "2018-03-31": "23.23630", "2017-12-31": "13.95670", "2017-09-30": "8.54700", "2017-06-30": "-7.85470", "2017-03-31": "11.12980", "2016-12-31": "15.28300", "2016-09-30": "14.03910", "2016-06-30": "13.84750", "2016-03-31": "16.30050", "2015-12-31": "40.60770", "2015-09-30": "12.83730", "2015-06-30": "7.62920", "2015-03-31": "14.78750", "2014-12-31": "17.61140", "2014-09-30": "13.54170", "2014-06-30": "13.01820", "2014-03-31": "14.04820", "2013-12-31": "14.80210", "2013-09-30": "12.63420", "2013-06-30": "11.80530", "2013-03-31": "12.62440", "2012-12-31": "13.13000", "2012-09-30": "10.01100", "2012-06-30": "12.44240", "2012-03-31": "12.17880", "2011-12-31": "12.95930", "2011-09-30": "10.72350", "2011-06-30": "12.52220", "2011-03-31": "12.90320", "2010-12-31": "12.37540", "2010-09-30": "11.54910", "2010-06-30": "12.85560", "2010-03-31": "12.97270", "2009-12-31": "10.51620", "2009-09-30": "9.92200", "2009-06-30": "11.15830", "2009-03-31": "18.58070", "2008-12-31": "9.71990", "2008-09-30": "11.80930", "2008-06-30": "11.55420", "2008-03-31": "13.54330", "2007-12-31": "15.32130", "2007-09-30": "12.75010", "2007-06-30": "15.05900", "2007-03-31": "13.34820", "2006-12-31": "24.45420", "2006-09-30": "6.41140", "2006-06-30": "12.09240", "2006-03-31": "12.28640", "2005-12-31": "-585.71430", "2005-09-30": "7.13580", "2005-06-30": "11.45250", "2005-03-31": "12.58120"}, "Net Profit Margin": {"2020-09-30": "11.53040", "2020-06-30": "15.93910", "2020-03-31": "23.98260", "2019-12-31": "12.96360", "2019-09-30": "9.33170", "2019-06-30": "10.62930", "2019-03-31": "20.96720", "2018-12-31": "12.45490", "2018-09-30": "6.25800", "2018-06-30": "1.87430", "2018-03-31": "19.22330", "2017-12-31": "-0.65310", "2017-09-30": "7.90600", "2017-06-30": "32.47470", "2017-03-31": "12.22180", "2016-12-31": "17.05660", "2016-09-30": "14.49340", "2016-06-30": "13.14640", "2016-03-31": "14.27940", "2015-12-31": "53.77530", "2015-09-30": "10.75860", "2015-06-30": "6.34580", "2015-03-31": "11.52090", "2014-12-31": "13.91330", "2014-09-30": "10.72920", "2014-06-30": "10.41450", "2014-03-31": "11.02820", "2013-12-31": "11.06260", "2013-09-30": "9.16250", "2013-06-30": "8.31900", "2013-03-31": "8.95370", "2012-12-31": "9.79130", "2012-09-30": "7.45340", "2012-06-30": "8.72030", "2012-03-31": "8.37730", "2011-12-31": "9.25180", "2011-09-30": "7.27140", "2011-06-30": "9.17820", "2011-03-31": "8.91630", "2010-12-31": "7.94090", "2010-09-30": "7.99560", "2010-06-30": "8.06110", "2010-03-31": "9.34870", "2009-12-31": "9.55140", "2009-09-30": "6.68900", "2009-06-30": "7.91710", "2009-03-31": "15.16790", "2008-12-31": "-0.32950", "2008-09-30": "6.33800", "2008-06-30": "57.92430", "2008-03-31": "11.44360", "2007-12-31": "11.36740", "2007-09-30": "11.66380", "2007-06-30": "12.86170", "2007-03-31": "11.84650", "2006-12-31": "97.37990", "2006-09-30": "4.88930", "2006-06-30": "8.74090", "2006-03-31": "9.14550", "2005-12-31": "1057.14300", "2005-09-30": "5.99600", "2005-06-30": "8.89200", "2005-03-31": "8.07630"}, "Asset Turnover": {"2020-09-30": "0.07610", "2020-06-30": "0.07800", "2020-03-31": "0.10630", "2019-12-31": "0.09810", "2019-09-30": "0.08450", "2019-06-30": "0.08740", "2019-03-31": "0.10790", "2018-12-31": "0.10480", "2018-09-30": "0.09180", "2018-06-30": "0.09410", "2018-03-31": "0.11100", "2017-12-31": "0.11150", "2017-09-30": "0.09030", "2017-06-30": "0.08710", "2017-03-31": "0.08820", "2016-12-31": "0.09960", "2016-09-30": "0.08720", "2016-06-30": "0.08550", "2016-03-31": "0.08490", "2015-12-31": "0.04040", "2015-09-30": "0.10080", "2015-06-30": "0.09610", "2015-03-31": "0.10030", "2014-12-31": "0.11080", "2014-09-30": "0.09990", "2014-06-30": "0.09190", "2014-03-31": "0.09800", "2013-12-31": "0.10610", "2013-09-30": "0.09530", "2013-06-30": "0.09640", "2013-03-31": "0.09710", "2012-12-31": "0.10220", "2012-09-30": "0.09280", "2012-06-30": "0.09160", "2012-03-31": "0.09390", "2011-12-31": "0.10130", "2011-09-30": "0.09470", "2011-06-30": "0.09220", "2011-03-31": "0.09260", "2010-12-31": "0.10040", "2010-09-30": "0.07710", "2010-06-30": "0.07920", "2010-03-31": "0.08290", "2009-12-31": "0.09030", "2009-09-30": "0.08290", "2009-06-30": "0.07700", "2009-03-31": "0.07990", "2008-12-31": "0.07940", "2008-09-30": "0.08910", "2008-06-30": "0.08120", "2008-03-31": "0.07190", "2007-12-31": "0.07300", "2007-09-30": "0.07340", "2007-06-30": "0.07530", "2007-03-31": "0.07310", "2006-12-31": "0.00940", "2006-09-30": "0.07560", "2006-06-30": "0.07330", "2006-03-31": "0.07570", "2005-12-31": "0.00080", "2005-09-30": "0.07420", "2005-06-30": "0.07700", "2005-03-31": "0.08630"}, "Inventory Turnover Ratio": {"2020-09-30": "", "2020-06-30": "", "2020-03-31": "", "2019-12-31": "", "2019-09-30": "", "2019-06-30": "", "2019-03-31": "", "2018-12-31": "", "2018-09-30": "", "2018-06-30": "", "2018-03-31": "", "2017-12-31": "", "2017-09-30": "", "2017-06-30": "", "2017-03-31": "", "2016-12-31": "", "2016-09-30": "", "2016-06-30": "", "2016-03-31": "", "2015-12-31": "", "2015-09-30": "", "2015-06-30": "", "2015-03-31": "", "2014-12-31": "", "2014-09-30": "", "2014-06-30": "", "2014-03-31": "", "2013-12-31": "", "2013-09-30": "", "2013-06-30": "", "2013-03-31": "", "2012-12-31": "", "2012-09-30": "", "2012-06-30": "", "2012-03-31": "", "2011-12-31": "", "2011-09-30": "", "2011-06-30": "", "2011-03-31": "", "2010-12-31": "", "2010-09-30": "", "2010-06-30": "", "2010-03-31": "", "2009-12-31": "", "2009-09-30": "", "2009-06-30": "", "2009-03-31": "", "2008-12-31": "", "2008-09-30": "", "2008-06-30": "", "2008-03-31": "", "2007-12-31": "", "2007-09-30": "", "2007-06-30": "", "2007-03-31": "", "2006-12-31": "", "2006-09-30": "", "2006-06-30": "", "2006-03-31": "", "2005-12-31": "", "2005-09-30": "", "2005-06-30": "", "2005-03-31": ""}, "Receiveable Turnover": {"2020-09-30": "", "2020-06-30": "", "2020-03-31": "", "2019-12-31": "", "2019-09-30": "", "2019-06-30": "", "2019-03-31": "", "2018-12-31": "", "2018-09-30": "", "2018-06-30": "", "2018-03-31": "", "2017-12-31": "", "2017-09-30": "", "2017-06-30": "", "2017-03-31": "", "2016-12-31": "", "2016-09-30": "", "2016-06-30": "", "2016-03-31": "", "2015-12-31": "", "2015-09-30": "", "2015-06-30": "", "2015-03-31": "", "2014-12-31": "", "2014-09-30": "", "2014-06-30": "", "2014-03-31": "", "2013-12-31": "", "2013-09-30": "", "2013-06-30": "", "2013-03-31": "", "2012-12-31": "", "2012-09-30": "", "2012-06-30": "", "2012-03-31": "", "2011-12-31": "", "2011-09-30": "", "2011-06-30": "", "2011-03-31": "", "2010-12-31": "", "2010-09-30": "", "2010-06-30": "", "2010-03-31": "", "2009-12-31": "", "2009-09-30": "", "2009-06-30": "", "2009-03-31": "", "2008-12-31": "", "2008-09-30": "", "2008-06-30": "", "2008-03-31": "", "2007-12-31": "", "2007-09-30": "", "2007-06-30": "", "2007-03-31": "", "2006-12-31": "", "2006-09-30": "", "2006-06-30": "", "2006-03-31": "", "2005-12-31": "", "2005-09-30": "", "2005-06-30": "", "2005-03-31": ""}, "Days Sales In Receivables": {"2020-09-30": "", "2020-06-30": "", "2020-03-31": "", "2019-12-31": "", "2019-09-30": "", "2019-06-30": "", "2019-03-31": "", "2018-12-31": "", "2018-09-30": "", "2018-06-30": "", "2018-03-31": "", "2017-12-31": "", "2017-09-30": "", "2017-06-30": "", "2017-03-31": "", "2016-12-31": "", "2016-09-30": "", "2016-06-30": "", "2016-03-31": "", "2015-12-31": "", "2015-09-30": "", "2015-06-30": "", "2015-03-31": "", "2014-12-31": "", "2014-09-30": "", "2014-06-30": "", "2014-03-31": "", "2013-12-31": "", "2013-09-30": "", "2013-06-30": "", "2013-03-31": "", "2012-12-31": "", "2012-09-30": "", "2012-06-30": "", "2012-03-31": "", "2011-12-31": "", "2011-09-30": "", "2011-06-30": "", "2011-03-31": "", "2010-12-31": "", "2010-09-30": "", "2010-06-30": "", "2010-03-31": "", "2009-12-31": "", "2009-09-30": "", "2009-06-30": "", "2009-03-31": "", "2008-12-31": "", "2008-09-30": "", "2008-06-30": "", "2008-03-31": "", "2007-12-31": "", "2007-09-30": "", "2007-06-30": "", "2007-03-31": "", "2006-12-31": "", "2006-09-30": "", "2006-06-30": "", "2006-03-31": "", "2005-12-31": "", "2005-09-30": "", "2005-06-30": "", "2005-03-31": ""}, "ROE - Return On Equity": {"2020-09-30": "7.76240", "2020-06-30": "11.09610", "2020-03-31": "24.29450", "2019-12-31": "11.07570", "2019-09-30": "6.43080", "2019-06-30": "7.33450", "2019-03-31": "13.90370", "2018-12-31": "6.73150", "2018-09-30": "3.58130", "2018-06-30": "1.23430", "2018-03-31": "11.21630", "2017-12-31": "0.36570", "2017-09-30": "3.73550", "2017-06-30": "-0.77440", "2017-03-31": "4.54860", "2016-12-31": "6.94140", "2016-09-30": "5.16930", "2016-06-30": "4.90920", "2016-03-31": "5.83500", "2015-12-31": "6.94830", "2015-09-30": "5.09930", "2015-06-30": "2.91200", "2015-03-31": "5.30240", "2014-12-31": "7.04270", "2014-09-30": "4.33170", "2014-06-30": "4.03400", "2014-03-31": "4.19690", "2013-12-31": "4.39290", "2013-09-30": "3.47830", "2013-06-30": "3.30800", "2013-03-31": "3.56350", "2012-12-31": "3.92060", "2012-09-30": "2.51170", "2012-06-30": "3.10600", "2012-03-31": "2.95870", "2011-12-31": "3.49750", "2011-09-30": "2.51240", "2011-06-30": "3.13050", "2011-03-31": "2.98100", "2010-12-31": "2.91360", "2010-09-30": "2.51540", "2010-06-30": "3.35890", "2010-03-31": "3.40850", "2009-12-31": "2.98290", "2009-09-30": "2.13700", "2009-06-30": "2.54660", "2009-03-31": "4.15050", "2008-12-31": "2.34530", "2008-09-30": "2.67360", "2008-06-30": "2.61810", "2008-03-31": "2.82080", "2007-12-31": "3.16670", "2007-09-30": "2.31520", "2007-06-30": "3.42440", "2007-03-31": "3.13690", "2006-12-31": "0.97740", "2006-09-30": "1.67540", "2006-06-30": "3.24550", "2006-03-31": "3.25920", "2005-12-31": "-1.35410", "2005-09-30": "1.82020", "2005-06-30": "3.67550", "2005-03-31": "3.84910"}, "Return On Tangible Equity": {"2020-09-30": "-5.10260", "2020-06-30": "-7.64930", "2020-03-31": "-13.70480", "2019-12-31": "-6.94670", "2019-09-30": "-4.25330", "2019-06-30": "-5.45830", "2019-03-31": "-15.24580", "2018-12-31": "-5.56750", "2018-09-30": "-2.97280", "2018-06-30": "-1.13190", "2018-03-31": "-12.51300", "2017-12-31": "-0.31230", "2017-09-30": "-4.92220", "2017-06-30": "1.19640", "2017-03-31": "-7.35290", "2016-12-31": "-10.19110", "2016-09-30": "-5.68450", "2016-06-30": "-5.43930", "2016-03-31": "-6.03250", "2015-12-31": "-9.21430", "2015-09-30": "-6.20140", "2015-06-30": "-4.12730", "2015-03-31": "-7.53260", "2014-12-31": "-9.83370", "2014-09-30": "-7.21480", "2014-06-30": "-8.21950", "2014-03-31": "-9.53460", "2013-12-31": "-10.65090", "2013-09-30": "-6.55900", "2013-06-30": "-6.44010", "2013-03-31": "-6.80510", "2012-12-31": "-7.43980", "2012-09-30": "-5.94060", "2012-06-30": "-7.06570", "2012-03-31": "-6.76080", "2011-12-31": "-7.23380", "2011-09-30": "-5.31020", "2011-06-30": "-6.63500", "2011-03-31": "-6.39700", "2010-12-31": "-6.12350", "2010-09-30": "-16.59140", "2010-06-30": "-18.68020", "2010-03-31": "-15.50000", "2009-12-31": "-11.26570", "2009-09-30": "-22.20340", "2009-06-30": "-23.50230", "2009-03-31": "-37.78140", "2008-12-31": "-12.68730", "2008-09-30": "18.86120", "2008-06-30": "15.75020", "2008-03-31": "17.53370", "2007-12-31": "17.87660", "2007-09-30": "24.57470", "2007-06-30": "45.40940", "2007-03-31": "45.20550", "2006-12-31": "9.23910", "2006-09-30": "10.89590", "2006-06-30": "20.20790", "2006-03-31": "22.32260", "2005-12-31": "-6.76690", "2005-09-30": "12.38830", "2005-06-30": "28.42420", "2005-03-31": "54.09840"}, "ROA - Return On Assets": {"2020-09-30": "0.89610", "2020-06-30": "1.28150", "2020-03-31": "2.61540", "2019-12-31": "1.29910", "2019-09-30": "0.81300", "2019-06-30": "0.96290", "2019-03-31": "2.32020", "2018-12-31": "1.07490", "2018-09-30": "0.60540", "2018-06-30": "0.20940", "2018-03-31": "2.16900", "2017-12-31": "0.06520", "2017-09-30": "0.75610", "2017-06-30": "-0.15820", "2017-03-31": "0.98210", "2016-12-31": "1.44280", "2016-09-30": "1.12470", "2016-06-30": "1.02270", "2016-03-31": "1.16360", "2015-12-31": "1.56600", "2015-09-30": "1.11370", "2015-06-30": "0.64380", "2015-03-31": "1.20120", "2014-12-31": "1.56860", "2014-09-30": "1.09270", "2014-06-30": "0.98500", "2014-03-31": "1.11710", "2013-12-31": "1.19000", "2013-09-30": "0.90090", "2013-06-30": "0.83830", "2013-03-31": "0.90580", "2012-12-31": "1.00370", "2012-09-30": "0.71160", "2012-06-30": "0.82770", "2012-03-31": "0.82260", "2011-12-31": "0.96100", "2011-09-30": "0.72360", "2011-06-30": "0.86900", "2011-03-31": "0.84890", "2010-12-31": "0.83500", "2010-09-30": "0.62930", "2010-06-30": "0.76810", "2010-03-31": "0.81010", "2009-12-31": "0.70560", "2009-09-30": "0.60530", "2009-06-30": "0.62610", "2009-03-31": "1.01700", "2008-12-31": "0.55360", "2008-09-30": "0.76740", "2008-06-30": "0.70200", "2008-03-31": "0.68660", "2007-12-31": "0.79020", "2007-09-30": "0.54570", "2007-06-30": "0.73820", "2007-03-31": "0.67100", "2006-12-31": "0.20920", "2006-09-30": "0.31380", "2006-06-30": "0.58130", "2006-03-31": "0.60450", "2005-12-31": "-0.25870", "2005-09-30": "0.35640", "2005-06-30": "0.69200", "2005-03-31": "0.69320"}, "ROI - Return On Investment": {"2020-09-30": "2.58490", "2020-06-30": "3.75320", "2020-03-31": "8.34830", "2019-12-31": "3.79120", "2019-09-30": "2.36550", "2019-06-30": "2.69410", "2019-03-31": "6.22930", "2018-12-31": "2.78100", "2018-09-30": "1.55110", "2018-06-30": "0.55460", "2018-03-31": "5.45030", "2017-12-31": "0.16480", "2017-09-30": "1.79670", "2017-06-30": "-0.38450", "2017-03-31": "2.31720", "2016-12-31": "3.36810", "2016-09-30": "2.49040", "2016-06-30": "2.38050", "2016-03-31": "2.77360", "2015-12-31": "3.75990", "2015-09-30": "2.82100", "2015-06-30": "1.66670", "2015-03-31": "3.06080", "2014-12-31": "4.08570", "2014-09-30": "2.60070", "2014-06-30": "2.42370", "2014-03-31": "2.87790", "2013-12-31": "3.03000", "2013-09-30": "2.41270", "2013-06-30": "2.16680", "2013-03-31": "2.38530", "2012-12-31": "2.65670", "2012-09-30": "1.68380", "2012-06-30": "2.07180", "2012-03-31": "1.97870", "2011-12-31": "2.31360", "2011-09-30": "1.63860", "2011-06-30": "2.04730", "2011-03-31": "1.96180", "2010-12-31": "1.96430", "2010-09-30": "1.63520", "2010-06-30": "2.59920", "2010-03-31": "2.49000", "2009-12-31": "2.18060", "2009-09-30": "1.61170", "2009-06-30": "2.10830", "2009-03-31": "3.12920", "2008-12-31": "1.74280", "2008-09-30": "2.00990", "2008-06-30": "1.99360", "2008-03-31": "2.15460", "2007-12-31": "2.42790", "2007-09-30": "1.70850", "2007-06-30": "2.43160", "2007-03-31": "2.25040", "2006-12-31": "0.68360", "2006-09-30": "1.20850", "2006-06-30": "2.34150", "2006-03-31": "2.36340", "2005-12-31": "-0.97010", "2005-09-30": "1.35190", "2005-06-30": "2.72560", "2005-03-31": "2.73900"}, "Book Value Per Share": {"2020-09-30": "15.79410", "2020-06-30": "15.96110", "2020-03-31": "14.10650", "2019-12-31": "14.86000", "2019-09-30": "15.21150", "2019-06-30": "16.60160", "2019-03-31": "20.18270", "2018-12-31": "17.57180", "2018-09-30": "17.94360", "2018-06-30": "19.00410", "2018-03-31": "21.96170", "2017-12-31": "18.77220", "2017-09-30": "20.92110", "2017-06-30": "21.71690", "2017-03-31": "22.16900", "2016-12-31": "21.11450", "2016-09-30": "20.85010", "2016-06-30": "20.92180", "2016-03-31": "20.19260", "2015-12-31": "22.45740", "2015-09-30": "21.69410", "2015-06-30": "23.07360", "2015-03-31": "22.82930", "2014-12-31": "23.68210", "2014-09-30": "25.50680", "2014-06-30": "26.70910", "2014-03-31": "27.00170", "2013-12-31": "27.25310", "2013-09-30": "25.21600", "2013-06-30": "24.77400", "2013-03-31": "24.69430", "2012-12-31": "25.10450", "2012-09-30": "26.23470", "2012-06-30": "25.46530", "2012-03-31": "25.78430", "2011-12-31": "25.00000", "2011-09-30": "25.60780", "2011-06-30": "25.91060", "2011-03-31": "25.67930", "2010-12-31": "24.99550", "2010-09-30": "21.57250", "2010-06-30": "20.31150", "2010-03-31": "20.24860", "2009-12-31": "20.39430", "2009-09-30": "22.37230", "2009-06-30": "21.88710", "2009-03-31": "20.45520", "2008-12-31": "19.92270", "2008-09-30": "22.04370", "2008-06-30": "23.24700", "2008-03-31": "21.59840", "2007-12-31": "20.44360", "2007-09-30": "19.24540", "2007-06-30": "18.25290", "2007-03-31": "17.91490", "2006-12-31": "17.41070", "2006-09-30": "17.34720", "2006-06-30": "17.14630", "2006-03-31": "16.65750", "2005-12-31": "16.55360", "2005-09-30": "16.65240", "2005-06-30": "16.48550", "2005-03-31": "16.18550"}, "Operating Cash Flow Per Share": {"2020-09-30": 3.4455, "2020-06-30": 3.7769, "2020-03-31": "1.44140", "2019-12-31": 2.7627, "2019-09-30": 3.3773, "2019-06-30": 1.1831, "2019-03-31": "0.30370", "2018-12-31": 2.856, "2018-09-30": 2.3005, "2018-06-30": 1.1098, "2018-03-31": "0.55960", "2017-12-31": 1.4436, "2017-09-30": -0.5336, "2017-06-30": 1.0066, "2017-03-31": "0.89890", "2016-12-31": 3.1342, "2016-09-30": 2.6394, "2016-06-30": 1.8343, "2016-03-31": "0.99740", "2015-12-31": 2.5158, "2015-09-30": 2.5471, "2015-06-30": 0.978, "2015-03-31": "1.03800", "2014-12-31": 3.066, "2014-09-30": 1.878, "2014-06-30": 1.1399, "2014-03-31": "-0.03580", "2013-12-31": 2.4132, "2013-09-30": 1.9244, "2013-06-30": 1.0516, "2013-03-31": "0.16880", "2012-12-31": 1.6471, "2012-09-30": 1.8178, "2012-06-30": 0.8461, "2012-03-31": "-0.04460", "2011-12-31": 0.6502, "2011-09-30": 1.1134, "2011-06-30": 0.7738, "2011-03-31": "0.44880", "2010-12-31": -0.187, "2010-09-30": -0.311, "2010-06-30": 1.4768, "2010-03-31": "1.64780", "2009-12-31": 1.0979, "2009-09-30": 0.2883, "2009-06-30": -1.5624, "2009-03-31": "1.89380", "2008-12-31": 3.0531, "2008-09-30": -0.7519, "2008-06-30": -0.7357, "2008-03-31": "1.61350", "2007-12-31": 0.9834, "2007-09-30": 0.2924, "2007-06-30": 0.0724, "2007-03-31": "2.51540", "2006-12-31": 0.4068, "2006-09-30": -0.1642, "2006-06-30": 0.5967, "2006-03-31": "1.99030", "2005-12-31": 0.082, "2005-09-30": 0.8876, "2005-06-30": -0.7247, "2005-03-31": "2.34950"}, "Free Cash Flow Per Share": {"2020-09-30": 3.3169, "2020-06-30": 3.6475, "2020-03-31": "1.18980", "2019-12-31": 2.526, "2019-09-30": 3.1154, "2019-06-30": 0.9804, "2019-03-31": "0.06980", "2018-12-31": 2.6133, "2018-09-30": 2.0203, "2018-06-30": 0.841, "2018-03-31": "0.37970", "2017-12-31": 1.2274, "2017-09-30": -0.7069, "2017-06-30": 0.8215, "2017-03-31": "0.77150", "2016-12-31": 2.9539, "2016-09-30": 2.4945, "2016-06-30": 1.7174, "2016-03-31": "0.86230", "2015-12-31": 2.6039, "2015-09-30": 2.2495, "2015-06-30": 0.6988, "2015-03-31": "0.82200", "2014-12-31": 2.816, "2014-09-30": 1.6548, "2014-06-30": 0.9376, "2014-03-31": "-0.21480", "2013-12-31": 2.2433, "2013-09-30": 1.753, "2013-06-30": 0.8545, "2013-03-31": "-0.01880", "2012-12-31": 1.4455, "2012-09-30": 1.5949, "2012-06-30": 0.6727, "2012-03-31": "-0.25550", "2011-12-31": 0.3915, "2011-09-30": 0.954, "2011-06-30": 0.6472, "2011-03-31": "0.28660", "2010-12-31": -0.3833, "2010-09-30": -0.4672, "2010-06-30": 1.3419, "2010-03-31": "1.53140", "2009-12-31": 0.9115, "2009-09-30": 0.1749, "2009-06-30": -1.6716, "2009-03-31": "1.82190", "2008-12-31": 2.987, "2008-09-30": -0.8341, "2008-06-30": -0.835, "2008-03-31": "1.52280", "2007-12-31": 0.7836, "2007-09-30": 0.2269, "2007-06-30": -0.0745, "2007-03-31": "2.40750", "2006-12-31": 0.2448, "2006-09-30": -0.2406, "2006-06-30": 0.4822, "2006-03-31": "1.89890", "2005-12-31": -0.033, "2005-09-30": 0.7843, "2005-06-30": -0.7952, "2005-03-31": "2.26940"}}, "revenue": {"Aon Annual Revenue (Millions of US $)": {"2020": "$11,066", "2019": "$11,013", "2018": "$10,770", "2017": "$9,998", "2016": "$9,409", "2015": "$9,480", "2014": "$12,045", "2013": "$11,815", "2012": "$11,514", "2011": "$11,287", "2010": "$8,512", "2009": "$7,595", "2008": "$7,528", "2007": "$7,234", "2006": "$6,770", "2005": "$6,651"}, "Aon Quarterly Revenue (Millions of US $)": {"2020-12-31": "$2,965", "2020-09-30": "$2,385", "2020-06-30": "$2,497", "2020-03-31": "$3,219", "2019-12-31": "$2,885", "2019-09-30": "$2,379", "2019-06-30": "$2,606", "2019-03-31": "$3,143", "2018-12-31": "$2,770", "2018-09-30": "$2,349", "2018-06-30": "$2,561", "2018-03-31": "$3,090", "2017-12-31": "$2,909", "2017-09-30": "$2,340", "2017-06-30": "$2,368", "2017-03-31": "$2,381", "2016-12-31": "$2,650", "2016-09-30": "$2,201", "2016-06-30": "$2,282", "2016-03-31": "$2,276", "2015-12-31": "$1,086", "2015-09-30": "$2,742", "2015-06-30": "$2,805", "2015-03-31": "$2,847", "2014-12-31": "$3,299", "2014-09-30": "$2,880", "2014-06-30": "$2,919", "2014-03-31": "$2,947", "2013-12-31": "$3,209", "2013-09-30": "$2,794", "2013-06-30": "$2,897", "2013-03-31": "$2,915", "2012-12-31": "$3,115", "2012-09-30": "$2,737", "2012-06-30": "$2,821", "2012-03-31": "$2,841", "2011-12-31": "$2,994", "2011-09-30": "$2,723", "2011-06-30": "$2,811", "2011-03-31": "$2,759", "2010-12-31": "$2,909", "2010-09-30": "$1,801", "2010-06-30": "$1,898", "2010-03-31": "$1,904", "2009-12-31": "$2,073", "2009-09-30": "$1,794", "2009-06-30": "$1,882", "2009-03-31": "$1,846", "2008-12-31": "$1,821", "2008-09-30": "$1,846", "2008-06-30": "$1,956", "2008-03-31": "$1,905", "2007-12-31": "$1,821", "2007-09-30": "$1,749", "2007-06-30": "$1,866", "2007-03-31": "$1,798", "2006-12-31": "$229", "2006-09-30": "$2,168", "2006-06-30": "$2,208", "2006-03-31": "$2,165", "2005-12-31": "$21", "2005-09-30": "$2,018", "2005-06-30": "$2,148", "2005-03-31": "$2,464"}}, "gross-profit": {"Aon Annual Gross Profit (Millions of US $)": {"2020": "$5,161", "2019": "$4,959", "2018": "$4,667", "2017": "$3,995", "2016": "$3,895", "2015": "$3,875", "2014": "$5,031", "2013": "$4,870", "2012": "$4,805", "2011": "$4,720", "2010": "$3,415", "2009": "$2,998", "2008": "$2,947", "2007": "$2,893", "2006": "$2,598", "2005": "$2,567"}, "Aon Quarterly Gross Profit (Millions of US $)": {"2020-12-31": "$1,330", "2020-09-30": "$998", "2020-06-30": "$1,136", "2020-03-31": "$1,697", "2019-12-31": "$1,284", "2019-09-30": "$1,011", "2019-06-30": "$1,105", "2019-03-31": "$1,559", "2018-12-31": "$1,169", "2018-09-30": "$957", "2018-06-30": "$1,067", "2018-03-31": "$1,474", "2017-12-31": "$1,269", "2017-09-30": "$912", "2017-06-30": "$902", "2017-03-31": "$912", "2016-12-31": "$1,177", "2016-09-30": "$901", "2016-06-30": "$886", "2016-03-31": "$931", "2015-12-31": "$461", "2015-09-30": "$1,098", "2015-06-30": "$1,152", "2015-03-31": "$1,164", "2014-12-31": "$1,451", "2014-09-30": "$1,173", "2014-06-30": "$1,211", "2014-03-31": "$1,196", "2013-12-31": "$1,367", "2013-09-30": "$1,128", "2013-06-30": "$1,185", "2013-03-31": "$1,190", "2012-12-31": "$1,326", "2012-09-30": "$1,117", "2012-06-30": "$1,182", "2012-03-31": "$1,180", "2011-12-31": "$1,270", "2011-09-30": "$1,089", "2011-06-30": "$1,199", "2011-03-31": "$1,162", "2010-12-31": "$1,194", "2010-09-30": "$751", "2010-06-30": "$729", "2010-03-31": "$741", "2009-12-31": "$743", "2009-09-30": "$675", "2009-06-30": "$748", "2009-03-31": "$832", "2008-12-31": "$668", "2008-09-30": "$715", "2008-06-30": "$813", "2008-03-31": "$751", "2007-12-31": "$690", "2007-09-30": "$701", "2007-06-30": "$757", "2007-03-31": "$745", "2006-12-31": "$265", "2006-09-30": "$703", "2006-06-30": "$816", "2006-03-31": "$814", "2005-12-31": "$65", "2005-09-30": "$745", "2005-06-30": "$809", "2005-03-31": "$948"}}, "operating-income": {"Aon Annual Operating Income (Millions of US $)": {"2020": "$2,781", "2019": "$2,169", "2018": "$1,544", "2017": "$1,065", "2016": "$1,811", "2015": "$1,587", "2014": "$1,966", "2013": "$1,671", "2012": "$1,596", "2011": "$1,596", "2010": "$1,244", "2009": "$1,021", "2008": "$940", "2007": "$1,003", "2006": "$830", "2005": "$707"}, "Aon Quarterly Operating Income (Millions of US $)": {"2020-12-31": "$713", "2020-09-30": "$441", "2020-06-30": "$594", "2020-03-31": "$1,033", "2019-12-31": "$524", "2019-09-30": "$360", "2019-06-30": "$413", "2019-03-31": "$872", "2018-12-31": "$499", "2018-09-30": "$262", "2018-06-30": "$-16", "2018-03-31": "$799", "2017-12-31": "$601", "2017-09-30": "$256", "2017-06-30": "$-127", "2017-03-31": "$335", "2016-12-31": "$636", "2016-09-30": "$368", "2016-06-30": "$387", "2016-03-31": "$420", "2015-12-31": "$456", "2015-09-30": "$413", "2015-06-30": "$277", "2015-03-31": "$441", "2014-12-31": "$635", "2014-09-30": "$417", "2014-06-30": "$445", "2014-03-31": "$469", "2013-12-31": "$515", "2013-09-30": "$364", "2013-06-30": "$382", "2013-03-31": "$410", "2012-12-31": "$461", "2012-09-30": "$339", "2012-06-30": "$394", "2012-03-31": "$402", "2011-12-31": "$430", "2011-09-30": "$328", "2011-06-30": "$440", "2011-03-31": "$398", "2010-12-31": "$440", "2010-09-30": "$263", "2010-06-30": "$268", "2010-03-31": "$273", "2009-12-31": "$241", "2009-09-30": "$194", "2009-06-30": "$220", "2009-03-31": "$366", "2008-12-31": "$151", "2008-09-30": "$247", "2008-06-30": "$255", "2008-03-31": "$287", "2007-12-31": "$186", "2007-09-30": "$256", "2007-06-30": "$286", "2007-03-31": "$275", "2006-12-31": "$57", "2006-09-30": "$173", "2006-06-30": "$302", "2006-03-31": "$298", "2005-12-31": "$-91", "2005-09-30": "$174", "2005-06-30": "$279", "2005-03-31": "$345"}}, "ebitda": {"Aon Annual EBITDA (Millions of US $)": {"2019": "$2,733", "2018": "$2,313", "2017": "$1,956", "2016": "$2,130", "2015": "$1,925", "2014": "$2,560", "2013": "$2,306", "2012": "$2,251", "2011": "$2,178", "2010": "$1,549", "2009": "$1,263", "2008": "$1,162", "2007": "$1,208", "2006": "$1,074", "2005": "$984"}, "Aon Quarterly EBITDA (Millions of US $)": {"2020-09-30": "$533", "2020-06-30": "$693", "2020-03-31": "$1,171", "2019-12-31": "$669", "2019-09-30": "$505", "2019-06-30": "$550", "2019-03-31": "$1,009", "2018-12-31": "$650", "2018-09-30": "$402", "2018-06-30": "$423", "2018-03-31": "$838", "2017-12-31": "$740", "2017-09-30": "$397", "2017-06-30": "$430", "2017-03-31": "$389", "2016-12-31": "$720", "2016-09-30": "$449", "2016-06-30": "$466", "2016-03-31": "$495", "2015-12-31": "$388", "2015-09-30": "$547", "2015-06-30": "$413", "2015-03-31": "$577", "2014-12-31": "$783", "2014-09-30": "$568", "2014-06-30": "$594", "2014-03-31": "$615", "2013-12-31": "$677", "2013-09-30": "$521", "2013-06-30": "$540", "2013-03-31": "$568", "2012-12-31": "$635", "2012-09-30": "$500", "2012-06-30": "$555", "2012-03-31": "$561", "2011-12-31": "$575", "2011-09-30": "$472", "2011-06-30": "$589", "2011-03-31": "$542", "2010-12-31": "$566", "2010-09-30": "$324", "2010-06-30": "$328", "2010-03-31": "$331", "2009-12-31": "$309", "2009-09-30": "$250", "2009-06-30": "$278", "2009-03-31": "$426", "2008-12-31": "$216", "2008-09-30": "$296", "2008-06-30": "$313", "2008-03-31": "$337", "2007-12-31": "$242", "2007-09-30": "$306", "2007-06-30": "$335", "2007-03-31": "$325", "2006-12-31": "$128", "2006-09-30": "$230", "2006-06-30": "$361", "2006-03-31": "$355", "2005-12-31": "$-23", "2005-09-30": "$253", "2005-06-30": "$341", "2005-03-31": "$413"}}, "net-income": {"Aon Annual Net Income (Millions of US $)": {"2020": "$1,969", "2019": "$1,532", "2018": "$1,134", "2017": "$1,226", "2016": "$1,396", "2015": "$1,385", "2014": "$1,397", "2013": "$1,113", "2012": "$993", "2011": "$979", "2010": "$706", "2009": "$747", "2008": "$1,462", "2007": "$864", "2006": "$720", "2005": "$733"}, "Aon Quarterly Net Income (Millions of US $)": {"2020-12-31": "$524", "2020-09-30": "$275", "2020-06-30": "$398", "2020-03-31": "$772", "2019-12-31": "$374", "2019-09-30": "$222", "2019-06-30": "$277", "2019-03-31": "$659", "2018-12-31": "$345", "2018-09-30": "$147", "2018-06-30": "$48", "2018-03-31": "$594", "2017-12-31": "$-19", "2017-09-30": "$185", "2017-06-30": "$769", "2017-03-31": "$291", "2016-12-31": "$452", "2016-09-30": "$319", "2016-06-30": "$300", "2016-03-31": "$325", "2015-12-31": "$584", "2015-09-30": "$295", "2015-06-30": "$178", "2015-03-31": "$328", "2014-12-31": "$459", "2014-09-30": "$309", "2014-06-30": "$304", "2014-03-31": "$325", "2013-12-31": "$355", "2013-09-30": "$256", "2013-06-30": "$241", "2013-03-31": "$261", "2012-12-31": "$305", "2012-09-30": "$204", "2012-06-30": "$246", "2012-03-31": "$238", "2011-12-31": "$277", "2011-09-30": "$198", "2011-06-30": "$258", "2011-03-31": "$246", "2010-12-31": "$231", "2010-09-30": "$144", "2010-06-30": "$153", "2010-03-31": "$178", "2009-12-31": "$198", "2009-09-30": "$120", "2009-06-30": "$149", "2009-03-31": "$280", "2008-12-31": "$-6", "2008-09-30": "$117", "2008-06-30": "$1,133", "2008-03-31": "$218", "2007-12-31": "$207", "2007-09-30": "$204", "2007-06-30": "$240", "2007-03-31": "$213", "2006-12-31": "$223", "2006-09-30": "$106", "2006-06-30": "$193", "2006-03-31": "$198", "2005-12-31": "$222", "2005-09-30": "$121", "2005-06-30": "$191", "2005-03-31": "$199"}}, "eps-earnings-per-share-diluted": {"Aon Annual EPS": {"2020": "$8.45", "2019": "$6.37", "2018": "$4.59", "2017": "$4.70", "2016": "$5.16", "2015": "$4.88", "2014": "$4.66", "2013": "$3.53", "2012": "$2.99", "2011": "$2.87", "2010": "$2.37", "2009": "$2.57", "2008": "$4.80", "2007": "$2.66", "2006": "$2.13", "2005": "$2.17"}, "Aon Quarterly EPS": {"2020-12-31": "$2.27", "2020-09-30": "$1.18", "2020-06-30": "$1.70", "2020-03-31": "$3.29", "2019-12-31": "$1.60", "2019-09-30": "$0.93", "2019-06-30": "$1.14", "2019-03-31": "$2.70", "2018-12-31": "$1.43", "2018-09-30": "$0.60", "2018-06-30": "$0.19", "2018-03-31": "$2.37", "2017-12-31": "$-0.04", "2017-09-30": "$0.72", "2017-06-30": "$2.93", "2017-03-31": "$1.09", "2016-12-31": "$1.68", "2016-09-30": "$1.18", "2016-06-30": "$1.11", "2016-03-31": "$1.19", "2015-12-31": "$2.08", "2015-09-30": "$1.04", "2015-06-30": "$0.62", "2015-03-31": "$1.14", "2014-12-31": "$1.55", "2014-09-30": "$1.04", "2014-06-30": "$1.01", "2014-03-31": "$1.06", "2013-12-31": "$1.13", "2013-09-30": "$0.82", "2013-06-30": "$0.76", "2013-03-31": "$0.82", "2012-12-31": "$0.93", "2012-09-30": "$0.62", "2012-06-30": "$0.73", "2012-03-31": "$0.71", "2011-12-31": "$0.82", "2011-09-30": "$0.59", "2011-06-30": "$0.75", "2011-03-31": "$0.71", "2010-12-31": "$0.69", "2010-09-30": "$0.51", "2010-06-30": "$0.54", "2010-03-31": "$0.63", "2009-12-31": "$0.69", "2009-09-30": "$0.41", "2009-06-30": "$0.51", "2009-03-31": "$0.96", "2008-12-31": "$0.01", "2008-09-30": "$0.40", "2008-06-30": "$3.71", "2008-03-31": "$0.68", "2007-12-31": "$0.61", "2007-09-30": "$0.64", "2007-06-30": "$0.75", "2007-03-31": "$0.66", "2006-12-31": "$0.67", "2006-09-30": "$0.32", "2006-06-30": "$0.57", "2006-03-31": "$0.57", "2005-12-31": "$0.65", "2005-09-30": "$0.36", "2005-06-30": "$0.57", "2005-03-31": "$0.59"}}, "shares-outstanding": {"Aon Annual Shares Outstanding (Millions of Shares)": {"2020": "233", "2019": "241", "2018": "247", "2017": "261", "2016": "270", "2015": "284", "2014": "300", "2013": "315", "2012": "333", "2011": "341", "2010": "298", "2009": "291", "2008": "305", "2007": "327", "2006": "342", "2005": "342"}, "Aon Quarterly Shares Outstanding (Millions of Shares)": {"2020-12-31": "231", "2020-09-30": "234", "2020-06-30": "234", "2020-03-31": "235", "2019-12-31": "241", "2019-09-30": "239", "2019-06-30": "243", "2019-03-31": "244", "2018-12-31": "247", "2018-09-30": "246", "2018-06-30": "247", "2018-03-31": "250", "2017-12-31": "261", "2017-09-30": "257", "2017-06-30": "262", "2017-03-31": "267", "2016-12-31": "270", "2016-09-30": "270", "2016-06-30": "270", "2016-03-31": "274", "2015-12-31": "284", "2015-09-30": "284", "2015-06-30": "287", "2015-03-31": "287", "2014-12-31": "300", "2014-09-30": "296", "2014-06-30": "302", "2014-03-31": "307", "2013-12-31": "315", "2013-09-30": "313", "2013-06-30": "317", "2013-03-31": "320", "2012-12-31": "333", "2012-09-30": "331", "2012-06-30": "336", "2012-03-31": "337", "2011-12-31": "341", "2011-09-30": "337", "2011-06-30": "343", "2011-03-31": "345", "2010-12-31": "298", "2010-09-30": "282", "2010-06-30": "283", "2010-03-31": "283", "2009-12-31": "291", "2009-09-30": "292", "2009-06-30": "293", "2009-03-31": "292", "2008-12-31": "305", "2008-09-30": "294", "2008-06-30": "305", "2008-03-31": "320", "2007-12-31": "327", "2007-09-30": "322", "2007-06-30": "322", "2007-03-31": "324", "2006-12-31": "342", "2006-09-30": "340", "2006-06-30": "345", "2006-03-31": "350", "2005-12-31": "342", "2005-09-30": "343", "2005-06-30": "339", "2005-03-31": "337"}}, "total-assets": {"Aon Annual Total Assets (Millions of US $)": {"2019": "$29,405", "2018": "$26,422", "2017": "$26,088", "2016": "$26,615", "2015": "$26,883", "2014": "$29,772", "2013": "$30,251", "2012": "$30,486", "2011": "$29,552", "2010": "$28,982", "2009": "$22,958", "2008": "$22,940", "2007": "$24,929", "2006": "$24,384", "2005": "$27,832"}, "Aon Quarterly Total Assets (Millions of US $)": {"2020-09-30": "$31,359", "2020-06-30": "$31,995", "2020-03-31": "$30,282", "2019-12-31": "$29,405", "2019-09-30": "$28,167", "2019-06-30": "$29,807", "2019-03-31": "$29,135", "2018-12-31": "$26,422", "2018-09-30": "$25,602", "2018-06-30": "$27,217", "2018-03-31": "$27,847", "2017-12-31": "$26,088", "2017-09-30": "$25,924", "2017-06-30": "$27,189", "2017-03-31": "$26,982", "2016-12-31": "$26,615", "2016-09-30": "$25,252", "2016-06-30": "$26,693", "2016-03-31": "$26,813", "2015-12-31": "$26,883", "2015-09-30": "$27,206", "2015-06-30": "$29,203", "2015-03-31": "$28,389", "2014-12-31": "$29,772", "2014-09-30": "$28,827", "2014-06-30": "$31,776", "2014-03-31": "$30,077", "2013-12-31": "$30,251", "2013-09-30": "$29,305", "2013-06-30": "$30,062", "2013-03-31": "$30,029", "2012-12-31": "$30,486", "2012-09-30": "$29,509", "2012-06-30": "$30,807", "2012-03-31": "$30,271", "2011-12-31": "$29,552", "2011-09-30": "$28,745", "2011-06-30": "$30,496", "2011-03-31": "$29,802", "2010-12-31": "$28,982", "2010-09-30": "$23,358", "2010-06-30": "$23,956", "2010-03-31": "$22,959", "2009-12-31": "$22,958", "2009-09-30": "$21,641", "2009-06-30": "$24,438", "2009-03-31": "$23,108", "2008-12-31": "$22,940", "2008-09-30": "$20,718", "2008-06-30": "$24,075", "2008-03-31": "$26,507", "2007-12-31": "$24,929", "2007-09-30": "$23,823", "2007-06-30": "$24,791", "2007-03-31": "$24,591", "2006-12-31": "$24,384", "2006-09-30": "$28,683", "2006-06-30": "$30,103", "2006-03-31": "$28,618", "2005-12-31": "$27,832", "2005-09-30": "$27,215", "2005-06-30": "$27,890", "2005-03-31": "$28,565"}}, "cash-on-hand": {"Aon Annual Cash on Hand (Millions of US $)": {"2019": "$790", "2018": "$656", "2017": "$756", "2016": "$426", "2015": "$384", "2014": "$374", "2013": "$477", "2012": "$291", "2011": "$272", "2010": "$346", "2009": "$217", "2008": "$582", "2007": "$584", "2006": "$281", "2005": "$476"}, "Aon Quarterly Cash on Hand (Millions of US $)": {"2020-09-30": "$821", "2020-06-30": "$757", "2020-03-31": "$690", "2019-12-31": "$790", "2019-09-30": "$602", "2019-06-30": "$581", "2019-03-31": "$600", "2018-12-31": "$656", "2018-09-30": "$484", "2018-06-30": "$487", "2018-03-31": "$597", "2017-12-31": "$756", "2017-09-30": "$749", "2017-06-30": "$684", "2017-03-31": "$433", "2016-12-31": "$426", "2016-09-30": "$483", "2016-06-30": "$438", "2016-03-31": "$465", "2015-12-31": "$384", "2015-09-30": "$398", "2015-06-30": "$367", "2015-03-31": "$378", "2014-12-31": "$374", "2014-09-30": "$382", "2014-06-30": "$418", "2014-03-31": "$338", "2013-12-31": "$477", "2013-09-30": "$369", "2013-06-30": "$266", "2013-03-31": "$408", "2012-12-31": "$291", "2012-09-30": "$290", "2012-06-30": "$286", "2012-03-31": "$323", "2011-12-31": "$272", "2011-09-30": "$295", "2011-06-30": "$300", "2011-03-31": "$682", "2010-12-31": "$346", "2010-09-30": "$335", "2010-06-30": "$260", "2010-03-31": "$422", "2009-12-31": "$217", "2009-09-30": "$580", "2009-06-30": "$537", "2009-03-31": "$501", "2008-12-31": "$582", "2008-09-30": "$478", "2008-06-30": "$466", "2008-03-31": "$452", "2007-12-31": "$584", "2007-09-30": "$321", "2007-06-30": "$406", "2007-03-31": "$351", "2006-12-31": "$281", "2006-09-30": "$461", "2006-06-30": "$425", "2006-03-31": "$451", "2005-12-31": "$476", "2005-09-30": "$433", "2005-06-30": "$419", "2005-03-31": "$526"}}, "long-term-debt": {"Aon Annual Long Term Debt (Millions of US $)": {"2019": "$6,627", "2018": "$5,993", "2017": "$5,667", "2016": "$5,869", "2015": "$5,138", "2014": "$4,799", "2013": "$3,686", "2012": "$3,713", "2011": "$4,155", "2010": "$4,014", "2009": "$1,998", "2008": "$1,872", "2007": "$1,893", "2006": "$2,243", "2005": "$2,105"}, "Aon Quarterly Long Term Debt (Millions of US $)": {"2020-09-30": "$7,251", "2020-06-30": "$7,229", "2020-03-31": "$6,227", "2019-12-31": "$6,627", "2019-09-30": "$6,120", "2019-06-30": "$6,740", "2019-03-31": "$5,990", "2018-12-31": "$5,993", "2018-09-30": "$5,665", "2018-06-30": "$5,659", "2018-03-31": "$5,697", "2017-12-31": "$5,667", "2017-09-30": "$5,662", "2017-06-30": "$5,631", "2017-03-31": "$5,610", "2016-12-31": "$5,869", "2016-09-30": "$5,910", "2016-06-30": "$5,907", "2016-03-31": "$5,902", "2015-12-31": "$5,138", "2015-09-30": "$4,799", "2015-06-30": "$4,824", "2015-03-31": "$4,710", "2014-12-31": "$4,799", "2014-09-30": "$4,840", "2014-06-30": "$5,155", "2014-03-31": "$3,669", "2013-12-31": "$3,686", "2013-09-30": "$3,352", "2013-06-30": "$4,012", "2013-03-31": "$3,770", "2012-12-31": "$3,713", "2012-09-30": "$4,111", "2012-06-30": "$4,098", "2012-03-31": "$4,168", "2011-12-31": "$4,155", "2011-09-30": "$4,415", "2011-06-30": "$4,479", "2011-03-31": "$4,409", "2010-12-31": "$4,014", "2010-09-30": "$3,146", "2010-06-30": "$1,601", "2010-03-31": "$2,013", "2009-12-31": "$1,998", "2009-09-30": "$1,998", "2009-06-30": "$1,249", "2009-03-31": "$1,848", "2008-12-31": "$1,872", "2008-09-30": "$1,964", "2008-06-30": "$2,022", "2008-03-31": "$1,995", "2007-12-31": "$1,893", "2007-09-30": "$1,994", "2007-06-30": "$2,182", "2007-03-31": "$2,072", "2006-12-31": "$2,243", "2006-09-30": "$2,075", "2006-06-30": "$2,082", "2006-03-31": "$2,012", "2005-12-31": "$2,105", "2005-09-30": "$1,846", "2005-06-30": "$1,830", "2005-03-31": "$2,085"}}, "total-liabilities": {"Aon Annual Total Liabilities (Millions of US $)": {"2019": "$25,956", "2018": "$22,203", "2017": "$21,440", "2016": "$21,083", "2015": "$20,824", "2014": "$23,141", "2013": "$22,056", "2012": "$22,681", "2011": "$21,432", "2010": "$20,676", "2009": "$17,527", "2008": "$17,525", "2007": "$18,708", "2006": "$19,166", "2005": "$22,515"}, "Aon Quarterly Total Liabilities (Millions of US $)": {"2020-09-30": "$27,739", "2020-06-30": "$28,300", "2020-03-31": "$27,022", "2019-12-31": "$25,956", "2019-09-30": "$24,606", "2019-06-30": "$25,894", "2019-03-31": "$24,273", "2018-12-31": "$22,203", "2018-09-30": "$21,274", "2018-06-30": "$22,599", "2018-03-31": "$22,462", "2017-12-31": "$21,440", "2017-09-30": "$20,677", "2017-06-30": "$21,636", "2017-03-31": "$21,156", "2016-12-31": "$21,083", "2016-09-30": "$19,758", "2016-06-30": "$21,132", "2016-03-31": "$21,466", "2015-12-31": "$20,824", "2015-09-30": "$21,264", "2015-06-30": "$22,747", "2015-03-31": "$21,958", "2014-12-31": "$23,141", "2014-09-30": "$21,555", "2014-06-30": "$24,017", "2014-03-31": "$22,071", "2013-12-31": "$22,056", "2013-09-30": "$21,715", "2013-06-30": "$22,444", "2013-03-31": "$22,396", "2012-12-31": "$22,681", "2012-09-30": "$21,148", "2012-06-30": "$22,597", "2012-03-31": "$21,855", "2011-12-31": "$21,432", "2011-09-30": "$20,466", "2011-06-30": "$22,031", "2011-03-31": "$21,315", "2010-12-31": "$20,676", "2010-09-30": "$17,514", "2010-06-30": "$18,478", "2010-03-31": "$17,502", "2009-12-31": "$17,527", "2009-09-30": "$15,511", "2009-06-30": "$18,430", "2009-03-31": "$17,446", "2008-12-31": "$17,525", "2008-09-30": "$14,771", "2008-06-30": "$17,620", "2008-03-31": "$20,055", "2007-12-31": "$18,708", "2007-09-30": "$18,208", "2007-06-30": "$19,447", "2007-03-31": "$19,331", "2006-12-31": "$19,166", "2006-09-30": "$23,311", "2006-06-30": "$24,711", "2006-03-31": "$23,310", "2005-12-31": "$22,515", "2005-09-30": "$21,886", "2005-06-30": "$22,639", "2005-03-31": "$23,421"}}, "total-share-holder-equity": {"Aon Annual Share Holder Equity (Millions of US $)": {"2019": "$3,449", "2018": "$4,219", "2017": "$4,648", "2016": "$5,532", "2015": "$6,059", "2014": "$6,631", "2013": "$8,195", "2012": "$7,805", "2011": "$8,120", "2010": "$8,306", "2009": "$5,431", "2008": "$5,415", "2007": "$6,221", "2006": "$5,218", "2005": "$5,317"}, "Aon Quarterly Share Holder Equity (Millions of US $)": {"2020-09-30": "$3,620", "2020-06-30": "$3,695", "2020-03-31": "$3,260", "2019-12-31": "$3,449", "2019-09-30": "$3,561", "2019-06-30": "$3,913", "2019-03-31": "$4,862", "2018-12-31": "$4,219", "2018-09-30": "$4,328", "2018-06-30": "$4,618", "2018-03-31": "$5,385", "2017-12-31": "$4,648", "2017-09-30": "$5,247", "2017-06-30": "$5,553", "2017-03-31": "$5,826", "2016-12-31": "$5,532", "2016-09-30": "$5,494", "2016-06-30": "$5,561", "2016-03-31": "$5,347", "2015-12-31": "$6,059", "2015-09-30": "$5,942", "2015-06-30": "$6,456", "2015-03-31": "$6,431", "2014-12-31": "$6,631", "2014-09-30": "$7,272", "2014-06-30": "$7,759", "2014-03-31": "$8,006", "2013-12-31": "$8,195", "2013-09-30": "$7,590", "2013-06-30": "$7,618", "2013-03-31": "$7,633", "2012-12-31": "$7,805", "2012-09-30": "$8,361", "2012-06-30": "$8,210", "2012-03-31": "$8,416", "2011-12-31": "$8,120", "2011-09-30": "$8,279", "2011-06-30": "$8,465", "2011-03-31": "$8,487", "2010-12-31": "$8,306", "2010-09-30": "$5,844", "2010-06-30": "$5,478", "2010-03-31": "$5,457", "2009-12-31": "$5,431", "2009-09-30": "$6,130", "2009-06-30": "$6,008", "2009-03-31": "$5,662", "2008-12-31": "$5,415", "2008-09-30": "$5,947", "2008-06-30": "$6,455", "2008-03-31": "$6,452", "2007-12-31": "$6,221", "2007-09-30": "$5,615", "2007-06-30": "$5,344", "2007-03-31": "$5,260", "2006-12-31": "$5,218", "2006-09-30": "$5,372", "2006-06-30": "$5,392", "2006-03-31": "$5,308", "2005-12-31": "$5,317", "2005-09-30": "$5,329", "2005-06-30": "$5,251", "2005-03-31": "$5,144"}}, "profit-margins": {"current": "16.56%"}, "gross margin": {"2020-12-31": "46.64%", "2020-09-30": "46.56%", "2020-06-30": "46.70%", "2020-03-31": "45.96%", "2019-12-31": "45.03%", "2019-09-30": "44.45%", "2019-06-30": "44.07%", "2019-03-31": "43.91%", "2018-12-31": "43.33%", "2018-09-30": "43.70%", "2018-06-30": "43.32%", "2018-03-31": "42.56%", "2017-12-31": "39.96%", "2017-09-30": "40.08%", "2017-06-30": "40.54%", "2017-03-31": "40.74%", "2016-12-31": "41.40%", "2016-09-30": "40.52%", "2016-06-30": "40.26%", "2016-03-31": "40.88%", "2015-12-31": "40.88%", "2015-09-30": "41.61%", "2015-06-30": "41.75%", "2015-03-31": "41.85%", "2014-12-31": "41.77%", "2014-09-30": "41.38%", "2014-06-30": "41.30%", "2014-03-31": "41.16%", "2013-12-31": "41.22%", "2013-09-30": "41.20%", "2013-06-30": "41.31%", "2013-03-31": "41.55%", "2012-12-31": "41.73%", "2012-09-30": "41.68%", "2012-06-30": "41.49%", "2012-03-31": "41.67%", "2011-12-31": "41.82%", "2011-09-30": "41.46%", "2011-06-30": "41.89%", "2011-03-31": "40.95%", "2010-12-31": "40.12%", "2010-09-30": "38.61%", "2010-06-30": "37.66%", "2010-03-31": "37.99%", "2009-12-31": "39.47%", "2009-09-30": "39.81%", "2009-06-30": "40.07%", "2009-03-31": "40.54%", "2008-12-31": "39.15%", "2008-09-30": "39.44%", "2008-06-30": "39.77%", "2008-03-31": "39.49%", "2007-12-31": "39.99%", "2007-09-30": "43.74%", "2007-06-30": "40.75%", "2007-03-31": "39.50%", "2006-12-31": "38.38%", "2006-09-30": "36.54%", "2006-06-30": "38.05%", "2006-03-31": "38.30%", "2005-12-31": "38.60%"}, "operating margin": {"2020-12-31": "25.13%", "2020-09-30": "23.59%", "2020-06-30": "22.87%", "2020-03-31": "21.01%", "2019-12-31": "19.69%", "2019-09-30": "19.67%", "2019-06-30": "18.83%", "2019-03-31": "14.94%", "2018-12-31": "14.34%", "2018-09-30": "15.09%", "2018-06-30": "15.05%", "2018-03-31": "14.28%", "2017-12-31": "10.65%", "2017-09-30": "11.29%", "2017-06-30": "12.63%", "2017-03-31": "18.14%", "2016-12-31": "19.25%", "2016-09-30": "20.79%", "2016-06-30": "19.99%", "2016-03-31": "17.58%", "2015-12-31": "16.74%", "2015-09-30": "15.10%", "2015-06-30": "14.96%", "2015-03-31": "16.22%", "2014-12-31": "16.32%", "2014-09-30": "15.44%", "2014-06-30": "15.11%", "2014-03-31": "14.60%", "2013-12-31": "14.14%", "2013-09-30": "13.80%", "2013-06-30": "13.65%", "2013-03-31": "13.84%", "2012-12-31": "13.86%", "2012-09-30": "13.74%", "2012-06-30": "13.66%", "2012-03-31": "14.07%", "2011-12-31": "14.14%", "2011-09-30": "14.34%", "2011-06-30": "14.99%", "2011-03-31": "14.62%", "2010-12-31": "14.61%", "2010-09-30": "13.61%", "2010-06-30": "12.73%", "2010-03-31": "12.13%", "2009-12-31": "13.44%", "2009-09-30": "12.68%", "2009-06-30": "13.31%", "2009-03-31": "13.64%", "2008-12-31": "12.49%", "2008-09-30": "12.95%", "2008-06-30": "13.24%", "2008-03-31": "13.83%", "2007-12-31": "13.87%", "2007-09-30": "15.49%", "2007-06-30": "13.05%", "2007-03-31": "12.60%", "2006-12-31": "12.26%", "2006-09-30": "10.39%", "2006-06-30": "10.65%", "2006-03-31": "10.39%", "2005-12-31": "10.63%"}, "ebitda margin": {"2020-09-30": "27.91%", "2020-06-30": "27.67%", "2020-03-31": "26.11%", "2019-12-31": "24.82%", "2019-09-30": "24.90%", "2019-06-30": "24.02%", "2019-03-31": "22.95%", "2018-12-31": "21.48%", "2018-09-30": "22.03%", "2018-06-30": "22.00%", "2018-03-31": "22.46%", "2017-12-31": "19.56%", "2017-09-30": "19.88%", "2017-06-30": "20.71%", "2017-03-31": "21.27%", "2016-12-31": "22.64%", "2016-09-30": "22.92%", "2016-06-30": "22.61%", "2016-03-31": "20.69%", "2015-12-31": "20.31%", "2015-09-30": "19.84%", "2015-06-30": "19.79%", "2015-03-31": "21.11%", "2014-12-31": "21.25%", "2014-09-30": "20.53%", "2014-06-30": "20.28%", "2014-03-31": "19.86%", "2013-12-31": "19.52%", "2013-09-30": "19.32%", "2013-06-30": "19.23%", "2013-03-31": "19.49%", "2012-12-31": "19.55%", "2012-09-30": "19.23%", "2012-06-30": "19.01%", "2012-03-31": "19.32%", "2011-12-31": "19.30%", "2011-09-30": "19.36%", "2011-06-30": "19.66%", "2011-03-31": "18.79%", "2010-12-31": "18.20%", "2010-09-30": "16.83%", "2010-06-30": "15.88%", "2010-03-31": "15.26%", "2009-12-31": "16.63%", "2009-09-30": "15.93%", "2009-06-30": "16.44%", "2009-03-31": "16.75%", "2008-12-31": "15.44%", "2008-09-30": "15.78%", "2008-06-30": "16.12%", "2008-03-31": "16.62%", "2007-12-31": "16.70%", "2007-09-30": "19.39%", "2007-06-30": "16.80%", "2007-03-31": "16.30%", "2006-12-31": "15.86%", "2006-09-30": "14.07%", "2006-06-30": "14.75%", "2006-03-31": "14.58%", "2005-12-31": "14.79%"}, "pre tax profit margin": {"2020-12-31": "22.28%", "2020-09-30": "20.75%", "2020-06-30": "20.05%", "2020-03-31": "18.49%", "2019-12-31": "16.99%", "2019-09-30": "16.98%", "2019-06-30": "16.19%", "2019-03-31": "12.29%", "2018-12-31": "11.57%", "2018-09-30": "11.28%", "2018-06-30": "11.35%", "2018-03-31": "10.63%", "2017-12-31": "6.85%", "2017-09-30": "7.02%", "2017-06-30": "8.26%", "2017-03-31": "13.61%", "2016-12-31": "14.89%", "2016-09-30": "18.32%", "2016-06-30": "17.65%", "2016-03-31": "15.47%", "2015-12-31": "15.06%", "2015-09-30": "13.41%", "2015-06-30": "13.57%", "2015-03-31": "14.83%", "2014-12-31": "14.65%", "2014-09-30": "13.88%", "2014-06-30": "13.67%", "2014-03-31": "13.37%", "2013-12-31": "13.02%", "2013-09-30": "12.56%", "2013-06-30": "11.94%", "2013-03-31": "12.10%", "2012-12-31": "11.99%", "2012-09-30": "11.93%", "2012-06-30": "12.10%", "2012-03-31": "12.12%", "2011-12-31": "12.30%", "2011-09-30": "12.14%", "2011-06-30": "12.41%", "2011-03-31": "12.47%", "2010-12-31": "12.44%", "2010-09-30": "11.95%", "2010-06-30": "11.57%", "2010-03-31": "11.15%", "2009-12-31": "12.50%", "2009-09-30": "12.37%", "2009-06-30": "12.82%", "2009-03-31": "12.91%", "2008-12-31": "11.68%", "2008-09-30": "13.03%", "2008-06-30": "13.27%", "2008-03-31": "14.18%", "2007-12-31": "14.14%", "2007-09-30": "14.18%", "2007-06-30": "11.81%", "2007-03-31": "10.96%", "2006-12-31": "10.75%", "2006-09-30": "8.37%", "2006-06-30": "8.64%", "2006-03-31": "8.39%", "2005-12-31": "8.68%"}, "net profit margin": {"2020-12-31": "17.79%", "2020-09-30": "16.56%", "2020-06-30": "16.08%", "2020-03-31": "14.83%", "2019-12-31": "13.91%", "2019-09-30": "13.79%", "2019-06-30": "13.14%", "2019-03-31": "11.08%", "2018-12-31": "10.53%", "2018-09-30": "7.06%", "2018-06-30": "7.41%", "2018-03-31": "14.28%", "2017-12-31": "12.26%", "2017-09-30": "17.42%", "2017-06-30": "19.07%", "2017-03-31": "14.32%", "2016-12-31": "14.84%", "2016-09-30": "19.48%", "2016-06-30": "17.93%", "2016-03-31": "15.51%", "2015-12-31": "14.61%", "2015-09-30": "10.78%", "2015-06-30": "10.77%", "2015-03-31": "11.72%", "2014-12-31": "11.60%", "2014-09-30": "10.82%", "2014-06-30": "10.45%", "2014-03-31": "9.94%", "2013-12-31": "9.42%", "2013-09-30": "9.07%", "2013-06-30": "8.67%", "2013-03-31": "8.77%", "2012-12-31": "8.62%", "2012-09-30": "8.47%", "2012-06-30": "8.43%", "2012-03-31": "8.54%", "2011-12-31": "8.67%", "2011-09-30": "8.33%", "2011-06-30": "8.55%", "2011-03-31": "8.26%", "2010-12-31": "8.29%", "2010-09-30": "8.77%", "2010-06-30": "8.46%", "2010-03-31": "8.43%", "2009-12-31": "9.84%", "2009-09-30": "7.39%", "2009-06-30": "7.30%", "2009-03-31": "20.40%", "2008-12-31": "19.42%", "2008-09-30": "22.25%", "2008-06-30": "23.71%", "2008-03-31": "11.84%", "2007-12-31": "11.94%", "2007-09-30": "15.60%", "2007-06-30": "12.90%", "2007-03-31": "11.48%", "2006-12-31": "10.64%", "2006-09-30": "10.96%", "2006-06-30": "11.45%", "2006-03-31": "11.52%", "2005-12-31": "11.02%"}, "pe ratio": {"current": "22.80", "2021-02-05": "36.18", "2020-12-31": "34.16", "2020-09-30": "26.49", "2020-06-30": "25.50", "2020-03-31": "23.56", "2019-12-31": "32.43", "2019-09-30": "30.90", "2019-06-30": "32.46", "2019-03-31": "34.20", "2018-12-31": "31.15", "2018-09-30": "48.61", "2018-06-30": "41.62", "2018-03-31": "22.91", "2017-12-31": "27.80", "2017-09-30": "21.36", "2017-06-30": "18.23", "2017-03-31": "22.32", "2016-12-31": "20.67", "2016-09-30": "19.94", "2016-06-30": "19.67", "2016-03-31": "20.24", "2015-12-31": "17.84", "2015-09-30": "19.17", "2015-06-30": "21.50", "2015-03-31": "18.97", "2014-12-31": "18.99", "2014-09-30": "19.23", "2014-06-30": "20.78", "2014-03-31": "20.66", "2013-12-31": "21.91", "2013-09-30": "20.63", "2013-06-30": "18.92", "2013-03-31": "18.20", "2012-12-31": "17.02", "2012-09-30": "16.57", "2012-06-30": "14.93", "2012-03-31": "15.50", "2011-12-31": "14.74", "2011-09-30": "13.91", "2011-06-30": "28.45", "2011-03-31": "33.65", "2010-12-31": "30.89", "2010-09-30": "25.77", "2010-06-30": "14.49", "2010-03-31": "16.76", "2009-12-31": "13.02", "2009-09-30": "18.48", "2009-06-30": "17.22", "2009-03-31": "6.95", "2008-12-31": "8.21", "2008-09-30": "7.15", "2008-06-30": "6.97", "2008-03-31": "12.72", "2007-12-31": "15.15", "2007-09-30": "13.98", "2007-06-30": "15.00", "2007-03-31": "14.39", "2006-12-31": "13.90"}, "price sales": {"2021-02-05": "4.70", "2020-12-31": "4.44", "2020-09-30": "4.40", "2020-06-30": "4.13", "2020-03-31": "3.52", "2019-12-31": "4.52", "2019-09-30": "4.26", "2019-06-30": "4.28", "2019-03-31": "3.81", "2018-12-31": "3.27", "2018-09-30": "3.46", "2018-06-30": "3.11", "2018-03-31": "3.27", "2017-12-31": "3.40", "2017-09-30": "3.83", "2017-06-30": "3.57", "2017-03-31": "3.23", "2016-12-31": "3.08", "2016-09-30": "3.74", "2016-06-30": "3.44", "2016-03-31": "3.14", "2015-12-31": "2.63", "2015-09-30": "2.07", "2015-06-30": "2.32", "2015-03-31": "2.23", "2014-12-31": "2.22", "2014-09-30": "2.09", "2014-06-30": "2.18", "2014-03-31": "2.06", "2013-12-31": "2.08", "2013-09-30": "1.88", "2013-06-30": "1.65", "2013-03-31": "1.61", "2012-12-31": "1.48", "2012-09-30": "1.41", "2012-06-30": "1.26", "2012-03-31": "1.33", "2011-12-31": "1.28", "2011-09-30": "1.11", "2011-06-30": "1.43", "2011-03-31": "1.54", "2010-12-31": "1.39", "2010-09-30": "1.29", "2010-06-30": "1.23", "2010-03-31": "1.43", "2009-12-31": "1.30", "2009-09-30": "1.43", "2009-06-30": "1.32", "2009-03-31": "1.42", "2008-12-31": "1.61", "2008-09-30": "1.60", "2008-06-30": "1.69", "2008-03-31": "1.51", "2007-12-31": "1.82", "2007-09-30": "2.19", "2007-06-30": "1.97", "2007-03-31": "1.69", "2006-12-31": "1.52"}, "price book": {"current": "14.10", "2021-02-05": "14.13", "2020-09-30": "13.00", "2020-06-30": "11.98", "2020-03-31": "11.59", "2019-12-31": "13.86", "2019-09-30": "12.55", "2019-06-30": "11.44", "2019-03-31": "8.30", "2018-12-31": "8.10", "2018-09-30": "8.37", "2018-06-30": "7.03", "2018-03-31": "6.21", "2017-12-31": "6.92", "2017-09-30": "6.75", "2017-06-30": "5.90", "2017-03-31": "5.14", "2016-12-31": "5.06", "2016-09-30": "5.15", "2016-06-30": "4.97", "2016-03-31": "4.91", "2015-12-31": "3.88", "2015-09-30": "3.85", "2015-06-30": "4.06", "2015-03-31": "3.95", "2014-12-31": "3.74", "2014-09-30": "3.20", "2014-06-30": "3.14", "2014-03-31": "2.89", "2013-12-31": "2.85", "2013-09-30": "2.72", "2013-06-30": "2.39", "2013-03-31": "2.29", "2012-12-31": "2.03", "2012-09-30": "1.82", "2012-06-30": "1.67", "2012-03-31": "1.73", "2011-12-31": "1.69", "2011-09-30": "1.48", "2011-06-30": "1.78", "2011-03-31": "1.85", "2010-12-31": "1.64", "2010-09-30": "1.61", "2010-06-30": "1.62", "2010-03-31": "1.86", "2009-12-31": "1.65", "2009-09-30": "1.59", "2009-06-30": "1.51", "2009-03-31": "1.74", "2008-12-31": "1.99", "2008-09-30": "1.76", "2008-06-30": "1.70", "2008-03-31": "1.60", "2007-12-31": "1.99", "2007-09-30": "1.98", "2007-06-30": "1.98", "2007-03-31": "1.79", "2006-12-31": "1.71", "2006-09-30": "1.64", "2006-06-30": "1.69", "2006-03-31": "2.07"}, "price fcf": {"2021-02-05": "", "2020-09-30": "$10.68", "2020-06-30": "$10.48", "2020-03-31": "$7.81", "2019-12-31": "$6.69", "2019-09-30": "$6.78", "2019-06-30": "$5.68", "2019-03-31": "$5.54", "2018-12-31": "$5.85", "2018-09-30": "$4.47", "2018-06-30": "$1.74", "2018-03-31": "$1.72", "2017-12-31": "$2.11", "2017-09-30": "$3.84", "2017-06-30": "$7.04", "2017-03-31": "$7.94", "2016-12-31": "$8.03", "2016-09-30": "$7.68", "2016-06-30": "$7.43", "2016-03-31": "$6.41", "2015-12-31": "$6.37", "2015-09-30": "$6.59", "2015-06-30": "$5.99", "2015-03-31": "$6.23", "2014-12-31": "$5.19", "2014-09-30": "$4.62", "2014-06-30": "$4.72", "2014-03-31": "$4.64", "2013-12-31": "$4.83", "2013-09-30": "$4.03", "2013-06-30": "$3.88", "2013-03-31": "$3.69", "2012-12-31": "$3.46", "2012-09-30": "$2.40", "2012-06-30": "$1.76", "2012-03-31": "$1.74", "2011-12-31": "$2.28", "2011-09-30": "$1.50", "2011-06-30": "$0.08", "2011-03-31": "$0.78", "2010-12-31": "$2.02", "2010-09-30": "$3.32", "2010-06-30": "$3.96", "2010-03-31": "$0.95", "2009-12-31": "$1.24", "2009-09-30": "$3.31", "2009-06-30": "$2.30", "2009-03-31": "$3.14", "2008-12-31": "$2.84", "2008-09-30": "$0.64", "2008-06-30": "$1.70", "2008-03-31": "$2.46", "2007-12-31": "$3.34", "2007-09-30": "$2.80", "2007-06-30": "$2.34", "2007-03-31": "$2.89", "2006-12-31": "$2.39"}, "net worth": {"value": "$51.03B"}, "current ratio": {"2020-12-31": "1.61", "2020-09-30": "1.79", "2020-06-30": "1.79", "2020-03-31": "1.24", "2019-12-31": "1.47", "2019-09-30": "1.31", "2019-06-30": "1.72", "2019-03-31": "2.02", "2018-12-31": "1.56", "2018-09-30": "1.34", "2018-06-30": "1.55", "2018-03-31": "1.87", "2017-12-31": "1.43", "2017-09-30": "1.49", "2017-06-30": "1.68", "2017-03-31": "1.27", "2016-12-31": "1.31", "2016-09-30": "1.66", "2016-06-30": "1.82", "2016-03-31": "1.45", "2015-12-31": "1.26", "2015-09-30": "1.03", "2015-06-30": "1.17", "2015-03-31": "1.29", "2014-12-31": "1.23", "2014-09-30": "1.38", "2014-06-30": "1.40", "2014-03-31": "1.25", "2013-12-31": "1.28", "2013-09-30": "1.11", "2013-06-30": "1.68", "2013-03-31": "1.47", "2012-12-31": "1.47", "2012-09-30": "1.80", "2012-06-30": "1.94", "2012-03-31": "2.03", "2011-12-31": "1.59", "2011-09-30": "1.71", "2011-06-30": "1.92", "2011-03-31": "1.63", "2010-12-31": "1.32", "2010-09-30": "1.28", "2010-06-30": "1.44", "2010-03-31": "1.78", "2009-12-31": "1.47", "2009-09-30": "0.22", "2009-06-30": "1.19", "2009-03-31": "0.18", "2008-12-31": "1.55", "2008-09-30": "2.00", "2008-06-30": "2.05", "2008-03-31": "1.85", "2007-12-31": "1.55", "2007-09-30": "0.70", "2007-06-30": "0.71", "2007-03-31": "0.70", "2006-12-31": "0.79", "2006-09-30": "0.71", "2006-06-30": "0.74", "2006-03-31": "0.62", "2005-12-31": "0.75", "2005-09-30": "0.60", "2005-06-30": "0.62", "2005-03-31": "0.61"}, "quick ratio": {"2020-12-31": "0.00", "2020-09-30": "0.00", "2020-06-30": "0.00", "2020-03-31": "0.00", "2019-12-31": "0.00", "2019-09-30": "0.00", "2019-06-30": "0.00", "2019-03-31": "0.00", "2018-12-31": "0.00", "2018-09-30": "0.00", "2018-06-30": "0.00", "2018-03-31": "0.00", "2017-12-31": "0.00", "2017-09-30": "0.00", "2017-06-30": "0.00", "2017-03-31": "0.00", "2016-12-31": "0.00", "2016-09-30": "0.00", "2016-06-30": "0.00", "2016-03-31": "0.00", "2015-12-31": "0.00", "2015-09-30": "0.00", "2015-06-30": "0.00", "2015-03-31": "0.00", "2014-12-31": "0.00", "2014-09-30": "0.00", "2014-06-30": "0.00", "2014-03-31": "0.00", "2013-12-31": "0.00", "2013-09-30": "0.00", "2013-06-30": "0.00", "2013-03-31": "0.00", "2012-12-31": "0.00", "2012-09-30": "0.00", "2012-06-30": "0.00", "2012-03-31": "0.00", "2011-12-31": "0.00", "2011-09-30": "0.00", "2011-06-30": "0.00", "2011-03-31": "0.00", "2010-12-31": "0.00", "2010-09-30": "0.00", "2010-06-30": "0.00", "2010-03-31": "0.00", "2009-12-31": "0.00", "2009-09-30": "0.00", "2009-06-30": "0.00", "2009-03-31": "0.00", "2008-12-31": "0.00", "2008-09-30": "0.00", "2008-06-30": "0.00", "2008-03-31": "0.00", "2007-12-31": "0.00", "2007-09-30": "0.00", "2007-06-30": "0.00", "2007-03-31": "0.00", "2006-12-31": "0.00", "2006-09-30": "0.00", "2006-06-30": "0.00", "2006-03-31": "0.00", "2005-12-31": "0.00", "2005-09-30": "0.00", "2005-06-30": "0.00", "2005-03-31": "0.00"}, "debt equity ratio": {"current": "2.00", "2020-12-31": "7.96", "2020-09-30": "7.66", "2020-06-30": "7.66", "2020-03-31": "8.29", "2019-12-31": "7.53", "2019-09-30": "6.91", "2019-06-30": "6.62", "2019-03-31": "4.99", "2018-12-31": "5.26", "2018-09-30": "4.92", "2018-06-30": "4.89", "2018-03-31": "4.17", "2017-12-31": "4.61", "2017-09-30": "3.94", "2017-06-30": "3.90", "2017-03-31": "3.63", "2016-12-31": "3.81", "2016-09-30": "3.60", "2016-06-30": "3.80", "2016-03-31": "4.02", "2015-12-31": "3.44", "2015-09-30": "3.58", "2015-06-30": "3.52", "2015-03-31": "3.41", "2014-12-31": "3.49", "2014-09-30": "2.96", "2014-06-30": "3.10", "2014-03-31": "2.76", "2013-12-31": "2.69", "2013-09-30": "2.86", "2013-06-30": "2.95", "2013-03-31": "2.93", "2012-12-31": "2.91", "2012-09-30": "2.53", "2012-06-30": "2.75", "2012-03-31": "2.60", "2011-12-31": "2.64", "2011-09-30": "2.47", "2011-06-30": "2.60", "2011-03-31": "2.51", "2010-12-31": "2.49", "2010-09-30": "3.00", "2010-06-30": "3.37", "2010-03-31": "3.21", "2009-12-31": "3.23", "2009-09-30": "2.53", "2009-06-30": "3.07", "2009-03-31": "3.08", "2008-12-31": "3.24", "2008-09-30": "2.48", "2008-06-30": "2.73", "2008-03-31": "3.11", "2007-12-31": "3.01", "2007-09-30": "3.24", "2007-06-30": "3.64", "2007-03-31": "3.68", "2006-12-31": "3.67", "2006-09-30": "4.34", "2006-06-30": "4.58", "2006-03-31": "4.39", "2005-12-31": "4.24", "2005-09-30": "4.11", "2005-06-30": "4.31", "2005-03-31": "4.55"}, "return on equity": {"2020-12-31": "55.63%", "2020-09-30": "51.88%", "2020-06-30": "50.58%", "2020-03-31": "46.39%", "2019-12-31": "38.82%", "2019-09-30": "36.32%", "2019-06-30": "32.98%", "2019-03-31": "26.60%", "2018-12-31": "24.45%", "2018-09-30": "16.23%", "2018-06-30": "16.24%", "2018-03-31": "29.36%", "2017-12-31": "23.05%", "2017-09-30": "30.63%", "2017-06-30": "32.69%", "2017-03-31": "24.31%", "2016-12-31": "25.46%", "2016-09-30": "27.21%", "2016-06-30": "26.26%", "2016-03-31": "23.22%", "2015-12-31": "22.26%", "2015-09-30": "19.80%", "2015-06-30": "19.02%", "2015-03-31": "19.93%", "2014-12-31": "18.84%", "2014-09-30": "16.56%", "2014-06-30": "15.72%", "2014-03-31": "14.99%", "2013-12-31": "14.34%", "2013-09-30": "13.87%", "2013-06-30": "12.87%", "2013-03-31": "12.70%", "2012-12-31": "12.11%", "2012-09-30": "11.66%", "2012-06-30": "11.62%", "2012-03-31": "11.67%", "2011-12-31": "11.74%", "2011-09-30": "11.13%", "2011-06-30": "11.30%", "2011-03-31": "11.01%", "2010-12-31": "11.26%", "2010-09-30": "12.12%", "2010-06-30": "11.54%", "2010-03-31": "11.20%", "2009-12-31": "12.86%", "2009-09-30": "9.36%", "2009-06-30": "9.38%", "2009-03-31": "25.96%", "2008-12-31": "24.10%", "2008-09-30": "26.72%", "2008-06-30": "28.48%", "2008-03-31": "14.71%", "2007-12-31": "15.40%", "2007-09-30": "16.42%", "2007-06-30": "14.76%", "2007-03-31": "13.84%", "2006-12-31": "13.53%", "2006-09-30": "13.45%", "2006-06-30": "13.75%", "2006-03-31": "13.81%", "2005-12-31": "13.93%"}, "return on assets": {"2020-12-31": "6.26%", "2020-09-30": "5.91%", "2020-06-30": "5.89%", "2020-03-31": "5.59%", "2019-12-31": "5.26%", "2019-09-30": "5.30%", "2019-06-30": "5.15%", "2019-03-31": "4.43%", "2018-12-31": "4.24%", "2018-09-30": "2.89%", "2018-06-30": "3.02%", "2018-03-31": "5.71%", "2017-12-31": "4.62%", "2017-09-30": "6.36%", "2017-06-30": "6.91%", "2017-03-31": "5.16%", "2016-12-31": "5.30%", "2016-09-30": "5.79%", "2016-06-30": "5.59%", "2016-03-31": "5.02%", "2015-12-31": "4.96%", "2015-09-30": "4.40%", "2015-06-30": "4.39%", "2015-03-31": "4.72%", "2014-12-31": "4.64%", "2014-09-30": "4.28%", "2014-06-30": "4.09%", "2014-03-31": "3.93%", "2013-12-31": "3.72%", "2013-09-30": "3.55%", "2013-06-30": "3.37%", "2013-03-31": "3.36%", "2012-12-31": "3.28%", "2012-09-30": "3.21%", "2012-06-30": "3.21%", "2012-03-31": "3.26%", "2011-12-31": "3.30%", "2011-09-30": "3.16%", "2011-06-30": "3.12%", "2011-03-31": "2.92%", "2010-12-31": "2.85%", "2010-09-30": "2.89%", "2010-06-30": "2.84%", "2010-03-31": "2.80%", "2009-12-31": "3.24%", "2009-09-30": "2.36%", "2009-06-30": "2.37%", "2009-03-31": "6.71%", "2008-12-31": "6.21%", "2008-09-30": "6.96%", "2008-06-30": "7.10%", "2008-03-31": "3.47%", "2007-12-31": "3.52%", "2007-09-30": "3.61%", "2007-06-30": "3.05%", "2007-03-31": "2.73%", "2006-12-31": "2.58%", "2006-09-30": "2.50%", "2006-06-30": "2.58%", "2006-03-31": "2.62%", "2005-12-31": "2.63%"}, "return on investments": {"2020-12-31": "26.39%", "2020-09-30": "25.07%", "2020-06-30": "25.00%", "2020-03-31": "23.36%", "2019-12-31": "21.03%", "2019-09-30": "20.72%", "2019-06-30": "19.62%", "2019-03-31": "15.65%", "2018-12-31": "14.86%", "2018-09-30": "15.80%", "2018-06-30": "15.41%", "2018-03-31": "14.06%", "2017-12-31": "9.72%", "2017-09-30": "9.79%", "2017-06-30": "10.67%", "2017-03-31": "15.10%", "2016-12-31": "15.91%", "2016-09-30": "14.40%", "2016-06-30": "15.01%", "2016-03-31": "14.09%", "2015-12-31": "14.31%", "2015-09-30": "15.84%", "2015-06-30": "15.40%", "2015-03-31": "16.29%", "2014-12-31": "16.34%", "2014-09-30": "15.20%", "2014-06-30": "15.13%", "2014-03-31": "15.00%", "2013-12-31": "14.58%", "2013-09-30": "14.22%", "2013-06-30": "13.54%", "2013-03-31": "13.45%", "2012-12-31": "13.06%", "2012-09-30": "12.61%", "2012-06-30": "12.47%", "2012-03-31": "12.67%", "2011-12-31": "12.56%", "2011-09-30": "12.63%", "2011-06-30": "13.07%", "2011-03-31": "13.26%", "2010-12-31": "13.88%", "2010-09-30": "13.50%", "2010-06-30": "12.97%", "2010-03-31": "12.26%", "2009-12-31": "13.47%", "2009-09-30": "12.34%", "2009-06-30": "13.14%", "2009-03-31": "13.07%", "2008-12-31": "11.71%", "2008-09-30": "11.84%", "2008-06-30": "12.06%", "2008-03-31": "12.81%", "2007-12-31": "13.12%", "2007-09-30": "11.68%", "2007-06-30": "10.63%", "2007-03-31": "10.86%", "2006-12-31": "11.18%", "2006-09-30": "9.20%", "2006-06-30": "9.30%", "2006-03-31": "9.10%", "2005-12-31": "9.78%"}, "return on tangible equity": {"2020-09-30": "-32.86%", "2020-06-30": "-32.08%", "2020-03-31": "-30.02%", "2019-12-31": "-29.78%", "2019-09-30": "-29.80%", "2019-06-30": "-28.55%", "2019-03-31": "-24.24%", "2018-12-31": "-22.48%", "2018-09-30": "-15.01%", "2018-06-30": "-16.76%", "2018-03-31": "-34.27%", "2017-12-31": "-29.50%", "2017-09-30": "-45.41%", "2017-06-30": "-45.88%", "2017-03-31": "-31.33%", "2016-12-31": "-29.46%", "2016-09-30": "-30.94%", "2016-06-30": "-30.62%", "2016-03-31": "-28.82%", "2015-12-31": "-29.89%", "2015-09-30": "-26.93%", "2015-06-30": "-28.00%", "2015-03-31": "-32.09%", "2014-12-31": "-33.98%", "2014-09-30": "-34.30%", "2014-06-30": "-33.66%", "2014-03-31": "-31.72%", "2013-12-31": "-29.07%", "2013-09-30": "-26.50%", "2013-06-30": "-25.99%", "2013-03-31": "-26.64%", "2012-12-31": "-26.59%", "2012-09-30": "-26.16%", "2012-06-30": "-25.35%", "2012-03-31": "-25.03%", "2011-12-31": "-24.80%", "2011-09-30": "-23.59%", "2011-06-30": "-27.50%", "2011-03-31": "-31.66%", "2010-12-31": "-40.21%", "2010-09-30": "-59.70%", "2010-06-30": "-61.62%", "2010-03-31": "-66.51%", "2009-12-31": "-90.52%", "2009-09-30": "-75.84%", "2009-06-30": "-150.94%", "2009-03-31": "2080.55%", "2008-12-31": "299.44%", "2008-09-30": "165.19%", "2008-06-30": "188.35%", "2008-03-31": "113.15%", "2007-12-31": "144.06%", "2007-09-30": "190.37%", "2007-06-30": "145.76%", "2007-03-31": "112.69%", "2006-12-31": "95.40%", "2006-09-30": "81.45%", "2006-06-30": "84.17%", "2006-03-31": "88.70%", "2005-12-31": "101.38%"}, "dividend yield history": {"last payout": "$1.84", "last yield": "0.82%"}}