{"ticker": "AOS", "price": {"title": "A O Smith Historical Annual Stock Price Data", "value": 61.09, "historical": {"2021": {"Average Stock Price": "57.3754", "Year Open": "53.9200", "Year High": "61.3800", "Year Low": "53.1900", "Year Close": "61.0900", "Annual % Change": "11.44%"}, "2020": {"Average Stock Price": "47.8778", "Year Open": "47.7700", "Year High": "57.9600", "Year Low": "34.7500", "Year Close": "54.8200", "Annual % Change": "15.07%"}, "2019": {"Average Stock Price": "48.3457", "Year Open": "43.4700", "Year High": "56.4900", "Year Low": "40.5000", "Year Close": "47.6400", "Annual % Change": "11.57%"}, "2018": {"Average Stock Price": "58.0327", "Year Open": "61.5300", "Year High": "67.8400", "Year Low": "41.4100", "Year Close": "42.7000", "Annual % Change": "-30.32%"}, "2017": {"Average Stock Price": "55.1117", "Year Open": "47.5000", "Year High": "63.4200", "Year Low": "47.1900", "Year Close": "61.2800", "Annual % Change": "29.42%"}, "2016": {"Average Stock Price": "42.6363", "Year Open": "37.5900", "Year High": "51.4100", "Year Low": "31.0300", "Year Close": "47.3500", "Annual % Change": "23.61%"}, "2015": {"Average Stock Price": "34.2352", "Year Open": "28.0050", "Year High": "40.4300", "Year Low": "27.1150", "Year Close": "38.3050", "Annual % Change": "35.81%"}, "2014": {"Average Stock Price": "24.6989", "Year Open": "26.6600", "Year High": "28.3950", "Year Low": "22.3400", "Year Close": "28.2050", "Annual % Change": "4.58%"}, "2013": {"Average Stock Price": "20.7332", "Year Open": "16.1525", "Year High": "27.4400", "Year Low": "15.8950", "Year Close": "26.9700", "Annual % Change": "71.05%"}, "2012": {"Average Stock Price": "12.7025", "Year Open": "10.3175", "Year High": "15.8950", "Year Low": "10.2600", "Year Close": "15.7675", "Annual % Change": "57.20%"}, "2011": {"Average Stock Price": "9.8978", "Year Open": "9.5350", "Year High": "11.1625", "Year Low": "7.6075", "Year Close": "10.0300", "Annual % Change": "5.36%"}, "2010": {"Average Stock Price": "8.6837", "Year Open": "7.4350", "Year High": "10.7675", "Year Low": "6.9100", "Year Close": "9.5200", "Annual % Change": "31.64%"}, "2009": {"Average Stock Price": "5.7381", "Year Open": "5.0000", "Year High": "7.4900", "Year Low": "3.5483", "Year Close": "7.2317", "Annual % Change": "46.99%"}, "2008": {"Average Stock Price": "5.7417", "Year Open": "5.6267", "Year High": "7.8333", "Year Low": "4.0717", "Year Close": "4.9200", "Annual % Change": "-15.78%"}, "2007": {"Average Stock Price": "6.7390", "Year Open": "6.1817", "Year High": "8.5250", "Year Low": "5.4650", "Year Close": "5.8417", "Annual % Change": "-6.68%"}, "2006": {"Average Stock Price": "7.0944", "Year Open": "6.1417", "Year High": "9.4433", "Year Low": "5.6750", "Year Close": "6.2600", "Annual % Change": "7.01%"}, "2005": {"Average Stock Price": "4.9390", "Year Open": "4.8867", "Year High": "6.1883", "Year Low": "4.1883", "Year Close": "5.8500", "Annual % Change": "17.23%"}, "2004": {"Average Stock Price": "4.8372", "Year Open": "5.8750", "Year High": "5.9150", "Year Low": "3.8667", "Year Close": "4.9900", "Annual % Change": "-14.58%"}, "2003": {"Average Stock Price": "5.0654", "Year Open": "4.7767", "Year High": "6.0833", "Year Low": "3.9667", "Year Close": "5.8417", "Annual % Change": "29.77%"}, "2002": {"Average Stock Price": "4.4653", "Year Open": "3.1917", "Year High": "5.3500", "Year Low": "3.1917", "Year Close": "4.5017", "Annual % Change": "38.51%"}, "2001": {"Average Stock Price": "2.9250", "Year Open": "2.8133", "Year High": "3.3333", "Year Low": "2.4467", "Year Close": "3.2500", "Annual % Change": "14.30%"}, "2000": {"Average Stock Price": "2.9428", "Year Open": "3.6150", "Year High": "3.7717", "Year Low": "1.9583", "Year Close": "2.8433", "Annual % Change": "-22.03%"}, "1999": {"Average Stock Price": "4.1043", "Year Open": "4.0933", "Year High": "5.3233", "Year Low": "3.1667", "Year Close": "3.6467", "Annual % Change": "-10.91%"}, "1998": {"Average Stock Price": "4.5574", "Year Open": "4.7644", "Year High": "5.9789", "Year Low": "2.6567", "Year Close": "4.0933", "Annual % Change": "-12.80%"}, "1997": {"Average Stock Price": "4.0837", "Year Open": "3.3056", "Year High": "4.7644", "Year Low": "3.2222", "Year Close": "4.6944", "Annual % Change": "41.40%"}, "1996": {"Average Stock Price": "2.7987", "Year Open": "2.3611", "Year High": "3.5411", "Year Low": "2.3611", "Year Close": "3.3200", "Annual % Change": "44.00%"}, "1995": {"Average Stock Price": "2.6232", "Year Open": "2.7222", "Year High": "3.1667", "Year Low": "2.1533", "Year Close": "2.3056", "Annual % Change": "-15.30%"}, "1994": {"Average Stock Price": "3.2189", "Year Open": "3.8611", "Year High": "4.4300", "Year Low": "2.3889", "Year Close": "2.7222", "Annual % Change": "-31.47%"}, "1993": {"Average Stock Price": "2.7548", "Year Open": "2.0833", "Year High": "3.9722", "Year Low": "1.9378", "Year Close": "3.9722", "Annual % Change": "86.93%"}, "1992": {"Average Stock Price": "1.6269", "Year Open": "1.0072", "Year High": "2.1250", "Year Low": "1.0000", "Year Close": "2.1250", "Annual % Change": "112.50%"}, "1991": {"Average Stock Price": "1.0135", "Year Open": "0.8539", "Year High": "1.2017", "Year Low": "0.8267", "Year Close": "1.0000", "Annual % Change": "17.11%"}, "1990": {"Average Stock Price": "0.8456", "Year Open": "0.7222", "Year High": "1.1111", "Year Low": "0.6528", "Year Close": "0.8539", "Annual % Change": "18.24%"}, "1989": {"Average Stock Price": "0.9141", "Year Open": "0.8611", "Year High": "1.0278", "Year Low": "0.6944", "Year Close": "0.7222", "Annual % Change": "-15.42%"}, "1988": {"Average Stock Price": "0.8501", "Year Open": "0.6667", "Year High": "0.9517", "Year Low": "0.6667", "Year Close": "0.8539", "Annual % Change": "26.82%"}, "1987": {"Average Stock Price": "1.1631", "Year Open": "1.1878", "Year High": "1.5139", "Year Low": "0.5483", "Year Close": "0.6733", "Annual % Change": "-40.88%"}, "1986": {"Average Stock Price": "1.3441", "Year Open": "1.3472", "Year High": "1.6389", "Year Low": "1.0767", "Year Close": "1.1389", "Annual % Change": "-13.21%"}, "1985": {"Average Stock Price": "0.9822", "Year Open": "0.6389", "Year High": "1.3611", "Year Low": "0.6389", "Year Close": "1.3122", "Annual % Change": "107.56%"}}}, "market cap": {"value": "$9.9B"}, "income statement": {"Revenue": {"2020-12-31": "2895.30000", "2019-12-31": "2992.70000", "2018-12-31": "3187.90000", "2017-12-31": "2996.70000", "2016-12-31": "2685.90000", "2015-12-31": "2536.50000", "2014-12-31": "2356.00000", "2013-12-31": "2153.80000", "2012-12-31": "1939.30000", "2011-12-31": "1710.50000", "2010-12-31": "1489.30000", "2009-12-31": "1375.00000", "2008-12-31": "1451.30000", "2007-12-31": "2312.10000", "2006-12-31": "2161.30000", "2005-12-31": "1689.20000"}, "Cost Of Goods Sold": {"2020-12-31": "1787.10000", "2019-12-31": "1812.00000", "2018-12-31": "1882.40000", "2017-12-31": "1764.30000", "2016-12-31": "1571.70000", "2015-12-31": "1526.70000", "2014-12-31": "1496.70000", "2013-12-31": "1380.00000", "2012-12-31": "1287.30000", "2011-12-31": "1197.90000", "2010-12-31": "1043.30000", "2009-12-31": "980.10000", "2008-12-31": "1077.20000", "2007-12-31": "1798.70000", "2006-12-31": "1697.40000", "2005-12-31": "1337.20000"}, "Gross Profit": {"2020-12-31": "1108.20000", "2019-12-31": "1180.70000", "2018-12-31": "1305.50000", "2017-12-31": "1232.40000", "2016-12-31": "1114.20000", "2015-12-31": "1009.80000", "2014-12-31": "859.30000", "2013-12-31": "773.80000", "2012-12-31": "652.00000", "2011-12-31": "512.60000", "2010-12-31": "446.00000", "2009-12-31": "394.90000", "2008-12-31": "374.10010", "2007-12-31": "513.40010", "2006-12-31": "463.90000", "2005-12-31": "352.00000"}, "Research And Development Expenses": {"2020-12-31": "", "2019-12-31": "", "2018-12-31": "", "2017-12-31": "", "2016-12-31": "", "2015-12-31": "", "2014-12-31": "", "2013-12-31": "", "2012-12-31": "", "2011-12-31": "", "2010-12-31": "", "2009-12-31": "", "2008-12-31": "", "2007-12-31": "", "2006-12-31": "", "2005-12-31": ""}, "SG&A Expenses": {"2020-12-31": "660.30000", "2019-12-31": "715.60000", "2018-12-31": "753.80000", "2017-12-31": "722.80000", "2016-12-31": "662.50000", "2015-12-31": "610.70000", "2014-12-31": "572.10000", "2013-12-31": "524.50000", "2012-12-31": "450.50000", "2011-12-31": "372.80000", "2010-12-31": "328.70000", "2009-12-31": "291.80000", "2008-12-31": "283.30000", "2007-12-31": "364.90000", "2006-12-31": "324.00000", "2005-12-31": "251.80000"}, "Other Operating Income Or Expenses": {"2020-12-31": "", "2019-12-31": "", "2018-12-31": "", "2017-12-31": "", "2016-12-31": "", "2015-12-31": "", "2014-12-31": "", "2013-12-31": "", "2012-12-31": "3.30000", "2011-12-31": "", "2010-12-31": "", "2009-12-31": "", "2008-12-31": "", "2007-12-31": "", "2006-12-31": "", "2005-12-31": ""}, "Operating Expenses": {"2020-12-31": "2455.10000", "2019-12-31": "2527.60000", "2018-12-31": "2636.20000", "2017-12-31": "2487.10000", "2016-12-31": "2234.20000", "2015-12-31": "2137.40000", "2014-12-31": "2068.80000", "2013-12-31": "1904.50000", "2012-12-31": "1734.50000", "2011-12-31": "1570.70000", "2010-12-31": "1372.00000", "2009-12-31": "1271.90000", "2008-12-31": "1360.50000", "2007-12-31": "2163.60000", "2006-12-31": "2021.40000", "2005-12-31": "1589.00000"}, "Operating Income": {"2020-12-31": "440.20020", "2019-12-31": "465.09990", "2018-12-31": "551.70000", "2017-12-31": "509.59990", "2016-12-31": "451.70000", "2015-12-31": "399.10010", "2014-12-31": "287.20020", "2013-12-31": "249.30000", "2012-12-31": "204.80000", "2011-12-31": "139.80000", "2010-12-31": "117.30000", "2009-12-31": "103.10010", "2008-12-31": "90.80010", "2007-12-31": "148.50020", "2006-12-31": "139.90000", "2005-12-31": "100.20000"}, "Total Non-Operating Income/Expense": {"2020-12-31": "3.70000", "2019-12-31": "7.00000", "2018-12-31": "6.10000", "2017-12-31": "11.20000", "2016-12-31": "10.80000", "2015-12-31": "3.40000", "2014-12-31": "-0.50000", "2013-12-31": "-12.90000", "2012-12-31": "29.00000", "2011-12-31": "21.70000", "2010-12-31": "-42.90000", "2009-12-31": "-11.30000", "2008-12-31": "-15.70000", "2007-12-31": "-51.00000", "2006-12-31": "-35.10000", "2005-12-31": "-31.50000"}, "Pre-Tax Income": {"2020-12-31": "443.90000", "2019-12-31": "472.10000", "2018-12-31": "557.80000", "2017-12-31": "520.80000", "2016-12-31": "462.50000", "2015-12-31": "402.50000", "2014-12-31": "286.70000", "2013-12-31": "236.40000", "2012-12-31": "233.80000", "2011-12-31": "161.50000", "2010-12-31": "74.40000", "2009-12-31": "91.80000", "2008-12-31": "75.10000", "2007-12-31": "97.50000", "2006-12-31": "104.80000", "2005-12-31": "68.70000"}, "Income Taxes": {"2020-12-31": "99.00000", "2019-12-31": "102.10000", "2018-12-31": "113.60000", "2017-12-31": "224.30000", "2016-12-31": "136.00000", "2015-12-31": "119.60000", "2014-12-31": "78.90000", "2013-12-31": "66.70000", "2012-12-31": "71.20000", "2011-12-31": "50.30000", "2010-12-31": "17.30000", "2009-12-31": "30.90000", "2008-12-31": "27.60000", "2007-12-31": "11.00000", "2006-12-31": "28.60000", "2005-12-31": "22.20000"}, "Income After Taxes": {"2020-12-31": "344.90000", "2019-12-31": "370.00000", "2018-12-31": "444.20000", "2017-12-31": "296.50000", "2016-12-31": "326.50000", "2015-12-31": "282.90000", "2014-12-31": "207.80000", "2013-12-31": "169.70000", "2012-12-31": "162.60000", "2011-12-31": "111.20000", "2010-12-31": "57.10000", "2009-12-31": "60.90000", "2008-12-31": "47.50000", "2007-12-31": "86.50000", "2006-12-31": "76.20000", "2005-12-31": "46.50000"}, "Other Income": {"2020-12-31": "", "2019-12-31": "", "2018-12-31": "", "2017-12-31": "", "2016-12-31": "", "2015-12-31": "", "2014-12-31": "", "2013-12-31": "", "2012-12-31": "", "2011-12-31": "", "2010-12-31": "", "2009-12-31": "", "2008-12-31": "", "2007-12-31": "", "2006-12-31": "", "2005-12-31": ""}, "Income From Continuous Operations": {"2020-12-31": "344.90000", "2019-12-31": "370.00000", "2018-12-31": "444.20000", "2017-12-31": "296.50000", "2016-12-31": "326.50000", "2015-12-31": "282.90000", "2014-12-31": "207.80000", "2013-12-31": "169.70000", "2012-12-31": "162.60000", "2011-12-31": "111.20000", "2010-12-31": "57.10000", "2009-12-31": "60.50000", "2008-12-31": "47.20000", "2007-12-31": "86.50000", "2006-12-31": "76.20000", "2005-12-31": "46.50000"}, "Income From Discontinued Operations": {"2020-12-31": "", "2019-12-31": "", "2018-12-31": "", "2017-12-31": "", "2016-12-31": "", "2015-12-31": "", "2014-12-31": "", "2013-12-31": "", "2012-12-31": "-3.90000", "2011-12-31": "194.50000", "2010-12-31": "54.40000", "2009-12-31": "29.10000", "2008-12-31": "30.10000", "2007-12-31": "4.30000", "2006-12-31": "0.30000", "2005-12-31": ""}, "Net Income": {"2020-12-31": "344.90000", "2019-12-31": "370.00000", "2018-12-31": "444.20000", "2017-12-31": "296.50000", "2016-12-31": "326.50000", "2015-12-31": "282.90000", "2014-12-31": "207.80000", "2013-12-31": "169.70000", "2012-12-31": "158.70000", "2011-12-31": "305.70000", "2010-12-31": "111.70000", "2009-12-31": "81.30000", "2008-12-31": "21.70000", "2007-12-31": "30.40000", "2006-12-31": "76.50000", "2005-12-31": "46.50000"}, "EBITDA": {"2020-12-31": "520.20020", "2019-12-31": "543.39980", "2018-12-31": "623.60000", "2017-12-31": "579.69980", "2016-12-31": "516.79990", "2015-12-31": "462.10010", "2014-12-31": "347.00020", "2013-12-31": "309.00010", "2012-12-31": "259.40010", "2011-12-31": "186.80000", "2010-12-31": "158.10010", "2009-12-31": "141.40010", "2008-12-31": "126.60010", "2007-12-31": "216.10030", "2006-12-31": "200.80000", "2005-12-31": "153.00000"}, "EBIT": {"2020-12-31": "440.20020", "2019-12-31": "465.09990", "2018-12-31": "551.70000", "2017-12-31": "509.59990", "2016-12-31": "451.70000", "2015-12-31": "399.10010", "2014-12-31": "287.20020", "2013-12-31": "249.30000", "2012-12-31": "204.80000", "2011-12-31": "139.80000", "2010-12-31": "117.30000", "2009-12-31": "103.10010", "2008-12-31": "90.80010", "2007-12-31": "148.50020", "2006-12-31": "139.90000", "2005-12-31": "100.20000"}, "Basic Shares Outstanding": {"2020-12-31": "", "2019-12-31": "165.45000", "2018-12-31": "170.58900", "2017-12-31": "172.66600", "2016-12-31": "174.71300", "2015-12-31": "177.62200", "2014-12-31": "180.58700", "2013-12-31": "184.23600", "2012-12-31": "184.79000", "2011-12-31": "184.47600", "2010-12-31": "182.97200", "2009-12-31": "137.15600", "2008-12-31": "56.90000", "2007-12-31": "56.89800", "2006-12-31": "182.43600", "2005-12-31": "178.23000"}, "Shares Outstanding": {"2020-12-31": "162.60400", "2019-12-31": "166.71100", "2018-12-31": "172.19400", "2017-12-31": "174.60500", "2016-12-31": "176.82500", "2015-12-31": "179.00900", "2014-12-31": "181.97400", "2013-12-31": "185.57600", "2012-12-31": "186.21600", "2011-12-31": "186.29800", "2010-12-31": "184.65200", "2009-12-31": "137.90800", "2008-12-31": "56.90000", "2007-12-31": "56.89800", "2006-12-31": "186.02400", "2005-12-31": "181.69200"}, "Basic EPS": {"2020-12-31": "", "2019-12-31": "2.24000", "2018-12-31": "2.60000", "2017-12-31": "1.72000", "2016-12-31": "1.87000", "2015-12-31": "1.59000", "2014-12-31": "1.15000", "2013-12-31": "0.92000", "2012-12-31": "0.86000", "2011-12-31": "1.65500", "2010-12-31": "0.61000", "2009-12-31": "0.59250", "2008-12-31": "0.38250", "2007-12-31": "0.53500", "2006-12-31": "0.42000", "2005-12-31": "0.26170"}, "EPS - Earnings Per Share": {"2020-12-31": "2.12000", "2019-12-31": "2.22000", "2018-12-31": "2.58000", "2017-12-31": "1.70000", "2016-12-31": "1.85000", "2015-12-31": "1.58000", "2014-12-31": "1.14000", "2013-12-31": "0.91500", "2012-12-31": "0.85500", "2011-12-31": "1.64000", "2010-12-31": "0.60500", "2009-12-31": "0.59000", "2008-12-31": "0.38250", "2007-12-31": "0.53500", "2006-12-31": "0.41170", "2005-12-31": "0.25670"}}, "income statement, quarterly": {"Revenue": {"2020-12-31": "834.50000", "2020-09-30": "760.00000", "2020-06-30": "663.90000", "2020-03-31": "636.90000", "2019-12-31": "750.90000", "2019-09-30": "728.20000", "2019-06-30": "765.40000", "2019-03-31": "748.20000", "2018-12-31": "812.49980", "2018-09-30": "754.10000", "2018-06-30": "833.30000", "2018-03-31": "788.00000", "2017-12-31": "768.59990", "2017-09-30": "749.90000", "2017-06-30": "738.20000", "2017-03-31": "740.00000", "2016-12-31": "698.09990", "2016-09-30": "683.90000", "2016-06-30": "667.00000", "2016-03-31": "636.90000", "2015-12-31": "639.40000", "2015-09-30": "625.10000", "2015-06-30": "653.50000", "2015-03-31": "618.50000", "2014-12-31": "626.80000", "2014-09-30": "581.60000", "2014-06-30": "595.40000", "2014-03-31": "552.20000", "2013-12-31": "558.90010", "2013-09-30": "536.20000", "2013-06-30": "549.10000", "2013-03-31": "509.60000", "2012-12-31": "524.30000", "2012-09-30": "462.20000", "2012-06-30": "484.20000", "2012-03-31": "468.60000", "2011-12-31": "475.80000", "2011-09-30": "412.00000", "2011-06-30": "405.30000", "2011-03-31": "417.40000", "2010-12-31": "370.20000", "2010-09-30": "377.40000", "2010-06-30": "375.00000", "2010-03-31": "366.70000", "2009-12-31": "362.30000", "2009-09-30": "501.50000", "2009-06-30": "498.70000", "2009-03-31": "481.60000", "2008-12-31": "508.60000", "2008-09-30": "602.70000", "2008-06-30": "622.10000", "2008-03-31": "571.40000", "2007-12-31": "569.90010", "2007-09-30": "553.50000", "2007-06-30": "611.50000", "2007-03-31": "577.20000", "2006-12-31": "543.60000", "2006-09-30": "564.00000", "2006-06-30": "594.50000", "2006-03-31": "459.20000", "2005-12-31": "433.89990", "2005-09-30": "408.40000", "2005-06-30": "437.70000", "2005-03-31": "409.20000"}, "Cost Of Goods Sold": {"2020-12-31": "510.40000", "2020-09-30": "462.90000", "2020-06-30": "416.40000", "2020-03-31": "397.40000", "2019-12-31": "455.90000", "2019-09-30": "444.00000", "2019-06-30": "456.70000", "2019-03-31": "455.40000", "2018-12-31": "475.50010", "2018-09-30": "448.10000", "2018-06-30": "492.30000", "2018-03-31": "466.50000", "2017-12-31": "446.30000", "2017-09-30": "444.90000", "2017-06-30": "434.00000", "2017-03-31": "439.10000", "2016-12-31": "413.60000", "2016-09-30": "400.60000", "2016-06-30": "383.30000", "2016-03-31": "374.20000", "2015-12-31": "376.80000", "2015-09-30": "369.50000", "2015-06-30": "391.10000", "2015-03-31": "389.30000", "2014-12-31": "394.89990", "2014-09-30": "366.30000", "2014-06-30": "379.20000", "2014-03-31": "356.30000", "2013-12-31": "359.00010", "2013-09-30": "339.60000", "2013-06-30": "351.10000", "2013-03-31": "330.30000", "2012-12-31": "338.70000", "2012-09-30": "305.40000", "2012-06-30": "323.70000", "2012-03-31": "319.50000", "2011-12-31": "320.80010", "2011-09-30": "293.30000", "2011-06-30": "293.40000", "2011-03-31": "290.40000", "2010-12-31": "253.90010", "2010-09-30": "270.20000", "2010-06-30": "260.80000", "2010-03-31": "258.40000", "2009-12-31": "251.30000", "2009-09-30": "363.00000", "2009-06-30": "376.30000", "2009-03-31": "380.20000", "2008-12-31": "408.90000", "2008-09-30": "479.10000", "2008-06-30": "480.60000", "2008-03-31": "438.80000", "2007-12-31": "434.19990", "2007-09-30": "433.40000", "2007-06-30": "476.70000", "2007-03-31": "454.40000", "2006-12-31": "420.60000", "2006-09-30": "448.60000", "2006-06-30": "467.90000", "2006-03-31": "360.30000", "2005-12-31": "335.19990", "2005-09-30": "327.40000", "2005-06-30": "353.50000", "2005-03-31": "321.10000"}, "Gross Profit": {"2020-12-31": "324.10000", "2020-09-30": "297.10000", "2020-06-30": "247.50000", "2020-03-31": "239.50000", "2019-12-31": "295.00000", "2019-09-30": "284.20000", "2019-06-30": "308.70000", "2019-03-31": "292.80000", "2018-12-31": "336.99970", "2018-09-30": "306.00000", "2018-06-30": "341.00000", "2018-03-31": "321.50000", "2017-12-31": "322.29980", "2017-09-30": "305.00000", "2017-06-30": "304.20000", "2017-03-31": "300.90000", "2016-12-31": "284.49990", "2016-09-30": "283.30000", "2016-06-30": "283.70000", "2016-03-31": "262.70000", "2015-12-31": "262.60000", "2015-09-30": "255.60000", "2015-06-30": "262.40000", "2015-03-31": "229.20000", "2014-12-31": "231.90010", "2014-09-30": "215.30000", "2014-06-30": "216.20000", "2014-03-31": "195.90000", "2013-12-31": "199.90010", "2013-09-30": "196.60000", "2013-06-30": "198.00000", "2013-03-31": "179.30000", "2012-12-31": "185.60000", "2012-09-30": "156.80000", "2012-06-30": "160.50000", "2012-03-31": "149.10000", "2011-12-31": "154.99990", "2011-09-30": "118.70000", "2011-06-30": "111.90000", "2011-03-31": "127.00000", "2010-12-31": "116.30000", "2010-09-30": "107.20000", "2010-06-30": "114.20000", "2010-03-31": "108.30000", "2009-12-31": "111.00000", "2009-09-30": "138.50000", "2009-06-30": "122.40000", "2009-03-31": "101.40000", "2008-12-31": "99.70000", "2008-09-30": "123.60000", "2008-06-30": "141.50000", "2008-03-31": "132.60000", "2007-12-31": "135.70020", "2007-09-30": "120.10000", "2007-06-30": "134.80000", "2007-03-31": "122.80000", "2006-12-31": "123.00000", "2006-09-30": "115.40000", "2006-06-30": "126.60000", "2006-03-31": "98.90000", "2005-12-31": "98.70000", "2005-09-30": "81.00000", "2005-06-30": "84.20000", "2005-03-31": "88.10000"}, "Research And Development Expenses": {"2020-12-31": "", "2020-09-30": "", "2020-06-30": "", "2020-03-31": "", "2019-12-31": "", "2019-09-30": "", "2019-06-30": "", "2019-03-31": "", "2018-12-31": "", "2018-09-30": "", "2018-06-30": "", "2018-03-31": "", "2017-12-31": "", "2017-09-30": "", "2017-06-30": "", "2017-03-31": "", "2016-12-31": "", "2016-09-30": "", "2016-06-30": "", "2016-03-31": "", "2015-12-31": "", "2015-09-30": "", "2015-06-30": "", "2015-03-31": "", "2014-12-31": "", "2014-09-30": "", "2014-06-30": "", "2014-03-31": "", "2013-12-31": "", "2013-09-30": "", "2013-06-30": "", "2013-03-31": "", "2012-12-31": "", "2012-09-30": "", "2012-06-30": "", "2012-03-31": "", "2011-12-31": "", "2011-09-30": "", "2011-06-30": "", "2011-03-31": "", "2010-12-31": "", "2010-09-30": "", "2010-06-30": "", "2010-03-31": "", "2009-12-31": "", "2009-09-30": "", "2009-06-30": "", "2009-03-31": "", "2008-12-31": "", "2008-09-30": "", "2008-06-30": "", "2008-03-31": "", "2007-12-31": "", "2007-09-30": "", "2007-06-30": "", "2007-03-31": "", "2006-12-31": "", "2006-09-30": "", "2006-06-30": "", "2006-03-31": "", "2005-12-31": "", "2005-09-30": "", "2005-06-30": "", "2005-03-31": ""}, "SG&A Expenses": {"2020-12-31": "171.20000", "2020-09-30": "159.40000", "2020-06-30": "155.90000", "2020-03-31": "173.80000", "2019-12-31": "179.90000", "2019-09-30": "172.30000", "2019-06-30": "178.70000", "2019-03-31": "184.70000", "2018-12-31": "186.09990", "2018-09-30": "177.60000", "2018-06-30": "197.20000", "2018-03-31": "192.90000", "2017-12-31": "184.50000", "2017-09-30": "176.80000", "2017-06-30": "178.30000", "2017-03-31": "183.20000", "2016-12-31": "178.40000", "2016-09-30": "164.70000", "2016-06-30": "160.00000", "2016-03-31": "159.40000", "2015-12-31": "155.10000", "2015-09-30": "149.00000", "2015-06-30": "159.40000", "2015-03-31": "147.20000", "2014-12-31": "158.30000", "2014-09-30": "145.50000", "2014-06-30": "137.40000", "2014-03-31": "130.90000", "2013-12-31": "139.20000", "2013-09-30": "133.70000", "2013-06-30": "131.60000", "2013-03-31": "120.00000", "2012-12-31": "124.80000", "2012-09-30": "111.50000", "2012-06-30": "108.90000", "2012-03-31": "105.30000", "2011-12-31": "106.20000", "2011-09-30": "92.20000", "2011-06-30": "85.10000", "2011-03-31": "89.30000", "2010-12-31": "86.00000", "2010-09-30": "81.90000", "2010-06-30": "83.80000", "2010-03-31": "77.00000", "2009-12-31": "79.80000", "2009-09-30": "92.30000", "2009-06-30": "88.60000", "2009-03-31": "84.70000", "2008-12-31": "83.50000", "2008-09-30": "87.20000", "2008-06-30": "94.40000", "2008-03-31": "93.80000", "2007-12-31": "101.60000", "2007-09-30": "84.60000", "2007-06-30": "90.40000", "2007-03-31": "88.30000", "2006-12-31": "86.80000", "2006-09-30": "82.80000", "2006-06-30": "85.90000", "2006-03-31": "68.50000", "2005-12-31": "69.30000", "2005-09-30": "59.70000", "2005-06-30": "60.40000", "2005-03-31": "62.40000"}, "Other Operating Income Or Expenses": {"2020-12-31": "", "2020-09-30": "", "2020-06-30": "", "2020-03-31": "", "2019-12-31": "", "2019-09-30": "", "2019-06-30": "", "2019-03-31": "", "2018-12-31": "", "2018-09-30": "", "2018-06-30": "", "2018-03-31": "", "2017-12-31": "", "2017-09-30": "", "2017-06-30": "", "2017-03-31": "", "2016-12-31": "", "2016-09-30": "", "2016-06-30": "", "2016-03-31": "", "2015-12-31": "", "2015-09-30": "", "2015-06-30": "", "2015-03-31": "", "2014-12-31": "", "2014-09-30": "", "2014-06-30": "", "2014-03-31": "", "2013-12-31": "", "2013-09-30": "", "2013-06-30": "", "2013-03-31": "", "2012-12-31": "-3.10000", "2012-09-30": "6.40000", "2012-06-30": "", "2012-03-31": "", "2011-12-31": "", "2011-09-30": "", "2011-06-30": "11.20000", "2011-03-31": "", "2010-12-31": "", "2010-09-30": "", "2010-06-30": "", "2010-03-31": "", "2009-12-31": "", "2009-09-30": "", "2009-06-30": "", "2009-03-31": "", "2008-12-31": "", "2008-09-30": "", "2008-06-30": "", "2008-03-31": "", "2007-12-31": "", "2007-09-30": "", "2007-06-30": "", "2007-03-31": "", "2006-12-31": "", "2006-09-30": "", "2006-06-30": "", "2006-03-31": "", "2005-12-31": "", "2005-09-30": "", "2005-06-30": "", "2005-03-31": ""}, "Operating Expenses": {"2020-12-31": "681.60000", "2020-09-30": "623.90000", "2020-06-30": "578.40000", "2020-03-31": "571.20000", "2019-12-31": "635.80000", "2019-09-30": "616.30000", "2019-06-30": "635.40000", "2019-03-31": "640.10000", "2018-12-31": "661.60000", "2018-09-30": "625.70000", "2018-06-30": "689.50000", "2018-03-31": "659.40000", "2017-12-31": "630.80010", "2017-09-30": "621.70000", "2017-06-30": "612.30000", "2017-03-31": "622.30000", "2016-12-31": "591.99990", "2016-09-30": "565.30000", "2016-06-30": "543.30000", "2016-03-31": "533.60000", "2015-12-31": "531.89990", "2015-09-30": "518.50000", "2015-06-30": "550.50000", "2015-03-31": "536.50000", "2014-12-31": "553.19980", "2014-09-30": "511.80000", "2014-06-30": "516.60000", "2014-03-31": "487.20000", "2013-12-31": "498.20000", "2013-09-30": "473.30000", "2013-06-30": "482.70000", "2013-03-31": "450.30000", "2012-12-31": "466.60000", "2012-09-30": "410.50000", "2012-06-30": "432.60000", "2012-03-31": "424.80000", "2011-12-31": "438.20000", "2011-09-30": "385.50000", "2011-06-30": "367.30000", "2011-03-31": "379.70000", "2010-12-31": "339.90010", "2010-09-30": "352.10000", "2010-06-30": "344.60000", "2010-03-31": "335.40000", "2009-12-31": "331.10000", "2009-09-30": "455.30000", "2009-06-30": "464.90000", "2009-03-31": "464.90000", "2008-12-31": "492.40000", "2008-09-30": "566.30000", "2008-06-30": "575.00000", "2008-03-31": "532.60000", "2007-12-31": "535.79970", "2007-09-30": "518.00000", "2007-06-30": "567.10000", "2007-03-31": "542.70000", "2006-12-31": "507.40000", "2006-09-30": "531.40000", "2006-06-30": "553.80000", "2006-03-31": "428.80000", "2005-12-31": "404.50000", "2005-09-30": "387.10000", "2005-06-30": "413.90000", "2005-03-31": "383.50000"}, "Operating Income": {"2020-12-31": "152.90000", "2020-09-30": "136.10000", "2020-06-30": "85.50010", "2020-03-31": "65.70000", "2019-12-31": "115.09990", "2019-09-30": "111.90000", "2019-06-30": "130.00000", "2019-03-31": "108.10000", "2018-12-31": "150.89980", "2018-09-30": "128.40000", "2018-06-30": "143.80000", "2018-03-31": "128.60000", "2017-12-31": "137.79970", "2017-09-30": "128.20000", "2017-06-30": "125.90000", "2017-03-31": "117.70000", "2016-12-31": "106.10000", "2016-09-30": "118.60000", "2016-06-30": "123.70000", "2016-03-31": "103.30000", "2015-12-31": "107.50010", "2015-09-30": "106.60000", "2015-06-30": "103.00000", "2015-03-31": "82.00000", "2014-12-31": "73.60020", "2014-09-30": "69.80000", "2014-06-30": "78.80010", "2014-03-31": "65.00000", "2013-12-31": "60.70020", "2013-09-30": "62.90000", "2013-06-30": "66.40000", "2013-03-31": "59.30000", "2012-12-31": "57.70000", "2012-09-30": "51.70000", "2012-06-30": "51.60000", "2012-03-31": "43.80000", "2011-12-31": "37.60010", "2011-09-30": "26.50000", "2011-06-30": "38.00000", "2011-03-31": "37.70000", "2010-12-31": "30.30000", "2010-09-30": "25.30000", "2010-06-30": "30.40000", "2010-03-31": "31.30000", "2009-12-31": "31.20000", "2009-09-30": "46.20000", "2009-06-30": "33.80000", "2009-03-31": "16.70000", "2008-12-31": "16.20000", "2008-09-30": "36.40000", "2008-06-30": "47.10000", "2008-03-31": "38.80010", "2007-12-31": "34.10030", "2007-09-30": "35.50000", "2007-06-30": "44.40000", "2007-03-31": "34.50000", "2006-12-31": "36.20000", "2006-09-30": "32.60000", "2006-06-30": "40.70000", "2006-03-31": "30.40000", "2005-12-31": "29.39990", "2005-09-30": "21.30000", "2005-06-30": "23.80000", "2005-03-31": "25.70000"}, "Total Non-Operating Income/Expense": {"2020-12-31": "-1.00000", "2020-09-30": "1.20000", "2020-06-30": "1.50000", "2020-03-31": "2.00000", "2019-12-31": "0.40000", "2019-09-30": "0.90000", "2019-06-30": "2.20000", "2019-03-31": "3.50000", "2018-12-31": "3.90000", "2018-09-30": "3.10000", "2018-06-30": "2.30000", "2018-03-31": "-3.20000", "2017-12-31": "3.00000", "2017-09-30": "3.40000", "2017-06-30": "2.10000", "2017-03-31": "2.70000", "2016-12-31": "10.30000", "2016-09-30": "-0.20000", "2016-06-30": "0.40000", "2016-03-31": "0.30000", "2015-12-31": "1.80000", "2015-09-30": "0.60000", "2015-06-30": "0.20000", "2015-03-31": "0.80000", "2014-12-31": "0.30000", "2014-09-30": "-0.50000", "2014-06-30": "-0.20000", "2014-03-31": "-0.10000", "2013-12-31": "-4.00000", "2013-09-30": "-1.60000", "2013-06-30": "-5.10000", "2013-03-31": "-2.20000", "2012-12-31": "3.60000", "2012-09-30": "0.30000", "2012-06-30": "-1.00000", "2012-03-31": "26.10000", "2011-12-31": "9.40000", "2011-09-30": "13.30000", "2011-06-30": "3.00000", "2011-03-31": "-4.00000", "2010-12-31": "-1.70000", "2010-09-30": "-2.00000", "2010-06-30": "-37.00000", "2010-03-31": "-2.20000", "2009-12-31": "-3.40000", "2009-09-30": "-0.10000", "2009-06-30": "-3.80000", "2009-03-31": "-5.40000", "2008-12-31": "-8.10000", "2008-09-30": "-8.50000", "2008-06-30": "-6.40000", "2008-03-31": "-9.10000", "2007-12-31": "-28.30000", "2007-09-30": "-6.40000", "2007-06-30": "-8.10000", "2007-03-31": "-8.20000", "2006-12-31": "-11.20000", "2006-09-30": "-10.50000", "2006-06-30": "-4.50000", "2006-03-31": "-8.90000", "2005-12-31": "-7.40000", "2005-09-30": "-6.90000", "2005-06-30": "-12.80000", "2005-03-31": "-4.40000"}, "Pre-Tax Income": {"2020-12-31": "151.90000", "2020-09-30": "137.30000", "2020-06-30": "87.00000", "2020-03-31": "67.70000", "2019-12-31": "115.50000", "2019-09-30": "112.80000", "2019-06-30": "132.20000", "2019-03-31": "111.60000", "2018-12-31": "154.80000", "2018-09-30": "131.50000", "2018-06-30": "146.10000", "2018-03-31": "125.40000", "2017-12-31": "140.80000", "2017-09-30": "131.60000", "2017-06-30": "128.00000", "2017-03-31": "120.40000", "2016-12-31": "116.40000", "2016-09-30": "118.40000", "2016-06-30": "124.10000", "2016-03-31": "103.60000", "2015-12-31": "109.30000", "2015-09-30": "107.20000", "2015-06-30": "103.20000", "2015-03-31": "82.80000", "2014-12-31": "73.90000", "2014-09-30": "69.30000", "2014-06-30": "78.60000", "2014-03-31": "64.90000", "2013-12-31": "56.70000", "2013-09-30": "61.30000", "2013-06-30": "61.30000", "2013-03-31": "57.10000", "2012-12-31": "61.30000", "2012-09-30": "52.00000", "2012-06-30": "50.60000", "2012-03-31": "69.90000", "2011-12-31": "47.00000", "2011-09-30": "39.80000", "2011-06-30": "41.00000", "2011-03-31": "33.70000", "2010-12-31": "28.60000", "2010-09-30": "23.30000", "2010-06-30": "-6.60000", "2010-03-31": "29.10000", "2009-12-31": "27.80000", "2009-09-30": "46.10000", "2009-06-30": "30.00000", "2009-03-31": "11.30000", "2008-12-31": "8.10000", "2008-09-30": "27.90000", "2008-06-30": "40.70000", "2008-03-31": "29.70000", "2007-12-31": "5.80000", "2007-09-30": "29.10000", "2007-06-30": "36.30000", "2007-03-31": "26.30000", "2006-12-31": "25.00000", "2006-09-30": "22.10000", "2006-06-30": "36.20000", "2006-03-31": "21.50000", "2005-12-31": "22.00000", "2005-09-30": "14.40000", "2005-06-30": "11.00000", "2005-03-31": "21.30000"}, "Income Taxes": {"2020-12-31": "31.90000", "2020-09-30": "31.90000", "2020-06-30": "19.20000", "2020-03-31": "16.00000", "2019-12-31": "24.20000", "2019-09-30": "25.50000", "2019-06-30": "30.10000", "2019-03-31": "22.30000", "2018-12-31": "28.50000", "2018-09-30": "26.90000", "2018-06-30": "31.60000", "2018-03-31": "26.60000", "2017-12-31": "118.10000", "2017-09-30": "37.90000", "2017-06-30": "35.60000", "2017-03-31": "32.70000", "2016-12-31": "33.70000", "2016-09-30": "35.20000", "2016-06-30": "37.00000", "2016-03-31": "30.10000", "2015-12-31": "29.50000", "2015-09-30": "33.60000", "2015-06-30": "32.10000", "2015-03-31": "24.40000", "2014-12-31": "20.70000", "2014-09-30": "18.70000", "2014-06-30": "21.30000", "2014-03-31": "18.20000", "2013-12-31": "14.30000", "2013-09-30": "15.10000", "2013-06-30": "19.20000", "2013-03-31": "18.10000", "2012-12-31": "18.20000", "2012-09-30": "15.00000", "2012-06-30": "15.60000", "2012-03-31": "22.40000", "2011-12-31": "15.50000", "2011-09-30": "12.90000", "2011-06-30": "12.40000", "2011-03-31": "9.50000", "2010-12-31": "8.20000", "2010-09-30": "7.10000", "2010-06-30": "-5.70000", "2010-03-31": "7.70000", "2009-12-31": "10.20000", "2009-09-30": "11.40000", "2009-06-30": "6.10000", "2009-03-31": "2.70000", "2008-12-31": "3.30000", "2008-09-30": "7.20000", "2008-06-30": "9.50000", "2008-03-31": "7.70000", "2007-12-31": "-9.50000", "2007-09-30": "4.40000", "2007-06-30": "9.30000", "2007-03-31": "6.80000", "2006-12-31": "5.80000", "2006-09-30": "5.50000", "2006-06-30": "11.30000", "2006-03-31": "6.00000", "2005-12-31": "6.00000", "2005-09-30": "4.70000", "2005-06-30": "4.50000", "2005-03-31": "7.00000"}, "Income After Taxes": {"2020-12-31": "120.00000", "2020-09-30": "105.40000", "2020-06-30": "67.80000", "2020-03-31": "51.70000", "2019-12-31": "91.30000", "2019-09-30": "87.30000", "2019-06-30": "102.10000", "2019-03-31": "89.30000", "2018-12-31": "126.30000", "2018-09-30": "104.60000", "2018-06-30": "114.50000", "2018-03-31": "98.80000", "2017-12-31": "22.70000", "2017-09-30": "93.70000", "2017-06-30": "92.40000", "2017-03-31": "87.70000", "2016-12-31": "82.70000", "2016-09-30": "83.20000", "2016-06-30": "87.10000", "2016-03-31": "73.50000", "2015-12-31": "79.80000", "2015-09-30": "73.60000", "2015-06-30": "71.10000", "2015-03-31": "58.40000", "2014-12-31": "53.20000", "2014-09-30": "50.60000", "2014-06-30": "57.30000", "2014-03-31": "46.70000", "2013-12-31": "42.40000", "2013-09-30": "46.20000", "2013-06-30": "42.10000", "2013-03-31": "39.00000", "2012-12-31": "43.10000", "2012-09-30": "37.00000", "2012-06-30": "35.00000", "2012-03-31": "47.50000", "2011-12-31": "31.50000", "2011-09-30": "26.90000", "2011-06-30": "28.60000", "2011-03-31": "24.20000", "2010-12-31": "20.40000", "2010-09-30": "16.20000", "2010-06-30": "-0.90000", "2010-03-31": "21.40000", "2009-12-31": "17.60000", "2009-09-30": "34.70000", "2009-06-30": "23.90000", "2009-03-31": "8.60000", "2008-12-31": "4.80000", "2008-09-30": "20.70000", "2008-06-30": "31.20000", "2008-03-31": "22.00000", "2007-12-31": "15.30000", "2007-09-30": "24.70000", "2007-06-30": "27.00000", "2007-03-31": "19.50000", "2006-12-31": "19.20000", "2006-09-30": "16.60000", "2006-06-30": "24.90000", "2006-03-31": "15.50000", "2005-12-31": "16.00000", "2005-09-30": "9.70000", "2005-06-30": "6.50000", "2005-03-31": "14.30000"}, "Other Income": {"2020-12-31": "", "2020-09-30": "", "2020-06-30": "", "2020-03-31": "", "2019-12-31": "", "2019-09-30": "", "2019-06-30": "", "2019-03-31": "", "2018-12-31": "", "2018-09-30": "", "2018-06-30": "", "2018-03-31": "", "2017-12-31": "", "2017-09-30": "", "2017-06-30": "", "2017-03-31": "", "2016-12-31": "", "2016-09-30": "", "2016-06-30": "", "2016-03-31": "", "2015-12-31": "", "2015-09-30": "", "2015-06-30": "", "2015-03-31": "", "2014-12-31": "", "2014-09-30": "", "2014-06-30": "", "2014-03-31": "", "2013-12-31": "", "2013-09-30": "", "2013-06-30": "", "2013-03-31": "", "2012-12-31": "", "2012-09-30": "", "2012-06-30": "", "2012-03-31": "", "2011-12-31": "", "2011-09-30": "", "2011-06-30": "", "2011-03-31": "", "2010-12-31": "", "2010-09-30": "", "2010-06-30": "", "2010-03-31": "", "2009-12-31": "", "2009-09-30": "", "2009-06-30": "", "2009-03-31": "", "2008-12-31": "", "2008-09-30": "", "2008-06-30": "", "2008-03-31": "", "2007-12-31": "", "2007-09-30": "", "2007-06-30": "", "2007-03-31": "", "2006-12-31": "", "2006-09-30": "", "2006-06-30": "", "2006-03-31": "", "2005-12-31": "", "2005-09-30": "", "2005-06-30": "", "2005-03-31": ""}, "Income From Continuous Operations": {"2020-12-31": "120.00000", "2020-09-30": "105.40000", "2020-06-30": "67.80000", "2020-03-31": "51.70000", "2019-12-31": "91.30000", "2019-09-30": "87.30000", "2019-06-30": "102.10000", "2019-03-31": "89.30000", "2018-12-31": "126.30000", "2018-09-30": "104.60000", "2018-06-30": "114.50000", "2018-03-31": "98.80000", "2017-12-31": "22.70000", "2017-09-30": "93.70000", "2017-06-30": "92.40000", "2017-03-31": "87.70000", "2016-12-31": "82.70000", "2016-09-30": "83.20000", "2016-06-30": "87.10000", "2016-03-31": "73.50000", "2015-12-31": "79.80000", "2015-09-30": "73.60000", "2015-06-30": "71.10000", "2015-03-31": "58.40000", "2014-12-31": "53.20000", "2014-09-30": "50.60000", "2014-06-30": "57.30000", "2014-03-31": "46.70000", "2013-12-31": "42.40000", "2013-09-30": "46.20000", "2013-06-30": "42.10000", "2013-03-31": "39.00000", "2012-12-31": "43.10000", "2012-09-30": "37.00000", "2012-06-30": "35.00000", "2012-03-31": "47.50000", "2011-12-31": "31.50000", "2011-09-30": "26.90000", "2011-06-30": "28.60000", "2011-03-31": "24.20000", "2010-12-31": "20.50000", "2010-09-30": "16.20000", "2010-06-30": "-0.90000", "2010-03-31": "21.30000", "2009-12-31": "17.50000", "2009-09-30": "34.60000", "2009-06-30": "23.70000", "2009-03-31": "8.60000", "2008-12-31": "4.80000", "2008-09-30": "20.60000", "2008-06-30": "31.10000", "2008-03-31": "21.90000", "2007-12-31": "15.30000", "2007-09-30": "24.70000", "2007-06-30": "27.00000", "2007-03-31": "19.50000", "2006-12-31": "19.20000", "2006-09-30": "16.60000", "2006-06-30": "24.90000", "2006-03-31": "15.50000", "2005-12-31": "16.00000", "2005-09-30": "9.70000", "2005-06-30": "6.50000", "2005-03-31": "14.30000"}, "Income From Discontinued Operations": {"2020-12-31": "", "2020-09-30": "", "2020-06-30": "", "2020-03-31": "", "2019-12-31": "", "2019-09-30": "", "2019-06-30": "", "2019-03-31": "", "2018-12-31": "", "2018-09-30": "", "2018-06-30": "", "2018-03-31": "", "2017-12-31": "", "2017-09-30": "", "2017-06-30": "", "2017-03-31": "", "2016-12-31": "", "2016-09-30": "", "2016-06-30": "", "2016-03-31": "", "2015-12-31": "", "2015-09-30": "", "2015-06-30": "", "2015-03-31": "", "2014-12-31": "", "2014-09-30": "", "2014-06-30": "", "2014-03-31": "", "2013-12-31": "", "2013-09-30": "", "2013-06-30": "", "2013-03-31": "", "2012-12-31": "", "2012-09-30": "", "2012-06-30": "", "2012-03-31": "", "2011-12-31": "0.60000", "2011-09-30": "155.40000", "2011-06-30": "21.70000", "2011-03-31": "16.80000", "2010-12-31": "11.60000", "2010-09-30": "15.80000", "2010-06-30": "17.50000", "2010-03-31": "9.50000", "2009-12-31": "5.10000", "2009-09-30": "", "2009-06-30": "", "2009-03-31": "", "2008-12-31": "-0.40000", "2008-09-30": "-0.20000", "2008-06-30": "0.20000", "2008-03-31": "", "2007-12-31": "", "2007-09-30": "", "2007-06-30": "", "2007-03-31": "", "2006-12-31": "-0.30000", "2006-09-30": "0.40000", "2006-06-30": "0.20000", "2006-03-31": "", "2005-12-31": "", "2005-09-30": "", "2005-06-30": "", "2005-03-31": ""}, "Net Income": {"2020-12-31": "120.00000", "2020-09-30": "105.40000", "2020-06-30": "67.80000", "2020-03-31": "51.70000", "2019-12-31": "91.30000", "2019-09-30": "87.30000", "2019-06-30": "102.10000", "2019-03-31": "89.30000", "2018-12-31": "126.30000", "2018-09-30": "104.60000", "2018-06-30": "114.50000", "2018-03-31": "98.80000", "2017-12-31": "22.70000", "2017-09-30": "93.70000", "2017-06-30": "92.40000", "2017-03-31": "87.70000", "2016-12-31": "82.70000", "2016-09-30": "83.20000", "2016-06-30": "87.10000", "2016-03-31": "73.50000", "2015-12-31": "79.80000", "2015-09-30": "73.60000", "2015-06-30": "71.10000", "2015-03-31": "58.40000", "2014-12-31": "53.20000", "2014-09-30": "50.60000", "2014-06-30": "57.30000", "2014-03-31": "46.70000", "2013-12-31": "42.40000", "2013-09-30": "46.20000", "2013-06-30": "42.10000", "2013-03-31": "39.00000", "2012-12-31": "39.20000", "2012-09-30": "37.00000", "2012-06-30": "35.00000", "2012-03-31": "47.50000", "2011-12-31": "32.10000", "2011-09-30": "182.30000", "2011-06-30": "50.30000", "2011-03-31": "41.00000", "2010-12-31": "32.20000", "2010-09-30": "32.00000", "2010-06-30": "16.60000", "2010-03-31": "30.90000", "2009-12-31": "22.60000", "2009-09-30": "34.60000", "2009-06-30": "21.30000", "2009-03-31": "2.70000", "2008-12-31": "0.00000", "2008-09-30": "5.80000", "2008-06-30": "9.50000", "2008-03-31": "21.90000", "2007-12-31": "-40.80000", "2007-09-30": "24.70000", "2007-06-30": "27.00000", "2007-03-31": "19.50000", "2006-12-31": "18.90000", "2006-09-30": "17.00000", "2006-06-30": "25.10000", "2006-03-31": "15.50000", "2005-12-31": "16.00000", "2005-09-30": "9.70000", "2005-06-30": "6.50000", "2005-03-31": "14.30000"}, "EBITDA": {"2020-12-31": "", "2020-09-30": "156.80000", "2020-06-30": "105.40010", "2020-03-31": "85.80000", "2019-12-31": "135.29990", "2019-09-30": "131.60000", "2019-06-30": "148.20000", "2019-03-31": "128.30000", "2018-12-31": "169.59980", "2018-09-30": "146.20000", "2018-06-30": "161.30000", "2018-03-31": "146.50000", "2017-12-31": "155.99970", "2017-09-30": "145.80000", "2017-06-30": "143.30000", "2017-03-31": "134.60000", "2016-12-31": "122.50000", "2016-09-30": "135.20000", "2016-06-30": "139.60000", "2016-03-31": "119.50000", "2015-12-31": "123.20010", "2015-09-30": "122.30000", "2015-06-30": "119.00000", "2015-03-31": "97.60000", "2014-12-31": "89.00020", "2014-09-30": "84.60000", "2014-06-30": "93.60010", "2014-03-31": "79.80000", "2013-12-31": "78.20020", "2013-09-30": "77.10000", "2013-06-30": "80.30000", "2013-03-31": "73.40000", "2012-12-31": "71.90000", "2012-09-30": "65.60000", "2012-06-30": "64.70000", "2012-03-31": "57.20000", "2011-12-31": "51.40010", "2011-09-30": "37.90000", "2011-06-30": "49.00000", "2011-03-31": "48.50000", "2010-12-31": "41.80000", "2010-09-30": "35.30000", "2010-06-30": "39.60000", "2010-03-31": "41.40000", "2009-12-31": "18.80000", "2009-09-30": "63.40000", "2009-06-30": "50.90000", "2009-03-31": "33.10000", "2008-12-31": "1.70000", "2008-09-30": "53.10000", "2008-06-30": "63.80000", "2008-03-31": "55.70010", "2007-12-31": "51.30030", "2007-09-30": "51.70000", "2007-06-30": "62.50000", "2007-03-31": "50.60000", "2006-12-31": "52.80000", "2006-09-30": "46.00000", "2006-06-30": "59.20000", "2006-03-31": "42.80000", "2005-12-31": "43.29990", "2005-09-30": "34.20000", "2005-06-30": "36.70000", "2005-03-31": "38.80000"}, "EBIT": {"2020-12-31": "152.90000", "2020-09-30": "136.10000", "2020-06-30": "85.50010", "2020-03-31": "65.70000", "2019-12-31": "115.09980", "2019-09-30": "111.90000", "2019-06-30": "130.00000", "2019-03-31": "108.10000", "2018-12-31": "150.90000", "2018-09-30": "128.40000", "2018-06-30": "143.80000", "2018-03-31": "128.60000", "2017-12-31": "137.79980", "2017-09-30": "128.20000", "2017-06-30": "125.90000", "2017-03-31": "117.70000", "2016-12-31": "106.09990", "2016-09-30": "118.60000", "2016-06-30": "123.70000", "2016-03-31": "103.30000", "2015-12-31": "107.50010", "2015-09-30": "106.60000", "2015-06-30": "103.00000", "2015-03-31": "82.00000", "2014-12-31": "73.60010", "2014-09-30": "69.80000", "2014-06-30": "78.80010", "2014-03-31": "65.00000", "2013-12-31": "60.70000", "2013-09-30": "62.90000", "2013-06-30": "66.40000", "2013-03-31": "59.30000", "2012-12-31": "57.70000", "2012-09-30": "51.70000", "2012-06-30": "51.60000", "2012-03-31": "43.80000", "2011-12-31": "37.60010", "2011-09-30": "26.50000", "2011-06-30": "38.00000", "2011-03-31": "37.70000", "2010-12-31": "30.30000", "2010-09-30": "25.30000", "2010-06-30": "30.40000", "2010-03-31": "31.30000", "2009-12-31": "31.20000", "2009-09-30": "46.20000", "2009-06-30": "33.80000", "2009-03-31": "16.70000", "2008-12-31": "16.20000", "2008-09-30": "36.40000", "2008-06-30": "47.10000", "2008-03-31": "38.80010", "2007-12-31": "34.10030", "2007-09-30": "35.50000", "2007-06-30": "44.40000", "2007-03-31": "34.50000", "2006-12-31": "36.20000", "2006-09-30": "32.60000", "2006-06-30": "40.70000", "2006-03-31": "30.40000", "2005-12-31": "29.39990", "2005-09-30": "21.30000", "2005-06-30": "23.80000", "2005-03-31": "25.70000"}, "Basic Shares Outstanding": {"2020-12-31": "", "2020-09-30": "161.41100", "2020-06-30": "161.20800", "2020-03-31": "161.87200", "2019-12-31": "165.45000", "2019-09-30": "164.29800", "2019-06-30": "166.82600", "2019-03-31": "167.80400", "2018-12-31": "170.58900", "2018-09-30": "170.50800", "2018-06-30": "171.06400", "2018-03-31": "171.53200", "2017-12-31": "172.66600", "2017-09-30": "172.44700", "2017-06-30": "172.99200", "2017-03-31": "173.38000", "2016-12-31": "174.71300", "2016-09-30": "174.41000", "2016-06-30": "174.96200", "2016-03-31": "175.69400", "2015-12-31": "177.62200", "2015-09-30": "177.39600", "2015-06-30": "178.27800", "2015-03-31": "178.87200", "2014-12-31": "180.58700", "2014-09-30": "179.89000", "2014-06-30": "181.01800", "2014-03-31": "182.46200", "2013-12-31": "184.23600", "2013-09-30": "184.10200", "2013-06-30": "185.31200", "2013-03-31": "185.10200", "2012-12-31": "184.79000", "2012-09-30": "184.77600", "2012-06-30": "185.10400", "2012-03-31": "368.82400", "2011-12-31": "184.47600", "2011-09-30": "184.88800", "2011-06-30": "184.76000", "2011-03-31": "184.00000", "2010-12-31": "182.97200", "2010-09-30": "183.18800", "2010-06-30": "183.07200", "2010-03-31": "182.36400", "2009-12-31": "183.30000", "2009-09-30": "180.96000", "2009-06-30": "150.63600", "2009-03-31": "56.89800", "2008-12-31": "56.89800", "2008-09-30": "56.89800", "2008-06-30": "56.89800", "2008-03-31": "180.12600", "2007-12-31": "56.89800", "2007-09-30": "184.24800", "2007-06-30": "183.79200", "2007-03-31": "183.42600", "2006-12-31": "182.43600", "2006-09-30": "182.69400", "2006-06-30": "182.39400", "2006-03-31": "181.65000", "2005-12-31": "178.23000", "2005-09-30": "178.77600", "2005-06-30": "177.19200", "2005-03-31": "176.45400"}, "Shares Outstanding": {"2020-12-31": "162.86600", "2020-09-30": "162.48000", "2020-06-30": "162.17400", "2020-03-31": "162.89800", "2019-12-31": "166.71100", "2019-09-30": "165.54300", "2019-06-30": "168.08600", "2019-03-31": "169.09600", "2018-12-31": "172.19400", "2018-09-30": "172.08500", "2018-06-30": "172.73000", "2018-03-31": "173.35100", "2017-12-31": "174.60500", "2017-09-30": "174.35600", "2017-06-30": "174.88900", "2017-03-31": "175.42000", "2016-12-31": "176.82500", "2016-09-30": "176.54800", "2016-06-30": "176.99900", "2016-03-31": "177.81100", "2015-12-31": "179.00900", "2015-09-30": "178.73900", "2015-06-30": "179.65000", "2015-03-31": "180.33400", "2014-12-31": "181.97400", "2014-09-30": "181.21200", "2014-06-30": "182.31200", "2014-03-31": "183.93200", "2013-12-31": "185.57600", "2013-09-30": "185.45600", "2013-06-30": "186.46400", "2013-03-31": "186.36800", "2012-12-31": "186.21600", "2012-09-30": "186.27600", "2012-06-30": "186.29600", "2012-03-31": "371.90800", "2011-12-31": "186.29800", "2011-09-30": "186.56800", "2011-06-30": "186.58400", "2011-03-31": "186.16000", "2010-12-31": "184.65200", "2010-09-30": "185.01600", "2010-06-30": "184.44800", "2010-03-31": "183.88400", "2009-12-31": "183.30000", "2009-09-30": "182.40000", "2009-06-30": "151.26600", "2009-03-31": "56.89800", "2008-12-31": "56.89800", "2008-09-30": "56.89800", "2008-06-30": "56.89800", "2008-03-31": "181.32600", "2007-12-31": "56.89800", "2007-09-30": "187.02000", "2007-06-30": "185.99400", "2007-03-31": "186.03000", "2006-12-31": "186.02400", "2006-09-30": "186.20400", "2006-06-30": "186.36000", "2006-03-31": "185.54400", "2005-12-31": "181.69200", "2005-09-30": "181.77000", "2005-06-30": "180.78600", "2005-03-31": "180.03000"}, "Basic EPS": {"2020-12-31": "", "2020-09-30": "0.65000", "2020-06-30": "0.42000", "2020-03-31": "0.32000", "2019-12-31": "0.57000", "2019-09-30": "0.53000", "2019-06-30": "0.61000", "2019-03-31": "0.53000", "2018-12-31": "0.74000", "2018-09-30": "0.61000", "2018-06-30": "0.67000", "2018-03-31": "0.58000", "2017-12-31": "0.14000", "2017-09-30": "0.54000", "2017-06-30": "0.53000", "2017-03-31": "0.51000", "2016-12-31": "0.46000", "2016-09-30": "0.48000", "2016-06-30": "0.51000", "2016-03-31": "0.42000", "2015-12-31": "0.45500", "2015-09-30": "0.41000", "2015-06-30": "0.40000", "2015-03-31": "0.32500", "2014-12-31": "0.30000", "2014-09-30": "0.28000", "2014-06-30": "0.31500", "2014-03-31": "0.25500", "2013-12-31": "0.23500", "2013-09-30": "0.25000", "2013-06-30": "0.22500", "2013-03-31": "0.21000", "2012-12-31": "0.34000", "2012-09-30": "0.20000", "2012-06-30": "0.19000", "2012-03-31": "0.13000", "2011-12-31": "0.17500", "2011-09-30": "0.98500", "2011-06-30": "0.27250", "2011-03-31": "0.22250", "2010-12-31": "0.17500", "2010-09-30": "0.17500", "2010-06-30": "0.09000", "2010-03-31": "0.17000", "2009-12-31": "0.12500", "2009-09-30": "0.19170", "2009-06-30": "0.14170", "2009-03-31": "0.04670", "2008-12-31": "0.00000", "2008-09-30": "0.10170", "2008-06-30": "0.16670", "2008-03-31": "0.12170", "2007-12-31": "0.14830", "2007-09-30": "0.13330", "2007-06-30": "0.14670", "2007-03-31": "0.10670", "2006-12-31": "0.10330", "2006-09-30": "0.09330", "2006-06-30": "0.13830", "2006-03-31": "0.08500", "2005-12-31": "0.09000", "2005-09-30": "0.05500", "2005-06-30": "0.03670", "2005-03-31": "0.08000"}, "EPS - Earnings Per Share": {"2020-12-31": "0.74000", "2020-09-30": "0.65000", "2020-06-30": "0.42000", "2020-03-31": "0.32000", "2019-12-31": "0.55000", "2019-09-30": "0.53000", "2019-06-30": "0.61000", "2019-03-31": "0.53000", "2018-12-31": "0.74000", "2018-09-30": "0.61000", "2018-06-30": "0.66000", "2018-03-31": "0.57000", "2017-12-31": "0.13000", "2017-09-30": "0.54000", "2017-06-30": "0.53000", "2017-03-31": "0.50000", "2016-12-31": "0.48000", "2016-09-30": "0.47000", "2016-06-30": "0.49000", "2016-03-31": "0.41000", "2015-12-31": "0.45000", "2015-09-30": "0.41000", "2015-06-30": "0.39500", "2015-03-31": "0.32500", "2014-12-31": "0.29000", "2014-09-30": "0.28000", "2014-06-30": "0.31500", "2014-03-31": "0.25500", "2013-12-31": "0.23000", "2013-09-30": "0.25000", "2013-06-30": "0.22500", "2013-03-31": "0.21000", "2012-12-31": "0.33750", "2012-09-30": "0.20000", "2012-06-30": "0.19000", "2012-03-31": "0.12750", "2011-12-31": "0.17250", "2011-09-30": "0.97750", "2011-06-30": "0.27000", "2011-03-31": "0.22000", "2010-12-31": "0.17500", "2010-09-30": "0.17250", "2010-06-30": "0.09000", "2010-03-31": "0.16750", "2009-12-31": "0.12500", "2009-09-30": "0.19000", "2009-06-30": "0.14000", "2009-03-31": "0.04670", "2008-12-31": "0.00000", "2008-09-30": "0.10170", "2008-06-30": "0.16670", "2008-03-31": "0.12000", "2007-12-31": "0.15330", "2007-09-30": "0.13170", "2007-06-30": "0.14500", "2007-03-31": "0.10500", "2006-12-31": "0.10170", "2006-09-30": "0.09170", "2006-06-30": "0.13500", "2006-03-31": "0.08330", "2005-12-31": "0.08670", "2005-09-30": "0.05330", "2005-06-30": "0.03670", "2005-03-31": "0.08000"}}, "balance sheet": {"Cash On Hand": {"2020-12-31": "689.60000", "2019-12-31": "551.40000", "2018-12-31": "645.00000", "2017-12-31": "820.00000", "2016-12-31": "754.60000", "2015-12-31": "645.20000", "2014-12-31": "541.90000", "2013-12-31": "486.00000", "2012-12-31": "462.90000", "2011-12-31": "625.80000", "2010-12-31": "118.90000", "2009-12-31": "76.30000", "2008-12-31": "35.30000", "2007-12-31": "37.20000", "2006-12-31": "25.80000", "2005-12-31": "24.00000"}, "Receivables": {"2020-12-31": "585.00000", "2019-12-31": "589.50000", "2018-12-31": "647.30000", "2017-12-31": "592.70000", "2016-12-31": "518.70000", "2015-12-31": "501.40000", "2014-12-31": "475.40000", "2013-12-31": "458.70000", "2012-12-31": "425.40000", "2011-12-31": "368.40000", "2010-12-31": "313.30000", "2009-12-31": "275.60000", "2008-12-31": "363.50000", "2007-12-31": "415.10000", "2006-12-31": "378.70000", "2005-12-31": "278.80000"}, "Inventory": {"2020-12-31": "300.10000", "2019-12-31": "303.00000", "2018-12-31": "304.70000", "2017-12-31": "297.00000", "2016-12-31": "251.10000", "2015-12-31": "222.90000", "2014-12-31": "208.30000", "2013-12-31": "193.40000", "2012-12-31": "163.40000", "2011-12-31": "168.40000", "2010-12-31": "146.80000", "2009-12-31": "110.50000", "2008-12-31": "282.00000", "2007-12-31": "261.80000", "2006-12-31": "297.30000", "2005-12-31": "225.40000"}, "Pre-Paid Expenses": {"2020-12-31": "", "2019-12-31": "", "2018-12-31": "", "2017-12-31": "", "2016-12-31": "", "2015-12-31": "", "2014-12-31": "", "2013-12-31": "", "2012-12-31": "", "2011-12-31": "", "2010-12-31": "", "2009-12-31": "", "2008-12-31": "", "2007-12-31": "", "2006-12-31": "", "2005-12-31": ""}, "Other Current Assets": {"2020-12-31": "43.30000", "2019-12-31": "56.50000", "2018-12-31": "41.50000", "2017-12-31": "57.20000", "2016-12-31": "37.60000", "2015-12-31": "33.80000", "2014-12-31": "52.90000", "2013-12-31": "27.40000", "2012-12-31": "29.70000", "2011-12-31": "21.50000", "2010-12-31": "17.40000", "2009-12-31": "24.50000", "2008-12-31": "46.60000", "2007-12-31": "19.50000", "2006-12-31": "35.90000", "2005-12-31": "37.90000"}, "Total Current Assets": {"2020-12-31": "1618.00000", "2019-12-31": "1500.40000", "2018-12-31": "1638.50000", "2017-12-31": "1766.90000", "2016-12-31": "1562.00000", "2015-12-31": "1403.30000", "2014-12-31": "1319.00000", "2013-12-31": "1205.60000", "2012-12-31": "1114.60000", "2011-12-31": "1208.70000", "2010-12-31": "896.00000", "2009-12-31": "740.00000", "2008-12-31": "823.50000", "2007-12-31": "767.60000", "2006-12-31": "760.00000", "2005-12-31": "576.00000"}, "Property, Plant, And Equipment": {"2020-12-31": "541.30000", "2019-12-31": "545.40000", "2018-12-31": "540.00000", "2017-12-31": "528.90000", "2016-12-31": "461.90000", "2015-12-31": "442.70000", "2014-12-31": "427.70000", "2013-12-31": "391.30000", "2012-12-31": "345.70000", "2011-12-31": "315.30000", "2010-12-31": "258.40000", "2009-12-31": "249.00000", "2008-12-31": "419.10000", "2007-12-31": "421.10000", "2006-12-31": "427.20000", "2005-12-31": "356.90000"}, "Long-Term Investments": {"2020-12-31": "", "2019-12-31": "", "2018-12-31": "", "2017-12-31": "", "2016-12-31": "", "2015-12-31": "", "2014-12-31": "", "2013-12-31": "", "2012-12-31": "", "2011-12-31": "", "2010-12-31": "", "2009-12-31": "", "2008-12-31": "", "2007-12-31": "", "2006-12-31": "", "2005-12-31": ""}, "Goodwill And Intangible Assets": {"2020-12-31": "870.70000", "2019-12-31": "884.40000", "2018-12-31": "806.10000", "2017-12-31": "825.40000", "2016-12-31": "799.80000", "2015-12-31": "711.90000", "2014-12-31": "737.30000", "2013-12-31": "758.30000", "2012-12-31": "774.10000", "2011-12-31": "786.50000", "2010-12-31": "430.40000", "2009-12-31": "435.50000", "2008-12-31": "583.40000", "2007-12-31": "599.50000", "2006-12-31": "587.50000", "2005-12-31": "323.50000"}, "Other Long-Term Assets": {"2020-12-31": "89.10000", "2019-12-31": "80.90000", "2018-12-31": "86.90000", "2017-12-31": "76.20000", "2016-12-31": "67.30000", "2015-12-31": "71.30000", "2014-12-31": "31.30000", "2013-12-31": "36.30000", "2012-12-31": "44.40000", "2011-12-31": "38.50000", "2010-12-31": "36.80000", "2009-12-31": "39.50000", "2008-12-31": "50.40000", "2007-12-31": "66.20000", "2006-12-31": "65.20000", "2005-12-31": "32.90000"}, "Total Long-Term Assets": {"2020-12-31": "1542.70000", "2019-12-31": "1557.60000", "2018-12-31": "1433.00000", "2017-12-31": "1430.50000", "2016-12-31": "1329.00000", "2015-12-31": "1225.90000", "2014-12-31": "1196.30000", "2013-12-31": "1185.90000", "2012-12-31": "1164.20000", "2011-12-31": "1140.30000", "2010-12-31": "1214.60000", "2009-12-31": "1234.50000", "2008-12-31": "1105.20000", "2007-12-31": "1086.80000", "2006-12-31": "1079.90000", "2005-12-31": "716.70010"}, "Total Assets": {"2020-12-31": "3160.70000", "2019-12-31": "3058.00000", "2018-12-31": "3071.50000", "2017-12-31": "3197.40000", "2016-12-31": "2891.00000", "2015-12-31": "2629.20000", "2014-12-31": "2515.30000", "2013-12-31": "2391.50000", "2012-12-31": "2278.80000", "2011-12-31": "2349.00000", "2010-12-31": "2110.60000", "2009-12-31": "1974.50000", "2008-12-31": "1928.70000", "2007-12-31": "1854.40000", "2006-12-31": "1839.90000", "2005-12-31": "1292.70000"}, "Total Current Liabilities": {"2020-12-31": "886.30000", "2019-12-31": "766.50000", "2018-12-31": "785.30000", "2017-12-31": "793.80000", "2016-12-31": "765.60000", "2015-12-31": "653.20000", "2014-12-31": "605.20000", "2013-12-31": "590.90000", "2012-12-31": "506.30000", "2011-12-31": "512.30000", "2010-12-31": "536.80000", "2009-12-31": "491.30000", "2008-12-31": "515.10000", "2007-12-31": "472.60000", "2006-12-31": "437.30000", "2005-12-31": "307.60000"}, "Long Term Debt": {"2020-12-31": "106.40000", "2019-12-31": "277.20000", "2018-12-31": "221.40000", "2017-12-31": "402.90000", "2016-12-31": "316.40000", "2015-12-31": "236.10000", "2014-12-31": "210.10000", "2013-12-31": "177.70000", "2012-12-31": "225.10000", "2011-12-31": "443.00000", "2010-12-31": "242.40000", "2009-12-31": "232.10000", "2008-12-31": "317.30000", "2007-12-31": "379.60000", "2006-12-31": "432.10000", "2005-12-31": "162.40000"}, "Other Non-Current Liabilities": {"2020-12-31": "271.70000", "2019-12-31": "281.00000", "2018-12-31": "298.40000", "2017-12-31": "307.70000", "2016-12-31": "184.70000", "2015-12-31": "163.40000", "2014-12-31": "154.60000", "2013-12-31": "152.50000", "2012-12-31": "146.30000", "2011-12-31": "145.00000", "2010-12-31": "135.00000", "2009-12-31": "141.30000", "2008-12-31": "141.10000", "2007-12-31": "154.50000", "2006-12-31": "150.80000", "2005-12-31": "82.80000"}, "Total Long Term Liabilities": {"2020-12-31": "426.10000", "2019-12-31": "624.70000", "2018-12-31": "569.20000", "2017-12-31": "758.70000", "2016-12-31": "610.10000", "2015-12-31": "533.70000", "2014-12-31": "528.80000", "2013-12-31": "471.90000", "2012-12-31": "578.40000", "2011-12-31": "750.90000", "2010-12-31": "692.40000", "2009-12-31": "693.40000", "2008-12-31": "737.79990", "2007-12-31": "624.00000", "2006-12-31": "717.99990", "2005-12-31": "372.20000"}, "Total Liabilities": {"2020-12-31": "1312.40000", "2019-12-31": "1391.20000", "2018-12-31": "1354.50000", "2017-12-31": "1552.50000", "2016-12-31": "1375.70000", "2015-12-31": "1186.90000", "2014-12-31": "1134.00000", "2013-12-31": "1062.80000", "2012-12-31": "1084.70000", "2011-12-31": "1263.20000", "2010-12-31": "1229.20000", "2009-12-31": "1184.70000", "2008-12-31": "1252.90000", "2007-12-31": "1096.60000", "2006-12-31": "1155.30000", "2005-12-31": "679.80000"}, "Common Stock Net": {"2020-12-31": "", "2019-12-31": "295.40000", "2018-12-31": "295.50000", "2017-12-31": "295.70000", "2016-12-31": "296.00000", "2015-12-31": "296.20000", "2014-12-31": "148.20000", "2013-12-31": "148.50000", "2012-12-31": "148.60000", "2011-12-31": "76.70000", "2010-12-31": "77.60000", "2009-12-31": "79.20000", "2008-12-31": "41.90000", "2007-12-31": "65.60000", "2006-12-31": "65.70000", "2005-12-31": "66.50000"}, "Retained Earnings (Accumulated Deficit)": {"2020-12-31": "", "2019-12-31": "2323.40000", "2018-12-31": "2102.80000", "2017-12-31": "1788.70000", "2016-12-31": "1593.00000", "2015-12-31": "1350.70000", "2014-12-31": "1135.50000", "2013-12-31": "982.20000", "2012-12-31": "855.10000", "2011-12-31": "729.90000", "2010-12-31": "452.10000", "2009-12-31": "365.40000", "2008-12-31": "316.10000", "2007-12-31": "799.00000", "2006-12-31": "732.30000", "2005-12-31": "675.90000"}, "Comprehensive Income": {"2020-12-31": "", "2019-12-31": "-348.30000", "2018-12-31": "-350.80000", "2017-12-31": "-299.50000", "2016-12-31": "-363.20000", "2015-12-31": "-313.40000", "2014-12-31": "-272.00000", "2013-12-31": "-259.10000", "2012-12-31": "-320.50000", "2011-12-31": "-300.90000", "2010-12-31": "-229.40000", "2009-12-31": "-230.90000", "2008-12-31": "-89.80000", "2007-12-31": "-99.30000", "2006-12-31": "-129.50000", "2005-12-31": "-136.40000"}, "Other Share Holders Equity": {"2020-12-31": "", "2019-12-31": "", "2018-12-31": "", "2017-12-31": "", "2016-12-31": "", "2015-12-31": "", "2014-12-31": "", "2013-12-31": "", "2012-12-31": "", "2011-12-31": "", "2010-12-31": "", "2009-12-31": "", "2008-12-31": "", "2007-12-31": "", "2006-12-31": "", "2005-12-31": ""}, "Share Holder Equity": {"2020-12-31": "1848.30000", "2019-12-31": "1666.80000", "2018-12-31": "1717.00000", "2017-12-31": "1644.90000", "2016-12-31": "1515.30000", "2015-12-31": "1442.30000", "2014-12-31": "1381.30000", "2013-12-31": "1328.70000", "2012-12-31": "1194.10000", "2011-12-31": "1085.80000", "2010-12-31": "881.40000", "2009-12-31": "789.80000", "2008-12-31": "675.80000", "2007-12-31": "757.80000", "2006-12-31": "684.60000", "2005-12-31": "612.90000"}, "Total Liabilities And Share Holders Equity": {"2020-12-31": "3160.70000", "2019-12-31": "3058.00000", "2018-12-31": "3071.50000", "2017-12-31": "3197.40000", "2016-12-31": "2891.00000", "2015-12-31": "2629.20000", "2014-12-31": "2515.30000", "2013-12-31": "2391.50000", "2012-12-31": "2278.80000", "2011-12-31": "2349.00000", "2010-12-31": "2110.60000", "2009-12-31": "1974.50000", "2008-12-31": "1928.70000", "2007-12-31": "1854.40000", "2006-12-31": "1839.90000", "2005-12-31": "1292.70000"}}, "balance sheet, quarterly": {"Cash On Hand": {"2020-12-31": "689.60000", "2020-09-30": "509.00000", "2020-06-30": "568.70000", "2020-03-31": "551.70000", "2019-12-31": "551.40000", "2019-09-30": "513.80000", "2019-06-30": "577.80000", "2019-03-31": "633.30000", "2018-12-31": "645.00000", "2018-09-30": "617.80000", "2018-06-30": "658.40000", "2018-03-31": "679.70000", "2017-12-31": "820.00000", "2017-09-30": "767.90000", "2017-06-30": "740.90000", "2017-03-31": "722.30000", "2016-12-31": "754.60000", "2016-09-30": "678.80000", "2016-06-30": "667.20000", "2016-03-31": "640.80000", "2015-12-31": "645.20000", "2015-09-30": "606.40000", "2015-06-30": "552.40000", "2015-03-31": "574.90000", "2014-12-31": "541.90000", "2014-09-30": "523.70000", "2014-06-30": "496.60000", "2014-03-31": "472.50000", "2013-12-31": "486.00000", "2013-09-30": "476.80000", "2013-06-30": "463.90000", "2013-03-31": "451.40000", "2012-12-31": "462.90000", "2012-09-30": "482.20000", "2012-06-30": "439.70000", "2012-03-31": "428.10000", "2011-12-31": "625.80000", "2011-09-30": "595.30000", "2011-06-30": "108.20000", "2011-03-31": "124.20000", "2010-12-31": "118.90000", "2010-09-30": "109.10000", "2010-06-30": "94.00000", "2010-03-31": "79.80000", "2009-12-31": "76.30000", "2009-09-30": "69.20000", "2009-06-30": "53.50000", "2009-03-31": "44.70000", "2008-12-31": "35.30000", "2008-09-30": "27.60000", "2008-06-30": "24.80000", "2008-03-31": "46.60000", "2007-12-31": "37.20000", "2007-09-30": "36.30000", "2007-06-30": "30.10000", "2007-03-31": "21.10000", "2006-12-31": "25.80000", "2006-09-30": "32.40000", "2006-06-30": "45.30000", "2006-03-31": "37.30000", "2005-12-31": "24.00000", "2005-09-30": "52.60000", "2005-06-30": "11.90000", "2005-03-31": "10.10000"}, "Receivables": {"2020-12-31": "585.00000", "2020-09-30": "572.90000", "2020-06-30": "515.90000", "2020-03-31": "524.00000", "2019-12-31": "589.50000", "2019-09-30": "614.10000", "2019-06-30": "634.80000", "2019-03-31": "658.80000", "2018-12-31": "647.30000", "2018-09-30": "606.60000", "2018-06-30": "644.00000", "2018-03-31": "638.80000", "2017-12-31": "592.70000", "2017-09-30": "587.10000", "2017-06-30": "566.80000", "2017-03-31": "584.10000", "2016-12-31": "518.70000", "2016-09-30": "517.30000", "2016-06-30": "493.90000", "2016-03-31": "506.90000", "2015-12-31": "501.40000", "2015-09-30": "479.00000", "2015-06-30": "528.50000", "2015-03-31": "495.90000", "2014-12-31": "475.40000", "2014-09-30": "474.30000", "2014-06-30": "457.00000", "2014-03-31": "455.60000", "2013-12-31": "458.70000", "2013-09-30": "436.00000", "2013-06-30": "422.60000", "2013-03-31": "423.70000", "2012-12-31": "425.40000", "2012-09-30": "369.10000", "2012-06-30": "382.70000", "2012-03-31": "451.40000", "2011-12-31": "368.40000", "2011-09-30": "369.50000", "2011-06-30": "327.70000", "2011-03-31": "362.00000", "2010-12-31": "313.30000", "2010-09-30": "422.40000", "2010-06-30": "416.50000", "2010-03-31": "405.70000", "2009-12-31": "275.60000", "2009-09-30": "367.90000", "2009-06-30": "370.60000", "2009-03-31": "357.60000", "2008-12-31": "363.50000", "2008-09-30": "423.00000", "2008-06-30": "451.40000", "2008-03-31": "418.70000", "2007-12-31": "415.10000", "2007-09-30": "406.90000", "2007-06-30": "424.60000", "2007-03-31": "425.20000", "2006-12-31": "378.70000", "2006-09-30": "411.00000", "2006-06-30": "417.20000", "2006-03-31": "314.40000", "2005-12-31": "278.80000", "2005-09-30": "280.40000", "2005-06-30": "308.80000", "2005-03-31": "294.90000"}, "Inventory": {"2020-12-31": "300.10000", "2020-09-30": "302.60000", "2020-06-30": "306.00000", "2020-03-31": "312.30000", "2019-12-31": "303.00000", "2019-09-30": "310.00000", "2019-06-30": "323.10000", "2019-03-31": "319.70000", "2018-12-31": "304.70000", "2018-09-30": "307.70000", "2018-06-30": "289.00000", "2018-03-31": "287.10000", "2017-12-31": "297.00000", "2017-09-30": "292.10000", "2017-06-30": "287.00000", "2017-03-31": "257.10000", "2016-12-31": "251.10000", "2016-09-30": "258.60000", "2016-06-30": "237.80000", "2016-03-31": "230.20000", "2015-12-31": "222.90000", "2015-09-30": "239.00000", "2015-06-30": "233.40000", "2015-03-31": "218.80000", "2014-12-31": "208.30000", "2014-09-30": "218.50000", "2014-06-30": "206.80000", "2014-03-31": "197.40000", "2013-12-31": "193.40000", "2013-09-30": "189.50000", "2013-06-30": "178.90000", "2013-03-31": "169.80000", "2012-12-31": "163.40000", "2012-09-30": "178.20000", "2012-06-30": "177.00000", "2012-03-31": "172.20000", "2011-12-31": "168.40000", "2011-09-30": "176.70000", "2011-06-30": "161.60000", "2011-03-31": "160.80000", "2010-12-31": "146.80000", "2010-09-30": "268.60000", "2010-06-30": "257.10000", "2010-03-31": "240.90000", "2009-12-31": "110.50000", "2009-09-30": "218.70000", "2009-06-30": "226.00000", "2009-03-31": "259.60000", "2008-12-31": "282.00000", "2008-09-30": "298.50000", "2008-06-30": "300.90000", "2008-03-31": "282.10000", "2007-12-31": "261.80000", "2007-09-30": "280.30000", "2007-06-30": "300.40000", "2007-03-31": "298.10000", "2006-12-31": "297.30000", "2006-09-30": "299.60000", "2006-06-30": "293.40000", "2006-03-31": "241.80000", "2005-12-31": "225.40000", "2005-09-30": "213.20000", "2005-06-30": "226.90000", "2005-03-31": "253.50000"}, "Pre-Paid Expenses": {"2020-12-31": "", "2020-09-30": "", "2020-06-30": "", "2020-03-31": "", "2019-12-31": "", "2019-09-30": "", "2019-06-30": "", "2019-03-31": "", "2018-12-31": "", "2018-09-30": "", "2018-06-30": "", "2018-03-31": "", "2017-12-31": "", "2017-09-30": "", "2017-06-30": "", "2017-03-31": "", "2016-12-31": "", "2016-09-30": "", "2016-06-30": "", "2016-03-31": "", "2015-12-31": "", "2015-09-30": "", "2015-06-30": "", "2015-03-31": "", "2014-12-31": "", "2014-09-30": "", "2014-06-30": "", "2014-03-31": "", "2013-12-31": "", "2013-09-30": "", "2013-06-30": "", "2013-03-31": "", "2012-12-31": "", "2012-09-30": "", "2012-06-30": "", "2012-03-31": "", "2011-12-31": "", "2011-09-30": "", "2011-06-30": "", "2011-03-31": "", "2010-12-31": "", "2010-09-30": "", "2010-06-30": "", "2010-03-31": "", "2009-12-31": "", "2009-09-30": "", "2009-06-30": "", "2009-03-31": "", "2008-12-31": "", "2008-09-30": "", "2008-06-30": "", "2008-03-31": "", "2007-12-31": "", "2007-09-30": "", "2007-06-30": "", "2007-03-31": "", "2006-12-31": "", "2006-09-30": "", "2006-06-30": "", "2006-03-31": "", "2005-12-31": "", "2005-09-30": "", "2005-06-30": "", "2005-03-31": ""}, "Other Current Assets": {"2020-12-31": "43.30000", "2020-09-30": "45.80000", "2020-06-30": "53.80000", "2020-03-31": "54.50000", "2019-12-31": "56.50000", "2019-09-30": "66.50000", "2019-06-30": "60.90000", "2019-03-31": "46.30000", "2018-12-31": "41.50000", "2018-09-30": "66.60000", "2018-06-30": "61.90000", "2018-03-31": "63.50000", "2017-12-31": "57.20000", "2017-09-30": "51.00000", "2017-06-30": "45.60000", "2017-03-31": "42.00000", "2016-12-31": "37.60000", "2016-09-30": "52.90000", "2016-06-30": "50.10000", "2016-03-31": "48.00000", "2015-12-31": "33.80000", "2015-09-30": "46.30000", "2015-06-30": "44.10000", "2015-03-31": "47.30000", "2014-12-31": "52.90000", "2014-09-30": "38.20000", "2014-06-30": "32.90000", "2014-03-31": "32.70000", "2013-12-31": "27.40000", "2013-09-30": "25.80000", "2013-06-30": "25.90000", "2013-03-31": "28.30000", "2012-12-31": "29.70000", "2012-09-30": "26.40000", "2012-06-30": "23.10000", "2012-03-31": "23.00000", "2011-12-31": "21.50000", "2011-09-30": "23.70000", "2011-06-30": "23.80000", "2011-03-31": "19.90000", "2010-12-31": "17.40000", "2010-09-30": "49.00000", "2010-06-30": "44.90000", "2010-03-31": "54.90000", "2009-12-31": "24.50000", "2009-09-30": "30.70000", "2009-06-30": "26.00000", "2009-03-31": "23.50000", "2008-12-31": "46.60000", "2008-09-30": "19.20000", "2008-06-30": "31.40000", "2008-03-31": "33.00000", "2007-12-31": "19.50000", "2007-09-30": "32.10000", "2007-06-30": "40.20000", "2007-03-31": "39.10000", "2006-12-31": "35.90000", "2006-09-30": "81.50000", "2006-06-30": "103.60000", "2006-03-31": "50.90000", "2005-12-31": "37.90000", "2005-09-30": "32.40000", "2005-06-30": "29.70000", "2005-03-31": "38.80000"}, "Total Current Assets": {"2020-12-31": "1618.00000", "2020-09-30": "1430.30000", "2020-06-30": "1444.40000", "2020-03-31": "1442.50000", "2019-12-31": "1500.40000", "2019-09-30": "1504.40000", "2019-06-30": "1596.60000", "2019-03-31": "1658.10000", "2018-12-31": "1638.50000", "2018-09-30": "1598.70000", "2018-06-30": "1653.30000", "2018-03-31": "1669.10000", "2017-12-31": "1766.90000", "2017-09-30": "1698.10000", "2017-06-30": "1640.30000", "2017-03-31": "1605.50000", "2016-12-31": "1562.00000", "2016-09-30": "1507.60000", "2016-06-30": "1449.00000", "2016-03-31": "1425.90000", "2015-12-31": "1403.30000", "2015-09-30": "1413.80000", "2015-06-30": "1400.00000", "2015-03-31": "1376.30000", "2014-12-31": "1319.00000", "2014-09-30": "1294.80000", "2014-06-30": "1233.90000", "2014-03-31": "1198.20000", "2013-12-31": "1205.60000", "2013-09-30": "1165.00000", "2013-06-30": "1125.60000", "2013-03-31": "1105.80000", "2012-12-31": "1114.60000", "2012-09-30": "1088.40000", "2012-06-30": "1053.80000", "2012-03-31": "1106.70000", "2011-12-31": "1208.70000", "2011-09-30": "1227.40000", "2011-06-30": "991.20000", "2011-03-31": "987.00000", "2010-12-31": "896.00000", "2010-09-30": "876.40000", "2010-06-30": "841.50000", "2010-03-31": "805.80000", "2009-12-31": "740.00000", "2009-09-30": "723.10000", "2009-06-30": "717.50000", "2009-03-31": "736.90000", "2008-12-31": "823.50000", "2008-09-30": "809.30000", "2008-06-30": "838.00000", "2008-03-31": "808.70000", "2007-12-31": "767.60000", "2007-09-30": "781.60000", "2007-06-30": "822.00000", "2007-03-31": "805.90000", "2006-12-31": "760.00000", "2006-09-30": "831.40000", "2006-06-30": "859.90000", "2006-03-31": "650.80000", "2005-12-31": "576.00000", "2005-09-30": "586.40000", "2005-06-30": "588.30000", "2005-03-31": "607.50000"}, "Property, Plant, And Equipment": {"2020-12-31": "541.30000", "2020-09-30": "537.10000", "2020-06-30": "533.80000", "2020-03-31": "537.30000", "2019-12-31": "545.40000", "2019-09-30": "543.60000", "2019-06-30": "553.90000", "2019-03-31": "549.90000", "2018-12-31": "540.00000", "2018-09-30": "526.30000", "2018-06-30": "532.80000", "2018-03-31": "538.10000", "2017-12-31": "528.90000", "2017-09-30": "501.70000", "2017-06-30": "475.80000", "2017-03-31": "467.60000", "2016-12-31": "461.90000", "2016-09-30": "458.40000", "2016-06-30": "451.70000", "2016-03-31": "450.60000", "2015-12-31": "442.70000", "2015-09-30": "438.80000", "2015-06-30": "433.40000", "2015-03-31": "430.40000", "2014-12-31": "427.70000", "2014-09-30": "421.00000", "2014-06-30": "416.50000", "2014-03-31": "402.30000", "2013-12-31": "391.30000", "2013-09-30": "371.70000", "2013-06-30": "353.70000", "2013-03-31": "346.00000", "2012-12-31": "345.70000", "2012-09-30": "331.10000", "2012-06-30": "325.30000", "2012-03-31": "319.90000", "2011-12-31": "315.30000", "2011-09-30": "308.70000", "2011-06-30": "266.30000", "2011-03-31": "262.80000", "2010-12-31": "258.40000", "2010-09-30": "401.10000", "2010-06-30": "390.80000", "2010-03-31": "407.60000", "2009-12-31": "249.00000", "2009-09-30": "407.60000", "2009-06-30": "409.00000", "2009-03-31": "415.00000", "2008-12-31": "419.10000", "2008-09-30": "416.60000", "2008-06-30": "415.00000", "2008-03-31": "414.50000", "2007-12-31": "421.10000", "2007-09-30": "422.60000", "2007-06-30": "423.00000", "2007-03-31": "423.40000", "2006-12-31": "427.20000", "2006-09-30": "415.90000", "2006-06-30": "415.90000", "2006-03-31": "353.00000", "2005-12-31": "356.90000", "2005-09-30": "347.80000", "2005-06-30": "348.60000", "2005-03-31": "353.40000"}, "Long-Term Investments": {"2020-12-31": "", "2020-09-30": "", "2020-06-30": "", "2020-03-31": "", "2019-12-31": "", "2019-09-30": "", "2019-06-30": "", "2019-03-31": "", "2018-12-31": "", "2018-09-30": "", "2018-06-30": "", "2018-03-31": "", "2017-12-31": "", "2017-09-30": "", "2017-06-30": "", "2017-03-31": "", "2016-12-31": "", "2016-09-30": "", "2016-06-30": "", "2016-03-31": "", "2015-12-31": "", "2015-09-30": "", "2015-06-30": "", "2015-03-31": "", "2014-12-31": "", "2014-09-30": "", "2014-06-30": "", "2014-03-31": "", "2013-12-31": "", "2013-09-30": "", "2013-06-30": "", "2013-03-31": "", "2012-12-31": "", "2012-09-30": "", "2012-06-30": "", "2012-03-31": "", "2011-12-31": "", "2011-09-30": "", "2011-06-30": "", "2011-03-31": "", "2010-12-31": "", "2010-09-30": "", "2010-06-30": "", "2010-03-31": "", "2009-12-31": "", "2009-09-30": "", "2009-06-30": "", "2009-03-31": "", "2008-12-31": "", "2008-09-30": "", "2008-06-30": "", "2008-03-31": "", "2007-12-31": "", "2007-09-30": "", "2007-06-30": "", "2007-03-31": "", "2006-12-31": "", "2006-09-30": "", "2006-06-30": "", "2006-03-31": "", "2005-12-31": "", "2005-09-30": "", "2005-06-30": "", "2005-03-31": ""}, "Goodwill And Intangible Assets": {"2020-12-31": "870.70000", "2020-09-30": "870.60000", "2020-06-30": "873.50000", "2020-03-31": "875.70000", "2019-12-31": "884.40000", "2019-09-30": "886.90000", "2019-06-30": "891.60000", "2019-03-31": "803.80000", "2018-12-31": "806.10000", "2018-09-30": "812.60000", "2018-06-30": "815.50000", "2018-03-31": "820.40000", "2017-12-31": "825.40000", "2017-09-30": "828.60000", "2017-06-30": "795.40000", "2017-03-31": "796.90000", "2016-12-31": "799.80000", "2016-09-30": "803.60000", "2016-06-30": "708.80000", "2016-03-31": "711.90000", "2015-12-31": "711.90000", "2015-09-30": "717.60000", "2015-06-30": "725.30000", "2015-03-31": "727.90000", "2014-12-31": "737.30000", "2014-09-30": "743.60000", "2014-06-30": "750.90000", "2014-03-31": "751.90000", "2013-12-31": "758.30000", "2013-09-30": "764.10000", "2013-06-30": "766.20000", "2013-03-31": "773.20000", "2012-12-31": "774.10000", "2012-09-30": "778.50000", "2012-06-30": "779.50000", "2012-03-31": "784.70000", "2011-12-31": "786.50000", "2011-09-30": "783.50000", "2011-06-30": "429.70000", "2011-03-31": "430.80000", "2010-12-31": "430.40000", "2010-09-30": "683.70000", "2010-06-30": "683.40000", "2010-03-31": "688.50000", "2009-12-31": "435.50000", "2009-09-30": "589.90000", "2009-06-30": "585.40000", "2009-03-31": "580.20000", "2008-12-31": "583.40000", "2008-09-30": "593.80000", "2008-06-30": "598.10000", "2008-03-31": "598.50000", "2007-12-31": "599.50000", "2007-09-30": "602.50000", "2007-06-30": "599.80000", "2007-03-31": "587.10000", "2006-12-31": "587.50000", "2006-09-30": "572.40000", "2006-06-30": "568.20000", "2006-03-31": "323.40000", "2005-12-31": "323.50000", "2005-09-30": "313.50000", "2005-06-30": "313.50000", "2005-03-31": "313.10000"}, "Other Long-Term Assets": {"2020-12-31": "89.10000", "2020-09-30": "90.90000", "2020-06-30": "87.30000", "2020-03-31": "82.60000", "2019-12-31": "80.90000", "2019-09-30": "84.70000", "2019-06-30": "85.10000", "2019-03-31": "82.00000", "2018-12-31": "86.90000", "2018-09-30": "87.60000", "2018-06-30": "83.70000", "2018-03-31": "79.30000", "2017-12-31": "76.20000", "2017-09-30": "76.20000", "2017-06-30": "72.50000", "2017-03-31": "70.20000", "2016-12-31": "67.30000", "2016-09-30": "54.80000", "2016-06-30": "62.70000", "2016-03-31": "62.20000", "2015-12-31": "71.30000", "2015-09-30": "30.00000", "2015-06-30": "31.10000", "2015-03-31": "30.70000", "2014-12-31": "31.30000", "2014-09-30": "27.40000", "2014-06-30": "29.40000", "2014-03-31": "28.80000", "2013-12-31": "36.30000", "2013-09-30": "48.10000", "2013-06-30": "49.70000", "2013-03-31": "42.10000", "2012-12-31": "44.40000", "2012-09-30": "37.30000", "2012-06-30": "33.00000", "2012-03-31": "38.90000", "2011-12-31": "38.50000", "2011-09-30": "39.10000", "2011-06-30": "37.10000", "2011-03-31": "37.20000", "2010-12-31": "36.80000", "2010-09-30": "33.70000", "2010-06-30": "34.60000", "2010-03-31": "39.60000", "2009-12-31": "39.50000", "2009-09-30": "39.20000", "2009-06-30": "38.80000", "2009-03-31": "39.70000", "2008-12-31": "50.40000", "2008-09-30": "52.40000", "2008-06-30": "52.60000", "2008-03-31": "65.80000", "2007-12-31": "66.20000", "2007-09-30": "65.90000", "2007-06-30": "65.40000", "2007-03-31": "65.10000", "2006-12-31": "65.20000", "2006-09-30": "65.30000", "2006-06-30": "64.90000", "2006-03-31": "34.30000", "2005-12-31": "32.90000", "2005-09-30": "22.70000", "2005-06-30": "22.80000", "2005-03-31": "55.60000"}, "Total Long-Term Assets": {"2020-12-31": "1542.70000", "2020-09-30": "1540.80000", "2020-06-30": "1539.80000", "2020-03-31": "1540.50000", "2019-12-31": "1557.60000", "2019-09-30": "1563.50000", "2019-06-30": "1579.00000", "2019-03-31": "1485.40000", "2018-12-31": "1433.00000", "2018-09-30": "1426.50000", "2018-06-30": "1432.00000", "2018-03-31": "1437.80000", "2017-12-31": "1430.50000", "2017-09-30": "1406.50000", "2017-06-30": "1343.70000", "2017-03-31": "1334.70000", "2016-12-31": "1329.00000", "2016-09-30": "1316.80000", "2016-06-30": "1223.20000", "2016-03-31": "1224.70000", "2015-12-31": "1225.90000", "2015-09-30": "1186.40000", "2015-06-30": "1189.80000", "2015-03-31": "1189.00000", "2014-12-31": "1196.30000", "2014-09-30": "1192.00000", "2014-06-30": "1196.80000", "2014-03-31": "1183.00000", "2013-12-31": "1185.90000", "2013-09-30": "1183.90000", "2013-06-30": "1169.60000", "2013-03-31": "1161.30000", "2012-12-31": "1164.20000", "2012-09-30": "1146.90000", "2012-06-30": "1137.80000", "2012-03-31": "1143.50000", "2011-12-31": "1140.30000", "2011-09-30": "1131.30000", "2011-06-30": "1151.90000", "2011-03-31": "1218.30000", "2010-12-31": "1214.60000", "2010-09-30": "1130.20000", "2010-06-30": "1125.70000", "2010-03-31": "1153.40000", "2009-12-31": "1234.50000", "2009-09-30": "1069.30000", "2009-06-30": "1074.30000", "2009-03-31": "1083.00000", "2008-12-31": "1105.20000", "2008-09-30": "1062.80000", "2008-06-30": "1065.70000", "2008-03-31": "1078.80000", "2007-12-31": "1086.80000", "2007-09-30": "1091.00000", "2007-06-30": "1088.20000", "2007-03-31": "1075.60000", "2006-12-31": "1079.90000", "2006-09-30": "1064.60000", "2006-06-30": "1061.10000", "2006-03-31": "713.80000", "2005-12-31": "716.70010", "2005-09-30": "684.00000", "2005-06-30": "684.90000", "2005-03-31": "722.10000"}, "Total Assets": {"2020-12-31": "3160.70000", "2020-09-30": "2971.10000", "2020-06-30": "2984.20000", "2020-03-31": "2983.00000", "2019-12-31": "3058.00000", "2019-09-30": "3067.90000", "2019-06-30": "3175.60000", "2019-03-31": "3143.50000", "2018-12-31": "3071.50000", "2018-09-30": "3025.20000", "2018-06-30": "3085.30000", "2018-03-31": "3106.90000", "2017-12-31": "3197.40000", "2017-09-30": "3104.60000", "2017-06-30": "2984.00000", "2017-03-31": "2940.20000", "2016-12-31": "2891.00000", "2016-09-30": "2824.40000", "2016-06-30": "2672.20000", "2016-03-31": "2650.60000", "2015-12-31": "2629.20000", "2015-09-30": "2600.20000", "2015-06-30": "2589.80000", "2015-03-31": "2565.30000", "2014-12-31": "2515.30000", "2014-09-30": "2486.80000", "2014-06-30": "2430.70000", "2014-03-31": "2381.20000", "2013-12-31": "2391.50000", "2013-09-30": "2348.90000", "2013-06-30": "2295.20000", "2013-03-31": "2267.10000", "2012-12-31": "2278.80000", "2012-09-30": "2235.30000", "2012-06-30": "2191.60000", "2012-03-31": "2250.20000", "2011-12-31": "2349.00000", "2011-09-30": "2358.70000", "2011-06-30": "2143.10000", "2011-03-31": "2205.30000", "2010-12-31": "2110.60000", "2010-09-30": "2006.60000", "2010-06-30": "1967.20000", "2010-03-31": "1959.20000", "2009-12-31": "1974.50000", "2009-09-30": "1792.40000", "2009-06-30": "1791.80000", "2009-03-31": "1819.90000", "2008-12-31": "1928.70000", "2008-09-30": "1872.10000", "2008-06-30": "1903.70000", "2008-03-31": "1887.50000", "2007-12-31": "1854.40000", "2007-09-30": "1872.60000", "2007-06-30": "1910.20000", "2007-03-31": "1881.50000", "2006-12-31": "1839.90000", "2006-09-30": "1896.00000", "2006-06-30": "1921.00000", "2006-03-31": "1364.60000", "2005-12-31": "1292.70000", "2005-09-30": "1270.40000", "2005-06-30": "1273.20000", "2005-03-31": "1329.60000"}, "Total Current Liabilities": {"2020-12-31": "886.30000", "2020-09-30": "805.90000", "2020-06-30": "735.40000", "2020-03-31": "699.10000", "2019-12-31": "766.50000", "2019-09-30": "730.40000", "2019-06-30": "730.60000", "2019-03-31": "737.20000", "2018-12-31": "785.30000", "2018-09-30": "738.90000", "2018-06-30": "768.70000", "2018-03-31": "766.90000", "2017-12-31": "793.80000", "2017-09-30": "731.70000", "2017-06-30": "705.80000", "2017-03-31": "720.50000", "2016-12-31": "765.60000", "2016-09-30": "682.10000", "2016-06-30": "615.60000", "2016-03-31": "602.00000", "2015-12-31": "653.20000", "2015-09-30": "624.10000", "2015-06-30": "579.10000", "2015-03-31": "595.80000", "2014-12-31": "605.20000", "2014-09-30": "587.30000", "2014-06-30": "550.00000", "2014-03-31": "536.50000", "2013-12-31": "590.90000", "2013-09-30": "535.20000", "2013-06-30": "490.10000", "2013-03-31": "477.10000", "2012-12-31": "506.30000", "2012-09-30": "462.80000", "2012-06-30": "459.40000", "2012-03-31": "502.40000", "2011-12-31": "512.30000", "2011-09-30": "619.70000", "2011-06-30": "535.90000", "2011-03-31": "555.40000", "2010-12-31": "536.80000", "2010-09-30": "685.80000", "2010-06-30": "672.70000", "2010-03-31": "632.70000", "2009-12-31": "491.30000", "2009-09-30": "461.90000", "2009-06-30": "411.80000", "2009-03-31": "406.40000", "2008-12-31": "515.10000", "2008-09-30": "491.60000", "2008-06-30": "477.80000", "2008-03-31": "439.40000", "2007-12-31": "472.60000", "2007-09-30": "433.60000", "2007-06-30": "446.70000", "2007-03-31": "429.10000", "2006-12-31": "437.30000", "2006-09-30": "448.30000", "2006-06-30": "469.30000", "2006-03-31": "332.30000", "2005-12-31": "307.60000", "2005-09-30": "282.40000", "2005-06-30": "267.40000", "2005-03-31": "268.20000"}, "Long Term Debt": {"2020-12-31": "106.40000", "2020-09-30": "107.10000", "2020-06-30": "274.30000", "2020-03-31": "335.60000", "2019-12-31": "277.20000", "2019-09-30": "312.40000", "2019-06-30": "351.80000", "2019-03-31": "277.60000", "2018-12-31": "221.40000", "2018-09-30": "193.30000", "2018-06-30": "245.40000", "2018-03-31": "285.80000", "2017-12-31": "402.90000", "2017-09-30": "442.20000", "2017-06-30": "367.70000", "2017-03-31": "362.20000", "2016-12-31": "316.40000", "2016-09-30": "328.90000", "2016-06-30": "274.60000", "2016-03-31": "274.10000", "2015-12-31": "236.10000", "2015-09-30": "247.70000", "2015-06-30": "266.20000", "2015-03-31": "255.30000", "2014-12-31": "210.10000", "2014-09-30": "240.70000", "2014-06-30": "236.20000", "2014-03-31": "213.00000", "2013-12-31": "177.70000", "2013-09-30": "213.40000", "2013-06-30": "200.70000", "2013-03-31": "210.50000", "2012-12-31": "225.10000", "2012-09-30": "261.00000", "2012-06-30": "266.00000", "2012-03-31": "300.60000", "2011-12-31": "443.00000", "2011-09-30": "376.30000", "2011-06-30": "356.90000", "2011-03-31": "321.20000", "2010-12-31": "242.40000", "2010-09-30": "97.50000", "2010-06-30": "99.20000", "2010-03-31": "116.40000", "2009-12-31": "232.10000", "2009-09-30": "210.70000", "2009-06-30": "272.30000", "2009-03-31": "334.10000", "2008-12-31": "317.30000", "2008-09-30": "328.90000", "2008-06-30": "367.30000", "2008-03-31": "417.60000", "2007-12-31": "379.60000", "2007-09-30": "417.10000", "2007-06-30": "446.50000", "2007-03-31": "459.50000", "2006-12-31": "432.10000", "2006-09-30": "492.10000", "2006-06-30": "504.40000", "2006-03-31": "191.50000", "2005-12-31": "162.40000", "2005-09-30": "197.50000", "2005-06-30": "226.10000", "2005-03-31": "257.20000"}, "Other Non-Current Liabilities": {"2020-12-31": "271.70000", "2020-09-30": "266.00000", "2020-06-30": "265.10000", "2020-03-31": "273.90000", "2019-12-31": "281.00000", "2019-09-30": "292.80000", "2019-06-30": "291.20000", "2019-03-31": "295.10000", "2018-12-31": "298.40000", "2018-09-30": "312.00000", "2018-06-30": "306.60000", "2018-03-31": "304.60000", "2017-12-31": "307.70000", "2017-09-30": "198.80000", "2017-06-30": "194.00000", "2017-03-31": "188.70000", "2016-12-31": "184.70000", "2016-09-30": "192.60000", "2016-06-30": "170.10000", "2016-03-31": "167.60000", "2015-12-31": "163.40000", "2015-09-30": "187.80000", "2015-06-30": "185.10000", "2015-03-31": "180.20000", "2014-12-31": "154.60000", "2014-09-30": "176.10000", "2014-06-30": "178.00000", "2014-03-31": "179.70000", "2013-12-31": "152.50000", "2013-09-30": "159.60000", "2013-06-30": "156.40000", "2013-03-31": "149.40000", "2012-12-31": "146.30000", "2012-09-30": "157.50000", "2012-06-30": "153.90000", "2012-03-31": "156.10000", "2011-12-31": "145.00000", "2011-09-30": "149.50000", "2011-06-30": "152.20000", "2011-03-31": "147.30000", "2010-12-31": "135.00000", "2010-09-30": "151.30000", "2010-06-30": "153.00000", "2010-03-31": "153.70000", "2009-12-31": "141.30000", "2009-09-30": "155.90000", "2009-06-30": "153.90000", "2009-03-31": "151.20000", "2008-12-31": "141.10000", "2008-09-30": "163.60000", "2008-06-30": "164.10000", "2008-03-31": "162.10000", "2007-12-31": "154.50000", "2007-09-30": "171.90000", "2007-06-30": "176.80000", "2007-03-31": "172.50000", "2006-12-31": "150.80000", "2006-09-30": "164.20000", "2006-06-30": "164.80000", "2006-03-31": "98.90000", "2005-12-31": "82.80000", "2005-09-30": "95.90000", "2005-06-30": "96.40000", "2005-03-31": "98.70000"}, "Total Long Term Liabilities": {"2020-12-31": "426.10000", "2020-09-30": "418.10000", "2020-06-30": "590.70000", "2020-03-31": "667.60000", "2019-12-31": "624.70000", "2019-09-30": "681.30000", "2019-06-30": "719.90000", "2019-03-31": "657.10000", "2018-12-31": "569.20000", "2018-09-30": "530.10000", "2018-06-30": "586.30000", "2018-03-31": "631.60000", "2017-12-31": "758.70000", "2017-09-30": "707.00000", "2017-06-30": "664.50000", "2017-03-31": "653.30000", "2016-12-31": "610.10000", "2016-09-30": "616.70000", "2016-06-30": "575.90000", "2016-03-31": "570.10000", "2015-12-31": "533.70000", "2015-09-30": "553.70000", "2015-06-30": "574.20000", "2015-03-31": "564.40000", "2014-12-31": "528.80000", "2014-09-30": "524.30000", "2014-06-30": "524.00000", "2014-03-31": "501.30000", "2013-12-31": "471.90000", "2013-09-30": "561.10000", "2013-06-30": "548.60000", "2013-03-31": "554.30000", "2012-12-31": "578.40000", "2012-09-30": "581.10000", "2012-06-30": "574.40000", "2012-03-31": "607.10000", "2011-12-31": "750.90000", "2011-09-30": "615.50000", "2011-06-30": "637.40000", "2011-03-31": "728.00000", "2010-12-31": "692.40000", "2010-09-30": "458.90000", "2010-06-30": "469.90000", "2010-03-31": "505.90000", "2009-12-31": "693.40000", "2009-09-30": "583.40000", "2009-06-30": "676.40000", "2009-03-31": "751.60000", "2008-12-31": "737.79990", "2008-09-30": "557.90000", "2008-06-30": "605.50000", "2008-03-31": "655.70000", "2007-12-31": "624.00000", "2007-09-30": "698.90000", "2007-06-30": "738.90000", "2007-03-31": "746.80000", "2006-12-31": "717.99990", "2006-09-30": "779.60000", "2006-06-30": "790.00000", "2006-03-31": "400.70000", "2005-12-31": "372.20000", "2005-09-30": "372.00000", "2005-06-30": "399.00000", "2005-03-31": "460.30000"}, "Total Liabilities": {"2020-12-31": "1312.40000", "2020-09-30": "1224.00000", "2020-06-30": "1326.10000", "2020-03-31": "1366.70000", "2019-12-31": "1391.20000", "2019-09-30": "1411.70000", "2019-06-30": "1450.50000", "2019-03-31": "1394.30000", "2018-12-31": "1354.50000", "2018-09-30": "1269.00000", "2018-06-30": "1355.00000", "2018-03-31": "1398.50000", "2017-12-31": "1552.50000", "2017-09-30": "1438.70000", "2017-06-30": "1370.30000", "2017-03-31": "1373.80000", "2016-12-31": "1375.70000", "2016-09-30": "1298.80000", "2016-06-30": "1191.50000", "2016-03-31": "1172.10000", "2015-12-31": "1186.90000", "2015-09-30": "1177.80000", "2015-06-30": "1153.30000", "2015-03-31": "1160.20000", "2014-12-31": "1134.00000", "2014-09-30": "1111.60000", "2014-06-30": "1074.00000", "2014-03-31": "1037.80000", "2013-12-31": "1062.80000", "2013-09-30": "1096.30000", "2013-06-30": "1038.70000", "2013-03-31": "1031.40000", "2012-12-31": "1084.70000", "2012-09-30": "1043.90000", "2012-06-30": "1033.80000", "2012-03-31": "1109.50000", "2011-12-31": "1263.20000", "2011-09-30": "1235.20000", "2011-06-30": "1173.30000", "2011-03-31": "1283.40000", "2010-12-31": "1229.20000", "2010-09-30": "1144.70000", "2010-06-30": "1142.60000", "2010-03-31": "1138.60000", "2009-12-31": "1184.70000", "2009-09-30": "1045.30000", "2009-06-30": "1088.20000", "2009-03-31": "1158.00000", "2008-12-31": "1252.90000", "2008-09-30": "1049.50000", "2008-06-30": "1083.30000", "2008-03-31": "1095.10000", "2007-12-31": "1096.60000", "2007-09-30": "1132.50000", "2007-06-30": "1185.60000", "2007-03-31": "1175.90000", "2006-12-31": "1155.30000", "2006-09-30": "1227.90000", "2006-06-30": "1259.30000", "2006-03-31": "733.00000", "2005-12-31": "679.80000", "2005-09-30": "654.40000", "2005-06-30": "666.40000", "2005-03-31": "728.50000"}, "Common Stock Net": {"2020-12-31": "", "2020-09-30": "295.40000", "2020-06-30": "295.40000", "2020-03-31": "295.40000", "2019-12-31": "295.40000", "2019-09-30": "295.40000", "2019-06-30": "295.40000", "2019-03-31": "295.50000", "2018-12-31": "295.50000", "2018-09-30": "295.50000", "2018-06-30": "295.50000", "2018-03-31": "295.50000", "2017-12-31": "295.70000", "2017-09-30": "295.70000", "2017-06-30": "295.70000", "2017-03-31": "295.80000", "2016-12-31": "296.00000", "2016-09-30": "296.20000", "2016-06-30": "148.10000", "2016-03-31": "148.10000", "2015-12-31": "296.20000", "2015-09-30": "148.20000", "2015-06-30": "148.20000", "2015-03-31": "148.20000", "2014-12-31": "148.20000", "2014-09-30": "148.30000", "2014-06-30": "148.30000", "2014-03-31": "148.30000", "2013-12-31": "148.50000", "2013-09-30": "148.60000", "2013-06-30": "148.50000", "2013-03-31": "148.60000", "2012-12-31": "148.60000", "2012-09-30": "74.30000", "2012-06-30": "74.30000", "2012-03-31": "74.30000", "2011-12-31": "76.70000", "2011-09-30": "76.70000", "2011-06-30": "76.70000", "2011-03-31": "77.60000", "2010-12-31": "77.60000", "2010-09-30": "52.40000", "2010-06-30": "52.60000", "2010-03-31": "53.40000", "2009-12-31": "79.20000", "2009-09-30": "54.40000", "2009-06-30": "55.70000", "2009-03-31": "65.70000", "2008-12-31": "41.90000", "2008-09-30": "65.70000", "2008-06-30": "65.70000", "2008-03-31": "65.70000", "2007-12-31": "65.60000", "2007-09-30": "65.70000", "2007-06-30": "65.80000", "2007-03-31": "65.70000", "2006-12-31": "65.70000", "2006-09-30": "65.70000", "2006-06-30": "65.70000", "2006-03-31": "66.50000", "2005-12-31": "66.50000", "2005-09-30": "66.50000", "2005-06-30": "66.50000", "2005-03-31": "66.60000"}, "Retained Earnings (Accumulated Deficit)": {"2020-12-31": "", "2020-09-30": "2431.80000", "2020-06-30": "2365.10000", "2020-03-31": "2336.10000", "2019-12-31": "2323.40000", "2019-09-30": "2271.50000", "2019-06-30": "2220.20000", "2019-03-31": "2155.00000", "2018-12-31": "2102.80000", "2018-09-30": "2014.00000", "2018-06-30": "1940.10000", "2018-03-31": "1856.50000", "2017-12-31": "1788.70000", "2017-09-30": "1794.00000", "2017-06-30": "1724.50000", "2017-03-31": "1656.40000", "2016-12-31": "1593.00000", "2016-09-30": "1531.20000", "2016-06-30": "1469.10000", "2016-03-31": "1403.00000", "2015-12-31": "1350.70000", "2015-09-30": "1287.70000", "2015-06-30": "1231.00000", "2015-03-31": "1176.90000", "2014-12-31": "1135.50000", "2014-09-30": "1095.80000", "2014-06-30": "1058.80000", "2014-03-31": "1015.20000", "2013-12-31": "982.20000", "2013-09-30": "950.70000", "2013-06-30": "915.70000", "2013-03-31": "884.90000", "2012-12-31": "855.10000", "2012-09-30": "825.20000", "2012-06-30": "797.50000", "2012-03-31": "770.00000", "2011-12-31": "729.90000", "2011-09-30": "705.20000", "2011-06-30": "530.40000", "2011-03-31": "486.60000", "2010-12-31": "452.10000", "2010-09-30": "426.40000", "2010-06-30": "400.90000", "2010-03-31": "390.40000", "2009-12-31": "365.40000", "2009-09-30": "348.50000", "2009-06-30": "319.90000", "2009-03-31": "861.60000", "2008-12-31": "316.10000", "2008-09-30": "857.80000", "2008-06-30": "842.10000", "2008-03-31": "815.50000", "2007-12-31": "799.00000", "2007-09-30": "787.60000", "2007-06-30": "768.40000", "2007-03-31": "746.70000", "2006-12-31": "732.30000", "2006-09-30": "718.70000", "2006-06-30": "706.80000", "2006-03-31": "686.60000", "2005-12-31": "675.90000", "2005-09-30": "664.70000", "2005-06-30": "659.80000", "2005-03-31": "658.00000"}, "Comprehensive Income": {"2020-12-31": "", "2020-09-30": "-336.50000", "2020-06-30": "-355.80000", "2020-03-31": "-362.40000", "2019-12-31": "-348.30000", "2019-09-30": "-361.60000", "2019-06-30": "-338.40000", "2019-03-31": "-332.10000", "2018-12-31": "-350.80000", "2018-09-30": "-318.20000", "2018-06-30": "-304.40000", "2018-03-31": "-275.70000", "2017-12-31": "-299.50000", "2017-09-30": "-322.40000", "2017-06-30": "-340.70000", "2017-03-31": "-352.20000", "2016-12-31": "-363.20000", "2016-09-30": "-324.80000", "2016-06-30": "-323.50000", "2016-03-31": "-304.30000", "2015-12-31": "-313.40000", "2015-09-30": "-290.50000", "2015-06-30": "-276.00000", "2015-03-31": "-277.60000", "2014-12-31": "-272.00000", "2014-09-30": "-254.50000", "2014-06-30": "-258.90000", "2014-03-31": "-263.30000", "2013-12-31": "-259.10000", "2013-09-30": "-309.30000", "2013-06-30": "-318.70000", "2013-03-31": "-315.00000", "2012-12-31": "-320.50000", "2012-09-30": "-302.10000", "2012-06-30": "-304.70000", "2012-03-31": "-298.70000", "2011-12-31": "-300.90000", "2011-09-30": "-252.90000", "2011-06-30": "-228.80000", "2011-03-31": "-229.40000", "2010-12-31": "-229.40000", "2010-09-30": "-228.50000", "2010-06-30": "-238.30000", "2010-03-31": "-228.40000", "2009-12-31": "-230.90000", "2009-09-30": "-231.90000", "2009-06-30": "-243.40000", "2009-03-31": "-265.10000", "2008-12-31": "-89.80000", "2008-09-30": "-98.60000", "2008-06-30": "-83.10000", "2008-03-31": "-82.90000", "2007-12-31": "-99.30000", "2007-09-30": "-134.00000", "2007-06-30": "-129.40000", "2007-03-31": "-127.90000", "2006-12-31": "-129.50000", "2006-09-30": "-131.20000", "2006-06-30": "-124.00000", "2006-03-31": "-130.90000", "2005-12-31": "-136.40000", "2005-09-30": "-113.40000", "2005-06-30": "-115.80000", "2005-03-31": "-111.70000"}, "Other Share Holders Equity": {"2020-12-31": "", "2020-09-30": "", "2020-06-30": "", "2020-03-31": "", "2019-12-31": "", "2019-09-30": "", "2019-06-30": "", "2019-03-31": "", "2018-12-31": "", "2018-09-30": "", "2018-06-30": "", "2018-03-31": "", "2017-12-31": "", "2017-09-30": "", "2017-06-30": "", "2017-03-31": "", "2016-12-31": "", "2016-09-30": "", "2016-06-30": "", "2016-03-31": "", "2015-12-31": "", "2015-09-30": "", "2015-06-30": "", "2015-03-31": "", "2014-12-31": "", "2014-09-30": "", "2014-06-30": "", "2014-03-31": "", "2013-12-31": "", "2013-09-30": "", "2013-06-30": "", "2013-03-31": "", "2012-12-31": "", "2012-09-30": "", "2012-06-30": "", "2012-03-31": "", "2011-12-31": "", "2011-09-30": "", "2011-06-30": "", "2011-03-31": "", "2010-12-31": "", "2010-09-30": "", "2010-06-30": "", "2010-03-31": "", "2009-12-31": "", "2009-09-30": "", "2009-06-30": "", "2009-03-31": "", "2008-12-31": "", "2008-09-30": "", "2008-06-30": "", "2008-03-31": "", "2007-12-31": "", "2007-09-30": "", "2007-06-30": "", "2007-03-31": "", "2006-12-31": "", "2006-09-30": "", "2006-06-30": "", "2006-03-31": "", "2005-12-31": "", "2005-09-30": "", "2005-06-30": "", "2005-03-31": ""}, "Share Holder Equity": {"2020-12-31": "1848.30000", "2020-09-30": "1747.10000", "2020-06-30": "1658.10000", "2020-03-31": "1616.30000", "2019-12-31": "1666.80000", "2019-09-30": "1656.20000", "2019-06-30": "1725.10000", "2019-03-31": "1749.20000", "2018-12-31": "1717.00000", "2018-09-30": "1756.20000", "2018-06-30": "1730.30000", "2018-03-31": "1708.40000", "2017-12-31": "1644.90000", "2017-09-30": "1665.90000", "2017-06-30": "1613.70000", "2017-03-31": "1566.40000", "2016-12-31": "1515.30000", "2016-09-30": "1525.60000", "2016-06-30": "1480.70000", "2016-03-31": "1478.50000", "2015-12-31": "1442.30000", "2015-09-30": "1422.40000", "2015-06-30": "1436.50000", "2015-03-31": "1405.10000", "2014-12-31": "1381.30000", "2014-09-30": "1375.20000", "2014-06-30": "1356.70000", "2014-03-31": "1343.40000", "2013-12-31": "1328.70000", "2013-09-30": "1252.60000", "2013-06-30": "1256.50000", "2013-03-31": "1235.70000", "2012-12-31": "1194.10000", "2012-09-30": "1191.40000", "2012-06-30": "1157.80000", "2012-03-31": "1140.70000", "2011-12-31": "1085.80000", "2011-09-30": "1123.50000", "2011-06-30": "969.80000", "2011-03-31": "921.90000", "2010-12-31": "881.40000", "2010-09-30": "861.90000", "2010-06-30": "824.60000", "2010-03-31": "820.60000", "2009-12-31": "789.80000", "2009-09-30": "747.10000", "2009-06-30": "703.60000", "2009-03-31": "661.90000", "2008-12-31": "675.80000", "2008-09-30": "822.60000", "2008-06-30": "820.40000", "2008-03-31": "792.40000", "2007-12-31": "757.80000", "2007-09-30": "740.10000", "2007-06-30": "724.60000", "2007-03-31": "705.60000", "2006-12-31": "684.60000", "2006-09-30": "668.10000", "2006-06-30": "661.70000", "2006-03-31": "631.60000", "2005-12-31": "612.90000", "2005-09-30": "616.00000", "2005-06-30": "606.80000", "2005-03-31": "601.10000"}, "Total Liabilities And Share Holders Equity": {"2020-12-31": "3160.70000", "2020-09-30": "2971.10000", "2020-06-30": "2984.20000", "2020-03-31": "2983.00000", "2019-12-31": "3058.00000", "2019-09-30": "3067.90000", "2019-06-30": "3175.60000", "2019-03-31": "3143.50000", "2018-12-31": "3071.50000", "2018-09-30": "3025.20000", "2018-06-30": "3085.30000", "2018-03-31": "3106.90000", "2017-12-31": "3197.40000", "2017-09-30": "3104.60000", "2017-06-30": "2984.00000", "2017-03-31": "2940.20000", "2016-12-31": "2891.00000", "2016-09-30": "2824.40000", "2016-06-30": "2672.20000", "2016-03-31": "2650.60000", "2015-12-31": "2629.20000", "2015-09-30": "2600.20000", "2015-06-30": "2589.80000", "2015-03-31": "2565.30000", "2014-12-31": "2515.30000", "2014-09-30": "2486.80000", "2014-06-30": "2430.70000", "2014-03-31": "2381.20000", "2013-12-31": "2391.50000", "2013-09-30": "2348.90000", "2013-06-30": "2295.20000", "2013-03-31": "2267.10000", "2012-12-31": "2278.80000", "2012-09-30": "2235.30000", "2012-06-30": "2191.60000", "2012-03-31": "2250.20000", "2011-12-31": "2349.00000", "2011-09-30": "2358.70000", "2011-06-30": "2143.10000", "2011-03-31": "2205.30000", "2010-12-31": "2110.60000", "2010-09-30": "2006.60000", "2010-06-30": "1967.20000", "2010-03-31": "1959.20000", "2009-12-31": "1974.50000", "2009-09-30": "1792.40000", "2009-06-30": "1791.80000", "2009-03-31": "1819.90000", "2008-12-31": "1928.70000", "2008-09-30": "1872.10000", "2008-06-30": "1903.70000", "2008-03-31": "1887.50000", "2007-12-31": "1854.40000", "2007-09-30": "1872.60000", "2007-06-30": "1910.20000", "2007-03-31": "1881.50000", "2006-12-31": "1839.90000", "2006-09-30": "1896.00000", "2006-06-30": "1921.00000", "2006-03-31": "1364.60000", "2005-12-31": "1292.70000", "2005-09-30": "1270.40000", "2005-06-30": "1273.20000", "2005-03-31": "1329.60000"}}, "cash flow statement": {"Net Income/Loss": {"2020-12-31": "344.90000", "2019-12-31": "370.00000", "2018-12-31": "444.20000", "2017-12-31": "296.50000", "2016-12-31": "326.50000", "2015-12-31": "282.90000", "2014-12-31": "207.80000", "2013-12-31": "169.70000", "2012-12-31": "158.70000", "2011-12-31": "305.70000", "2010-12-31": "111.50000", "2009-12-31": "89.60000", "2008-12-31": "77.30000", "2007-12-31": "86.50000", "2006-12-31": "76.20000", "2005-12-31": "46.50000"}, "Total Depreciation And Amortization - Cash Flow": {"2020-12-31": "80.00000", "2019-12-31": "78.30000", "2018-12-31": "71.90000", "2017-12-31": "70.10000", "2016-12-31": "65.10000", "2015-12-31": "63.00000", "2014-12-31": "59.80000", "2013-12-31": "59.70000", "2012-12-31": "54.60000", "2011-12-31": "47.00000", "2010-12-31": "40.80000", "2009-12-31": "38.30000", "2008-12-31": "35.80000", "2007-12-31": "67.60000", "2006-12-31": "60.90000", "2005-12-31": "52.80000"}, "Other Non-Cash Items": {"2020-12-31": "12.70000", "2019-12-31": "13.30000", "2018-12-31": "10.10000", "2017-12-31": "91.70000", "2016-12-31": "9.40000", "2015-12-31": "8.90000", "2014-12-31": "37.60000", "2013-12-31": "36.00000", "2012-12-31": "-36.40000", "2011-12-31": "-212.90000", "2010-12-31": "18.80000", "2009-12-31": "111.80000", "2008-12-31": "-10.90000", "2007-12-31": "-0.40000", "2006-12-31": "", "2005-12-31": ""}, "Total Non-Cash Items": {"2020-12-31": "92.70000", "2019-12-31": "91.60000", "2018-12-31": "82.00000", "2017-12-31": "161.80000", "2016-12-31": "74.50000", "2015-12-31": "71.90000", "2014-12-31": "97.40000", "2013-12-31": "95.70000", "2012-12-31": "18.20000", "2011-12-31": "-165.90000", "2010-12-31": "59.60000", "2009-12-31": "150.10000", "2008-12-31": "24.90000", "2007-12-31": "67.20000", "2006-12-31": "60.90000", "2005-12-31": "52.80000"}, "Change In Accounts Receivable": {"2020-12-31": "", "2019-12-31": "", "2018-12-31": "", "2017-12-31": "", "2016-12-31": "", "2015-12-31": "", "2014-12-31": "", "2013-12-31": "", "2012-12-31": "", "2011-12-31": "", "2010-12-31": "", "2009-12-31": "", "2008-12-31": "34.90000", "2007-12-31": "", "2006-12-31": "", "2005-12-31": ""}, "Change In Inventories": {"2020-12-31": "", "2019-12-31": "", "2018-12-31": "", "2017-12-31": "", "2016-12-31": "", "2015-12-31": "", "2014-12-31": "", "2013-12-31": "", "2012-12-31": "", "2011-12-31": "", "2010-12-31": "", "2009-12-31": "", "2008-12-31": "-5.30000", "2007-12-31": "", "2006-12-31": "", "2005-12-31": ""}, "Change In Accounts Payable": {"2020-12-31": "", "2019-12-31": "", "2018-12-31": "", "2017-12-31": "", "2016-12-31": "", "2015-12-31": "", "2014-12-31": "", "2013-12-31": "", "2012-12-31": "", "2011-12-31": "", "2010-12-31": "", "2009-12-31": "", "2008-12-31": "-6.30000", "2007-12-31": "", "2006-12-31": "", "2005-12-31": ""}, "Change In Assets/Liabilities": {"2020-12-31": "124.50000", "2019-12-31": "-5.40000", "2018-12-31": "-77.30000", "2017-12-31": "-131.90000", "2016-12-31": "45.60000", "2015-12-31": "-3.10000", "2014-12-31": "-41.20000", "2013-12-31": "14.20000", "2012-12-31": "-33.10000", "2011-12-31": "-81.10000", "2010-12-31": "-46.30000", "2009-12-31": "23.20000", "2008-12-31": "-19.70000", "2007-12-31": "31.70000", "2006-12-31": "-8.30000", "2005-12-31": "87.40000"}, "Total Change In Assets/Liabilities": {"2020-12-31": "124.50000", "2019-12-31": "-5.40000", "2018-12-31": "-77.30000", "2017-12-31": "-131.90000", "2016-12-31": "45.60000", "2015-12-31": "-3.10000", "2014-12-31": "-41.20000", "2013-12-31": "14.20000", "2012-12-31": "-33.10000", "2011-12-31": "-81.10000", "2010-12-31": "-46.30000", "2009-12-31": "23.20000", "2008-12-31": "-1.20000", "2007-12-31": "31.70000", "2006-12-31": "-8.30000", "2005-12-31": "87.40000"}, "Cash Flow From Operating Activities": {"2020-12-31": "562.10000", "2019-12-31": "456.20000", "2018-12-31": "448.90000", "2017-12-31": "326.40000", "2016-12-31": "446.60000", "2015-12-31": "351.70000", "2014-12-31": "264.00000", "2013-12-31": "279.60000", "2012-12-31": "143.80000", "2011-12-31": "58.70000", "2010-12-31": "124.80000", "2009-12-31": "262.90000", "2008-12-31": "101.00000", "2007-12-31": "185.40000", "2006-12-31": "128.80000", "2005-12-31": "186.70000"}, "Net Change In Property, Plant, And Equipment": {"2020-12-31": "-56.80000", "2019-12-31": "-64.40000", "2018-12-31": "-85.20000", "2017-12-31": "-94.20000", "2016-12-31": "-80.70000", "2015-12-31": "-72.70000", "2014-12-31": "-86.10000", "2013-12-31": "-97.70000", "2012-12-31": "-69.90000", "2011-12-31": "-53.50000", "2010-12-31": "-53.50000", "2009-12-31": "-42.70000", "2008-12-31": "-41.20000", "2007-12-31": "-71.40000", "2006-12-31": "-68.20000", "2005-12-31": "-50.60000"}, "Net Change In Intangible Assets": {"2020-12-31": "", "2019-12-31": "", "2018-12-31": "", "2017-12-31": "", "2016-12-31": "", "2015-12-31": "", "2014-12-31": "", "2013-12-31": "", "2012-12-31": "", "2011-12-31": "", "2010-12-31": "", "2009-12-31": "", "2008-12-31": "", "2007-12-31": "", "2006-12-31": "", "2005-12-31": ""}, "Net Acquisitions/Divestitures": {"2020-12-31": "", "2019-12-31": "-107.00000", "2018-12-31": "", "2017-12-31": "-43.10000", "2016-12-31": "-90.80000", "2015-12-31": "", "2014-12-31": "", "2013-12-31": "-4.00000", "2012-12-31": "-13.50000", "2011-12-31": "-421.10000", "2010-12-31": "-11.80000", "2009-12-31": "-78.50000", "2008-12-31": "", "2007-12-31": "", "2006-12-31": "-340.70000", "2005-12-31": "-14.80000"}, "Net Change In Short-term Investments": {"2020-12-31": "68.60000", "2019-12-31": "205.30000", "2018-12-31": "72.50000", "2017-12-31": "-20.80000", "2016-12-31": "-128.70000", "2015-12-31": "-113.40000", "2014-12-31": "-119.90000", "2013-12-31": "93.50000", "2012-12-31": "-3.40000", "2011-12-31": "", "2010-12-31": "4.60000", "2009-12-31": "", "2008-12-31": "", "2007-12-31": "", "2006-12-31": "", "2005-12-31": ""}, "Net Change In Long-Term Investments": {"2020-12-31": "", "2019-12-31": "", "2018-12-31": "", "2017-12-31": "", "2016-12-31": "", "2015-12-31": "", "2014-12-31": "", "2013-12-31": "", "2012-12-31": "", "2011-12-31": "", "2010-12-31": "", "2009-12-31": "8.90000", "2008-12-31": "12.00000", "2007-12-31": "", "2006-12-31": "12.20000", "2005-12-31": ""}, "Net Change In Investments - Total": {"2020-12-31": "68.60000", "2019-12-31": "205.30000", "2018-12-31": "72.50000", "2017-12-31": "-20.80000", "2016-12-31": "-128.70000", "2015-12-31": "-113.40000", "2014-12-31": "-119.90000", "2013-12-31": "93.50000", "2012-12-31": "-3.40000", "2011-12-31": "", "2010-12-31": "4.60000", "2009-12-31": "8.90000", "2008-12-31": "12.00000", "2007-12-31": "", "2006-12-31": "12.20000", "2005-12-31": ""}, "Investing Activities - Other": {"2020-12-31": "", "2019-12-31": "", "2018-12-31": "", "2017-12-31": "", "2016-12-31": "", "2015-12-31": "", "2014-12-31": "", "2013-12-31": "", "2012-12-31": "", "2011-12-31": "600.20000", "2010-12-31": "-5.80000", "2009-12-31": "-4.70000", "2008-12-31": "-24.50000", "2007-12-31": "11.60000", "2006-12-31": "", "2005-12-31": "-4.50000"}, "Cash Flow From Investing Activities": {"2020-12-31": "11.80000", "2019-12-31": "33.90000", "2018-12-31": "-12.70000", "2017-12-31": "-158.10000", "2016-12-31": "-300.20000", "2015-12-31": "-186.10000", "2014-12-31": "-206.00000", "2013-12-31": "-8.20000", "2012-12-31": "-86.80000", "2011-12-31": "125.60000", "2010-12-31": "-66.50000", "2009-12-31": "-117.00000", "2008-12-31": "-53.70000", "2007-12-31": "-59.80000", "2006-12-31": "-396.70000", "2005-12-31": "-69.90000"}, "Net Long-Term Debt": {"2020-12-31": "-170.80000", "2019-12-31": "62.60000", "2018-12-31": "-189.00000", "2017-12-31": "86.50000", "2016-12-31": "74.10000", "2015-12-31": "28.10000", "2014-12-31": "34.20000", "2013-12-31": "-51.50000", "2012-12-31": "-218.80000", "2011-12-31": "200.20000", "2010-12-31": "5.00000", "2009-12-31": "-91.10000", "2008-12-31": "-50.10000", "2007-12-31": "-63.00000", "2006-12-31": "268.90000", "2005-12-31": "-111.80000"}, "Net Current Debt": {"2020-12-31": "", "2019-12-31": "", "2018-12-31": "", "2017-12-31": "", "2016-12-31": "", "2015-12-31": "", "2014-12-31": "", "2013-12-31": "", "2012-12-31": "", "2011-12-31": "", "2010-12-31": "", "2009-12-31": "", "2008-12-31": "", "2007-12-31": "-4.70000", "2006-12-31": "", "2005-12-31": ""}, "Debt Issuance/Retirement Net - Total": {"2020-12-31": "-170.80000", "2019-12-31": "62.60000", "2018-12-31": "-189.00000", "2017-12-31": "86.50000", "2016-12-31": "74.10000", "2015-12-31": "28.10000", "2014-12-31": "34.20000", "2013-12-31": "-51.50000", "2012-12-31": "-218.80000", "2011-12-31": "200.20000", "2010-12-31": "5.00000", "2009-12-31": "-91.10000", "2008-12-31": "-50.10000", "2007-12-31": "-67.70000", "2006-12-31": "268.90000", "2005-12-31": "-111.80000"}, "Net Common Equity Issued/Repurchased": {"2020-12-31": "-45.30000", "2019-12-31": "-287.70000", "2018-12-31": "-202.60000", "2017-12-31": "-139.10000", "2016-12-31": "-135.20000", "2015-12-31": "-128.10000", "2014-12-31": "-99.10000", "2013-12-31": "-63.50000", "2012-12-31": "-1.50000", "2011-12-31": "-12.30000", "2010-12-31": "", "2009-12-31": "7.60000", "2008-12-31": "2.10000", "2007-12-31": "-25.20000", "2006-12-31": "8.30000", "2005-12-31": "12.90000"}, "Net Total Equity Issued/Repurchased": {"2020-12-31": "-45.30000", "2019-12-31": "-287.70000", "2018-12-31": "-202.60000", "2017-12-31": "-139.10000", "2016-12-31": "-135.20000", "2015-12-31": "-128.10000", "2014-12-31": "-99.10000", "2013-12-31": "-63.50000", "2012-12-31": "-1.50000", "2011-12-31": "-12.30000", "2010-12-31": "", "2009-12-31": "7.60000", "2008-12-31": "2.10000", "2007-12-31": "-25.20000", "2006-12-31": "8.30000", "2005-12-31": "12.90000"}, "Total Common And Preferred Stock Dividends Paid": {"2020-12-31": "-158.70000", "2019-12-31": "-149.20000", "2018-12-31": "-130.10000", "2017-12-31": "-96.90000", "2016-12-31": "-84.20000", "2015-12-31": "-67.80000", "2014-12-31": "-54.40000", "2013-12-31": "-42.60000", "2012-12-31": "-33.20000", "2011-12-31": "-27.70000", "2010-12-31": "-24.70000", "2009-12-31": "-21.40000", "2008-12-31": "-19.00000", "2007-12-31": "-18.20000", "2006-12-31": "-20.10000", "2005-12-31": "-19.00000"}, "Financial Activities - Other": {"2020-12-31": "", "2019-12-31": "-1.50000", "2018-12-31": "-1.40000", "2017-12-31": "-2.60000", "2016-12-31": "5.70000", "2015-12-31": "6.40000", "2014-12-31": "", "2013-12-31": "", "2012-12-31": "", "2011-12-31": "", "2010-12-31": "4.00000", "2009-12-31": "", "2008-12-31": "", "2007-12-31": "", "2006-12-31": "", "2005-12-31": ""}, "Cash Flow From Financial Activities": {"2020-12-31": "-374.80000", "2019-12-31": "-375.80000", "2018-12-31": "-523.10000", "2017-12-31": "-152.10000", "2016-12-31": "-139.60000", "2015-12-31": "-161.40000", "2014-12-31": "-119.30000", "2013-12-31": "-157.60000", "2012-12-31": "-253.50000", "2011-12-31": "160.20000", "2010-12-31": "-15.70000", "2009-12-31": "-104.90000", "2008-12-31": "-67.00000", "2007-12-31": "-111.10000", "2006-12-31": "257.10000", "2005-12-31": "-117.90000"}, "Net Cash Flow": {"2020-12-31": "199.10000", "2019-12-31": "114.30000", "2018-12-31": "-86.90000", "2017-12-31": "16.20000", "2016-12-31": "6.80000", "2015-12-31": "4.20000", "2014-12-31": "-61.30000", "2013-12-31": "113.80000", "2012-12-31": "-196.50000", "2011-12-31": "344.50000", "2010-12-31": "42.60000", "2009-12-31": "41.00000", "2008-12-31": "-19.70000", "2007-12-31": "28.30000", "2006-12-31": "1.80000", "2005-12-31": "-1.10000"}, "Stock-Based Compensation": {"2020-12-31": "12.70000", "2019-12-31": "13.30000", "2018-12-31": "10.10000", "2017-12-31": "9.90000", "2016-12-31": "9.40000", "2015-12-31": "8.80000", "2014-12-31": "10.80000", "2013-12-31": "10.50000", "2012-12-31": "", "2011-12-31": "", "2010-12-31": "", "2009-12-31": "", "2008-12-31": "", "2007-12-31": "", "2006-12-31": "", "2005-12-31": ""}, "Common Stock Dividends Paid": {"2020-12-31": "-158.70000", "2019-12-31": "-149.20000", "2018-12-31": "-130.10000", "2017-12-31": "-96.90000", "2016-12-31": "-84.20000", "2015-12-31": "-67.80000", "2014-12-31": "-54.40000", "2013-12-31": "-42.60000", "2012-12-31": "-33.20000", "2011-12-31": "-27.70000", "2010-12-31": "-24.70000", "2009-12-31": "-21.40000", "2008-12-31": "-19.00000", "2007-12-31": "-18.20000", "2006-12-31": "-20.10000", "2005-12-31": "-19.00000"}}, "cash flow statement, quarterly": {"Net Income/Loss": {"2020-12-31": 120, "2020-09-30": 105.4, "2020-06-30": 67.8, "2020-03-31": "51.70000", "2019-12-31": 91.3, "2019-09-30": 87.3, "2019-06-30": 102.1, "2019-03-31": "89.30000", "2018-12-31": 126.3, "2018-09-30": 104.6, "2018-06-30": 114.5, "2018-03-31": "98.80000", "2017-12-31": 22.7, "2017-09-30": 93.7, "2017-06-30": 92.4, "2017-03-31": "87.70000", "2016-12-31": 82.7, "2016-09-30": 83.2, "2016-06-30": 87.1, "2016-03-31": "73.50000", "2015-12-31": 79.8, "2015-09-30": 73.6, "2015-06-30": 71.1, "2015-03-31": "58.40000", "2014-12-31": 53.2, "2014-09-30": 50.6, "2014-06-30": 57.3, "2014-03-31": "46.70000", "2013-12-31": 42.4, "2013-09-30": 46.2, "2013-06-30": 42.1, "2013-03-31": "39.00000", "2012-12-31": 39.3, "2012-09-30": 36.9, "2012-06-30": 35, "2012-03-31": "47.50000", "2011-12-31": 32.1, "2011-09-30": 182.3, "2011-06-30": 50.3, "2011-03-31": "41.00000", "2010-12-31": 32.1, "2010-09-30": 32, "2010-06-30": 16.6, "2010-03-31": "30.80000", "2009-12-31": 22.7, "2009-09-30": 34.6, "2009-06-30": 23.7, "2009-03-31": "8.60000", "2008-12-31": 4.5, "2008-09-30": 20.6, "2008-06-30": 30.3, "2008-03-31": "21.90000", "2007-12-31": 15.3, "2007-09-30": 24.7, "2007-06-30": 27, "2007-03-31": "19.50000", "2006-12-31": 19.2, "2006-09-30": 16.4, "2006-06-30": 25.1, "2006-03-31": "15.50000", "2005-12-31": 16, "2005-09-30": 9.7, "2005-06-30": 6.5, "2005-03-31": "14.30000"}, "Total Depreciation And Amortization - Cash Flow": {"2020-12-31": 19.3, "2020-09-30": 20.7, "2020-06-30": 19.9, "2020-03-31": "20.10000", "2019-12-31": 20.2, "2019-09-30": 19.7, "2019-06-30": 18.2, "2019-03-31": "20.20000", "2018-12-31": 18.7, "2018-09-30": 17.8, "2018-06-30": 17.5, "2018-03-31": "17.90000", "2017-12-31": 18.2, "2017-09-30": 17.6, "2017-06-30": 17.4, "2017-03-31": "16.90000", "2016-12-31": 16.4, "2016-09-30": 16.6, "2016-06-30": 15.9, "2016-03-31": "16.20000", "2015-12-31": 15.7, "2015-09-30": 15.7, "2015-06-30": 16, "2015-03-31": "15.60000", "2014-12-31": 15.4, "2014-09-30": 14.8, "2014-06-30": 14.8, "2014-03-31": "14.80000", "2013-12-31": 17.5, "2013-09-30": 14.2, "2013-06-30": 13.9, "2013-03-31": "14.10000", "2012-12-31": 14.2, "2012-09-30": 13.9, "2012-06-30": 13.1, "2012-03-31": "13.40000", "2011-12-31": 13.8, "2011-09-30": 11.4, "2011-06-30": 11, "2011-03-31": "10.80000", "2010-12-31": 11.5, "2010-09-30": 10, "2010-06-30": 9.2, "2010-03-31": "10.10000", "2009-12-31": -12.4, "2009-09-30": 17.2, "2009-06-30": 17.1, "2009-03-31": "16.40000", "2008-12-31": -14.5, "2008-09-30": 16.7, "2008-06-30": 16.7, "2008-03-31": "16.90000", "2007-12-31": 17.2, "2007-09-30": 16.2, "2007-06-30": 18.1, "2007-03-31": "16.10000", "2006-12-31": 16.6, "2006-09-30": 13.4, "2006-06-30": 18.5, "2006-03-31": "12.40000", "2005-12-31": 13.9, "2005-09-30": 12.9, "2005-06-30": 12.9, "2005-03-31": "13.10000"}, "Other Non-Cash Items": {"2020-12-31": 1.2, "2020-09-30": 1.1, "2020-06-30": 1.4, "2020-03-31": "9.00000", "2019-12-31": 1, "2019-09-30": 1.5, "2019-06-30": 2.1, "2019-03-31": "8.70000", "2018-12-31": 0.4, "2018-09-30": 1.8, "2018-06-30": 1.4, "2018-03-31": "6.50000", "2017-12-31": 83.2, "2017-09-30": 1.3, "2017-06-30": 1.3, "2017-03-31": "5.90000", "2016-12-31": 1.3, "2016-09-30": 1.2, "2016-06-30": 1.8, "2016-03-31": "5.10000", "2015-12-31": 2, "2015-09-30": 0.5, "2015-06-30": 0.8, "2015-03-31": "5.60000", "2014-12-31": 19.1, "2014-09-30": 6, "2014-06-30": 6, "2014-03-31": "6.50000", "2013-12-31": 16.7, "2013-09-30": 6.5, "2013-06-30": 6.7, "2013-03-31": "6.10000", "2012-12-31": 7, "2012-09-30": 3, "2012-06-30": -4, "2012-03-31": "-42.40000", "2011-12-31": 1.9, "2011-09-30": -194.2, "2011-06-30": -3.9, "2011-03-31": "-16.70000", "2010-12-31": 15, "2010-09-30": 7.9, "2010-06-30": 13.9, "2010-03-31": "-18.00000", "2009-12-31": 115.1, "2009-09-30": -3.8, "2009-06-30": -0.4, "2009-03-31": "0.90000", "2008-12-31": -10.9, "2008-09-30": 0, "2008-06-30": 0, "2008-03-31": "", "2007-12-31": -0.4, "2007-09-30": 0, "2007-06-30": 0, "2007-03-31": "", "2006-12-31": 0, "2006-09-30": 0, "2006-06-30": 0, "2006-03-31": "", "2005-12-31": 0, "2005-09-30": 0, "2005-06-30": 0, "2005-03-31": ""}, "Total Non-Cash Items": {"2020-12-31": 20.5, "2020-09-30": 21.8, "2020-06-30": 21.3, "2020-03-31": "29.10000", "2019-12-31": 21.2, "2019-09-30": 21.2, "2019-06-30": 20.3, "2019-03-31": "28.90000", "2018-12-31": 19.1, "2018-09-30": 19.6, "2018-06-30": 18.9, "2018-03-31": "24.40000", "2017-12-31": 101.4, "2017-09-30": 18.9, "2017-06-30": 18.7, "2017-03-31": "22.80000", "2016-12-31": 17.7, "2016-09-30": 17.8, "2016-06-30": 17.7, "2016-03-31": "21.30000", "2015-12-31": 17.7, "2015-09-30": 16.2, "2015-06-30": 16.8, "2015-03-31": "21.20000", "2014-12-31": 34.5, "2014-09-30": 20.8, "2014-06-30": 20.8, "2014-03-31": "21.30000", "2013-12-31": 34.2, "2013-09-30": 20.7, "2013-06-30": 20.6, "2013-03-31": "20.20000", "2012-12-31": 21.2, "2012-09-30": 16.9, "2012-06-30": 9.1, "2012-03-31": "-29.00000", "2011-12-31": 15.7, "2011-09-30": -182.8, "2011-06-30": 7.1, "2011-03-31": "-5.90000", "2010-12-31": 26.5, "2010-09-30": 17.9, "2010-06-30": 23.1, "2010-03-31": "-7.90000", "2009-12-31": 102.7, "2009-09-30": 13.4, "2009-06-30": 16.7, "2009-03-31": "17.30000", "2008-12-31": -25.4, "2008-09-30": 16.7, "2008-06-30": 16.7, "2008-03-31": "16.90000", "2007-12-31": 16.8, "2007-09-30": 16.2, "2007-06-30": 18.1, "2007-03-31": "16.10000", "2006-12-31": 16.6, "2006-09-30": 13.4, "2006-06-30": 18.5, "2006-03-31": "12.40000", "2005-12-31": 13.9, "2005-09-30": 12.9, "2005-06-30": 12.9, "2005-03-31": "13.10000"}, "Change In Accounts Receivable": {"2020-12-31": 0, "2020-09-30": 0, "2020-06-30": 0, "2020-03-31": "", "2019-12-31": 0, "2019-09-30": 0, "2019-06-30": 0, "2019-03-31": "", "2018-12-31": 0, "2018-09-30": 0, "2018-06-30": 0, "2018-03-31": "", "2017-12-31": 0, "2017-09-30": 0, "2017-06-30": 0, "2017-03-31": "", "2016-12-31": 0, "2016-09-30": 0, "2016-06-30": 0, "2016-03-31": "", "2015-12-31": 0, "2015-09-30": 0, "2015-06-30": 0, "2015-03-31": "", "2014-12-31": 0, "2014-09-30": 0, "2014-06-30": 0, "2014-03-31": "", "2013-12-31": 0, "2013-09-30": 0, "2013-06-30": 0, "2013-03-31": "", "2012-12-31": 0, "2012-09-30": 0, "2012-06-30": 0, "2012-03-31": "", "2011-12-31": 0, "2011-09-30": 0, "2011-06-30": 0, "2011-03-31": "", "2010-12-31": 0, "2010-09-30": 0, "2010-06-30": 0, "2010-03-31": "", "2009-12-31": 0, "2009-09-30": 0, "2009-06-30": 0, "2009-03-31": "", "2008-12-31": 34.9, "2008-09-30": 0, "2008-06-30": 0, "2008-03-31": "", "2007-12-31": 0, "2007-09-30": 0, "2007-06-30": 0, "2007-03-31": "", "2006-12-31": 0, "2006-09-30": 0, "2006-06-30": 0, "2006-03-31": "", "2005-12-31": 0, "2005-09-30": 0, "2005-06-30": 0, "2005-03-31": ""}, "Change In Inventories": {"2020-12-31": 0, "2020-09-30": 0, "2020-06-30": 0, "2020-03-31": "", "2019-12-31": 0, "2019-09-30": 0, "2019-06-30": 0, "2019-03-31": "", "2018-12-31": 0, "2018-09-30": 0, "2018-06-30": 0, "2018-03-31": "", "2017-12-31": 0, "2017-09-30": 0, "2017-06-30": 0, "2017-03-31": "", "2016-12-31": 0, "2016-09-30": 0, "2016-06-30": 0, "2016-03-31": "", "2015-12-31": 0, "2015-09-30": 0, "2015-06-30": 0, "2015-03-31": "", "2014-12-31": 0, "2014-09-30": 0, "2014-06-30": 0, "2014-03-31": "", "2013-12-31": 0, "2013-09-30": 0, "2013-06-30": 0, "2013-03-31": "", "2012-12-31": 0, "2012-09-30": 0, "2012-06-30": 0, "2012-03-31": "", "2011-12-31": 0, "2011-09-30": 0, "2011-06-30": 0, "2011-03-31": "", "2010-12-31": 0, "2010-09-30": 0, "2010-06-30": 0, "2010-03-31": "", "2009-12-31": 0, "2009-09-30": 0, "2009-06-30": 0, "2009-03-31": "", "2008-12-31": -5.3, "2008-09-30": 0, "2008-06-30": 0, "2008-03-31": "", "2007-12-31": 0, "2007-09-30": 0, "2007-06-30": 0, "2007-03-31": "", "2006-12-31": 0, "2006-09-30": 0, "2006-06-30": 0, "2006-03-31": "", "2005-12-31": 0, "2005-09-30": 0, "2005-06-30": 0, "2005-03-31": ""}, "Change In Accounts Payable": {"2020-12-31": 0, "2020-09-30": 0, "2020-06-30": 0, "2020-03-31": "", "2019-12-31": 0, "2019-09-30": 0, "2019-06-30": 0, "2019-03-31": "", "2018-12-31": 0, "2018-09-30": 0, "2018-06-30": 0, "2018-03-31": "", "2017-12-31": 0, "2017-09-30": 0, "2017-06-30": 0, "2017-03-31": "", "2016-12-31": 0, "2016-09-30": 0, "2016-06-30": 0, "2016-03-31": "", "2015-12-31": 0, "2015-09-30": 0, "2015-06-30": 0, "2015-03-31": "", "2014-12-31": 0, "2014-09-30": 0, "2014-06-30": 0, "2014-03-31": "", "2013-12-31": 0, "2013-09-30": 0, "2013-06-30": 0, "2013-03-31": "", "2012-12-31": 0, "2012-09-30": 0, "2012-06-30": 0, "2012-03-31": "", "2011-12-31": 0, "2011-09-30": 0, "2011-06-30": 0, "2011-03-31": "", "2010-12-31": 0, "2010-09-30": 0, "2010-06-30": 0, "2010-03-31": "", "2009-12-31": 0, "2009-09-30": 0, "2009-06-30": 0, "2009-03-31": "", "2008-12-31": -6.3, "2008-09-30": 0, "2008-06-30": 0, "2008-03-31": "", "2007-12-31": 0, "2007-09-30": 0, "2007-06-30": 0, "2007-03-31": "", "2006-12-31": 0, "2006-09-30": 0, "2006-06-30": 0, "2006-03-31": "", "2005-12-31": 0, "2005-09-30": 0, "2005-06-30": 0, "2005-03-31": ""}, "Change In Assets/Liabilities": {"2020-12-31": 91.2, "2020-09-30": 23.9, "2020-06-30": 36.1, "2020-03-31": "-26.70000", "2019-12-31": 63.7, "2019-09-30": 27.8, "2019-06-30": -0.3, "2019-03-31": "-96.60000", "2018-12-31": 14.3, "2018-09-30": -8.2, "2018-06-30": -3.4, "2018-03-31": "-80.00000", "2017-12-31": 52.1, "2017-09-30": -35.6, "2017-06-30": -26.4, "2017-03-31": "-122.00000", "2016-12-31": 82.6, "2016-09-30": 7.5, "2016-06-30": 23.8, "2016-03-31": "-68.30000", "2015-12-31": 17.1, "2015-09-30": 86.1, "2015-06-30": -26.3, "2015-03-31": "-80.00000", "2014-12-31": 12.5, "2014-09-30": 2.6, "2014-06-30": -0.1, "2014-03-31": "-56.20000", "2013-12-31": 15, "2013-09-30": 16.1, "2013-06-30": 9, "2013-03-31": "-25.90000", "2012-12-31": 9.6, "2012-09-30": 16.3, "2012-06-30": -37, "2012-03-31": "-22.00000", "2011-12-31": 80.3, "2011-09-30": 18.3, "2011-06-30": -92.4, "2011-03-31": "-87.30000", "2010-12-31": -2.7, "2010-09-30": -31.7, "2010-06-30": 25.4, "2010-03-31": "-37.30000", "2009-12-31": -46.8, "2009-09-30": 45.2, "2009-06-30": 47.5, "2009-03-31": "-22.70000", "2008-12-31": 28.4, "2008-09-30": 17.4, "2008-06-30": -11.8, "2008-03-31": "-53.70000", "2007-12-31": 58.5, "2007-09-30": 15.6, "2007-06-30": 10.2, "2007-03-31": "-52.60000", "2006-12-31": 29.3, "2006-09-30": 2.6, "2006-06-30": -7.6, "2006-03-31": "-32.60000", "2005-12-31": 18.9, "2005-09-30": 64.6, "2005-06-30": 18.9, "2005-03-31": "-15.00000"}, "Total Change In Assets/Liabilities": {"2020-12-31": 91.2, "2020-09-30": 23.9, "2020-06-30": 36.1, "2020-03-31": "-26.70000", "2019-12-31": 63.7, "2019-09-30": 27.8, "2019-06-30": -0.3, "2019-03-31": "-96.60000", "2018-12-31": 14.3, "2018-09-30": -8.2, "2018-06-30": -3.4, "2018-03-31": "-80.00000", "2017-12-31": 52.1, "2017-09-30": -35.6, "2017-06-30": -26.4, "2017-03-31": "-122.00000", "2016-12-31": 82.6, "2016-09-30": 7.5, "2016-06-30": 23.8, "2016-03-31": "-68.30000", "2015-12-31": 17.1, "2015-09-30": 86.1, "2015-06-30": -26.3, "2015-03-31": "-80.00000", "2014-12-31": 12.5, "2014-09-30": 2.6, "2014-06-30": -0.1, "2014-03-31": "-56.20000", "2013-12-31": 15, "2013-09-30": 16.1, "2013-06-30": 9, "2013-03-31": "-25.90000", "2012-12-31": 9.6, "2012-09-30": 16.3, "2012-06-30": -37, "2012-03-31": "-22.00000", "2011-12-31": 80.3, "2011-09-30": 18.3, "2011-06-30": -92.4, "2011-03-31": "-87.30000", "2010-12-31": -2.7, "2010-09-30": -31.7, "2010-06-30": 25.4, "2010-03-31": "-37.30000", "2009-12-31": -46.8, "2009-09-30": 45.2, "2009-06-30": 47.5, "2009-03-31": "-22.70000", "2008-12-31": 46.9, "2008-09-30": 17.4, "2008-06-30": -11.8, "2008-03-31": "-53.70000", "2007-12-31": 58.5, "2007-09-30": 15.6, "2007-06-30": 10.2, "2007-03-31": "-52.60000", "2006-12-31": 29.3, "2006-09-30": 2.6, "2006-06-30": -7.6, "2006-03-31": "-32.60000", "2005-12-31": 18.9, "2005-09-30": 64.6, "2005-06-30": 18.9, "2005-03-31": "-15.00000"}, "Cash Flow From Operating Activities": {"2020-12-31": 231.7, "2020-09-30": 151.1, "2020-06-30": 125.2, "2020-03-31": "54.10000", "2019-12-31": 176.2, "2019-09-30": 136.3, "2019-06-30": 122.1, "2019-03-31": "21.60000", "2018-12-31": 159.7, "2018-09-30": 116, "2018-06-30": 130, "2018-03-31": "43.20000", "2017-12-31": 176.2, "2017-09-30": 77, "2017-06-30": 84.7, "2017-03-31": "-11.50000", "2016-12-31": 183, "2016-09-30": 108.5, "2016-06-30": 128.6, "2016-03-31": "26.50000", "2015-12-31": 114.6, "2015-09-30": 175.9, "2015-06-30": 61.6, "2015-03-31": "-0.40000", "2014-12-31": 100.2, "2014-09-30": 74, "2014-06-30": 78, "2014-03-31": "11.80000", "2013-12-31": 91.6, "2013-09-30": 83, "2013-06-30": 71.7, "2013-03-31": "33.30000", "2012-12-31": 70.1, "2012-09-30": 70.1, "2012-06-30": 7.1, "2012-03-31": "-3.50000", "2011-12-31": 128.1, "2011-09-30": 17.8, "2011-06-30": -35, "2011-03-31": "-52.20000", "2010-12-31": 55.9, "2010-09-30": 18.2, "2010-06-30": 65.1, "2010-03-31": "-14.40000", "2009-12-31": 78.6, "2009-09-30": 93.2, "2009-06-30": 87.9, "2009-03-31": "3.20000", "2008-12-31": 26, "2008-09-30": 54.7, "2008-06-30": 35.2, "2008-03-31": "-14.90000", "2007-12-31": 90.6, "2007-09-30": 56.5, "2007-06-30": 55.3, "2007-03-31": "-17.00000", "2006-12-31": 65.1, "2006-09-30": 32.4, "2006-06-30": 36, "2006-03-31": "-4.70000", "2005-12-31": 48.8, "2005-09-30": 87.2, "2005-06-30": 38.3, "2005-03-31": "12.40000"}, "Net Change In Property, Plant, And Equipment": {"2020-12-31": -20.1, "2020-09-30": -11.9, "2020-06-30": -12, "2020-03-31": "-12.80000", "2019-12-31": -14.1, "2019-09-30": -13.8, "2019-06-30": -15.6, "2019-03-31": "-20.90000", "2018-12-31": -26.7, "2018-09-30": -19, "2018-06-30": -22.2, "2018-03-31": "-17.30000", "2017-12-31": -27.8, "2017-09-30": -30.1, "2017-06-30": -19.5, "2017-03-31": "-16.80000", "2016-12-31": -22, "2016-09-30": -21, "2016-06-30": -18.3, "2016-03-31": "-19.40000", "2015-12-31": -19.6, "2015-09-30": -22.1, "2015-06-30": -16.1, "2015-03-31": "-14.90000", "2014-12-31": -20.1, "2014-09-30": -15.2, "2014-06-30": -25.5, "2014-03-31": "-25.30000", "2013-12-31": -32, "2013-09-30": -27.5, "2013-06-30": -19.8, "2013-03-31": "-18.40000", "2012-12-31": -25.4, "2012-09-30": -14.2, "2012-06-30": -17.2, "2012-03-31": "-13.10000", "2011-12-31": -16.8, "2011-09-30": -12.4, "2011-06-30": -11.9, "2011-03-31": "-12.40000", "2010-12-31": -16.3, "2010-09-30": -21.1, "2010-06-30": -8.4, "2010-03-31": "-7.70000", "2009-12-31": -4.8, "2009-09-30": -16.3, "2009-06-30": -9.1, "2009-03-31": "-12.50000", "2008-12-31": 3.1, "2008-09-30": -18.9, "2008-06-30": -15.6, "2008-03-31": "-9.80000", "2007-12-31": -29.9, "2007-09-30": -13.2, "2007-06-30": -17.3, "2007-03-31": "-11.00000", "2006-12-31": -27.1, "2006-09-30": -16.3, "2006-06-30": -15.9, "2006-03-31": "-8.90000", "2005-12-31": -19.5, "2005-09-30": -14.7, "2005-06-30": -9, "2005-03-31": "-7.40000"}, "Net Change In Intangible Assets": {"2020-12-31": 0, "2020-09-30": 0, "2020-06-30": 0, "2020-03-31": "", "2019-12-31": 0, "2019-09-30": 0, "2019-06-30": 0, "2019-03-31": "", "2018-12-31": 0, "2018-09-30": 0, "2018-06-30": 0, "2018-03-31": "", "2017-12-31": 0, "2017-09-30": 0, "2017-06-30": 0, "2017-03-31": "", "2016-12-31": 0, "2016-09-30": 0, "2016-06-30": 0, "2016-03-31": "", "2015-12-31": 0, "2015-09-30": 0, "2015-06-30": 0, "2015-03-31": "", "2014-12-31": 0, "2014-09-30": 0, "2014-06-30": 0, "2014-03-31": "", "2013-12-31": 0, "2013-09-30": 0, "2013-06-30": 0, "2013-03-31": "", "2012-12-31": 0, "2012-09-30": 0, "2012-06-30": 0, "2012-03-31": "", "2011-12-31": 0, "2011-09-30": 0, "2011-06-30": 0, "2011-03-31": "", "2010-12-31": 0, "2010-09-30": 0, "2010-06-30": 0, "2010-03-31": "", "2009-12-31": 0, "2009-09-30": 0, "2009-06-30": 0, "2009-03-31": "", "2008-12-31": 0, "2008-09-30": 0, "2008-06-30": 0, "2008-03-31": "", "2007-12-31": 0, "2007-09-30": 0, "2007-06-30": 0, "2007-03-31": "", "2006-12-31": 0, "2006-09-30": 0, "2006-06-30": 0, "2006-03-31": "", "2005-12-31": 0, "2005-09-30": 0, "2005-06-30": 0, "2005-03-31": ""}, "Net Acquisitions/Divestitures": {"2020-12-31": 0, "2020-09-30": 0, "2020-06-30": 0, "2020-03-31": "", "2019-12-31": 0, "2019-09-30": 0, "2019-06-30": -107, "2019-03-31": "", "2018-12-31": 0, "2018-09-30": 0, "2018-06-30": 0, "2018-03-31": "", "2017-12-31": 0, "2017-09-30": -43.1, "2017-06-30": 0, "2017-03-31": "", "2016-12-31": -0.3, "2016-09-30": -90.5, "2016-06-30": 0, "2016-03-31": "", "2015-12-31": 0, "2015-09-30": 0, "2015-06-30": 0, "2015-03-31": "", "2014-12-31": 0, "2014-09-30": 0, "2014-06-30": 0, "2014-03-31": "", "2013-12-31": 0, "2013-09-30": 0, "2013-06-30": -0.4, "2013-03-31": "-3.60000", "2012-12-31": -13.5, "2012-09-30": 0, "2012-06-30": 0, "2012-03-31": "", "2011-12-31": -3, "2011-09-30": -418.1, "2011-06-30": 0, "2011-03-31": "", "2010-12-31": -6.2, "2010-09-30": 0.2, "2010-06-30": -5.8, "2010-03-31": "", "2009-12-31": -71, "2009-09-30": 0, "2009-06-30": -0.5, "2009-03-31": "-7.00000", "2008-12-31": 0, "2008-09-30": 0, "2008-06-30": 0, "2008-03-31": "", "2007-12-31": 0, "2007-09-30": 0, "2007-06-30": 0, "2007-03-31": "", "2006-12-31": 1.6, "2006-09-30": -13.3, "2006-06-30": -327.6, "2006-03-31": "-1.40000", "2005-12-31": -14.8, "2005-09-30": 0, "2005-06-30": 0, "2005-03-31": ""}, "Net Change In Short-term Investments": {"2020-12-31": 19.5, "2020-09-30": 0.1, "2020-06-30": 9.8, "2020-03-31": "39.20000", "2019-12-31": 123.8, "2019-09-30": -10, "2019-06-30": -7.2, "2019-03-31": "98.70000", "2018-12-31": -0.4, "2018-09-30": -0.7, "2018-06-30": 21.4, "2018-03-31": "52.20000", "2017-12-31": -18.8, "2017-09-30": -2.1, "2017-06-30": 1.2, "2017-03-31": "-1.10000", "2016-12-31": -31.4, "2016-09-30": -31.4, "2016-06-30": -54.8, "2016-03-31": "-11.10000", "2015-12-31": -5, "2015-09-30": -26.8, "2015-06-30": -13.7, "2015-03-31": "-67.90000", "2014-12-31": -100.5, "2014-09-30": -19.5, "2014-06-30": 0.2, "2014-03-31": "-0.10000", "2013-12-31": 157.3, "2013-09-30": -162.2, "2013-06-30": 130.1, "2013-03-31": "-31.70000", "2012-12-31": 6.6, "2012-09-30": -22.5, "2012-06-30": -49.5, "2012-03-31": "62.00000", "2011-12-31": 0, "2011-09-30": 0, "2011-06-30": 0, "2011-03-31": "0.00000", "2010-12-31": 0, "2010-09-30": 0, "2010-06-30": 4.6, "2010-03-31": "", "2009-12-31": -8.9, "2009-09-30": 0, "2009-06-30": 1.4, "2009-03-31": "7.50000", "2008-12-31": -12, "2008-09-30": 0, "2008-06-30": 12, "2008-03-31": "", "2007-12-31": 0, "2007-09-30": 0, "2007-06-30": 0, "2007-03-31": "", "2006-12-31": 0, "2006-09-30": 0, "2006-06-30": 0, "2006-03-31": "", "2005-12-31": 0, "2005-09-30": 0, "2005-06-30": 0, "2005-03-31": ""}, "Net Change In Long-Term Investments": {"2020-12-31": 0, "2020-09-30": 0, "2020-06-30": 0, "2020-03-31": "", "2019-12-31": 0, "2019-09-30": 0, "2019-06-30": 0, "2019-03-31": "", "2018-12-31": 0, "2018-09-30": 0, "2018-06-30": 0, "2018-03-31": "", "2017-12-31": 0, "2017-09-30": 0, "2017-06-30": 0, "2017-03-31": "", "2016-12-31": 0, "2016-09-30": 0, "2016-06-30": 0, "2016-03-31": "", "2015-12-31": 0, "2015-09-30": 0, "2015-06-30": 0, "2015-03-31": "", "2014-12-31": 0, "2014-09-30": 0, "2014-06-30": 0, "2014-03-31": "", "2013-12-31": -158.4, "2013-09-30": 158.4, "2013-06-30": -83, "2013-03-31": "83.00000", "2012-12-31": 0, "2012-09-30": 0, "2012-06-30": 0, "2012-03-31": "", "2011-12-31": 0, "2011-09-30": 0, "2011-06-30": 0, "2011-03-31": "", "2010-12-31": 0, "2010-09-30": 0, "2010-06-30": 0, "2010-03-31": "", "2009-12-31": 8.9, "2009-09-30": 0, "2009-06-30": 0, "2009-03-31": "", "2008-12-31": 12, "2008-09-30": 0, "2008-06-30": 0, "2008-03-31": "", "2007-12-31": 0, "2007-09-30": 0, "2007-06-30": 0, "2007-03-31": "", "2006-12-31": -0.1, "2006-09-30": 0, "2006-06-30": 12.3, "2006-03-31": "", "2005-12-31": 0, "2005-09-30": 0, "2005-06-30": 0, "2005-03-31": ""}, "Net Change In Investments - Total": {"2020-12-31": 19.5, "2020-09-30": 0.1, "2020-06-30": 9.8, "2020-03-31": "39.20000", "2019-12-31": 123.8, "2019-09-30": -10, "2019-06-30": -7.2, "2019-03-31": "98.70000", "2018-12-31": -0.4, "2018-09-30": -0.7, "2018-06-30": 21.4, "2018-03-31": "52.20000", "2017-12-31": -18.8, "2017-09-30": -2.1, "2017-06-30": 1.2, "2017-03-31": "-1.10000", "2016-12-31": -31.4, "2016-09-30": -31.4, "2016-06-30": -54.8, "2016-03-31": "-11.10000", "2015-12-31": -5, "2015-09-30": -26.8, "2015-06-30": -13.7, "2015-03-31": "-67.90000", "2014-12-31": -100.5, "2014-09-30": -19.5, "2014-06-30": 0.2, "2014-03-31": "-0.10000", "2013-12-31": -1.1, "2013-09-30": -3.8, "2013-06-30": 47.1, "2013-03-31": "51.30000", "2012-12-31": 6.6, "2012-09-30": -22.5, "2012-06-30": -49.5, "2012-03-31": "62.00000", "2011-12-31": 0, "2011-09-30": 0, "2011-06-30": 0, "2011-03-31": "", "2010-12-31": 0, "2010-09-30": 0, "2010-06-30": 4.6, "2010-03-31": "", "2009-12-31": 0, "2009-09-30": 0, "2009-06-30": 1.4, "2009-03-31": "7.50000", "2008-12-31": 0, "2008-09-30": 0, "2008-06-30": 12, "2008-03-31": "", "2007-12-31": 0, "2007-09-30": 0, "2007-06-30": 0, "2007-03-31": "", "2006-12-31": -0.1, "2006-09-30": 0, "2006-06-30": 12.3, "2006-03-31": "", "2005-12-31": 0, "2005-09-30": 0, "2005-06-30": 0, "2005-03-31": ""}, "Investing Activities - Other": {"2020-12-31": 0, "2020-09-30": 0, "2020-06-30": 0, "2020-03-31": "", "2019-12-31": 0, "2019-09-30": 0, "2019-06-30": 0, "2019-03-31": "", "2018-12-31": 0, "2018-09-30": 0, "2018-06-30": 0, "2018-03-31": "", "2017-12-31": 0, "2017-09-30": 0, "2017-06-30": 0, "2017-03-31": "", "2016-12-31": 0, "2016-09-30": 0, "2016-06-30": 0, "2016-03-31": "", "2015-12-31": 0, "2015-09-30": 0, "2015-06-30": 0, "2015-03-31": "", "2014-12-31": 0, "2014-09-30": 0, "2014-06-30": 0, "2014-03-31": "", "2013-12-31": 0, "2013-09-30": 0, "2013-06-30": 0, "2013-03-31": "", "2012-12-31": 0, "2012-09-30": 0, "2012-06-30": 0, "2012-03-31": "", "2011-12-31": -127.6, "2011-09-30": 729.5, "2011-06-30": 1.4, "2011-03-31": "-3.10000", "2010-12-31": 0.5, "2010-09-30": -6.3, "2010-06-30": 2.6, "2010-03-31": "-2.60000", "2009-12-31": -14.3, "2009-09-30": 7.1, "2009-06-30": 0.5, "2009-03-31": "2.00000", "2008-12-31": -24.5, "2008-09-30": 0, "2008-06-30": 0, "2008-03-31": "", "2007-12-31": 11.6, "2007-09-30": 0, "2007-06-30": 0, "2007-03-31": "", "2006-12-31": 0, "2006-09-30": 0, "2006-06-30": 0, "2006-03-31": "", "2005-12-31": -4.5, "2005-09-30": 0, "2005-06-30": 0, "2005-03-31": ""}, "Cash Flow From Investing Activities": {"2020-12-31": -0.6, "2020-09-30": -11.8, "2020-06-30": -2.2, "2020-03-31": "26.40000", "2019-12-31": 109.7, "2019-09-30": -23.8, "2019-06-30": -129.8, "2019-03-31": "77.80000", "2018-12-31": -27.1, "2018-09-30": -19.7, "2018-06-30": -0.8, "2018-03-31": "34.90000", "2017-12-31": -46.6, "2017-09-30": -75.3, "2017-06-30": -18.3, "2017-03-31": "-17.90000", "2016-12-31": -53.7, "2016-09-30": -142.9, "2016-06-30": -73.1, "2016-03-31": "-30.50000", "2015-12-31": -24.6, "2015-09-30": -48.9, "2015-06-30": -29.8, "2015-03-31": "-82.80000", "2014-12-31": -120.6, "2014-09-30": -34.7, "2014-06-30": -25.3, "2014-03-31": "-25.40000", "2013-12-31": -33.1, "2013-09-30": -31.3, "2013-06-30": 26.9, "2013-03-31": "29.30000", "2012-12-31": -32.3, "2012-09-30": -36.7, "2012-06-30": -66.7, "2012-03-31": "48.90000", "2011-12-31": -147.4, "2011-09-30": 299, "2011-06-30": -10.5, "2011-03-31": "-15.50000", "2010-12-31": -22, "2010-09-30": -27.2, "2010-06-30": -7, "2010-03-31": "-10.30000", "2009-12-31": -90.1, "2009-09-30": -9.2, "2009-06-30": -7.7, "2009-03-31": "-10.00000", "2008-12-31": -21.4, "2008-09-30": -18.9, "2008-06-30": -3.6, "2008-03-31": "-9.80000", "2007-12-31": -18.3, "2007-09-30": -13.2, "2007-06-30": -17.3, "2007-03-31": "-11.00000", "2006-12-31": -25.6, "2006-09-30": -29.6, "2006-06-30": -331.2, "2006-03-31": "-10.30000", "2005-12-31": -38.8, "2005-09-30": -14.7, "2005-06-30": -9, "2005-03-31": "-7.40000"}, "Net Long-Term Debt": {"2020-12-31": -0.7, "2020-09-30": -167.2, "2020-06-30": -61.4, "2020-03-31": "58.50000", "2019-12-31": -35.3, "2019-09-30": -39.4, "2019-06-30": 74.3, "2019-03-31": "63.00000", "2018-12-31": 28.1, "2018-09-30": -217.1, "2018-06-30": 117.3, "2018-03-31": "-117.30000", "2017-12-31": -39.3, "2017-09-30": 74.5, "2017-06-30": 5.6, "2017-03-31": "45.70000", "2016-12-31": -12.4, "2016-09-30": 54.4, "2016-06-30": -5.3, "2016-03-31": "37.40000", "2015-12-31": -11.2, "2015-09-30": -17.9, "2015-06-30": -24.7, "2015-03-31": "81.90000", "2014-12-31": -30.1, "2014-09-30": 5.8, "2014-06-30": 22.3, "2014-03-31": "36.20000", "2013-12-31": -35, "2013-09-30": 17.9, "2013-06-30": -18.9, "2013-03-31": "-15.50000", "2012-12-31": -35.7, "2012-09-30": -6, "2012-06-30": -34, "2012-03-31": "-143.10000", "2011-12-31": 65.9, "2011-09-30": 21.7, "2011-06-30": 35.4, "2011-03-31": "77.20000", "2010-12-31": -17.2, "2010-09-30": 22.2, "2010-06-30": 0, "2010-03-31": "", "2009-12-31": 20.4, "2009-09-30": -65.9, "2009-06-30": -65.7, "2009-03-31": "20.10000", "2008-12-31": -7.6, "2008-09-30": -30.9, "2008-06-30": -51.1, "2008-03-31": "39.50000", "2007-12-31": -33.6, "2007-09-30": -34.1, "2007-06-30": -21.1, "2007-03-31": "25.80000", "2006-12-31": -54.8, "2006-09-30": -13.2, "2006-06-30": 307.8, "2006-03-31": "29.10000", "2005-12-31": -39, "2005-09-30": -28.6, "2005-06-30": -28.9, "2005-03-31": "-15.30000"}, "Net Current Debt": {"2020-12-31": 0, "2020-09-30": 0, "2020-06-30": 0, "2020-03-31": "", "2019-12-31": 0, "2019-09-30": 0, "2019-06-30": 0, "2019-03-31": "", "2018-12-31": 0, "2018-09-30": 162.3, "2018-06-30": -162.3, "2018-03-31": "", "2017-12-31": 0, "2017-09-30": 0, "2017-06-30": 0, "2017-03-31": "", "2016-12-31": 0, "2016-09-30": 0, "2016-06-30": 0, "2016-03-31": "", "2015-12-31": 0, "2015-09-30": 0, "2015-06-30": 0, "2015-03-31": "", "2014-12-31": 0, "2014-09-30": 0, "2014-06-30": 0, "2014-03-31": "", "2013-12-31": 0, "2013-09-30": 0, "2013-06-30": 0, "2013-03-31": "", "2012-12-31": 0, "2012-09-30": 0, "2012-06-30": 0, "2012-03-31": "", "2011-12-31": 0, "2011-09-30": 0, "2011-06-30": 0, "2011-03-31": "", "2010-12-31": 0, "2010-09-30": 7.9, "2010-06-30": -39.4, "2010-03-31": "31.50000", "2009-12-31": 0, "2009-09-30": 0, "2009-06-30": 0, "2009-03-31": "", "2008-12-31": 0, "2008-09-30": 0, "2008-06-30": 0, "2008-03-31": "", "2007-12-31": -4.7, "2007-09-30": 0, "2007-06-30": 0, "2007-03-31": "", "2006-12-31": 0, "2006-09-30": 0, "2006-06-30": 0, "2006-03-31": "", "2005-12-31": 0, "2005-09-30": 0, "2005-06-30": 0, "2005-03-31": ""}, "Debt Issuance/Retirement Net - Total": {"2020-12-31": -0.7, "2020-09-30": -167.2, "2020-06-30": -61.4, "2020-03-31": "58.50000", "2019-12-31": -35.3, "2019-09-30": -39.4, "2019-06-30": 74.3, "2019-03-31": "63.00000", "2018-12-31": 28.1, "2018-09-30": -54.8, "2018-06-30": -45, "2018-03-31": "-117.30000", "2017-12-31": -39.3, "2017-09-30": 74.5, "2017-06-30": 5.6, "2017-03-31": "45.70000", "2016-12-31": -12.4, "2016-09-30": 54.4, "2016-06-30": -5.3, "2016-03-31": "37.40000", "2015-12-31": -11.2, "2015-09-30": -17.9, "2015-06-30": -24.7, "2015-03-31": "81.90000", "2014-12-31": -30.1, "2014-09-30": 5.8, "2014-06-30": 22.3, "2014-03-31": "36.20000", "2013-12-31": -35, "2013-09-30": 17.9, "2013-06-30": -18.9, "2013-03-31": "-15.50000", "2012-12-31": -35.7, "2012-09-30": -6, "2012-06-30": -34, "2012-03-31": "-143.10000", "2011-12-31": 65.9, "2011-09-30": 21.7, "2011-06-30": 35.4, "2011-03-31": "77.20000", "2010-12-31": -17.2, "2010-09-30": 30.1, "2010-06-30": -39.4, "2010-03-31": "31.50000", "2009-12-31": 20.4, "2009-09-30": -65.9, "2009-06-30": -65.7, "2009-03-31": "20.10000", "2008-12-31": -7.6, "2008-09-30": -30.9, "2008-06-30": -51.1, "2008-03-31": "39.50000", "2007-12-31": -38.3, "2007-09-30": -34.1, "2007-06-30": -21.1, "2007-03-31": "25.80000", "2006-12-31": -54.8, "2006-09-30": -13.2, "2006-06-30": 307.8, "2006-03-31": "29.10000", "2005-12-31": -39, "2005-09-30": -28.6, "2005-06-30": -28.9, "2005-03-31": "-15.30000"}, "Net Common Equity Issued/Repurchased": {"2020-12-31": 11.4, "2020-09-30": 0, "2020-06-30": 1.2, "2020-03-31": "-57.90000", "2019-12-31": -57.7, "2019-09-30": -97.4, "2019-06-30": -85.4, "2019-03-31": "-47.20000", "2018-12-31": -96.6, "2018-09-30": -36.2, "2018-06-30": -35.3, "2018-03-31": "-34.50000", "2017-12-31": -35.8, "2017-09-30": -37.1, "2017-06-30": -36.1, "2017-03-31": "-30.10000", "2016-12-31": -40.5, "2016-09-30": -17.1, "2016-06-30": -47.3, "2016-03-31": "-30.30000", "2015-12-31": -27.6, "2015-09-30": -57.4, "2015-06-30": -22.4, "2015-03-31": "-20.70000", "2014-12-31": -17.2, "2014-09-30": -24.7, "2014-06-30": -37.5, "2014-03-31": "-19.70000", "2013-12-31": -5.9, "2013-09-30": -50.5, "2013-06-30": -9.4, "2013-03-31": "2.30000", "2012-12-31": -5.6, "2012-09-30": 1.8, "2012-06-30": 2.3, "2012-03-31": "", "2011-12-31": -16.4, "2011-09-30": 1.3, "2011-06-30": 0.6, "2011-03-31": "2.20000", "2010-12-31": -4.5, "2010-09-30": 0.4, "2010-06-30": 1.5, "2010-03-31": "2.60000", "2009-12-31": 4.1, "2009-09-30": 3.5, "2009-06-30": 0, "2009-03-31": "", "2008-12-31": 1.2, "2008-09-30": 0.9, "2008-06-30": 0, "2008-03-31": "", "2007-12-31": -27.7, "2007-09-30": 2.5, "2007-06-30": -2.7, "2007-03-31": "2.70000", "2006-12-31": 1, "2006-09-30": 0.9, "2006-06-30": 6.4, "2006-03-31": "", "2005-12-31": 5.2, "2005-09-30": 1.6, "2005-06-30": 6.1, "2005-03-31": ""}, "Net Total Equity Issued/Repurchased": {"2020-12-31": 11.4, "2020-09-30": 0, "2020-06-30": 1.2, "2020-03-31": "-57.90000", "2019-12-31": -57.7, "2019-09-30": -97.4, "2019-06-30": -85.4, "2019-03-31": "-47.20000", "2018-12-31": -96.6, "2018-09-30": -36.2, "2018-06-30": -35.3, "2018-03-31": "-34.50000", "2017-12-31": -35.8, "2017-09-30": -37.1, "2017-06-30": -36.1, "2017-03-31": "-30.10000", "2016-12-31": -40.5, "2016-09-30": -17.1, "2016-06-30": -47.3, "2016-03-31": "-30.30000", "2015-12-31": -27.6, "2015-09-30": -57.4, "2015-06-30": -22.4, "2015-03-31": "-20.70000", "2014-12-31": -17.2, "2014-09-30": -24.7, "2014-06-30": -37.5, "2014-03-31": "-19.70000", "2013-12-31": -5.9, "2013-09-30": -50.5, "2013-06-30": -9.4, "2013-03-31": "2.30000", "2012-12-31": -5.6, "2012-09-30": 1.8, "2012-06-30": 2.3, "2012-03-31": "", "2011-12-31": -16.4, "2011-09-30": 1.3, "2011-06-30": 0.6, "2011-03-31": "2.20000", "2010-12-31": -4.5, "2010-09-30": 0.4, "2010-06-30": 1.5, "2010-03-31": "2.60000", "2009-12-31": 4.1, "2009-09-30": 3.5, "2009-06-30": 0, "2009-03-31": "", "2008-12-31": 1.2, "2008-09-30": 0.9, "2008-06-30": 0, "2008-03-31": "", "2007-12-31": -27.7, "2007-09-30": 2.5, "2007-06-30": -2.7, "2007-03-31": "2.70000", "2006-12-31": 1, "2006-09-30": 0.9, "2006-06-30": 6.4, "2006-03-31": "", "2005-12-31": 5.2, "2005-09-30": 1.6, "2005-06-30": 6.1, "2005-03-31": ""}, "Total Common And Preferred Stock Dividends Paid": {"2020-12-31": -42.2, "2020-09-30": -38.7, "2020-06-30": -38.8, "2020-03-31": "-39.00000", "2019-12-31": -39.2, "2019-09-30": -36, "2019-06-30": -36.9, "2019-03-31": "-37.10000", "2018-12-31": -37.6, "2018-09-30": -30.7, "2018-06-30": -30.8, "2018-03-31": "-31.00000", "2017-12-31": -24.1, "2017-09-30": -24.2, "2017-06-30": -24.2, "2017-03-31": "-24.40000", "2016-12-31": -21, "2016-09-30": -21, "2016-06-30": -21, "2016-03-31": "-21.20000", "2015-12-31": -16.9, "2015-09-30": -16.9, "2015-06-30": -16.9, "2015-03-31": "-17.10000", "2014-12-31": -13.4, "2014-09-30": -13.6, "2014-06-30": -13.6, "2014-03-31": "-13.80000", "2013-12-31": -11, "2013-09-30": -11.1, "2013-06-30": -11.1, "2013-03-31": "-9.40000", "2012-12-31": -9.2, "2012-09-30": -9.2, "2012-06-30": -7.5, "2012-03-31": "-7.30000", "2011-12-31": -7.4, "2011-09-30": -7.4, "2011-06-30": -6.5, "2011-03-31": "-6.40000", "2010-12-31": -6.4, "2010-09-30": -6.4, "2010-06-30": -6, "2010-03-31": "-5.90000", "2009-12-31": -5.9, "2009-09-30": -5.9, "2009-06-30": -5.7, "2009-03-31": "-3.90000", "2008-12-31": -4.8, "2008-09-30": -5, "2008-06-30": -3.8, "2008-03-31": "-5.40000", "2007-12-31": -2.3, "2007-09-30": -5.5, "2007-06-30": -5.2, "2007-03-31": "-5.20000", "2006-12-31": -5.2, "2006-09-30": -5.2, "2006-06-30": -4.8, "2006-03-31": "-4.90000", "2005-12-31": -4.8, "2005-09-30": -4.8, "2005-06-30": -4.7, "2005-03-31": "-4.70000"}, "Financial Activities - Other": {"2020-12-31": -4.4, "2020-09-30": 1.8, "2020-06-30": 2.6, "2020-03-31": "", "2019-12-31": 0.9, "2019-09-30": -1.9, "2019-06-30": -0.5, "2019-03-31": "", "2018-12-31": 0.2, "2018-09-30": -1.6, "2018-06-30": 0, "2018-03-31": "", "2017-12-31": -5.7, "2017-09-30": 0.4, "2017-06-30": 1.5, "2017-03-31": "1.20000", "2016-12-31": 5.7, "2016-09-30": 0, "2016-06-30": 0, "2016-03-31": "", "2015-12-31": 6.4, "2015-09-30": 0, "2015-06-30": -3.8, "2015-03-31": "3.80000", "2014-12-31": 0, "2014-09-30": 0, "2014-06-30": 0, "2014-03-31": "", "2013-12-31": 0, "2013-09-30": 0, "2013-06-30": 0, "2013-03-31": "", "2012-12-31": 0, "2012-09-30": 0, "2012-06-30": -8.8, "2012-03-31": "8.80000", "2011-12-31": 0, "2011-09-30": 0, "2011-06-30": 0, "2011-03-31": "", "2010-12-31": 4, "2010-09-30": 0, "2010-06-30": 0, "2010-03-31": "", "2009-12-31": 0, "2009-09-30": 0, "2009-06-30": 0, "2009-03-31": "", "2008-12-31": 0, "2008-09-30": 0, "2008-06-30": 0, "2008-03-31": "", "2007-12-31": 0, "2007-09-30": 0, "2007-06-30": 0, "2007-03-31": "", "2006-12-31": 0, "2006-09-30": 0, "2006-06-30": -4.1, "2006-03-31": "4.10000", "2005-12-31": 0, "2005-09-30": 0, "2005-06-30": 0, "2005-03-31": ""}, "Cash Flow From Financial Activities": {"2020-12-31": -35.9, "2020-09-30": -204.1, "2020-06-30": -96.4, "2020-03-31": "-38.40000", "2019-12-31": -131.3, "2019-09-30": -174.7, "2019-06-30": -48.5, "2019-03-31": "-21.30000", "2018-12-31": -105.9, "2018-09-30": -123.3, "2018-06-30": -111.1, "2018-03-31": "-182.80000", "2017-12-31": -104.9, "2017-09-30": 13.6, "2017-06-30": -53.2, "2017-03-31": "-7.60000", "2016-12-31": -68.2, "2016-09-30": 16.3, "2016-06-30": -73.6, "2016-03-31": "-14.10000", "2015-12-31": -49.3, "2015-09-30": -92.2, "2015-06-30": -67.8, "2015-03-31": "47.90000", "2014-12-31": -60.7, "2014-09-30": -32.5, "2014-06-30": -28.8, "2014-03-31": "2.70000", "2013-12-31": -51.9, "2013-09-30": -43.7, "2013-06-30": -39.4, "2013-03-31": "-22.60000", "2012-12-31": -50.5, "2012-09-30": -13.4, "2012-06-30": -48, "2012-03-31": "-141.60000", "2011-12-31": 42.1, "2011-09-30": 15.6, "2011-06-30": 29.5, "2011-03-31": "73.00000", "2010-12-31": -24.1, "2010-09-30": 24.1, "2010-06-30": -43.9, "2010-03-31": "28.20000", "2009-12-31": 18.6, "2009-09-30": -68.3, "2009-06-30": -71.4, "2009-03-31": "16.20000", "2008-12-31": -11.2, "2008-09-30": -35, "2008-06-30": -54.9, "2008-03-31": "34.10000", "2007-12-31": -68.3, "2007-09-30": -37.1, "2007-06-30": -29, "2007-03-31": "23.30000", "2006-12-31": -59, "2006-09-30": -17.5, "2006-06-30": 305.3, "2006-03-31": "28.30000", "2005-12-31": -38.6, "2005-09-30": -31.8, "2005-06-30": -27.5, "2005-03-31": "-20.00000"}, "Net Cash Flow": {"2020-12-31": 195.2, "2020-09-30": -64.8, "2020-06-30": 26.6, "2020-03-31": "42.10000", "2019-12-31": 154.6, "2019-09-30": -62.2, "2019-06-30": -56.2, "2019-03-31": "78.10000", "2018-12-31": 26.7, "2018-09-30": -27, "2018-06-30": 18.1, "2018-03-31": "-104.70000", "2017-12-31": 24.7, "2017-09-30": 15.3, "2017-06-30": 13.2, "2017-03-31": "-37.00000", "2016-12-31": 61.1, "2016-09-30": -18.1, "2016-06-30": -18.1, "2016-03-31": "-18.10000", "2015-12-31": 40.7, "2015-09-30": 34.8, "2015-06-30": -36, "2015-03-31": "-35.30000", "2014-12-31": -81.1, "2014-09-30": 6.8, "2014-06-30": 23.9, "2014-03-31": "-10.90000", "2013-12-31": 6.6, "2013-09-30": 8, "2013-06-30": 59.2, "2013-03-31": "40.00000", "2012-12-31": -12.7, "2012-09-30": 20, "2012-06-30": -107.6, "2012-03-31": "-96.20000", "2011-12-31": 22.8, "2011-09-30": 332.4, "2011-06-30": -16, "2011-03-31": "5.30000", "2010-12-31": 9.8, "2010-09-30": 15.1, "2010-06-30": 14.2, "2010-03-31": "3.50000", "2009-12-31": 7.1, "2009-09-30": 15.7, "2009-06-30": 8.8, "2009-03-31": "9.40000", "2008-12-31": -6.3, "2008-09-30": 0.9, "2008-06-30": -23.7, "2008-03-31": "9.40000", "2007-12-31": 17.8, "2007-09-30": 6.2, "2007-06-30": 9, "2007-03-31": "-4.70000", "2006-12-31": -6.6, "2006-09-30": -12.9, "2006-06-30": 8, "2006-03-31": "13.30000", "2005-12-31": -28.6, "2005-09-30": 40.7, "2005-06-30": 1.8, "2005-03-31": "-15.00000"}, "Stock-Based Compensation": {"2020-12-31": 1.2, "2020-09-30": 1.1, "2020-06-30": 1.4, "2020-03-31": "9.00000", "2019-12-31": 1, "2019-09-30": 1.5, "2019-06-30": 2.1, "2019-03-31": "8.70000", "2018-12-31": 0.4, "2018-09-30": 1.8, "2018-06-30": 1.4, "2018-03-31": "6.50000", "2017-12-31": 1.4, "2017-09-30": 1.3, "2017-06-30": 1.3, "2017-03-31": "5.90000", "2016-12-31": 1.3, "2016-09-30": 1.2, "2016-06-30": 1.8, "2016-03-31": "5.10000", "2015-12-31": 1, "2015-09-30": 1, "2015-06-30": 1.1, "2015-03-31": "5.70000", "2014-12-31": 10.8, "2014-09-30": 0, "2014-06-30": 0, "2014-03-31": "", "2013-12-31": 10.5, "2013-09-30": 0, "2013-06-30": 0, "2013-03-31": "", "2012-12-31": 0, "2012-09-30": 0, "2012-06-30": 0, "2012-03-31": "", "2011-12-31": 0, "2011-09-30": 0, "2011-06-30": 0, "2011-03-31": "", "2010-12-31": 0, "2010-09-30": 0, "2010-06-30": 0, "2010-03-31": "", "2009-12-31": 0, "2009-09-30": 0, "2009-06-30": 0, "2009-03-31": "", "2008-12-31": 0, "2008-09-30": 0, "2008-06-30": 0, "2008-03-31": "", "2007-12-31": 0, "2007-09-30": 0, "2007-06-30": 0, "2007-03-31": "", "2006-12-31": 0, "2006-09-30": 0, "2006-06-30": 0, "2006-03-31": "", "2005-12-31": 0, "2005-09-30": 0, "2005-06-30": 0, "2005-03-31": ""}, "Common Stock Dividends Paid": {"2020-12-31": -42.2, "2020-09-30": -38.7, "2020-06-30": -38.8, "2020-03-31": "-39.00000", "2019-12-31": -39.2, "2019-09-30": -36, "2019-06-30": -36.9, "2019-03-31": "-37.10000", "2018-12-31": -37.6, "2018-09-30": -30.7, "2018-06-30": -30.8, "2018-03-31": "-31.00000", "2017-12-31": -24.1, "2017-09-30": -24.2, "2017-06-30": -24.2, "2017-03-31": "-24.40000", "2016-12-31": -21, "2016-09-30": -21, "2016-06-30": -21, "2016-03-31": "-21.20000", "2015-12-31": -16.9, "2015-09-30": -16.9, "2015-06-30": -16.9, "2015-03-31": "-17.10000", "2014-12-31": -13.4, "2014-09-30": -13.6, "2014-06-30": -13.6, "2014-03-31": "-13.80000", "2013-12-31": -11, "2013-09-30": -11.1, "2013-06-30": -11.1, "2013-03-31": "-9.40000", "2012-12-31": -9.2, "2012-09-30": -9.2, "2012-06-30": -7.5, "2012-03-31": "-7.30000", "2011-12-31": -7.4, "2011-09-30": -7.4, "2011-06-30": -6.5, "2011-03-31": "-6.40000", "2010-12-31": -6.4, "2010-09-30": -6.4, "2010-06-30": -6, "2010-03-31": "-5.90000", "2009-12-31": -5.9, "2009-09-30": -5.9, "2009-06-30": -5.7, "2009-03-31": "-3.90000", "2008-12-31": -4.8, "2008-09-30": -5, "2008-06-30": -3.8, "2008-03-31": "-5.40000", "2007-12-31": -2.3, "2007-09-30": -5.5, "2007-06-30": -5.2, "2007-03-31": "-5.20000", "2006-12-31": -5.2, "2006-09-30": -5.2, "2006-06-30": -4.8, "2006-03-31": "-4.90000", "2005-12-31": -4.8, "2005-09-30": -4.8, "2005-06-30": -4.7, "2005-03-31": "-4.70000"}}, "financial ratios": {"Current Ratio": {"2019-12-31": "1.95750", "2018-12-31": "2.08650", "2017-12-31": "2.22590", "2016-12-31": "2.04020", "2015-12-31": "2.14830", "2014-12-31": "2.17940", "2013-12-31": "2.04030", "2012-12-31": "2.20150", "2011-12-31": "2.35940", "2010-12-31": "1.66920", "2009-12-31": "1.50620", "2008-12-31": "1.59870", "2007-12-31": "1.62420", "2006-12-31": "1.73790", "2005-12-31": "1.87260"}, "Long-term Debt / Capital": {"2019-12-31": "0.14260", "2018-12-31": "0.11420", "2017-12-31": "0.19670", "2016-12-31": "0.17270", "2015-12-31": "0.14070", "2014-12-31": "0.13200", "2013-12-31": "0.11800", "2012-12-31": "0.15860", "2011-12-31": "0.28980", "2010-12-31": "0.21570", "2009-12-31": "0.22710", "2008-12-31": "0.31950", "2007-12-31": "0.33370", "2006-12-31": "0.38690", "2005-12-31": "0.20950"}, "Debt/Equity Ratio": {"2019-12-31": "0.17040", "2018-12-31": "0.12890", "2017-12-31": "0.24950", "2016-12-31": "0.21360", "2015-12-31": "0.17260", "2014-12-31": "0.16200", "2013-12-31": "0.14440", "2012-12-31": "0.20410", "2011-12-31": "0.42510", "2010-12-31": "0.29610", "2009-12-31": "0.32060", "2008-12-31": "0.49540", "2007-12-31": "0.52150", "2006-12-31": "0.64130", "2005-12-31": "0.27620"}, "Gross Margin": {"2019-12-31": "39.45270", "2018-12-31": "40.95170", "2017-12-31": "41.12520", "2016-12-31": "41.48330", "2015-12-31": "39.81080", "2014-12-31": "36.47280", "2013-12-31": "35.92720", "2012-12-31": "33.62040", "2011-12-31": "29.96780", "2010-12-31": "29.94700", "2009-12-31": "28.72000", "2008-12-31": "25.77690", "2007-12-31": "22.20490", "2006-12-31": "21.46390", "2005-12-31": "20.83830"}, "Operating Margin": {"2019-12-31": "15.54120", "2018-12-31": "17.30610", "2017-12-31": "17.00540", "2016-12-31": "16.81750", "2015-12-31": "15.73430", "2014-12-31": "12.19020", "2013-12-31": "11.57490", "2012-12-31": "10.56050", "2011-12-31": "8.17310", "2010-12-31": "7.87620", "2009-12-31": "7.49820", "2008-12-31": "6.25650", "2007-12-31": "6.42270", "2006-12-31": "6.47300", "2005-12-31": "5.93180"}, "EBIT Margin": {"2019-12-31": "15.54120", "2018-12-31": "17.30610", "2017-12-31": "17.00540", "2016-12-31": "16.81750", "2015-12-31": "15.73430", "2014-12-31": "12.19020", "2013-12-31": "11.57490", "2012-12-31": "10.56050", "2011-12-31": "8.17310", "2010-12-31": "7.87620", "2009-12-31": "7.49820", "2008-12-31": "6.25650", "2007-12-31": "6.42270", "2006-12-31": "6.47300", "2005-12-31": "5.93180"}, "EBITDA Margin": {"2019-12-31": "18.15750", "2018-12-31": "19.56150", "2017-12-31": "19.34460", "2016-12-31": "19.24120", "2015-12-31": "18.21800", "2014-12-31": "14.72840", "2013-12-31": "14.34670", "2012-12-31": "13.37600", "2011-12-31": "10.92080", "2010-12-31": "10.61570", "2009-12-31": "10.28360", "2008-12-31": "8.72320", "2007-12-31": "9.34650", "2006-12-31": "9.29070", "2005-12-31": "9.05750"}, "Pre-Tax Profit Margin": {"2019-12-31": "15.77510", "2018-12-31": "17.49740", "2017-12-31": "17.37910", "2016-12-31": "17.21960", "2015-12-31": "15.86830", "2014-12-31": "12.16890", "2013-12-31": "10.97600", "2012-12-31": "12.05590", "2011-12-31": "9.44170", "2010-12-31": "4.99560", "2009-12-31": "6.67640", "2008-12-31": "5.17470", "2007-12-31": "4.21690", "2006-12-31": "4.84890", "2005-12-31": "4.06700"}, "Net Profit Margin": {"2019-12-31": "12.36340", "2018-12-31": "13.93390", "2017-12-31": "9.89420", "2016-12-31": "12.15610", "2015-12-31": "11.15320", "2014-12-31": "8.82000", "2013-12-31": "7.87910", "2012-12-31": "8.18340", "2011-12-31": "17.87200", "2010-12-31": "7.50020", "2009-12-31": "5.91270", "2008-12-31": "1.49520", "2007-12-31": "1.31480", "2006-12-31": "3.53950", "2005-12-31": "2.75280"}, "Asset Turnover": {"2019-12-31": "0.97860", "2018-12-31": "1.03790", "2017-12-31": "0.93720", "2016-12-31": "0.92910", "2015-12-31": "0.96470", "2014-12-31": "0.93670", "2013-12-31": "0.90060", "2012-12-31": "0.85100", "2011-12-31": "0.72820", "2010-12-31": "0.70560", "2009-12-31": "0.69640", "2008-12-31": "0.75250", "2007-12-31": "1.24680", "2006-12-31": "1.17470", "2005-12-31": "1.30670"}, "Inventory Turnover Ratio": {"2019-12-31": "5.98020", "2018-12-31": "6.17790", "2017-12-31": "5.94040", "2016-12-31": "6.25930", "2015-12-31": "6.84930", "2014-12-31": "7.18530", "2013-12-31": "7.13550", "2012-12-31": "7.87820", "2011-12-31": "7.11340", "2010-12-31": "7.10690", "2009-12-31": "8.86970", "2008-12-31": "3.81990", "2007-12-31": "6.87050", "2006-12-31": "5.70940", "2005-12-31": "5.93260"}, "Receiveable Turnover": {"2019-12-31": "5.07670", "2018-12-31": "4.92490", "2017-12-31": "5.05600", "2016-12-31": "5.17810", "2015-12-31": "5.05880", "2014-12-31": "4.95580", "2013-12-31": "4.69540", "2012-12-31": "4.55880", "2011-12-31": "4.64310", "2010-12-31": "4.75360", "2009-12-31": "4.98910", "2008-12-31": "3.99260", "2007-12-31": "5.57000", "2006-12-31": "5.70720", "2005-12-31": "6.05880"}, "Days Sales In Receivables": {"2019-12-31": "71.89750", "2018-12-31": "74.11290", "2017-12-31": "72.19130", "2016-12-31": "70.48870", "2015-12-31": "72.15100", "2014-12-31": "73.65070", "2013-12-31": "77.73490", "2012-12-31": "80.06550", "2011-12-31": "78.61210", "2010-12-31": "76.78410", "2009-12-31": "73.15930", "2008-12-31": "91.41980", "2007-12-31": "65.52980", "2006-12-31": "63.95480", "2005-12-31": "60.24270"}, "ROE - Return On Equity": {"2019-12-31": "22.19820", "2018-12-31": "25.87070", "2017-12-31": "18.02540", "2016-12-31": "21.54690", "2015-12-31": "19.61450", "2014-12-31": "15.04380", "2013-12-31": "12.77190", "2012-12-31": "13.61700", "2011-12-31": "10.24130", "2010-12-31": "6.47830", "2009-12-31": "7.66020", "2008-12-31": "7.11700", "2007-12-31": "11.41460", "2006-12-31": "11.13060", "2005-12-31": "7.58690"}, "Return On Tangible Equity": {"2019-12-31": "47.29040", "2018-12-31": "48.76500", "2017-12-31": "36.18060", "2016-12-31": "45.63240", "2015-12-31": "38.73220", "2014-12-31": "32.26710", "2013-12-31": "29.75110", "2012-12-31": "38.71430", "2011-12-31": "37.15340", "2010-12-31": "12.66080", "2009-12-31": "17.07590", "2008-12-31": "51.08230", "2007-12-31": "54.64310", "2006-12-31": "78.47580", "2005-12-31": "16.06770"}, "ROA - Return On Assets": {"2019-12-31": "12.09940", "2018-12-31": "14.46200", "2017-12-31": "9.27320", "2016-12-31": "11.29370", "2015-12-31": "10.75990", "2014-12-31": "8.26140", "2013-12-31": "7.09600", "2012-12-31": "7.13530", "2011-12-31": "4.73390", "2010-12-31": "2.70540", "2009-12-31": "3.06410", "2008-12-31": "2.44720", "2007-12-31": "4.66460", "2006-12-31": "4.14150", "2005-12-31": "3.59710"}, "ROI - Return On Investment": {"2019-12-31": "19.03290", "2018-12-31": "22.91580", "2017-12-31": "14.47900", "2016-12-31": "17.82500", "2015-12-31": "16.85530", "2014-12-31": "13.05770", "2013-12-31": "11.26530", "2012-12-31": "11.45720", "2011-12-31": "7.27370", "2010-12-31": "5.08100", "2009-12-31": "5.92030", "2008-12-31": "4.75280", "2007-12-31": "7.60510", "2006-12-31": "6.82370", "2005-12-31": "5.99770"}, "Book Value Per Share": {"2019-12-31": "10.26530", "2018-12-31": "10.21060", "2017-12-31": "9.58210", "2016-12-31": "8.73670", "2015-12-31": "8.19970", "2014-12-31": "7.72550", "2013-12-31": "7.28140", "2012-12-31": "6.45970", "2011-12-31": "5.92350", "2010-12-31": "4.80770", "2009-12-31": "4.31800", "2008-12-31": "3.73230", "2007-12-31": "4.20260", "2006-12-31": "3.71840", "2005-12-31": "3.35870"}, "Operating Cash Flow Per Share": {"2019-12-31": 0.1296, "2018-12-31": 0.7375, "2017-12-31": -0.6563, "2016-12-31": 0.561, "2015-12-31": 0.5139, "2014-12-31": -0.0559, "2013-12-31": 0.7345, "2012-12-31": 0.4571, "2011-12-31": -0.3608, "2010-12-31": -1.2304, "2009-12-31": 0.1313, "2008-12-31": -1.4835, "2007-12-31": 2.5661, "2006-12-31": -0.3352, "2005-12-31": 1.0276}, "Free Cash Flow Per Share": {"2019-12-31": 0.238, "2018-12-31": 0.7823, "2017-12-31": -0.7394, "2016-12-31": 0.5107, "2015-12-31": 0.581, "2014-12-31": -0.0026, "2013-12-31": 0.5833, "2012-12-31": 0.369, "2011-12-31": -0.3582, "2010-12-31": -1.2106, "2009-12-31": 0.5457, "2008-12-31": -0.9526, "2007-12-31": 1.6778, "2006-12-31": -0.4233, "2005-12-31": 0.7491}}, "financial ratios, quarterly": {"Current Ratio": {"2020-09-30": "1.77480", "2020-06-30": "1.96410", "2020-03-31": "2.06340", "2019-12-31": "1.95750", "2019-09-30": "2.05970", "2019-06-30": "2.18530", "2019-03-31": "2.24920", "2018-12-31": "2.08650", "2018-09-30": "2.16360", "2018-06-30": "2.15080", "2018-03-31": "2.17640", "2017-12-31": "2.22590", "2017-09-30": "2.32080", "2017-06-30": "2.32400", "2017-03-31": "2.22830", "2016-12-31": "2.04020", "2016-09-30": "2.21020", "2016-06-30": "2.35380", "2016-03-31": "2.36860", "2015-12-31": "2.14830", "2015-09-30": "2.26530", "2015-06-30": "2.41750", "2015-03-31": "2.31000", "2014-12-31": "2.17940", "2014-09-30": "2.20470", "2014-06-30": "2.24350", "2014-03-31": "2.23340", "2013-12-31": "2.04030", "2013-09-30": "2.17680", "2013-06-30": "2.29670", "2013-03-31": "2.31780", "2012-12-31": "2.20150", "2012-09-30": "2.35180", "2012-06-30": "2.29390", "2012-03-31": "2.20280", "2011-12-31": "2.35940", "2011-09-30": "1.98060", "2011-06-30": "1.84960", "2011-03-31": "1.77710", "2010-12-31": "1.66920", "2010-09-30": "1.27790", "2010-06-30": "1.25090", "2010-03-31": "1.27360", "2009-12-31": "1.50620", "2009-09-30": "1.56550", "2009-06-30": "1.74240", "2009-03-31": "1.81320", "2008-12-31": "1.59870", "2008-09-30": "1.64630", "2008-06-30": "1.75390", "2008-03-31": "1.84050", "2007-12-31": "1.62420", "2007-09-30": "1.80260", "2007-06-30": "1.84020", "2007-03-31": "1.87810", "2006-12-31": "1.73790", "2006-09-30": "1.85460", "2006-06-30": "1.83230", "2006-03-31": "1.95850", "2005-12-31": "1.87260", "2005-09-30": "2.07650", "2005-06-30": "2.20010", "2005-03-31": "2.26510"}, "Long-term Debt / Capital": {"2020-09-30": "0.05780", "2020-06-30": "0.14190", "2020-03-31": "0.17190", "2019-12-31": "0.14260", "2019-09-30": "0.15870", "2019-06-30": "0.16940", "2019-03-31": "0.13700", "2018-12-31": "0.11420", "2018-09-30": "0.09920", "2018-06-30": "0.12420", "2018-03-31": "0.14330", "2017-12-31": "0.19670", "2017-09-30": "0.20980", "2017-06-30": "0.18560", "2017-03-31": "0.18780", "2016-12-31": "0.17270", "2016-09-30": "0.17740", "2016-06-30": "0.15640", "2016-03-31": "0.15640", "2015-12-31": "0.14070", "2015-09-30": "0.14830", "2015-06-30": "0.15630", "2015-03-31": "0.15380", "2014-12-31": "0.13200", "2014-09-30": "0.14900", "2014-06-30": "0.14830", "2014-03-31": "0.13690", "2013-12-31": "0.11800", "2013-09-30": "0.14560", "2013-06-30": "0.13770", "2013-03-31": "0.14560", "2012-12-31": "0.15860", "2012-09-30": "0.17970", "2012-06-30": "0.18680", "2012-03-31": "0.20860", "2011-12-31": "0.28980", "2011-09-30": "0.25090", "2011-06-30": "0.26900", "2011-03-31": "0.25840", "2010-12-31": "0.21570", "2010-09-30": "0.10160", "2010-06-30": "0.10740", "2010-03-31": "0.12420", "2009-12-31": "0.22710", "2009-09-30": "0.22000", "2009-06-30": "0.27900", "2009-03-31": "0.33540", "2008-12-31": "0.31950", "2008-09-30": "0.28560", "2008-06-30": "0.30930", "2008-03-31": "0.34510", "2007-12-31": "0.33370", "2007-09-30": "0.36040", "2007-06-30": "0.38130", "2007-03-31": "0.39440", "2006-12-31": "0.38690", "2006-09-30": "0.42420", "2006-06-30": "0.43260", "2006-03-31": "0.23270", "2005-12-31": "0.20950", "2005-09-30": "0.24280", "2005-06-30": "0.27150", "2005-03-31": "0.29970"}, "Debt/Equity Ratio": {"2020-09-30": "0.06520", "2020-06-30": "0.16950", "2020-03-31": "0.21180", "2019-12-31": "0.17040", "2019-09-30": "0.19270", "2019-06-30": "0.20790", "2019-03-31": "0.16260", "2018-12-31": "0.12890", "2018-09-30": "0.11010", "2018-06-30": "0.14340", "2018-03-31": "0.17160", "2017-12-31": "0.24950", "2017-09-30": "0.26990", "2017-06-30": "0.23240", "2017-03-31": "0.23580", "2016-12-31": "0.21360", "2016-09-30": "0.22040", "2016-06-30": "0.19050", "2016-03-31": "0.19430", "2015-12-31": "0.17260", "2015-09-30": "0.18340", "2015-06-30": "0.19460", "2015-03-31": "0.21630", "2014-12-31": "0.16200", "2014-09-30": "0.18510", "2014-06-30": "0.18460", "2014-03-31": "0.16900", "2013-12-31": "0.14440", "2013-09-30": "0.18190", "2013-06-30": "0.16660", "2013-03-31": "0.18540", "2012-12-31": "0.20410", "2012-09-30": "0.23470", "2012-06-30": "0.24580", "2012-03-31": "0.27980", "2011-12-31": "0.42510", "2011-09-30": "0.35150", "2011-06-30": "0.38720", "2011-03-31": "0.36860", "2010-12-31": "0.29610", "2010-09-30": "0.32090", "2010-06-30": "0.29670", "2010-03-31": "0.34930", "2009-12-31": "0.32060", "2009-09-30": "0.31030", "2009-06-30": "0.41700", "2009-03-31": "0.53120", "2008-12-31": "0.49540", "2008-09-30": "0.42230", "2008-06-30": "0.46420", "2008-03-31": "0.54400", "2007-12-31": "0.52150", "2007-09-30": "0.57650", "2007-06-30": "0.62570", "2007-03-31": "0.66100", "2006-12-31": "0.64130", "2006-09-30": "0.74690", "2006-06-30": "0.77270", "2006-03-31": "0.31410", "2005-12-31": "0.27620", "2005-09-30": "0.33830", "2005-06-30": "0.39060", "2005-03-31": "0.44220"}, "Gross Margin": {"2020-09-30": "39.09210", "2020-06-30": "37.27970", "2020-03-31": "37.60400", "2019-12-31": "39.28620", "2019-09-30": "39.02770", "2019-06-30": "40.33190", "2019-03-31": "39.13390", "2018-12-31": "41.47690", "2018-09-30": "40.57820", "2018-06-30": "40.92160", "2018-03-31": "40.79950", "2017-12-31": "41.93340", "2017-09-30": "40.67210", "2017-06-30": "41.20830", "2017-03-31": "40.66220", "2016-12-31": "40.75350", "2016-09-30": "41.42420", "2016-06-30": "42.53370", "2016-03-31": "41.24670", "2015-12-31": "41.06980", "2015-09-30": "40.88950", "2015-06-30": "40.15300", "2015-03-31": "37.05740", "2014-12-31": "36.99750", "2014-09-30": "37.01860", "2014-06-30": "36.31170", "2014-03-31": "35.47630", "2013-12-31": "35.76670", "2013-09-30": "36.66540", "2013-06-30": "36.05900", "2013-03-31": "35.18450", "2012-12-31": "35.39960", "2012-09-30": "33.92470", "2012-06-30": "33.14750", "2012-03-31": "31.81820", "2011-12-31": "32.57670", "2011-09-30": "28.81070", "2011-06-30": "27.60920", "2011-03-31": "30.42650", "2010-12-31": "31.41550", "2010-09-30": "28.40490", "2010-06-30": "30.45330", "2010-03-31": "29.53370", "2009-12-31": "30.63760", "2009-09-30": "27.61720", "2009-06-30": "24.54380", "2009-03-31": "21.05480", "2008-12-31": "19.60280", "2008-09-30": "20.50770", "2008-06-30": "22.74550", "2008-03-31": "23.20620", "2007-12-31": "23.81120", "2007-09-30": "21.69830", "2007-06-30": "22.04420", "2007-03-31": "21.27510", "2006-12-31": "22.62690", "2006-09-30": "20.46100", "2006-06-30": "21.29520", "2006-03-31": "21.53750", "2005-12-31": "22.74720", "2005-09-30": "19.83350", "2005-06-30": "19.23690", "2005-03-31": "21.52980"}, "Operating Margin": {"2020-09-30": "17.90790", "2020-06-30": "12.87850", "2020-03-31": "10.31560", "2019-12-31": "15.32830", "2019-09-30": "15.36670", "2019-06-30": "16.98460", "2019-03-31": "14.44800", "2018-12-31": "18.57230", "2018-09-30": "17.02690", "2018-06-30": "17.25670", "2018-03-31": "16.31980", "2017-12-31": "17.92870", "2017-09-30": "17.09560", "2017-06-30": "17.05500", "2017-03-31": "15.90540", "2016-12-31": "15.19840", "2016-09-30": "17.34170", "2016-06-30": "18.54570", "2016-03-31": "16.21920", "2015-12-31": "16.81270", "2015-09-30": "17.05330", "2015-06-30": "15.76130", "2015-03-31": "13.25790", "2014-12-31": "11.74220", "2014-09-30": "12.00140", "2014-06-30": "13.23480", "2014-03-31": "11.77110", "2013-12-31": "10.86070", "2013-09-30": "11.73070", "2013-06-30": "12.09250", "2013-03-31": "11.63660", "2012-12-31": "11.00520", "2012-09-30": "11.18560", "2012-06-30": "10.65680", "2012-03-31": "9.34700", "2011-12-31": "7.90250", "2011-09-30": "6.43200", "2011-06-30": "9.37580", "2011-03-31": "9.03210", "2010-12-31": "8.18480", "2010-09-30": "6.70380", "2010-06-30": "8.10670", "2010-03-31": "8.53560", "2009-12-31": "8.61160", "2009-09-30": "9.21240", "2009-06-30": "6.77760", "2009-03-31": "3.46760", "2008-12-31": "3.18520", "2008-09-30": "6.03950", "2008-06-30": "7.57110", "2008-03-31": "6.79030", "2007-12-31": "5.98360", "2007-09-30": "6.41370", "2007-06-30": "7.26080", "2007-03-31": "5.97710", "2006-12-31": "6.65930", "2006-09-30": "5.78010", "2006-06-30": "6.84610", "2006-03-31": "6.62020", "2005-12-31": "6.77570", "2005-09-30": "5.21550", "2005-06-30": "5.43750", "2005-03-31": "6.28060"}, "EBIT Margin": {"2020-09-30": "17.90790", "2020-06-30": "12.87850", "2020-03-31": "10.31560", "2019-12-31": "15.32830", "2019-09-30": "15.36670", "2019-06-30": "16.98460", "2019-03-31": "14.44800", "2018-12-31": "18.57230", "2018-09-30": "17.02690", "2018-06-30": "17.25670", "2018-03-31": "16.31980", "2017-12-31": "17.92870", "2017-09-30": "17.09560", "2017-06-30": "17.05500", "2017-03-31": "15.90540", "2016-12-31": "15.19840", "2016-09-30": "17.34170", "2016-06-30": "18.54570", "2016-03-31": "16.21920", "2015-12-31": "16.81270", "2015-09-30": "17.05330", "2015-06-30": "15.76130", "2015-03-31": "13.25790", "2014-12-31": "11.74220", "2014-09-30": "12.00140", "2014-06-30": "13.23480", "2014-03-31": "11.77110", "2013-12-31": "10.86060", "2013-09-30": "11.73070", "2013-06-30": "12.09250", "2013-03-31": "11.63660", "2012-12-31": "11.00520", "2012-09-30": "11.18560", "2012-06-30": "10.65680", "2012-03-31": "9.34700", "2011-12-31": "7.90250", "2011-09-30": "6.43200", "2011-06-30": "9.37580", "2011-03-31": "9.03210", "2010-12-31": "8.18480", "2010-09-30": "6.70380", "2010-06-30": "8.10670", "2010-03-31": "8.53560", "2009-12-31": "8.61160", "2009-09-30": "9.21240", "2009-06-30": "6.77760", "2009-03-31": "3.46760", "2008-12-31": "3.18520", "2008-09-30": "6.03950", "2008-06-30": "7.57110", "2008-03-31": "6.79030", "2007-12-31": "5.98360", "2007-09-30": "6.41370", "2007-06-30": "7.26080", "2007-03-31": "5.97710", "2006-12-31": "6.65930", "2006-09-30": "5.78010", "2006-06-30": "6.84610", "2006-03-31": "6.62020", "2005-12-31": "6.77570", "2005-09-30": "5.21550", "2005-06-30": "5.43750", "2005-03-31": "6.28060"}, "EBITDA Margin": {"2020-09-30": "", "2020-06-30": "", "2020-03-31": "", "2019-12-31": "", "2019-09-30": "", "2019-06-30": "", "2019-03-31": "", "2018-12-31": "", "2018-09-30": "", "2018-06-30": "", "2018-03-31": "", "2017-12-31": "", "2017-09-30": "", "2017-06-30": "", "2017-03-31": "", "2016-12-31": "", "2016-09-30": "", "2016-06-30": "", "2016-03-31": "", "2015-12-31": "", "2015-09-30": "", "2015-06-30": "", "2015-03-31": "", "2014-12-31": "", "2014-09-30": "", "2014-06-30": "", "2014-03-31": "", "2013-12-31": "", "2013-09-30": "", "2013-06-30": "", "2013-03-31": "", "2012-12-31": "", "2012-09-30": "", "2012-06-30": "", "2012-03-31": "", "2011-12-31": "", "2011-09-30": "", "2011-06-30": "", "2011-03-31": "", "2010-12-31": "", "2010-09-30": "", "2010-06-30": "", "2010-03-31": "", "2009-12-31": "", "2009-09-30": "", "2009-06-30": "", "2009-03-31": "", "2008-12-31": "", "2008-09-30": "", "2008-06-30": "", "2008-03-31": "", "2007-12-31": "", "2007-09-30": "", "2007-06-30": "", "2007-03-31": "", "2006-12-31": "", "2006-09-30": "", "2006-06-30": "", "2006-03-31": "", "2005-12-31": "", "2005-09-30": "", "2005-06-30": "", "2005-03-31": ""}, "Pre-Tax Profit Margin": {"2020-09-30": "18.06580", "2020-06-30": "13.10440", "2020-03-31": "10.62960", "2019-12-31": "15.38150", "2019-09-30": "15.49030", "2019-06-30": "17.27200", "2019-03-31": "14.91580", "2018-12-31": "19.05230", "2018-09-30": "17.43800", "2018-06-30": "17.53270", "2018-03-31": "15.91370", "2017-12-31": "18.31900", "2017-09-30": "17.54900", "2017-06-30": "17.33950", "2017-03-31": "16.27030", "2016-12-31": "16.67380", "2016-09-30": "17.31250", "2016-06-30": "18.60570", "2016-03-31": "16.26630", "2015-12-31": "17.09420", "2015-09-30": "17.14930", "2015-06-30": "15.79190", "2015-03-31": "13.38720", "2014-12-31": "11.79010", "2014-09-30": "11.91540", "2014-06-30": "13.20120", "2014-03-31": "11.75300", "2013-12-31": "10.14490", "2013-09-30": "11.43230", "2013-06-30": "11.16370", "2013-03-31": "11.20490", "2012-12-31": "11.69180", "2012-09-30": "11.25050", "2012-06-30": "10.45020", "2012-03-31": "14.91680", "2011-12-31": "9.87810", "2011-09-30": "9.66020", "2011-06-30": "10.11600", "2011-03-31": "8.07380", "2010-12-31": "7.72560", "2010-09-30": "6.17380", "2010-06-30": "-1.76000", "2010-03-31": "7.93560", "2009-12-31": "7.67320", "2009-09-30": "9.19240", "2009-06-30": "6.01560", "2009-03-31": "2.34630", "2008-12-31": "1.59260", "2008-09-30": "4.62920", "2008-06-30": "6.54240", "2008-03-31": "5.19780", "2007-12-31": "1.01770", "2007-09-30": "5.25750", "2007-06-30": "5.93620", "2007-03-31": "4.55650", "2006-12-31": "4.59900", "2006-09-30": "3.91840", "2006-06-30": "6.08920", "2006-03-31": "4.68210", "2005-12-31": "5.07030", "2005-09-30": "3.52600", "2005-06-30": "2.51310", "2005-03-31": "5.20530"}, "Net Profit Margin": {"2020-09-30": "13.86840", "2020-06-30": "10.21240", "2020-03-31": "8.11740", "2019-12-31": "12.15870", "2019-09-30": "11.98850", "2019-06-30": "13.33940", "2019-03-31": "11.93530", "2018-12-31": "15.54460", "2018-09-30": "13.87080", "2018-06-30": "13.74060", "2018-03-31": "12.53810", "2017-12-31": "2.95340", "2017-09-30": "12.49500", "2017-06-30": "12.51690", "2017-03-31": "11.85140", "2016-12-31": "11.84650", "2016-09-30": "12.16550", "2016-06-30": "13.05850", "2016-03-31": "11.54030", "2015-12-31": "12.48050", "2015-09-30": "11.77410", "2015-06-30": "10.87990", "2015-03-31": "9.44220", "2014-12-31": "8.48760", "2014-09-30": "8.70010", "2014-06-30": "9.62380", "2014-03-31": "8.45710", "2013-12-31": "7.58630", "2013-09-30": "8.61620", "2013-06-30": "7.66710", "2013-03-31": "7.65310", "2012-12-31": "7.47660", "2012-09-30": "8.00520", "2012-06-30": "7.22840", "2012-03-31": "10.13660", "2011-12-31": "6.74650", "2011-09-30": "44.24760", "2011-06-30": "12.41060", "2011-03-31": "9.82270", "2010-12-31": "8.69800", "2010-09-30": "8.47910", "2010-06-30": "4.42670", "2010-03-31": "8.42650", "2009-12-31": "6.23790", "2009-09-30": "6.89930", "2009-06-30": "4.27110", "2009-03-31": "0.56060", "2008-12-31": "-3.04760", "2008-09-30": "0.96230", "2008-06-30": "1.52710", "2008-03-31": "3.83270", "2007-12-31": "-7.15920", "2007-09-30": "4.46250", "2007-06-30": "4.41540", "2007-03-31": "3.37840", "2006-12-31": "3.47680", "2006-09-30": "3.01420", "2006-06-30": "4.22200", "2006-03-31": "3.37540", "2005-12-31": "3.68750", "2005-09-30": "2.37510", "2005-06-30": "1.48500", "2005-03-31": "3.49460"}, "Asset Turnover": {"2020-09-30": "0.25580", "2020-06-30": "0.22250", "2020-03-31": "0.21350", "2019-12-31": "0.24560", "2019-09-30": "0.23740", "2019-06-30": "0.24100", "2019-03-31": "0.23800", "2018-12-31": "0.26450", "2018-09-30": "0.24930", "2018-06-30": "0.27010", "2018-03-31": "0.25360", "2017-12-31": "0.24040", "2017-09-30": "0.24150", "2017-06-30": "0.24740", "2017-03-31": "0.25170", "2016-12-31": "0.24150", "2016-09-30": "0.24210", "2016-06-30": "0.24960", "2016-03-31": "0.24030", "2015-12-31": "0.24320", "2015-09-30": "0.24040", "2015-06-30": "0.25230", "2015-03-31": "0.24110", "2014-12-31": "0.24920", "2014-09-30": "0.23390", "2014-06-30": "0.24500", "2014-03-31": "0.23190", "2013-12-31": "0.23370", "2013-09-30": "0.22830", "2013-06-30": "0.23920", "2013-03-31": "0.22480", "2012-12-31": "0.23010", "2012-09-30": "0.20680", "2012-06-30": "0.22090", "2012-03-31": "0.20820", "2011-12-31": "0.20260", "2011-09-30": "0.17470", "2011-06-30": "0.18910", "2011-03-31": "0.18930", "2010-12-31": "0.17540", "2010-09-30": "0.18810", "2010-06-30": "0.19060", "2010-03-31": "0.18720", "2009-12-31": "0.18350", "2009-09-30": "0.27980", "2009-06-30": "0.27830", "2009-03-31": "0.26460", "2008-12-31": "0.26370", "2008-09-30": "0.32190", "2008-06-30": "0.32680", "2008-03-31": "0.30270", "2007-12-31": "0.30730", "2007-09-30": "0.29560", "2007-06-30": "0.32010", "2007-03-31": "0.30680", "2006-12-31": "0.29550", "2006-09-30": "0.29750", "2006-06-30": "0.30950", "2006-03-31": "0.33650", "2005-12-31": "0.33570", "2005-09-30": "0.32150", "2005-06-30": "0.34380", "2005-03-31": "0.30780"}, "Inventory Turnover Ratio": {"2020-09-30": "1.52970", "2020-06-30": "1.36080", "2020-03-31": "1.27250", "2019-12-31": "1.50460", "2019-09-30": "1.43230", "2019-06-30": "1.41350", "2019-03-31": "1.42450", "2018-12-31": "1.56060", "2018-09-30": "1.45630", "2018-06-30": "1.70350", "2018-03-31": "1.62490", "2017-12-31": "1.50270", "2017-09-30": "1.52310", "2017-06-30": "1.51220", "2017-03-31": "1.70790", "2016-12-31": "1.64720", "2016-09-30": "1.54910", "2016-06-30": "1.61190", "2016-03-31": "1.62550", "2015-12-31": "1.69040", "2015-09-30": "1.54600", "2015-06-30": "1.67570", "2015-03-31": "1.77930", "2014-12-31": "1.89580", "2014-09-30": "1.67640", "2014-06-30": "1.83370", "2014-03-31": "1.80500", "2013-12-31": "1.85630", "2013-09-30": "1.79210", "2013-06-30": "1.96250", "2013-03-31": "1.94520", "2012-12-31": "2.07280", "2012-09-30": "1.71380", "2012-06-30": "1.82880", "2012-03-31": "1.85540", "2011-12-31": "1.90500", "2011-09-30": "1.65990", "2011-06-30": "1.81560", "2011-03-31": "1.80600", "2010-12-31": "1.72960", "2010-09-30": "1.00600", "2010-06-30": "1.01440", "2010-03-31": "1.07260", "2009-12-31": "2.27420", "2009-09-30": "1.65980", "2009-06-30": "1.66500", "2009-03-31": "1.46460", "2008-12-31": "1.45000", "2008-09-30": "1.60500", "2008-06-30": "1.59720", "2008-03-31": "1.55550", "2007-12-31": "1.65850", "2007-09-30": "1.54620", "2007-06-30": "1.58690", "2007-03-31": "1.52430", "2006-12-31": "1.41470", "2006-09-30": "1.49730", "2006-06-30": "1.59480", "2006-03-31": "1.49010", "2005-12-31": "1.48710", "2005-09-30": "1.53560", "2005-06-30": "1.55800", "2005-03-31": "1.26670"}, "Receiveable Turnover": {"2020-09-30": "1.32660", "2020-06-30": "1.28690", "2020-03-31": "1.21550", "2019-12-31": "1.27380", "2019-09-30": "1.18580", "2019-06-30": "1.20570", "2019-03-31": "1.13570", "2018-12-31": "1.25520", "2018-09-30": "1.24320", "2018-06-30": "1.29390", "2018-03-31": "1.23360", "2017-12-31": "1.29680", "2017-09-30": "1.27730", "2017-06-30": "1.30240", "2017-03-31": "1.26690", "2016-12-31": "1.34590", "2016-09-30": "1.32210", "2016-06-30": "1.35050", "2016-03-31": "1.25650", "2015-12-31": "1.27520", "2015-09-30": "1.30500", "2015-06-30": "1.23650", "2015-03-31": "1.24720", "2014-12-31": "1.31850", "2014-09-30": "1.22620", "2014-06-30": "1.30280", "2014-03-31": "1.21200", "2013-12-31": "1.21840", "2013-09-30": "1.22980", "2013-06-30": "1.29930", "2013-03-31": "1.20270", "2012-12-31": "1.23250", "2012-09-30": "1.25220", "2012-06-30": "1.26520", "2012-03-31": "1.03810", "2011-12-31": "1.29150", "2011-09-30": "1.11500", "2011-06-30": "1.23680", "2011-03-31": "1.15300", "2010-12-31": "1.18160", "2010-09-30": "0.89350", "2010-06-30": "0.90040", "2010-03-31": "0.90390", "2009-12-31": "1.31460", "2009-09-30": "1.36310", "2009-06-30": "1.34570", "2009-03-31": "1.34680", "2008-12-31": "1.39920", "2008-09-30": "1.42480", "2008-06-30": "1.37820", "2008-03-31": "1.36470", "2007-12-31": "1.37290", "2007-09-30": "1.36030", "2007-06-30": "1.44020", "2007-03-31": "1.35750", "2006-12-31": "1.43540", "2006-09-30": "1.37230", "2006-06-30": "1.42500", "2006-03-31": "1.46060", "2005-12-31": "1.55630", "2005-09-30": "1.45650", "2005-06-30": "1.41740", "2005-03-31": "1.38760"}, "Days Sales In Receivables": {"2020-09-30": "67.84340", "2020-06-30": "69.93670", "2020-03-31": "74.04620", "2019-12-31": "70.65520", "2019-09-30": "75.89810", "2019-06-30": "74.64330", "2019-03-31": "79.24620", "2018-12-31": "71.70090", "2018-09-30": "72.39620", "2018-06-30": "69.55480", "2018-03-31": "72.95940", "2017-12-31": "69.40280", "2017-09-30": "70.46140", "2017-06-30": "69.10320", "2017-03-31": "71.03920", "2016-12-31": "66.87150", "2016-09-30": "68.07570", "2016-06-30": "66.64320", "2016-03-31": "71.62980", "2015-12-31": "70.57550", "2015-09-30": "68.96500", "2015-06-30": "72.78500", "2015-03-31": "72.16010", "2014-12-31": "68.26100", "2014-09-30": "73.39580", "2014-06-30": "69.07960", "2014-03-31": "74.25570", "2013-12-31": "73.86470", "2013-09-30": "73.18170", "2013-06-30": "69.26610", "2013-03-31": "74.82930", "2012-12-31": "73.02310", "2012-09-30": "71.87150", "2012-06-30": "71.13380", "2012-03-31": "86.69660", "2011-12-31": "69.68470", "2011-09-30": "80.71600", "2011-06-30": "72.76830", "2011-03-31": "78.05460", "2010-12-31": "76.16690", "2010-09-30": "100.73130", "2010-06-30": "99.96000", "2010-03-31": "99.57190", "2009-12-31": "68.46260", "2009-09-30": "66.02390", "2009-06-30": "66.88190", "2009-03-31": "66.82730", "2008-12-31": "64.32360", "2008-09-30": "63.16580", "2008-06-30": "65.30460", "2008-03-31": "65.94860", "2007-12-31": "65.55360", "2007-09-30": "66.16260", "2007-06-30": "62.49220", "2007-03-31": "66.29940", "2006-12-31": "62.69870", "2006-09-30": "65.58510", "2006-06-30": "63.15900", "2006-03-31": "61.62020", "2005-12-31": "57.82900", "2005-09-30": "61.79240", "2005-06-30": "63.49550", "2005-03-31": "64.86070"}, "ROE - Return On Equity": {"2020-09-30": "6.03290", "2020-06-30": "4.08900", "2020-03-31": "3.19870", "2019-12-31": "5.47760", "2019-09-30": "5.27110", "2019-06-30": "5.91850", "2019-03-31": "5.10520", "2018-12-31": "7.35590", "2018-09-30": "5.95600", "2018-06-30": "6.61740", "2018-03-31": "5.78320", "2017-12-31": "1.38000", "2017-09-30": "5.62460", "2017-06-30": "5.72600", "2017-03-31": "5.59880", "2016-12-31": "5.45770", "2016-09-30": "5.45360", "2016-06-30": "5.88240", "2016-03-31": "4.97130", "2015-12-31": "5.53280", "2015-09-30": "5.17440", "2015-06-30": "4.94950", "2015-03-31": "4.15630", "2014-12-31": "3.85140", "2014-09-30": "3.67950", "2014-06-30": "4.22350", "2014-03-31": "3.47630", "2013-12-31": "3.19110", "2013-09-30": "3.68830", "2013-06-30": "3.35060", "2013-03-31": "3.15610", "2012-12-31": "3.60940", "2012-09-30": "3.10560", "2012-06-30": "3.02300", "2012-03-31": "4.16410", "2011-12-31": "2.90110", "2011-09-30": "2.39430", "2011-06-30": "2.94910", "2011-03-31": "2.62500", "2010-12-31": "2.32580", "2010-09-30": "1.87960", "2010-06-30": "-0.10910", "2010-03-31": "2.59570", "2009-12-31": "2.21580", "2009-09-30": "4.63120", "2009-06-30": "3.36840", "2009-03-31": "1.29930", "2008-12-31": "0.72380", "2008-09-30": "2.50430", "2008-06-30": "3.79080", "2008-03-31": "2.76380", "2007-12-31": "2.01900", "2007-09-30": "3.33740", "2007-06-30": "3.72620", "2007-03-31": "2.76360", "2006-12-31": "2.80460", "2006-09-30": "2.48470", "2006-06-30": "3.76300", "2006-03-31": "2.45410", "2005-12-31": "2.61050", "2005-09-30": "1.57470", "2005-06-30": "1.07120", "2005-03-31": "2.37900"}, "Return On Tangible Equity": {"2020-09-30": "12.02510", "2020-06-30": "8.64130", "2020-03-31": "6.98080", "2019-12-31": "11.66920", "2019-09-30": "11.34800", "2019-06-30": "12.24960", "2019-03-31": "9.44570", "2018-12-31": "13.86540", "2018-09-30": "11.08520", "2018-06-30": "12.51640", "2018-03-31": "11.12610", "2017-12-31": "2.77000", "2017-09-30": "11.19070", "2017-06-30": "11.29170", "2017-03-31": "11.39700", "2016-12-31": "11.55840", "2016-09-30": "11.52360", "2016-06-30": "11.28390", "2016-03-31": "9.58780", "2015-12-31": "10.92550", "2015-09-30": "10.44270", "2015-06-30": "9.99720", "2015-03-31": "8.62370", "2014-12-31": "8.26090", "2014-09-30": "8.01140", "2014-06-30": "9.45860", "2014-03-31": "7.89520", "2013-12-31": "7.43340", "2013-09-30": "9.45750", "2013-06-30": "8.58660", "2013-03-31": "8.43240", "2012-12-31": "10.26190", "2012-09-30": "8.96100", "2012-06-30": "9.25190", "2012-03-31": "13.34270", "2011-12-31": "10.52460", "2011-09-30": "7.91180", "2011-06-30": "5.29530", "2011-03-31": "4.92770", "2010-12-31": "4.54550", "2010-09-30": "9.09090", "2010-06-30": "-0.63740", "2010-03-31": "16.12420", "2009-12-31": "4.93930", "2009-09-30": "22.01020", "2009-06-30": "20.05080", "2009-03-31": "10.52630", "2008-12-31": "5.19480", "2008-09-30": "9.00350", "2008-06-30": "13.99010", "2008-03-31": "11.29450", "2007-12-31": "9.66520", "2007-09-30": "17.95060", "2007-06-30": "21.63460", "2007-03-31": "16.45570", "2006-12-31": "19.77340", "2006-09-30": "17.34590", "2006-06-30": "26.63100", "2006-03-31": "5.02920", "2005-12-31": "5.52870", "2005-09-30": "3.20660", "2005-06-30": "2.21620", "2005-03-31": "4.96530"}, "ROA - Return On Assets": {"2020-09-30": "3.54750", "2020-06-30": "2.27200", "2020-03-31": "1.73320", "2019-12-31": "2.98560", "2019-09-30": "2.84560", "2019-06-30": "3.21510", "2019-03-31": "2.84080", "2018-12-31": "4.11200", "2018-09-30": "3.45760", "2018-06-30": "3.71110", "2018-03-31": "3.18000", "2017-12-31": "0.71000", "2017-09-30": "3.01810", "2017-06-30": "3.09650", "2017-03-31": "2.98280", "2016-12-31": "2.86060", "2016-09-30": "2.94580", "2016-06-30": "3.25950", "2016-03-31": "2.77300", "2015-12-31": "3.03510", "2015-09-30": "2.83060", "2015-06-30": "2.74540", "2015-03-31": "2.27650", "2014-12-31": "2.11510", "2014-09-30": "2.03470", "2014-06-30": "2.35730", "2014-03-31": "1.96120", "2013-12-31": "1.77290", "2013-09-30": "1.96690", "2013-06-30": "1.83430", "2013-03-31": "1.72030", "2012-12-31": "1.89130", "2012-09-30": "1.65530", "2012-06-30": "1.59700", "2012-03-31": "2.11090", "2011-12-31": "1.34100", "2011-09-30": "1.14050", "2011-06-30": "1.33450", "2011-03-31": "1.09740", "2010-12-31": "0.97130", "2010-09-30": "0.80730", "2010-06-30": "-0.04580", "2010-03-31": "1.08720", "2009-12-31": "0.88630", "2009-09-30": "1.93040", "2009-06-30": "1.32270", "2009-03-31": "0.47260", "2008-12-31": "0.24890", "2008-09-30": "1.10040", "2008-06-30": "1.63370", "2008-03-31": "1.16030", "2007-12-31": "0.82510", "2007-09-30": "1.31900", "2007-06-30": "1.41350", "2007-03-31": "1.03640", "2006-12-31": "1.04350", "2006-09-30": "0.87550", "2006-06-30": "1.29620", "2006-03-31": "1.13590", "2005-12-31": "1.23770", "2005-09-30": "0.76350", "2005-06-30": "0.51050", "2005-03-31": "1.07550"}, "ROI - Return On Investment": {"2020-09-30": "5.68440", "2020-06-30": "3.50860", "2020-03-31": "2.64870", "2019-12-31": "4.69650", "2019-09-30": "4.43460", "2019-06-30": "4.91600", "2019-03-31": "4.40600", "2018-12-31": "6.51570", "2018-09-30": "5.36550", "2018-06-30": "5.79540", "2018-03-31": "4.95440", "2017-12-31": "1.10850", "2017-09-30": "4.44480", "2017-06-30": "4.66340", "2017-03-31": "4.54730", "2016-12-31": "4.51490", "2016-09-30": "4.48640", "2016-06-30": "4.96210", "2016-03-31": "4.19380", "2015-12-31": "4.75450", "2015-09-30": "4.40690", "2015-06-30": "4.17570", "2015-03-31": "3.51720", "2014-12-31": "3.34300", "2014-09-30": "3.13140", "2014-06-30": "3.59720", "2014-03-31": "3.00050", "2013-12-31": "2.81470", "2013-09-30": "3.15140", "2013-06-30": "2.88910", "2013-03-31": "2.69670", "2012-12-31": "3.03690", "2012-09-30": "2.54750", "2012-06-30": "2.45820", "2012-03-31": "3.29560", "2011-12-31": "2.06040", "2011-09-30": "1.79360", "2011-06-30": "2.15570", "2011-03-31": "1.94670", "2010-12-31": "1.82420", "2010-09-30": "1.68860", "2010-06-30": "-0.09740", "2010-03-31": "2.27320", "2009-12-31": "1.71250", "2009-09-30": "3.61240", "2009-06-30": "2.42850", "2009-03-31": "0.86350", "2008-12-31": "0.48330", "2008-09-30": "1.78900", "2008-06-30": "2.61850", "2008-03-31": "1.80990", "2007-12-31": "1.34520", "2007-09-30": "2.13450", "2007-06-30": "2.30550", "2007-03-31": "1.67370", "2006-12-31": "1.71940", "2006-09-30": "1.43080", "2006-06-30": "2.13530", "2006-03-31": "1.88310", "2005-12-31": "2.06370", "2005-09-30": "1.19240", "2005-06-30": "0.78040", "2005-03-31": "1.66610"}, "Book Value Per Share": {"2020-09-30": "10.82010", "2020-06-30": "10.27240", "2020-03-31": "10.03040", "2019-12-31": "10.26530", "2019-09-30": "10.15380", "2019-06-30": "10.49310", "2019-03-31": "10.46200", "2018-12-31": "10.21060", "2018-09-30": "10.33360", "2018-06-30": "10.14200", "2018-03-31": "9.98240", "2017-12-31": "9.58210", "2017-09-30": "9.68940", "2017-06-30": "9.35270", "2017-03-31": "9.05250", "2016-12-31": "8.73670", "2016-09-30": "8.77220", "2016-06-30": "8.48580", "2016-03-31": "8.44430", "2015-12-31": "8.19970", "2015-09-30": "8.07990", "2015-06-30": "8.08130", "2015-03-31": "7.87610", "2014-12-31": "7.72550", "2014-09-30": "7.67880", "2014-06-30": "7.53450", "2014-03-31": "7.41330", "2013-12-31": "7.28140", "2013-09-30": "6.86550", "2013-06-30": "6.79090", "2013-03-31": "6.66350", "2012-12-31": "6.45970", "2012-09-30": "6.45140", "2012-06-30": "6.26650", "2012-03-31": "6.15120", "2011-12-31": "5.92350", "2011-09-30": "6.06890", "2011-06-30": "5.24670", "2011-03-31": "4.98950", "2010-12-31": "4.80770", "2010-09-30": "4.70350", "2010-06-30": "4.50250", "2010-03-31": "4.48150", "2009-12-31": "4.31800", "2009-09-30": "4.10310", "2009-06-30": "3.88870", "2009-03-31": "3.65180", "2008-12-31": "3.73230", "2008-09-30": "4.55190", "2008-06-30": "4.54400", "2008-03-31": "4.39450", "2007-12-31": "4.20260", "2007-09-30": "3.99640", "2007-06-30": "3.92600", "2007-03-31": "3.81820", "2006-12-31": "3.71840", "2006-09-30": "3.63180", "2006-06-30": "3.60050", "2006-03-31": "3.44440", "2005-12-31": "3.35870", "2005-09-30": "3.41200", "2005-06-30": "3.36860", "2005-03-31": "3.37520"}, "Operating Cash Flow Per Share": {"2020-09-30": 0.9279, "2020-06-30": 0.7735, "2020-03-31": "0.33210", "2019-12-31": 1.0451, "2019-09-30": 0.8365, "2019-06-30": 0.7272, "2019-03-31": "0.12770", "2018-12-31": 0.9263, "2018-09-30": 0.6779, "2018-06-30": 0.7535, "2018-03-31": "0.24920", "2017-12-31": 1.0079, "2017-09-30": 0.4429, "2017-06-30": 0.4842, "2017-03-31": "-0.06560", "2016-12-31": 1.0326, "2016-09-30": 0.6168, "2016-06-30": 0.7273, "2016-03-31": "0.14900", "2015-12-31": 0.6382, "2015-09-30": 0.9858, "2015-06-30": 0.3429, "2015-03-31": "-0.00220", "2014-12-31": 0.5469, "2014-09-30": 0.4113, "2014-06-30": 0.4284, "2014-03-31": "0.06420", "2013-12-31": 0.493, "2013-09-30": 0.4506, "2013-06-30": 0.3844, "2013-03-31": "0.17870", "2012-12-31": 0.3766, "2012-09-30": 0.3763, "2012-06-30": 0.0287, "2012-03-31": "-0.00940", "2011-12-31": 0.6871, "2011-09-30": 0.0953, "2011-06-30": -0.1869, "2011-03-31": "-0.28040", "2010-12-31": 0.3035, "2010-09-30": 0.0975, "2010-06-30": 0.3532, "2010-03-31": "-0.07830", "2009-12-31": 0.4239, "2009-09-30": 0.4081, "2009-06-30": 0.5461, "2009-03-31": "0.05620", "2008-12-31": 0.457, "2008-09-30": 0.9613, "2008-06-30": 0.439, "2008-03-31": "-0.08220", "2007-12-31": 2.7516, "2007-09-30": 0.301, "2007-06-30": 0.2973, "2007-03-31": "-0.09140", "2006-12-31": 0.3503, "2006-09-30": 0.1741, "2006-06-30": 0.1933, "2006-03-31": "-0.02530", "2005-12-31": 0.2689, "2005-09-30": 0.4783, "2005-06-30": 0.2115, "2005-03-31": "0.06890"}, "Free Cash Flow Per Share": {"2020-09-30": 0.8549, "2020-06-30": 0.6992, "2020-03-31": "0.25350", "2019-12-31": 0.9626, "2019-09-30": 0.7498, "2019-06-30": 0.6337, "2019-03-31": "0.00410", "2018-12-31": 0.7716, "2018-09-30": 0.5666, "2018-06-30": 0.6246, "2018-03-31": "0.14940", "2017-12-31": 0.8493, "2017-09-30": 0.2696, "2017-06-30": 0.3723, "2017-03-31": "-0.16130", "2016-12-31": 0.9087, "2016-09-30": 0.4973, "2016-06-30": 0.6234, "2016-03-31": "0.03990", "2015-12-31": 0.5292, "2015-09-30": 0.8613, "2015-06-30": 0.2529, "2015-03-31": "-0.08480", "2014-12-31": 0.4379, "2014-09-30": 0.3258, "2014-06-30": 0.2873, "2014-03-31": "-0.07340", "2013-12-31": 0.3207, "2013-09-30": 0.3013, "2013-06-30": 0.2783, "2013-03-31": "0.07990", "2012-12-31": 0.2401, "2012-09-30": 0.3001, "2012-06-30": -0.0987, "2012-03-31": "-0.04460", "2011-12-31": 0.5966, "2011-09-30": 0.0289, "2011-06-30": -0.2506, "2011-03-31": "-0.34700", "2010-12-31": 0.2148, "2010-09-30": -0.0163, "2010-06-30": 0.3078, "2010-03-31": "-0.12020", "2009-12-31": 0.3987, "2009-09-30": 0.3431, "2009-06-30": 0.623, "2009-03-31": "-0.16350", "2008-12-31": 0.5114, "2008-09-30": 0.6292, "2008-06-30": 0.0466, "2008-03-31": "-0.13620", "2007-12-31": 1.7186, "2007-09-30": 0.2312, "2007-06-30": 0.2043, "2007-03-31": "-0.15050", "2006-12-31": 0.2044, "2006-09-30": 0.0865, "2006-06-30": 0.1082, "2006-03-31": "-0.07330", "2005-12-31": 0.1615, "2005-09-30": 0.3979, "2005-06-30": 0.1619, "2005-03-31": "0.02780"}}, "revenue": {"A O Smith Annual Revenue (Millions of US $)": {"2020": "$2,895", "2019": "$2,993", "2018": "$3,188", "2017": "$2,997", "2016": "$2,686", "2015": "$2,537", "2014": "$2,356", "2013": "$2,154", "2012": "$1,939", "2011": "$1,711", "2010": "$1,489", "2009": "$1,375", "2008": "$1,451", "2007": "$2,312", "2006": "$2,161", "2005": "$1,689"}, "A O Smith Quarterly Revenue (Millions of US $)": {"2020-12-31": "$835", "2020-09-30": "$760", "2020-06-30": "$664", "2020-03-31": "$637", "2019-12-31": "$751", "2019-09-30": "$728", "2019-06-30": "$765", "2019-03-31": "$748", "2018-12-31": "$813", "2018-09-30": "$754", "2018-06-30": "$833", "2018-03-31": "$788", "2017-12-31": "$769", "2017-09-30": "$750", "2017-06-30": "$738", "2017-03-31": "$740", "2016-12-31": "$698", "2016-09-30": "$684", "2016-06-30": "$667", "2016-03-31": "$637", "2015-12-31": "$639", "2015-09-30": "$625", "2015-06-30": "$654", "2015-03-31": "$619", "2014-12-31": "$627", "2014-09-30": "$582", "2014-06-30": "$595", "2014-03-31": "$552", "2013-12-31": "$559", "2013-09-30": "$536", "2013-06-30": "$549", "2013-03-31": "$510", "2012-12-31": "$524", "2012-09-30": "$462", "2012-06-30": "$484", "2012-03-31": "$469", "2011-12-31": "$476", "2011-09-30": "$412", "2011-06-30": "$405", "2011-03-31": "$417", "2010-12-31": "$370", "2010-09-30": "$377", "2010-06-30": "$375", "2010-03-31": "$367", "2009-12-31": "$362", "2009-09-30": "$502", "2009-06-30": "$499", "2009-03-31": "$482", "2008-12-31": "$509", "2008-09-30": "$603", "2008-06-30": "$622", "2008-03-31": "$571", "2007-12-31": "$570", "2007-09-30": "$554", "2007-06-30": "$612", "2007-03-31": "$577", "2006-12-31": "$544", "2006-09-30": "$564", "2006-06-30": "$595", "2006-03-31": "$459", "2005-12-31": "$434", "2005-09-30": "$408", "2005-06-30": "$438", "2005-03-31": "$409"}}, "gross-profit": {"A O Smith Annual Gross Profit (Millions of US $)": {"2020": "$1,108", "2019": "$1,181", "2018": "$1,306", "2017": "$1,232", "2016": "$1,114", "2015": "$1,010", "2014": "$859", "2013": "$774", "2012": "$652", "2011": "$513", "2010": "$446", "2009": "$395", "2008": "$374", "2007": "$513", "2006": "$464", "2005": "$352"}, "A O Smith Quarterly Gross Profit (Millions of US $)": {"2020-12-31": "$324", "2020-09-30": "$297", "2020-06-30": "$248", "2020-03-31": "$240", "2019-12-31": "$295", "2019-09-30": "$284", "2019-06-30": "$309", "2019-03-31": "$293", "2018-12-31": "$337", "2018-09-30": "$306", "2018-06-30": "$341", "2018-03-31": "$322", "2017-12-31": "$322", "2017-09-30": "$305", "2017-06-30": "$304", "2017-03-31": "$301", "2016-12-31": "$285", "2016-09-30": "$283", "2016-06-30": "$284", "2016-03-31": "$263", "2015-12-31": "$263", "2015-09-30": "$256", "2015-06-30": "$262", "2015-03-31": "$229", "2014-12-31": "$232", "2014-09-30": "$215", "2014-06-30": "$216", "2014-03-31": "$196", "2013-12-31": "$200", "2013-09-30": "$197", "2013-06-30": "$198", "2013-03-31": "$179", "2012-12-31": "$186", "2012-09-30": "$157", "2012-06-30": "$161", "2012-03-31": "$149", "2011-12-31": "$155", "2011-09-30": "$119", "2011-06-30": "$112", "2011-03-31": "$127", "2010-12-31": "$116", "2010-09-30": "$107", "2010-06-30": "$114", "2010-03-31": "$108", "2009-12-31": "$111", "2009-09-30": "$139", "2009-06-30": "$122", "2009-03-31": "$101", "2008-12-31": "$100", "2008-09-30": "$124", "2008-06-30": "$142", "2008-03-31": "$133", "2007-12-31": "$136", "2007-09-30": "$120", "2007-06-30": "$135", "2007-03-31": "$123", "2006-12-31": "$123", "2006-09-30": "$115", "2006-06-30": "$127", "2006-03-31": "$99", "2005-12-31": "$99", "2005-09-30": "$81", "2005-06-30": "$84", "2005-03-31": "$88"}}, "operating-income": {"A O Smith Annual Operating Income (Millions of US $)": {"2020": "$440", "2019": "$465", "2018": "$552", "2017": "$510", "2016": "$452", "2015": "$399", "2014": "$287", "2013": "$249", "2012": "$205", "2011": "$140", "2010": "$117", "2009": "$103", "2008": "$91", "2007": "$149", "2006": "$140", "2005": "$100"}, "A O Smith Quarterly Operating Income (Millions of US $)": {"2020-12-31": "$153", "2020-09-30": "$136", "2020-06-30": "$86", "2020-03-31": "$66", "2019-12-31": "$115", "2019-09-30": "$112", "2019-06-30": "$130", "2019-03-31": "$108", "2018-12-31": "$151", "2018-09-30": "$128", "2018-06-30": "$144", "2018-03-31": "$129", "2017-12-31": "$138", "2017-09-30": "$128", "2017-06-30": "$126", "2017-03-31": "$118", "2016-12-31": "$106", "2016-09-30": "$119", "2016-06-30": "$124", "2016-03-31": "$103", "2015-12-31": "$108", "2015-09-30": "$107", "2015-06-30": "$103", "2015-03-31": "$82", "2014-12-31": "$74", "2014-09-30": "$70", "2014-06-30": "$79", "2014-03-31": "$65", "2013-12-31": "$61", "2013-09-30": "$63", "2013-06-30": "$66", "2013-03-31": "$59", "2012-12-31": "$58", "2012-09-30": "$52", "2012-06-30": "$52", "2012-03-31": "$44", "2011-12-31": "$38", "2011-09-30": "$27", "2011-06-30": "$38", "2011-03-31": "$38", "2010-12-31": "$30", "2010-09-30": "$25", "2010-06-30": "$30", "2010-03-31": "$31", "2009-12-31": "$31", "2009-09-30": "$46", "2009-06-30": "$34", "2009-03-31": "$17", "2008-12-31": "$16", "2008-09-30": "$36", "2008-06-30": "$47", "2008-03-31": "$39", "2007-12-31": "$34", "2007-09-30": "$36", "2007-06-30": "$44", "2007-03-31": "$35", "2006-12-31": "$36", "2006-09-30": "$33", "2006-06-30": "$41", "2006-03-31": "$30", "2005-12-31": "$29", "2005-09-30": "$21", "2005-06-30": "$24", "2005-03-31": "$26"}}, "ebitda": {"A O Smith Annual EBITDA (Millions of US $)": {"2019": "$543", "2018": "$624", "2017": "$580", "2016": "$517", "2015": "$462", "2014": "$347", "2013": "$309", "2012": "$259", "2011": "$187", "2010": "$158", "2009": "$141", "2008": "$127", "2007": "$216", "2006": "$201", "2005": "$153"}, "A O Smith Quarterly EBITDA (Millions of US $)": {"2020-09-30": "$157", "2020-06-30": "$105", "2020-03-31": "$86", "2019-12-31": "$135", "2019-09-30": "$132", "2019-06-30": "$148", "2019-03-31": "$128", "2018-12-31": "$170", "2018-09-30": "$146", "2018-06-30": "$161", "2018-03-31": "$147", "2017-12-31": "$156", "2017-09-30": "$146", "2017-06-30": "$143", "2017-03-31": "$135", "2016-12-31": "$123", "2016-09-30": "$135", "2016-06-30": "$140", "2016-03-31": "$120", "2015-12-31": "$123", "2015-09-30": "$122", "2015-06-30": "$119", "2015-03-31": "$98", "2014-12-31": "$89", "2014-09-30": "$85", "2014-06-30": "$94", "2014-03-31": "$80", "2013-12-31": "$78", "2013-09-30": "$77", "2013-06-30": "$80", "2013-03-31": "$73", "2012-12-31": "$72", "2012-09-30": "$66", "2012-06-30": "$65", "2012-03-31": "$57", "2011-12-31": "$51", "2011-09-30": "$38", "2011-06-30": "$49", "2011-03-31": "$49", "2010-12-31": "$42", "2010-09-30": "$35", "2010-06-30": "$40", "2010-03-31": "$41", "2009-12-31": "$19", "2009-09-30": "$63", "2009-06-30": "$51", "2009-03-31": "$33", "2008-12-31": "$2", "2008-09-30": "$53", "2008-06-30": "$64", "2008-03-31": "$56", "2007-12-31": "$51", "2007-09-30": "$52", "2007-06-30": "$63", "2007-03-31": "$51", "2006-12-31": "$53", "2006-09-30": "$46", "2006-06-30": "$59", "2006-03-31": "$43", "2005-12-31": "$43", "2005-09-30": "$34", "2005-06-30": "$37", "2005-03-31": "$39"}}, "net-income": {"A O Smith Annual Net Income (Millions of US $)": {"2020": "$345", "2019": "$370", "2018": "$444", "2017": "$297", "2016": "$327", "2015": "$283", "2014": "$208", "2013": "$170", "2012": "$159", "2011": "$306", "2010": "$112", "2009": "$81", "2008": "$22", "2007": "$30", "2006": "$77", "2005": "$47"}, "A O Smith Quarterly Net Income (Millions of US $)": {"2020-12-31": "$120", "2020-09-30": "$105", "2020-06-30": "$68", "2020-03-31": "$52", "2019-12-31": "$91", "2019-09-30": "$87", "2019-06-30": "$102", "2019-03-31": "$89", "2018-12-31": "$126", "2018-09-30": "$105", "2018-06-30": "$115", "2018-03-31": "$99", "2017-12-31": "$23", "2017-09-30": "$94", "2017-06-30": "$92", "2017-03-31": "$88", "2016-12-31": "$83", "2016-09-30": "$83", "2016-06-30": "$87", "2016-03-31": "$74", "2015-12-31": "$80", "2015-09-30": "$74", "2015-06-30": "$71", "2015-03-31": "$58", "2014-12-31": "$53", "2014-09-30": "$51", "2014-06-30": "$57", "2014-03-31": "$47", "2013-12-31": "$42", "2013-09-30": "$46", "2013-06-30": "$42", "2013-03-31": "$39", "2012-12-31": "$39", "2012-09-30": "$37", "2012-06-30": "$35", "2012-03-31": "$48", "2011-12-31": "$32", "2011-09-30": "$182", "2011-06-30": "$50", "2011-03-31": "$41", "2010-12-31": "$32", "2010-09-30": "$32", "2010-06-30": "$17", "2010-03-31": "$31", "2009-12-31": "$23", "2009-09-30": "$35", "2009-06-30": "$21", "2009-03-31": "$3", "2008-12-31": "$0", "2008-09-30": "$6", "2008-06-30": "$10", "2008-03-31": "$22", "2007-12-31": "$-41", "2007-09-30": "$25", "2007-06-30": "$27", "2007-03-31": "$20", "2006-12-31": "$19", "2006-09-30": "$17", "2006-06-30": "$25", "2006-03-31": "$16", "2005-12-31": "$16", "2005-09-30": "$10", "2005-06-30": "$7", "2005-03-31": "$14"}}, "eps-earnings-per-share-diluted": {"A O Smith Annual EPS": {"2020": "$2.12", "2019": "$2.22", "2018": "$2.58", "2017": "$1.70", "2016": "$1.85", "2015": "$1.58", "2014": "$1.14", "2013": "$0.92", "2012": "$0.86", "2011": "$1.64", "2010": "$0.61", "2009": "$0.59", "2008": "$0.38", "2007": "$0.54", "2006": "$0.41", "2005": "$0.26"}, "A O Smith Quarterly EPS": {"2020-12-31": "$0.74", "2020-09-30": "$0.65", "2020-06-30": "$0.42", "2020-03-31": "$0.32", "2019-12-31": "$0.55", "2019-09-30": "$0.53", "2019-06-30": "$0.61", "2019-03-31": "$0.53", "2018-12-31": "$0.74", "2018-09-30": "$0.61", "2018-06-30": "$0.66", "2018-03-31": "$0.57", "2017-12-31": "$0.13", "2017-09-30": "$0.54", "2017-06-30": "$0.53", "2017-03-31": "$0.50", "2016-12-31": "$0.48", "2016-09-30": "$0.47", "2016-06-30": "$0.49", "2016-03-31": "$0.41", "2015-12-31": "$0.45", "2015-09-30": "$0.41", "2015-06-30": "$0.40", "2015-03-31": "$0.33", "2014-12-31": "$0.29", "2014-09-30": "$0.28", "2014-06-30": "$0.32", "2014-03-31": "$0.26", "2013-12-31": "$0.23", "2013-09-30": "$0.25", "2013-06-30": "$0.23", "2013-03-31": "$0.21", "2012-12-31": "$0.34", "2012-09-30": "$0.20", "2012-06-30": "$0.19", "2012-03-31": "$0.13", "2011-12-31": "$0.17", "2011-09-30": "$0.98", "2011-06-30": "$0.27", "2011-03-31": "$0.22", "2010-12-31": "$0.18", "2010-09-30": "$0.17", "2010-06-30": "$0.09", "2010-03-31": "$0.17", "2009-12-31": "$0.13", "2009-09-30": "$0.19", "2009-06-30": "$0.14", "2009-03-31": "$0.05", "2008-12-31": "$0.00", "2008-09-30": "$0.10", "2008-06-30": "$0.17", "2008-03-31": "$0.12", "2007-12-31": "$0.15", "2007-09-30": "$0.13", "2007-06-30": "$0.15", "2007-03-31": "$0.11", "2006-12-31": "$0.10", "2006-09-30": "$0.09", "2006-06-30": "$0.14", "2006-03-31": "$0.08", "2005-12-31": "$0.09", "2005-09-30": "$0.05", "2005-06-30": "$0.04", "2005-03-31": "$0.08"}}, "shares-outstanding": {"A O Smith Annual Shares Outstanding (Millions of Shares)": {"2020": "163", "2019": "167", "2018": "172", "2017": "175", "2016": "177", "2015": "179", "2014": "182", "2013": "186", "2012": "186", "2011": "186", "2010": "185", "2009": "138", "2008": "57", "2007": "57", "2006": "186", "2005": "182"}, "A O Smith Quarterly Shares Outstanding (Millions of Shares)": {"2020-12-31": "163", "2020-09-30": "162", "2020-06-30": "162", "2020-03-31": "163", "2019-12-31": "167", "2019-09-30": "166", "2019-06-30": "168", "2019-03-31": "169", "2018-12-31": "172", "2018-09-30": "172", "2018-06-30": "173", "2018-03-31": "173", "2017-12-31": "175", "2017-09-30": "174", "2017-06-30": "175", "2017-03-31": "175", "2016-12-31": "177", "2016-09-30": "177", "2016-06-30": "177", "2016-03-31": "178", "2015-12-31": "179", "2015-09-30": "179", "2015-06-30": "180", "2015-03-31": "180", "2014-12-31": "182", "2014-09-30": "181", "2014-06-30": "182", "2014-03-31": "184", "2013-12-31": "186", "2013-09-30": "185", "2013-06-30": "186", "2013-03-31": "186", "2012-12-31": "186", "2012-09-30": "186", "2012-06-30": "186", "2012-03-31": "372", "2011-12-31": "186", "2011-09-30": "187", "2011-06-30": "187", "2011-03-31": "186", "2010-12-31": "185", "2010-09-30": "185", "2010-06-30": "184", "2010-03-31": "184", "2009-12-31": "183", "2009-09-30": "182", "2009-06-30": "151", "2009-03-31": "57", "2008-12-31": "57", "2008-09-30": "57", "2008-06-30": "57", "2008-03-31": "181", "2007-12-31": "57", "2007-09-30": "187", "2007-06-30": "186", "2007-03-31": "186", "2006-12-31": "186", "2006-09-30": "186", "2006-06-30": "186", "2006-03-31": "186", "2005-12-31": "182", "2005-09-30": "182", "2005-06-30": "181", "2005-03-31": "180"}}, "total-assets": {"A O Smith Annual Total Assets (Millions of US $)": {"2019": "$3,058", "2018": "$3,072", "2017": "$3,197", "2016": "$2,891", "2015": "$2,629", "2014": "$2,515", "2013": "$2,392", "2012": "$2,279", "2011": "$2,349", "2010": "$2,111", "2009": "$1,975", "2008": "$1,929", "2007": "$1,854", "2006": "$1,840", "2005": "$1,293"}, "A O Smith Quarterly Total Assets (Millions of US $)": {"2020-09-30": "$2,971", "2020-06-30": "$2,984", "2020-03-31": "$2,983", "2019-12-31": "$3,058", "2019-09-30": "$3,068", "2019-06-30": "$3,176", "2019-03-31": "$3,144", "2018-12-31": "$3,072", "2018-09-30": "$3,025", "2018-06-30": "$3,085", "2018-03-31": "$3,107", "2017-12-31": "$3,197", "2017-09-30": "$3,105", "2017-06-30": "$2,984", "2017-03-31": "$2,940", "2016-12-31": "$2,891", "2016-09-30": "$2,824", "2016-06-30": "$2,672", "2016-03-31": "$2,651", "2015-12-31": "$2,629", "2015-09-30": "$2,600", "2015-06-30": "$2,590", "2015-03-31": "$2,565", "2014-12-31": "$2,515", "2014-09-30": "$2,487", "2014-06-30": "$2,431", "2014-03-31": "$2,381", "2013-12-31": "$2,392", "2013-09-30": "$2,349", "2013-06-30": "$2,295", "2013-03-31": "$2,267", "2012-12-31": "$2,279", "2012-09-30": "$2,235", "2012-06-30": "$2,192", "2012-03-31": "$2,250", "2011-12-31": "$2,349", "2011-09-30": "$2,359", "2011-06-30": "$2,143", "2011-03-31": "$2,205", "2010-12-31": "$2,111", "2010-09-30": "$2,007", "2010-06-30": "$1,967", "2010-03-31": "$1,959", "2009-12-31": "$1,975", "2009-09-30": "$1,792", "2009-06-30": "$1,792", "2009-03-31": "$1,820", "2008-12-31": "$1,929", "2008-09-30": "$1,872", "2008-06-30": "$1,904", "2008-03-31": "$1,888", "2007-12-31": "$1,854", "2007-09-30": "$1,873", "2007-06-30": "$1,910", "2007-03-31": "$1,882", "2006-12-31": "$1,840", "2006-09-30": "$1,896", "2006-06-30": "$1,921", "2006-03-31": "$1,365", "2005-12-31": "$1,293", "2005-09-30": "$1,270", "2005-06-30": "$1,273", "2005-03-31": "$1,330"}}, "cash-on-hand": {"A O Smith Annual Cash on Hand (Millions of US $)": {"2019": "$551", "2018": "$645", "2017": "$820", "2016": "$755", "2015": "$645", "2014": "$542", "2013": "$486", "2012": "$463", "2011": "$626", "2010": "$119", "2009": "$76", "2008": "$35", "2007": "$37", "2006": "$26", "2005": "$24"}, "A O Smith Quarterly Cash on Hand (Millions of US $)": {"2020-09-30": "$509", "2020-06-30": "$569", "2020-03-31": "$552", "2019-12-31": "$551", "2019-09-30": "$514", "2019-06-30": "$578", "2019-03-31": "$633", "2018-12-31": "$645", "2018-09-30": "$618", "2018-06-30": "$658", "2018-03-31": "$680", "2017-12-31": "$820", "2017-09-30": "$768", "2017-06-30": "$741", "2017-03-31": "$722", "2016-12-31": "$755", "2016-09-30": "$679", "2016-06-30": "$667", "2016-03-31": "$641", "2015-12-31": "$645", "2015-09-30": "$606", "2015-06-30": "$552", "2015-03-31": "$575", "2014-12-31": "$542", "2014-09-30": "$524", "2014-06-30": "$497", "2014-03-31": "$473", "2013-12-31": "$486", "2013-09-30": "$477", "2013-06-30": "$464", "2013-03-31": "$451", "2012-12-31": "$463", "2012-09-30": "$482", "2012-06-30": "$440", "2012-03-31": "$428", "2011-12-31": "$626", "2011-09-30": "$595", "2011-06-30": "$108", "2011-03-31": "$124", "2010-12-31": "$119", "2010-09-30": "$109", "2010-06-30": "$94", "2010-03-31": "$80", "2009-12-31": "$76", "2009-09-30": "$69", "2009-06-30": "$54", "2009-03-31": "$45", "2008-12-31": "$35", "2008-09-30": "$28", "2008-06-30": "$25", "2008-03-31": "$47", "2007-12-31": "$37", "2007-09-30": "$36", "2007-06-30": "$30", "2007-03-31": "$21", "2006-12-31": "$26", "2006-09-30": "$32", "2006-06-30": "$45", "2006-03-31": "$37", "2005-12-31": "$24", "2005-09-30": "$53", "2005-06-30": "$12", "2005-03-31": "$10"}}, "long-term-debt": {"A O Smith Annual Long Term Debt (Millions of US $)": {"2019": "$277", "2018": "$221", "2017": "$403", "2016": "$316", "2015": "$236", "2014": "$210", "2013": "$178", "2012": "$225", "2011": "$443", "2010": "$242", "2009": "$232", "2008": "$317", "2007": "$380", "2006": "$432", "2005": "$162"}, "A O Smith Quarterly Long Term Debt (Millions of US $)": {"2020-09-30": "$107", "2020-06-30": "$274", "2020-03-31": "$336", "2019-12-31": "$277", "2019-09-30": "$312", "2019-06-30": "$352", "2019-03-31": "$278", "2018-12-31": "$221", "2018-09-30": "$193", "2018-06-30": "$245", "2018-03-31": "$286", "2017-12-31": "$403", "2017-09-30": "$442", "2017-06-30": "$368", "2017-03-31": "$362", "2016-12-31": "$316", "2016-09-30": "$329", "2016-06-30": "$275", "2016-03-31": "$274", "2015-12-31": "$236", "2015-09-30": "$248", "2015-06-30": "$266", "2015-03-31": "$255", "2014-12-31": "$210", "2014-09-30": "$241", "2014-06-30": "$236", "2014-03-31": "$213", "2013-12-31": "$178", "2013-09-30": "$213", "2013-06-30": "$201", "2013-03-31": "$211", "2012-12-31": "$225", "2012-09-30": "$261", "2012-06-30": "$266", "2012-03-31": "$301", "2011-12-31": "$443", "2011-09-30": "$376", "2011-06-30": "$357", "2011-03-31": "$321", "2010-12-31": "$242", "2010-09-30": "$98", "2010-06-30": "$99", "2010-03-31": "$116", "2009-12-31": "$232", "2009-09-30": "$211", "2009-06-30": "$272", "2009-03-31": "$334", "2008-12-31": "$317", "2008-09-30": "$329", "2008-06-30": "$367", "2008-03-31": "$418", "2007-12-31": "$380", "2007-09-30": "$417", "2007-06-30": "$447", "2007-03-31": "$460", "2006-12-31": "$432", "2006-09-30": "$492", "2006-06-30": "$504", "2006-03-31": "$192", "2005-12-31": "$162", "2005-09-30": "$198", "2005-06-30": "$226", "2005-03-31": "$257"}}, "total-liabilities": {"A O Smith Annual Total Liabilities (Millions of US $)": {"2019": "$1,391", "2018": "$1,355", "2017": "$1,553", "2016": "$1,376", "2015": "$1,187", "2014": "$1,134", "2013": "$1,063", "2012": "$1,085", "2011": "$1,263", "2010": "$1,229", "2009": "$1,185", "2008": "$1,253", "2007": "$1,097", "2006": "$1,155", "2005": "$680"}, "A O Smith Quarterly Total Liabilities (Millions of US $)": {"2020-09-30": "$1,224", "2020-06-30": "$1,326", "2020-03-31": "$1,367", "2019-12-31": "$1,391", "2019-09-30": "$1,412", "2019-06-30": "$1,451", "2019-03-31": "$1,394", "2018-12-31": "$1,355", "2018-09-30": "$1,269", "2018-06-30": "$1,355", "2018-03-31": "$1,399", "2017-12-31": "$1,553", "2017-09-30": "$1,439", "2017-06-30": "$1,370", "2017-03-31": "$1,374", "2016-12-31": "$1,376", "2016-09-30": "$1,299", "2016-06-30": "$1,192", "2016-03-31": "$1,172", "2015-12-31": "$1,187", "2015-09-30": "$1,178", "2015-06-30": "$1,153", "2015-03-31": "$1,160", "2014-12-31": "$1,134", "2014-09-30": "$1,112", "2014-06-30": "$1,074", "2014-03-31": "$1,038", "2013-12-31": "$1,063", "2013-09-30": "$1,096", "2013-06-30": "$1,039", "2013-03-31": "$1,031", "2012-12-31": "$1,085", "2012-09-30": "$1,044", "2012-06-30": "$1,034", "2012-03-31": "$1,110", "2011-12-31": "$1,263", "2011-09-30": "$1,235", "2011-06-30": "$1,173", "2011-03-31": "$1,283", "2010-12-31": "$1,229", "2010-09-30": "$1,145", "2010-06-30": "$1,143", "2010-03-31": "$1,139", "2009-12-31": "$1,185", "2009-09-30": "$1,045", "2009-06-30": "$1,088", "2009-03-31": "$1,158", "2008-12-31": "$1,253", "2008-09-30": "$1,050", "2008-06-30": "$1,083", "2008-03-31": "$1,095", "2007-12-31": "$1,097", "2007-09-30": "$1,133", "2007-06-30": "$1,186", "2007-03-31": "$1,176", "2006-12-31": "$1,155", "2006-09-30": "$1,228", "2006-06-30": "$1,259", "2006-03-31": "$733", "2005-12-31": "$680", "2005-09-30": "$654", "2005-06-30": "$666", "2005-03-31": "$729"}}, "total-share-holder-equity": {"A O Smith Annual Share Holder Equity (Millions of US $)": {"2019": "$1,667", "2018": "$1,717", "2017": "$1,645", "2016": "$1,515", "2015": "$1,442", "2014": "$1,381", "2013": "$1,329", "2012": "$1,194", "2011": "$1,086", "2010": "$881", "2009": "$790", "2008": "$676", "2007": "$758", "2006": "$685", "2005": "$613"}, "A O Smith Quarterly Share Holder Equity (Millions of US $)": {"2020-09-30": "$1,747", "2020-06-30": "$1,658", "2020-03-31": "$1,616", "2019-12-31": "$1,667", "2019-09-30": "$1,656", "2019-06-30": "$1,725", "2019-03-31": "$1,749", "2018-12-31": "$1,717", "2018-09-30": "$1,756", "2018-06-30": "$1,730", "2018-03-31": "$1,708", "2017-12-31": "$1,645", "2017-09-30": "$1,666", "2017-06-30": "$1,614", "2017-03-31": "$1,566", "2016-12-31": "$1,515", "2016-09-30": "$1,526", "2016-06-30": "$1,481", "2016-03-31": "$1,479", "2015-12-31": "$1,442", "2015-09-30": "$1,422", "2015-06-30": "$1,437", "2015-03-31": "$1,405", "2014-12-31": "$1,381", "2014-09-30": "$1,375", "2014-06-30": "$1,357", "2014-03-31": "$1,343", "2013-12-31": "$1,329", "2013-09-30": "$1,253", "2013-06-30": "$1,257", "2013-03-31": "$1,236", "2012-12-31": "$1,194", "2012-09-30": "$1,191", "2012-06-30": "$1,158", "2012-03-31": "$1,141", "2011-12-31": "$1,086", "2011-09-30": "$1,124", "2011-06-30": "$970", "2011-03-31": "$922", "2010-12-31": "$881", "2010-09-30": "$862", "2010-06-30": "$825", "2010-03-31": "$821", "2009-12-31": "$790", "2009-09-30": "$747", "2009-06-30": "$704", "2009-03-31": "$662", "2008-12-31": "$676", "2008-09-30": "$823", "2008-06-30": "$820", "2008-03-31": "$792", "2007-12-31": "$758", "2007-09-30": "$740", "2007-06-30": "$725", "2007-03-31": "$706", "2006-12-31": "$685", "2006-09-30": "$668", "2006-06-30": "$662", "2006-03-31": "$632", "2005-12-31": "$613", "2005-09-30": "$616", "2005-06-30": "$607", "2005-03-31": "$601"}}, "profit-margins": {"current": "11.91%"}, "gross margin": {"2020-12-31": "38.29%", "2020-09-30": "38.41%", "2020-06-30": "38.38%", "2020-03-31": "39.15%", "2019-12-31": "39.47%", "2019-09-30": "40.06%", "2019-06-30": "40.44%", "2019-03-31": "40.58%", "2018-12-31": "40.98%", "2018-09-30": "41.06%", "2018-06-30": "41.08%", "2018-03-31": "41.15%", "2017-12-31": "41.11%", "2017-09-30": "40.81%", "2017-06-30": "40.98%", "2017-03-31": "41.31%", "2016-12-31": "41.47%", "2016-09-30": "41.61%", "2016-06-30": "41.51%", "2016-03-31": "40.86%", "2015-12-31": "39.81%", "2015-09-30": "38.77%", "2015-06-30": "37.79%", "2015-03-31": "36.81%", "2014-12-31": "36.46%", "2014-09-30": "36.15%", "2014-06-30": "36.08%", "2014-03-31": "36.02%", "2013-12-31": "35.93%", "2013-09-30": "35.87%", "2013-06-30": "35.21%", "2013-03-31": "34.49%", "2012-12-31": "33.68%", "2012-09-30": "32.89%", "2012-06-30": "31.72%", "2012-03-31": "30.36%", "2011-12-31": "30.00%", "2011-09-30": "29.55%", "2011-06-30": "29.45%", "2011-03-31": "30.15%", "2010-12-31": "29.89%", "2010-09-30": "29.71%", "2010-06-30": "29.39%", "2010-03-31": "27.75%", "2009-12-31": "25.64%", "2009-09-30": "23.19%", "2009-06-30": "21.36%", "2009-03-31": "21.07%", "2008-12-31": "21.65%", "2008-09-30": "22.61%", "2008-06-30": "22.92%", "2008-03-31": "22.71%", "2007-12-31": "22.22%", "2007-09-30": "21.91%", "2007-06-30": "21.59%", "2007-03-31": "21.40%", "2006-12-31": "21.46%", "2006-09-30": "21.44%", "2006-06-30": "21.41%", "2006-03-31": "20.87%", "2005-12-31": "20.84%"}, "operating margin": {"2020-12-31": "15.23%", "2020-09-30": "14.33%", "2020-06-30": "13.63%", "2020-03-31": "14.68%", "2019-12-31": "15.54%", "2019-09-30": "16.41%", "2019-06-30": "16.79%", "2019-03-31": "16.87%", "2018-12-31": "17.32%", "2018-09-30": "17.14%", "2018-06-30": "17.17%", "2018-03-31": "17.11%", "2017-12-31": "17.02%", "2017-09-30": "16.34%", "2017-06-30": "16.40%", "2017-03-31": "16.74%", "2016-12-31": "16.83%", "2016-09-30": "17.28%", "2016-06-30": "17.21%", "2016-03-31": "16.48%", "2015-12-31": "15.77%", "2015-09-30": "14.50%", "2015-06-30": "13.26%", "2015-03-31": "12.59%", "2014-12-31": "12.22%", "2014-09-30": "12.02%", "2014-06-30": "11.95%", "2014-03-31": "11.61%", "2013-12-31": "11.56%", "2013-09-30": "11.61%", "2013-06-30": "11.49%", "2013-03-31": "11.16%", "2012-12-31": "10.62%", "2012-09-30": "9.84%", "2012-06-30": "8.75%", "2012-03-31": "8.34%", "2011-12-31": "8.25%", "2011-09-30": "8.29%", "2011-06-30": "8.35%", "2011-03-31": "7.99%", "2010-12-31": "7.79%", "2010-09-30": "7.90%", "2010-06-30": "8.59%", "2010-03-31": "8.21%", "2009-12-31": "6.94%", "2009-09-30": "5.67%", "2009-06-30": "4.92%", "2009-03-31": "5.23%", "2008-12-31": "5.99%", "2008-09-30": "6.59%", "2008-06-30": "6.73%", "2008-03-31": "6.63%", "2007-12-31": "6.44%", "2007-09-30": "6.60%", "2007-06-30": "6.44%", "2007-03-31": "6.36%", "2006-12-31": "6.48%", "2006-09-30": "6.48%", "2006-06-30": "6.38%", "2006-03-31": "5.98%", "2005-12-31": "5.92%"}, "ebitda margin": {"2020-09-30": "17.18%", "2020-06-30": "16.47%", "2020-03-31": "17.39%", "2019-12-31": "18.15%", "2019-09-30": "18.93%", "2019-06-30": "19.23%", "2019-03-31": "19.22%", "2018-12-31": "19.58%", "2018-09-30": "19.40%", "2018-06-30": "19.43%", "2018-03-31": "19.44%", "2017-12-31": "19.35%", "2017-09-30": "18.69%", "2017-06-30": "18.74%", "2017-03-31": "19.11%", "2016-12-31": "19.29%", "2016-09-30": "19.72%", "2016-06-30": "19.67%", "2016-03-31": "18.94%", "2015-12-31": "18.21%", "2015-09-30": "16.95%", "2015-06-30": "15.75%", "2015-03-31": "15.11%", "2014-12-31": "14.77%", "2014-09-30": "14.73%", "2014-06-30": "14.67%", "2014-03-31": "14.34%", "2013-12-31": "14.30%", "2013-09-30": "14.25%", "2013-06-30": "14.23%", "2013-03-31": "13.94%", "2012-12-31": "13.41%", "2012-09-30": "12.64%", "2012-06-30": "11.46%", "2012-03-31": "11.07%", "2011-12-31": "10.94%", "2011-09-30": "11.10%", "2011-06-30": "11.15%", "2011-03-31": "10.79%", "2010-12-31": "10.61%", "2010-09-30": "9.12%", "2010-06-30": "10.15%", "2010-03-31": "10.06%", "2009-12-31": "9.00%", "2009-09-30": "7.48%", "2009-06-30": "6.64%", "2009-03-31": "6.86%", "2008-12-31": "7.59%", "2008-09-30": "9.47%", "2008-06-30": "9.62%", "2008-03-31": "9.62%", "2007-12-31": "9.38%", "2007-09-30": "9.58%", "2007-06-30": "9.27%", "2007-03-31": "9.17%", "2006-12-31": "9.30%", "2006-09-30": "9.31%", "2006-06-30": "9.44%", "2006-03-31": "9.03%", "2005-12-31": "9.06%"}, "pre tax profit margin": {"2020-12-31": "15.33%", "2020-09-30": "14.51%", "2020-06-30": "13.81%", "2020-03-31": "14.89%", "2019-12-31": "15.81%", "2019-09-30": "16.77%", "2019-06-30": "17.25%", "2019-03-31": "17.32%", "2018-12-31": "17.51%", "2018-09-30": "17.30%", "2018-06-30": "17.32%", "2018-03-31": "17.27%", "2017-12-31": "17.38%", "2017-09-30": "16.95%", "2017-06-30": "16.85%", "2017-03-31": "17.14%", "2016-12-31": "17.20%", "2016-09-30": "17.32%", "2016-06-30": "17.29%", "2016-03-31": "16.56%", "2015-12-31": "15.85%", "2015-09-30": "14.53%", "2015-06-30": "13.26%", "2015-03-31": "12.59%", "2014-12-31": "12.18%", "2014-09-30": "11.80%", "2014-06-30": "11.69%", "2014-03-31": "11.11%", "2013-12-31": "10.96%", "2013-09-30": "11.33%", "2013-06-30": "11.30%", "2013-03-31": "11.16%", "2012-12-31": "12.07%", "2012-09-30": "11.63%", "2012-06-30": "11.30%", "2012-03-31": "11.24%", "2011-12-31": "9.47%", "2011-09-30": "8.98%", "2011-06-30": "8.09%", "2011-03-31": "5.13%", "2010-12-31": "4.97%", "2010-09-30": "4.93%", "2010-06-30": "5.98%", "2010-03-31": "7.69%", "2009-12-31": "6.23%", "2009-09-30": "4.77%", "2009-06-30": "3.68%", "2009-03-31": "3.97%", "2008-12-31": "4.64%", "2008-09-30": "4.44%", "2008-06-30": "4.57%", "2008-03-31": "4.38%", "2007-12-31": "4.19%", "2007-09-30": "5.07%", "2007-06-30": "4.75%", "2007-03-31": "4.78%", "2006-12-31": "4.86%", "2006-09-30": "4.97%", "2006-06-30": "4.96%", "2006-03-31": "3.97%", "2005-12-31": "4.03%"}, "net profit margin": {"2020-12-31": "11.91%", "2020-09-30": "11.24%", "2020-06-30": "10.72%", "2020-03-31": "11.52%", "2019-12-31": "12.33%", "2019-09-30": "13.23%", "2019-06-30": "13.71%", "2019-03-31": "13.82%", "2018-12-31": "13.96%", "2018-09-30": "10.88%", "2018-06-30": "10.54%", "2018-03-31": "10.11%", "2017-12-31": "9.91%", "2017-09-30": "12.20%", "2017-06-30": "12.10%", "2017-03-31": "12.23%", "2016-12-31": "12.17%", "2016-09-30": "12.33%", "2016-06-30": "12.27%", "2016-03-31": "11.70%", "2015-12-31": "11.15%", "2015-09-30": "10.14%", "2015-06-30": "9.39%", "2015-03-31": "9.04%", "2014-12-31": "8.83%", "2014-09-30": "8.61%", "2014-06-30": "8.56%", "2014-03-31": "8.06%", "2013-12-31": "7.85%", "2013-09-30": "7.83%", "2013-06-30": "7.68%", "2013-03-31": "7.58%", "2012-12-31": "8.20%", "2012-09-30": "8.04%", "2012-06-30": "16.13%", "2012-03-31": "17.71%", "2011-12-31": "17.84%", "2011-09-30": "19.01%", "2011-06-30": "9.88%", "2011-03-31": "7.93%", "2010-12-31": "7.52%", "2010-09-30": "6.95%", "2010-06-30": "6.60%", "2010-03-31": "6.36%", "2009-12-31": "4.44%", "2009-09-30": "2.96%", "2009-06-30": "1.43%", "2009-03-31": "0.86%", "2008-12-31": "1.65%", "2008-09-30": "-0.13%", "2008-06-30": "0.69%", "2008-03-31": "1.43%", "2007-12-31": "1.34%", "2007-09-30": "3.98%", "2007-06-30": "3.61%", "2007-03-31": "3.55%", "2006-12-31": "3.56%", "2006-09-30": "3.61%", "2006-06-30": "3.53%", "2006-03-31": "2.82%", "2005-12-31": "2.78%"}, "pe ratio": {"current": "28.26", "2021-02-11": "43.95", "2020-12-31": "39.26", "2020-09-30": "26.82", "2020-06-30": "25.38", "2020-03-31": "18.35", "2019-12-31": "20.83", "2019-09-30": "19.21", "2019-06-30": "18.29", "2019-03-31": "20.19", "2018-12-31": "15.85", "2018-09-30": "25.82", "2018-06-30": "29.58", "2018-03-31": "34.03", "2017-12-31": "34.05", "2017-09-30": "27.46", "2017-06-30": "26.88", "2017-03-31": "24.85", "2016-12-31": "23.99", "2016-09-30": "25.24", "2016-06-30": "23.21", "2016-03-31": "21.18", "2015-12-31": "22.40", "2015-09-30": "21.08", "2015-06-30": "25.55", "2015-03-31": "24.76", "2014-12-31": "22.51", "2014-09-30": "19.94", "2014-06-30": "21.44", "2014-03-31": "21.70", "2013-12-31": "26.60", "2013-09-30": "22.67", "2013-06-30": "19.27", "2013-03-31": "20.38", "2012-12-31": "16.50", "2012-09-30": "15.74", "2012-06-30": "6.80", "2012-03-31": "5.92", "2011-12-31": "5.38", "2011-09-30": "4.28", "2011-06-30": "11.04", "2011-03-31": "14.70", "2010-12-31": "13.66", "2010-09-30": "15.04", "2010-06-30": "12.12", "2010-03-31": "12.60", "2009-12-31": "12.97", "2009-09-30": "13.86", "2009-06-30": "14.53", "2009-03-31": "9.41", "2008-12-31": "9.24", "2008-09-30": "10.88", "2008-06-30": "8.82", "2008-03-31": "9.37", "2007-12-31": "10.27", "2007-09-30": "12.55", "2007-06-30": "12.41", "2007-03-31": "12.13", "2006-12-31": "12.51"}, "price sales": {"2021-02-10": "3.44", "2020-12-31": "3.06", "2020-09-30": "3.04", "2020-06-30": "2.75", "2020-03-31": "2.13", "2019-12-31": "2.60", "2019-09-30": "2.56", "2019-06-30": "2.52", "2019-03-31": "2.80", "2018-12-31": "2.21", "2018-09-30": "2.80", "2018-06-30": "3.11", "2018-03-31": "3.45", "2017-12-31": "3.38", "2017-09-30": "3.36", "2017-06-30": "3.26", "2017-03-31": "3.03", "2016-12-31": "2.92", "2016-09-30": "3.11", "2016-06-30": "2.84", "2016-03-31": "2.48", "2015-12-31": "2.50", "2015-09-30": "2.14", "2015-06-30": "2.41", "2015-03-31": "2.25", "2014-12-31": "1.99", "2014-09-30": "1.72", "2014-06-30": "1.85", "2014-03-31": "1.76", "2013-12-31": "2.10", "2013-09-30": "1.79", "2013-06-30": "1.48", "2013-03-31": "1.55", "2012-12-31": "1.54", "2012-09-30": "1.44", "2012-06-30": "1.26", "2012-03-31": "1.21", "2011-12-31": "0.96", "2011-09-30": "0.81", "2011-06-30": "1.09", "2011-03-31": "1.16", "2010-12-31": "1.02", "2010-09-30": "1.04", "2010-06-30": "0.79", "2010-03-31": "0.75", "2009-12-31": "0.38", "2009-09-30": "0.23", "2009-06-30": "0.15", "2009-03-31": "0.09", "2008-12-31": "0.12", "2008-09-30": "0.16", "2008-06-30": "0.17", "2008-03-31": "0.24", "2007-12-31": "0.25", "2007-09-30": "0.49", "2007-06-30": "0.45", "2007-03-31": "0.43", "2006-12-31": "0.44"}, "price book": {"current": "5.36", "2021-02-11": "5.65", "2020-09-30": "4.83", "2020-06-30": "4.52", "2020-03-31": "3.70", "2019-12-31": "4.52", "2019-09-30": "4.56", "2019-06-30": "4.34", "2019-03-31": "4.90", "2018-12-31": "4.00", "2018-09-30": "4.92", "2018-06-30": "5.54", "2018-03-31": "6.03", "2017-12-31": "6.04", "2017-09-30": "5.78", "2017-06-30": "5.66", "2017-03-31": "5.30", "2016-12-31": "5.07", "2016-09-30": "5.25", "2016-06-30": "4.83", "2016-03-31": "4.19", "2015-12-31": "4.32", "2015-09-30": "3.72", "2015-06-30": "4.09", "2015-03-31": "3.82", "2014-12-31": "3.34", "2014-09-30": "2.80", "2014-06-30": "2.99", "2014-03-31": "2.81", "2013-12-31": "3.34", "2013-09-30": "2.96", "2013-06-30": "2.40", "2013-03-31": "2.47", "2012-12-31": "2.18", "2012-09-30": "1.98", "2012-06-30": "1.73", "2012-03-31": "1.61", "2011-12-31": "1.49", "2011-09-30": "1.16", "2011-06-30": "1.76", "2011-03-31": "1.93", "2010-12-31": "1.72", "2010-09-30": "1.77", "2010-06-30": "1.54", "2010-03-31": "1.68", "2009-12-31": "1.44", "2009-09-30": "1.32", "2009-06-30": "1.19", "2009-03-31": "0.98", "2008-12-31": "1.11", "2008-09-30": "1.21", "2008-06-30": "1.01", "2008-03-31": "1.04", "2007-12-31": "1.16", "2007-09-30": "1.52", "2007-06-30": "1.40", "2007-03-31": "1.38", "2006-12-31": "1.38", "2006-09-30": "1.48", "2006-06-30": "1.76", "2006-03-31": "2.09"}, "price fcf": {"2021-02-11": "", "2020-09-30": "$2.77", "2020-06-30": "$2.67", "2020-03-31": "$2.60", "2019-12-31": "$2.35", "2019-09-30": "$2.16", "2019-06-30": "$1.98", "2019-03-31": "$1.97", "2018-12-31": "$2.11", "2018-09-30": "$2.19", "2018-06-30": "$1.89", "2018-03-31": "$1.64", "2017-12-31": "$1.33", "2017-09-30": "$1.39", "2017-06-30": "$1.62", "2017-03-31": "$1.87", "2016-12-31": "$2.07", "2016-09-30": "$1.69", "2016-06-30": "$2.05", "2016-03-31": "$1.68", "2015-12-31": "$1.56", "2015-09-30": "$1.47", "2015-06-30": "$0.93", "2015-03-31": "$0.97", "2014-12-31": "$0.98", "2014-09-30": "$0.86", "2014-06-30": "$0.84", "2014-03-31": "$0.83", "2013-12-31": "$0.98", "2013-09-30": "$0.90", "2013-06-30": "$0.90", "2013-03-31": "$0.52", "2012-12-31": "$0.40", "2012-09-30": "$0.75", "2012-06-30": "$0.48", "2012-03-31": "$0.33", "2011-12-31": "$0.03", "2011-09-30": "$-0.35", "2011-06-30": "$-0.40", "2011-03-31": "$0.16", "2010-12-31": "$0.39", "2010-09-30": "$0.57", "2010-06-30": "$0.93", "2010-03-31": "$1.24", "2009-12-31": "$1.20", "2009-09-30": "$1.31", "2009-06-30": "$1.60", "2009-03-31": "$1.02", "2008-12-31": "$1.05", "2008-09-30": "$2.26", "2008-06-30": "$1.86", "2008-03-31": "$2.02", "2007-12-31": "$2.00", "2007-09-30": "$0.49", "2007-06-30": "$0.34", "2007-03-31": "$0.25", "2006-12-31": "$0.33"}, "net worth": {"value": "$9.9B"}, "current ratio": {"2020-12-31": "1.83", "2020-09-30": "1.78", "2020-06-30": "1.96", "2020-03-31": "2.06", "2019-12-31": "1.96", "2019-09-30": "2.06", "2019-06-30": "2.19", "2019-03-31": "2.25", "2018-12-31": "2.09", "2018-09-30": "2.16", "2018-06-30": "2.15", "2018-03-31": "2.18", "2017-12-31": "2.23", "2017-09-30": "2.32", "2017-06-30": "2.32", "2017-03-31": "2.23", "2016-12-31": "2.04", "2016-09-30": "2.21", "2016-06-30": "2.35", "2016-03-31": "2.37", "2015-12-31": "2.15", "2015-09-30": "2.27", "2015-06-30": "2.42", "2015-03-31": "2.31", "2014-12-31": "2.18", "2014-09-30": "2.21", "2014-06-30": "2.24", "2014-03-31": "2.23", "2013-12-31": "2.04", "2013-09-30": "2.18", "2013-06-30": "2.30", "2013-03-31": "2.32", "2012-12-31": "2.20", "2012-09-30": "2.35", "2012-06-30": "2.29", "2012-03-31": "2.20", "2011-12-31": "2.36", "2011-09-30": "1.98", "2011-06-30": "1.85", "2011-03-31": "1.78", "2010-12-31": "1.67", "2010-09-30": "1.28", "2010-06-30": "1.25", "2010-03-31": "1.27", "2009-12-31": "1.51", "2009-09-30": "1.57", "2009-06-30": "1.74", "2009-03-31": "1.81", "2008-12-31": "1.60", "2008-09-30": "1.65", "2008-06-30": "1.75", "2008-03-31": "1.84", "2007-12-31": "1.62", "2007-09-30": "1.80", "2007-06-30": "1.84", "2007-03-31": "1.88", "2006-12-31": "1.74", "2006-09-30": "1.86", "2006-06-30": "1.83", "2006-03-31": "1.96", "2005-12-31": "1.87", "2005-09-30": "2.08", "2005-06-30": "2.20", "2005-03-31": "2.27"}, "quick ratio": {"2020-12-31": "1.49", "2020-09-30": "1.40", "2020-06-30": "1.55", "2020-03-31": "1.62", "2019-12-31": "1.56", "2019-09-30": "1.64", "2019-06-30": "1.74", "2019-03-31": "1.82", "2018-12-31": "1.70", "2018-09-30": "1.75", "2018-06-30": "1.78", "2018-03-31": "1.80", "2017-12-31": "1.85", "2017-09-30": "1.92", "2017-06-30": "1.92", "2017-03-31": "1.87", "2016-12-31": "1.71", "2016-09-30": "1.83", "2016-06-30": "1.97", "2016-03-31": "1.99", "2015-12-31": "1.81", "2015-09-30": "1.88", "2015-06-30": "2.02", "2015-03-31": "1.94", "2014-12-31": "1.84", "2014-09-30": "1.83", "2014-06-30": "1.87", "2014-03-31": "1.87", "2013-12-31": "1.71", "2013-09-30": "1.82", "2013-06-30": "1.93", "2013-03-31": "1.96", "2012-12-31": "1.88", "2012-09-30": "1.97", "2012-06-30": "1.91", "2012-03-31": "1.86", "2011-12-31": "2.03", "2011-09-30": "1.70", "2011-06-30": "1.55", "2011-03-31": "1.49", "2010-12-31": "1.40", "2010-09-30": "0.89", "2010-06-30": "0.87", "2010-03-31": "0.89", "2009-12-31": "1.28", "2009-09-30": "1.09", "2009-06-30": "1.19", "2009-03-31": "1.17", "2008-12-31": "1.05", "2008-09-30": "1.04", "2008-06-30": "1.12", "2008-03-31": "1.20", "2007-12-31": "1.07", "2007-09-30": "1.16", "2007-06-30": "1.17", "2007-03-31": "1.18", "2006-12-31": "1.06", "2006-09-30": "1.19", "2006-06-30": "1.21", "2006-03-31": "1.23", "2005-12-31": "1.14", "2005-09-30": "1.32", "2005-06-30": "1.35", "2005-03-31": "1.32"}, "debt equity ratio": {"current": "0.06", "2020-12-31": "0.71", "2020-09-30": "0.70", "2020-06-30": "0.80", "2020-03-31": "0.85", "2019-12-31": "0.84", "2019-09-30": "0.85", "2019-06-30": "0.84", "2019-03-31": "0.80", "2018-12-31": "0.79", "2018-09-30": "0.72", "2018-06-30": "0.78", "2018-03-31": "0.82", "2017-12-31": "0.94", "2017-09-30": "0.86", "2017-06-30": "0.85", "2017-03-31": "0.88", "2016-12-31": "0.91", "2016-09-30": "0.85", "2016-06-30": "0.81", "2016-03-31": "0.79", "2015-12-31": "0.82", "2015-09-30": "0.83", "2015-06-30": "0.80", "2015-03-31": "0.83", "2014-12-31": "0.82", "2014-09-30": "0.81", "2014-06-30": "0.79", "2014-03-31": "0.77", "2013-12-31": "0.80", "2013-09-30": "0.88", "2013-06-30": "0.83", "2013-03-31": "0.84", "2012-12-31": "0.91", "2012-09-30": "0.88", "2012-06-30": "0.89", "2012-03-31": "0.97", "2011-12-31": "1.16", "2011-09-30": "1.10", "2011-06-30": "1.21", "2011-03-31": "1.39", "2010-12-31": "1.40", "2010-09-30": "1.33", "2010-06-30": "1.39", "2010-03-31": "1.39", "2009-12-31": "1.50", "2009-09-30": "1.40", "2009-06-30": "1.55", "2009-03-31": "1.75", "2008-12-31": "1.85", "2008-09-30": "1.28", "2008-06-30": "1.32", "2008-03-31": "1.38", "2007-12-31": "1.45", "2007-09-30": "1.53", "2007-06-30": "1.64", "2007-03-31": "1.67", "2006-12-31": "1.69", "2006-09-30": "1.84", "2006-06-30": "1.90", "2006-03-31": "1.16", "2005-12-31": "1.11", "2005-09-30": "1.06", "2005-06-30": "1.10", "2005-03-31": "1.21"}, "return on equity": {"2020-12-31": "20.09%", "2020-09-30": "18.90%", "2020-06-30": "18.07%", "2020-03-31": "19.93%", "2019-12-31": "21.72%", "2019-09-30": "23.60%", "2019-06-30": "24.30%", "2019-03-31": "25.03%", "2018-12-31": "25.76%", "2018-09-30": "20.00%", "2018-06-30": "19.62%", "2018-03-31": "18.57%", "2017-12-31": "18.30%", "2017-09-30": "22.45%", "2017-06-30": "22.25%", "2017-03-31": "22.40%", "2016-12-31": "21.80%", "2016-09-30": "21.86%", "2016-06-30": "21.63%", "2016-03-31": "20.69%", "2015-12-31": "19.84%", "2015-09-30": "18.14%", "2015-06-30": "16.65%", "2015-03-31": "15.88%", "2014-12-31": "15.25%", "2014-09-30": "14.58%", "2014-06-30": "14.54%", "2014-03-31": "13.66%", "2013-12-31": "13.32%", "2013-09-30": "13.44%", "2013-06-30": "12.87%", "2013-03-31": "12.55%", "2012-12-31": "13.58%", "2012-09-30": "13.29%", "2012-06-30": "26.35%", "2012-03-31": "28.88%", "2011-12-31": "29.74%", "2011-09-30": "31.31%", "2011-06-30": "17.06%", "2011-03-31": "13.98%", "2010-12-31": "13.22%", "2010-09-30": "12.49%", "2010-06-30": "13.32%", "2010-03-31": "14.37%", "2009-12-31": "11.30%", "2009-09-30": "8.46%", "2009-06-30": "4.19%", "2009-03-31": "2.55%", "2008-12-31": "4.89%", "2008-09-30": "-0.38%", "2008-06-30": "2.06%", "2008-03-31": "4.38%", "2007-12-31": "4.23%", "2007-09-30": "12.75%", "2007-06-30": "11.93%", "2007-03-31": "11.91%", "2006-12-31": "11.64%", "2006-09-30": "11.50%", "2006-06-30": "10.62%", "2006-03-31": "7.94%", "2005-12-31": "7.71%"}, "return on assets": {"2020-12-31": "11.41%", "2020-09-30": "10.54%", "2020-06-30": "9.86%", "2020-03-31": "10.81%", "2019-12-31": "11.86%", "2019-09-30": "12.97%", "2019-06-30": "13.59%", "2019-03-31": "14.12%", "2018-12-31": "14.48%", "2018-09-30": "11.02%", "2018-06-30": "10.60%", "2018-03-31": "9.94%", "2017-12-31": "9.72%", "2017-09-30": "11.98%", "2017-06-30": "11.89%", "2017-03-31": "12.04%", "2016-12-31": "11.85%", "2016-09-30": "12.03%", "2016-06-30": "11.94%", "2016-03-31": "11.42%", "2015-12-31": "10.90%", "2015-09-30": "9.97%", "2015-06-30": "9.18%", "2015-03-31": "8.76%", "2014-12-31": "8.48%", "2014-09-30": "8.13%", "2014-06-30": "8.04%", "2014-03-31": "7.52%", "2013-12-31": "7.27%", "2013-09-30": "7.23%", "2013-06-30": "6.92%", "2013-03-31": "6.69%", "2012-12-31": "7.10%", "2012-09-30": "6.74%", "2012-06-30": "12.98%", "2012-03-31": "13.71%", "2011-12-31": "13.47%", "2011-09-30": "13.84%", "2011-06-30": "7.32%", "2011-03-31": "5.89%", "2010-12-31": "5.57%", "2010-09-30": "5.21%", "2010-06-30": "5.51%", "2010-03-31": "5.85%", "2009-12-31": "4.45%", "2009-09-30": "3.22%", "2009-06-30": "1.62%", "2009-03-31": "1.01%", "2008-12-31": "2.00%", "2008-09-30": "-0.16%", "2008-06-30": "0.85%", "2008-03-31": "1.75%", "2007-12-31": "1.65%", "2007-09-30": "4.85%", "2007-06-30": "4.41%", "2007-03-31": "4.30%", "2006-12-31": "4.39%", "2006-09-30": "4.57%", "2006-06-30": "4.58%", "2006-03-31": "3.77%", "2005-12-31": "3.64%"}, "return on investments": {"2020-12-31": "22.93%", "2020-09-30": "20.98%", "2020-06-30": "19.44%", "2020-03-31": "21.30%", "2019-12-31": "23.20%", "2019-09-30": "25.02%", "2019-06-30": "25.88%", "2019-03-31": "26.92%", "2018-12-31": "28.10%", "2018-09-30": "27.06%", "2018-06-30": "26.53%", "2018-03-31": "25.63%", "2017-12-31": "25.29%", "2017-09-30": "24.36%", "2017-06-30": "24.69%", "2017-03-31": "25.34%", "2016-12-31": "25.13%", "2016-09-30": "25.79%", "2016-06-30": "25.79%", "2016-03-31": "24.75%", "2015-12-31": "23.84%", "2015-09-30": "22.10%", "2015-06-30": "20.03%", "2015-03-31": "18.89%", "2014-12-31": "18.12%", "2014-09-30": "17.54%", "2014-06-30": "17.51%", "2014-03-31": "17.04%", "2013-12-31": "16.95%", "2013-09-30": "17.00%", "2013-06-30": "16.28%", "2013-03-31": "15.40%", "2012-12-31": "14.37%", "2012-09-30": "12.73%", "2012-06-30": "10.93%", "2012-03-31": "10.14%", "2011-12-31": "10.07%", "2011-09-30": "10.24%", "2011-06-30": "11.26%", "2011-03-31": "11.58%", "2010-12-31": "11.76%", "2010-09-30": "12.18%", "2010-06-30": "14.37%", "2010-03-31": "14.59%", "2009-12-31": "12.96%", "2009-09-30": "11.52%", "2009-06-30": "10.01%", "2009-03-31": "10.72%", "2008-12-31": "12.15%", "2008-09-30": "13.31%", "2008-06-30": "13.30%", "2008-03-31": "13.09%", "2007-12-31": "12.87%", "2007-09-30": "13.10%", "2007-06-30": "12.83%", "2007-03-31": "12.59%", "2006-12-31": "13.13%", "2006-09-30": "13.56%", "2006-06-30": "13.53%", "2006-03-31": "12.82%", "2005-12-31": "12.20%"}, "return on tangible equity": {"2020-09-30": "39.69%", "2020-06-30": "38.74%", "2020-03-31": "42.48%", "2019-12-31": "44.32%", "2019-09-30": "46.72%", "2019-06-30": "46.45%", "2019-03-31": "46.84%", "2018-12-31": "48.66%", "2018-09-30": "38.36%", "2018-06-30": "38.28%", "2018-03-31": "36.64%", "2017-12-31": "36.63%", "2017-09-30": "45.48%", "2017-06-30": "45.75%", "2017-03-31": "45.79%", "2016-12-31": "43.94%", "2016-09-30": "43.33%", "2016-06-30": "42.37%", "2016-03-31": "41.06%", "2015-12-31": "40.10%", "2015-09-30": "37.41%", "2015-06-30": "34.98%", "2015-03-31": "34.23%", "2014-12-31": "33.64%", "2014-09-30": "32.85%", "2014-06-30": "34.06%", "2014-03-31": "33.10%", "2013-12-31": "33.62%", "2013-09-30": "35.68%", "2013-06-30": "35.16%", "2013-03-31": "35.84%", "2012-12-31": "40.59%", "2012-09-30": "42.05%", "2012-06-30": "86.53%", "2012-03-31": "81.30%", "2011-12-31": "73.05%", "2011-09-30": "66.96%", "2011-06-30": "37.35%", "2011-03-31": "38.70%", "2010-12-31": "49.67%", "2010-09-30": "51.18%", "2010-06-30": "54.08%", "2010-03-31": "57.82%", "2009-12-31": "46.13%", "2009-09-30": "52.56%", "2009-06-30": "23.03%", "2009-03-31": "12.16%", "2008-12-31": "20.62%", "2008-09-30": "-1.49%", "2008-06-30": "8.99%", "2008-03-31": "21.46%", "2007-12-31": "22.96%", "2007-09-30": "75.99%", "2007-06-30": "75.97%", "2007-03-31": "80.00%", "2006-12-31": "51.85%", "2006-09-30": "37.66%", "2006-06-30": "26.99%", "2006-03-31": "16.43%", "2005-12-31": "16.03%"}, "dividend yield history": {"last payout": "$1.04", "last yield": "1.70%"}}