{"ticker": "APA", "price": {"title": "Apache Historical Annual Stock Price Data", "value": 16.98, "historical": {"2021": {"Average Stock Price": "16.5200", "Year Open": "14.7700", "Year High": "18.5300", "Year Low": "14.2800", "Year Close": "16.9800", "Annual % Change": "19.66%"}, "2020": {"Average Stock Price": "14.7102", "Year Open": "25.3600", "Year High": "33.5900", "Year Low": "4.0200", "Year Close": "14.1900", "Annual % Change": "-44.55%"}, "2019": {"Average Stock Price": "27.5027", "Year Open": "27.1100", "Year High": "37.0900", "Year Low": "18.3800", "Year Close": "25.5900", "Annual % Change": "-2.51%"}, "2018": {"Average Stock Price": "40.9061", "Year Open": "44.3000", "Year High": "49.3000", "Year Low": "25.4000", "Year Close": "26.2500", "Annual % Change": "-37.83%"}, "2017": {"Average Stock Price": "47.8826", "Year Open": "63.7800", "Year High": "63.7800", "Year Low": "38.3700", "Year Close": "42.2200", "Annual % Change": "-33.48%"}, "2016": {"Average Stock Price": "53.4973", "Year Open": "44.4300", "Year High": "67.3500", "Year Low": "34.3800", "Year Close": "63.4700", "Annual % Change": "42.73%"}, "2015": {"Average Stock Price": "54.3624", "Year Open": "63.8300", "Year High": "71.4000", "Year Low": "36.2000", "Year Close": "44.4700", "Annual % Change": "-29.04%"}, "2014": {"Average Stock Price": "85.7209", "Year Open": "85.4800", "Year High": "103.4800", "Year Low": "55.2000", "Year Close": "62.6700", "Annual % Change": "-27.08%"}, "2013": {"Average Stock Price": "82.6708", "Year Open": "80.7400", "Year High": "94.4200", "Year Low": "68.8400", "Year Close": "85.9400", "Annual % Change": "9.48%"}, "2012": {"Average Stock Price": "89.4980", "Year Open": "95.9300", "Year High": "111.5700", "Year Low": "75.0700", "Year Close": "78.5000", "Annual % Change": "-13.34%"}, "2011": {"Average Stock Price": "111.1479", "Year Open": "121.0300", "Year High": "133.3700", "Year Low": "76.5000", "Year Close": "90.5800", "Annual % Change": "-24.03%"}, "2010": {"Average Stock Price": "100.2974", "Year Open": "105.8700", "Year High": "119.9200", "Year Low": "82.7500", "Year Close": "119.2300", "Annual % Change": "15.57%"}, "2009": {"Average Stock Price": "81.8756", "Year Open": "79.2600", "Year High": "105.1300", "Year Low": "51.3800", "Year Close": "103.1700", "Annual % Change": "38.43%"}, "2008": {"Average Stock Price": "107.7890", "Year Open": "110.3100", "Year High": "146.8000", "Year Low": "61.5500", "Year Close": "74.5300", "Annual % Change": "-30.70%"}, "2007": {"Average Stock Price": "82.0008", "Year Open": "64.5500", "Year High": "108.4500", "Year Low": "63.1600", "Year Close": "107.5400", "Annual % Change": "61.69%"}, "2006": {"Average Stock Price": "67.0746", "Year Open": "70.9000", "Year High": "75.5300", "Year Low": "57.2300", "Year Close": "66.5100", "Annual % Change": "-2.93%"}, "2005": {"Average Stock Price": "63.6688", "Year Open": "48.2800", "Year High": "77.2600", "Year Low": "47.7300", "Year Close": "68.5200", "Annual % Change": "35.50%"}, "2004": {"Average Stock Price": "45.0433", "Year Open": "40.2000", "Year High": "54.0600", "Year Low": "37.2300", "Year Close": "50.5700", "Annual % Change": "24.71%"}, "2003": {"Average Stock Price": "32.8605", "Year Open": "29.6500", "Year High": "41.3000", "Year Low": "28.0250", "Year Close": "40.5500", "Annual % Change": "42.31%"}, "2002": {"Average Stock Price": "27.1308", "Year Open": "24.7250", "Year High": "29.8400", "Year Low": "22.6950", "Year Close": "28.4950", "Annual % Change": "14.25%"}, "2001": {"Average Stock Price": "27.1294", "Year Open": "35.4050", "Year High": "35.4050", "Year Low": "19.3750", "Year Close": "24.9400", "Annual % Change": "-28.80%"}, "2000": {"Average Stock Price": "26.3276", "Year Open": "17.0650", "Year High": "36.5950", "Year Low": "16.3150", "Year Close": "35.0300", "Annual % Change": "89.66%"}, "1999": {"Average Stock Price": "17.0839", "Year Open": "12.0650", "Year High": "24.8150", "Year Low": "9.0650", "Year Close": "18.4700", "Annual % Change": "45.95%"}, "1998": {"Average Stock Price": "15.0641", "Year Open": "17.0300", "Year High": "18.9700", "Year Low": "10.5650", "Year Close": "12.6550", "Annual % Change": "-27.81%"}, "1997": {"Average Stock Price": "18.1127", "Year Open": "18.0000", "Year High": "22.0000", "Year Low": "15.3150", "Year Close": "17.5300", "Annual % Change": "-0.20%"}, "1996": {"Average Stock Price": "15.1441", "Year Open": "14.5000", "Year High": "18.8750", "Year Low": "12.3750", "Year Close": "17.5650", "Annual % Change": "19.08%"}, "1995": {"Average Stock Price": "13.3196", "Year Open": "12.5000", "Year High": "15.4400", "Year Low": "11.1900", "Year Close": "14.7500", "Annual % Change": "18.00%"}, "1994": {"Average Stock Price": "12.9275", "Year Open": "12.0650", "Year High": "14.5000", "Year Low": "11.3750", "Year Close": "12.5000", "Annual % Change": "6.93%"}, "1993": {"Average Stock Price": "12.8668", "Year Open": "9.2500", "Year High": "16.2500", "Year Low": "8.8150", "Year Close": "11.6900", "Annual % Change": "24.69%"}, "1992": {"Average Stock Price": "8.5103", "Year Open": "7.7500", "Year High": "10.9400", "Year Low": "6.1250", "Year Close": "9.3750", "Annual % Change": "18.07%"}, "1991": {"Average Stock Price": "7.9410", "Year Open": "7.3150", "Year High": "10.3150", "Year Low": "6.1250", "Year Close": "7.9400", "Annual % Change": "8.54%"}, "1990": {"Average Stock Price": "8.0748", "Year Open": "8.6900", "Year High": "10.1250", "Year Low": "6.8150", "Year Close": "7.3150", "Annual % Change": "-20.36%"}, "1989": {"Average Stock Price": "6.2343", "Year Open": "4.0000", "Year High": "9.1850", "Year Low": "4.0000", "Year Close": "9.1850", "Annual % Change": "133.12%"}, "1988": {"Average Stock Price": "3.8230", "Year Open": "3.9400", "Year High": "4.3750", "Year Low": "3.1250", "Year Close": "3.9400", "Annual % Change": "5.07%"}, "1987": {"Average Stock Price": "5.0944", "Year Open": "4.6900", "Year High": "6.1900", "Year Low": "3.4400", "Year Close": "3.7500", "Annual % Change": "-16.67%"}, "1986": {"Average Stock Price": "4.5534", "Year Open": "5.3150", "Year High": "5.9400", "Year Low": "3.8150", "Year Close": "4.5000", "Annual % Change": "-17.28%"}, "1985": {"Average Stock Price": "5.6136", "Year Open": "5.0650", "Year High": "6.5000", "Year Low": "4.9400", "Year Close": "5.4400", "Annual % Change": "7.40%"}, "1984": {"Average Stock Price": "6.0029", "Year Open": "5.7500", "Year High": "7.1900", "Year Low": "4.7500", "Year Close": "5.0650", "Annual % Change": "-15.58%"}, "1983": {"Average Stock Price": "6.1048", "Year Open": "5.1900", "Year High": "8.0000", "Year Low": "4.3750", "Year Close": "6.0000", "Annual % Change": "14.29%"}, "1982": {"Average Stock Price": "6.1678", "Year Open": "9.5600", "Year High": "9.5600", "Year Low": "3.9400", "Year Close": "5.2500", "Annual % Change": "-46.15%"}, "1981": {"Average Stock Price": "10.6481", "Year Open": "12.2100", "Year High": "13.8750", "Year Low": "8.7067", "Year Close": "9.7500", "Annual % Change": "-19.04%"}, "1980": {"Average Stock Price": "8.8370", "Year Open": "7.4178", "Year High": "13.7100", "Year Low": "5.4711", "Year Close": "12.0433", "Annual % Change": "55.38%"}}}, "market cap": {"value": "$6.5B"}, "income statement": {"Revenue": {"2019-12-31": "6411.00000", "2018-12-31": "7424.00000", "2017-12-31": "6423.00000", "2016-12-31": "5354.00000", "2015-12-31": "6889.00000", "2014-12-31": "11472.00000", "2013-12-31": "14438.00000", "2012-12-31": "16564.00000", "2011-12-31": "16888.00000", "2010-12-31": "12092.00000", "2009-12-31": "8615.00000", "2008-12-31": "12390.00000", "2007-12-31": "9999.75200", "2006-12-31": "8309.13100", "2005-12-31": "7584.24400"}, "Cost Of Goods Sold": {"2019-12-31": "306.00000", "2018-12-31": "348.00000", "2017-12-31": "195.00000", "2016-12-31": "200.00000", "2015-12-31": "211.00000", "2014-12-31": "273.00000", "2013-12-31": "288.00000", "2012-12-31": "295.00000", "2011-12-31": "296.00000", "2010-12-31": "178.00000", "2009-12-31": "143.00000", "2008-12-31": "157.00000", "2007-12-31": "137.40700", "2006-12-31": "120.53700", "2005-12-31": "100.26000"}, "Gross Profit": {"2019-12-31": "6105.00000", "2018-12-31": "7076.00000", "2017-12-31": "6228.00000", "2016-12-31": "5154.00000", "2015-12-31": "6678.00000", "2014-12-31": "11199.00000", "2013-12-31": "14150.00000", "2012-12-31": "16269.00000", "2011-12-31": "16592.00000", "2010-12-31": "11914.00000", "2009-12-31": "8472.00000", "2008-12-31": "12233.00000", "2007-12-31": "9862.34500", "2006-12-31": "8188.59400", "2005-12-31": "7483.98400"}, "Research And Development Expenses": {"2019-12-31": "805.00000", "2018-12-31": "503.00000", "2017-12-31": "549.00000", "2016-12-31": "473.00000", "2015-12-31": "2771.00000", "2014-12-31": "2499.00000", "2013-12-31": "", "2012-12-31": "", "2011-12-31": "", "2010-12-31": "", "2009-12-31": "", "2008-12-31": "", "2007-12-31": "", "2006-12-31": "", "2005-12-31": ""}, "SG&A Expenses": {"2019-12-31": "2060.00000", "2018-12-31": "2085.00000", "2017-12-31": "1930.00000", "2016-12-31": "2030.00000", "2015-12-31": "2516.00000", "2014-12-31": "3268.00000", "2013-12-31": "3903.00000", "2012-12-31": "4117.00000", "2011-12-31": "3963.00000", "2010-12-31": "3102.00000", "2009-12-31": "2586.00000", "2008-12-31": "3184.00000", "2007-12-31": "2525.56700", "2006-12-31": "2131.82300", "2005-12-31": "1692.00500"}, "Other Operating Income Or Expenses": {"2019-12-31": "-3518.00000", "2018-12-31": "-1097.00000", "2017-12-31": "-535.00000", "2016-12-31": "-1676.00000", "2015-12-31": "-10128.00000", "2014-12-31": "-7669.00000", "2013-12-31": "-440.00000", "2012-12-31": "-400.00000", "2011-12-31": "-312.00000", "2010-12-31": "-340.00000", "2009-12-31": "-347.00000", "2008-12-31": "-267.00000", "2007-12-31": "-316.37500", "2006-12-31": "-230.81700", "2005-12-31": "-170.04300"}, "Operating Expenses": {"2019-12-31": "9419.00000", "2018-12-31": "6466.00000", "2017-12-31": "5505.00000", "2016-12-31": "7036.00000", "2015-12-31": "19058.00000", "2014-12-31": "18302.00000", "2013-12-31": "10530.00000", "2012-12-31": "11724.00000", "2011-12-31": "8795.00000", "2010-12-31": "6886.00000", "2009-12-31": "8289.00000", "2008-12-31": "11458.00000", "2007-12-31": "5327.14000", "2006-12-31": "4299.53600", "2005-12-31": "3377.99000"}, "Operating Income": {"2019-12-31": "-3008.00000", "2018-12-31": "958.00000", "2017-12-31": "918.00000", "2016-12-31": "-1682.00000", "2015-12-31": "-12169.00000", "2014-12-31": "-6830.00000", "2013-12-31": "3908.00000", "2012-12-31": "4840.00000", "2011-12-31": "8093.00000", "2010-12-31": "5206.00000", "2009-12-31": "326.00000", "2008-12-31": "932.00000", "2007-12-31": "4672.61200", "2006-12-31": "4009.59500", "2005-12-31": "4206.25400"}, "Total Non-Operating Income/Expense": {"2019-12-31": "", "2018-12-31": "", "2017-12-31": "", "2016-12-31": "", "2015-12-31": "", "2014-12-31": "", "2013-12-31": "", "2012-12-31": "", "2011-12-31": "", "2010-12-31": "", "2009-12-31": "", "2008-12-31": "", "2007-12-31": "", "2006-12-31": "", "2005-12-31": ""}, "Pre-Tax Income": {"2019-12-31": "-3008.00000", "2018-12-31": "958.00000", "2017-12-31": "918.00000", "2016-12-31": "-1682.00000", "2015-12-31": "-12169.00000", "2014-12-31": "-6830.00000", "2013-12-31": "3908.00000", "2012-12-31": "4840.00000", "2011-12-31": "8093.00000", "2010-12-31": "5206.00000", "2009-12-31": "326.00000", "2008-12-31": "932.00000", "2007-12-31": "4672.61200", "2006-12-31": "4009.59500", "2005-12-31": "4206.25400"}, "Income Taxes": {"2019-12-31": "674.00000", "2018-12-31": "672.00000", "2017-12-31": "-585.00000", "2016-12-31": "-442.00000", "2015-12-31": "-1010.00000", "2014-12-31": "-518.00000", "2013-12-31": "1928.00000", "2012-12-31": "2853.00000", "2011-12-31": "3509.00000", "2010-12-31": "2174.00000", "2009-12-31": "611.00000", "2008-12-31": "220.00000", "2007-12-31": "1860.25400", "2006-12-31": "1457.14400", "2005-12-31": "1582.52400"}, "Income After Taxes": {"2019-12-31": "-3682.00000", "2018-12-31": "286.00000", "2017-12-31": "1503.00000", "2016-12-31": "-1240.00000", "2015-12-31": "-11159.00000", "2014-12-31": "-6312.00000", "2013-12-31": "1980.00000", "2012-12-31": "1987.00000", "2011-12-31": "4584.00000", "2010-12-31": "3032.00000", "2009-12-31": "-285.00000", "2008-12-31": "712.00000", "2007-12-31": "2812.35800", "2006-12-31": "2552.45100", "2005-12-31": "2623.73000"}, "Other Income": {"2019-12-31": "", "2018-12-31": "", "2017-12-31": "", "2016-12-31": "", "2015-12-31": "", "2014-12-31": "", "2013-12-31": "", "2012-12-31": "", "2011-12-31": "", "2010-12-31": "", "2009-12-31": "", "2008-12-31": "", "2007-12-31": "", "2006-12-31": "", "2005-12-31": ""}, "Income From Continuous Operations": {"2019-12-31": "-3682.00000", "2018-12-31": "286.00000", "2017-12-31": "1503.00000", "2016-12-31": "-1240.00000", "2015-12-31": "-11159.00000", "2014-12-31": "-6312.00000", "2013-12-31": "1980.00000", "2012-12-31": "1987.00000", "2011-12-31": "4584.00000", "2010-12-31": "3032.00000", "2009-12-31": "-285.00000", "2008-12-31": "712.00000", "2007-12-31": "2812.35800", "2006-12-31": "2552.45100", "2005-12-31": "2623.73000"}, "Income From Discontinued Operations": {"2019-12-31": "", "2018-12-31": "", "2017-12-31": "", "2016-12-31": "-33.00000", "2015-12-31": "492.00000", "2014-12-31": "-1707.00000", "2013-12-31": "308.00000", "2012-12-31": "14.00000", "2011-12-31": "", "2010-12-31": "", "2009-12-31": "", "2008-12-31": "", "2007-12-31": "", "2006-12-31": "", "2005-12-31": ""}, "Net Income": {"2019-12-31": "-3553.00000", "2018-12-31": "40.00000", "2017-12-31": "1304.00000", "2016-12-31": "-1405.00000", "2015-12-31": "-10352.00000", "2014-12-31": "-8360.00000", "2013-12-31": "2188.00000", "2012-12-31": "1925.00000", "2011-12-31": "4508.00000", "2010-12-31": "3000.00000", "2009-12-31": "-292.00000", "2008-12-31": "706.00000", "2007-12-31": "2806.67800", "2006-12-31": "2546.77100", "2005-12-31": "2618.05000"}, "EBITDA": {"2019-12-31": "-328.00000", "2018-12-31": "3363.00000", "2017-12-31": "3198.00000", "2016-12-31": "936.00000", "2015-12-31": "-8869.00000", "2014-12-31": "-2304.00000", "2013-12-31": "9774.00000", "2012-12-31": "11721.00000", "2011-12-31": "12297.00000", "2010-12-31": "8289.00000", "2009-12-31": "5539.00000", "2008-12-31": "8782.00000", "2007-12-31": "7020.40300", "2006-12-31": "5825.95400", "2005-12-31": "5621.93600"}, "EBIT": {"2019-12-31": "-3008.00000", "2018-12-31": "958.00000", "2017-12-31": "918.00000", "2016-12-31": "-1682.00000", "2015-12-31": "-12169.00000", "2014-12-31": "-6830.00000", "2013-12-31": "3908.00000", "2012-12-31": "4840.00000", "2011-12-31": "8093.00000", "2010-12-31": "5206.00000", "2009-12-31": "326.00000", "2008-12-31": "932.00000", "2007-12-31": "4672.61200", "2006-12-31": "4009.59500", "2005-12-31": "4206.25400"}, "Basic Shares Outstanding": {"2019-12-31": "377.00000", "2018-12-31": "382.00000", "2017-12-31": "381.00000", "2016-12-31": "379.00000", "2015-12-31": "378.00000", "2014-12-31": "384.00000", "2013-12-31": "395.00000", "2012-12-31": "389.00000", "2011-12-31": "384.00000", "2010-12-31": "352.00000", "2009-12-31": "336.00000", "2008-12-31": "334.00000", "2007-12-31": "332.19200", "2006-12-31": "330.08300", "2005-12-31": "328.92900"}, "Shares Outstanding": {"2019-12-31": "377.00000", "2018-12-31": "384.00000", "2017-12-31": "383.00000", "2016-12-31": "379.00000", "2015-12-31": "378.00000", "2014-12-31": "384.00000", "2013-12-31": "406.00000", "2012-12-31": "391.00000", "2011-12-31": "400.00000", "2010-12-31": "359.00000", "2009-12-31": "336.00000", "2008-12-31": "337.00000", "2007-12-31": "334.59600", "2006-12-31": "333.21100", "2005-12-31": "333.74900"}, "Basic EPS": {"2019-12-31": "-9.43000", "2018-12-31": "0.11000", "2017-12-31": "3.42000", "2016-12-31": "-3.71000", "2015-12-31": "-27.40000", "2014-12-31": "-21.76000", "2013-12-31": "5.53000", "2012-12-31": "4.95000", "2011-12-31": "11.75000", "2010-12-31": "8.53000", "2009-12-31": "-0.87000", "2008-12-31": "2.11000", "2007-12-31": "8.45000", "2006-12-31": "7.72000", "2005-12-31": "7.96000"}, "EPS - Earnings Per Share": {"2019-12-31": "-9.43000", "2018-12-31": "0.11000", "2017-12-31": "3.41000", "2016-12-31": "-3.71000", "2015-12-31": "-27.40000", "2014-12-31": "-21.76000", "2013-12-31": "5.50000", "2012-12-31": "4.92000", "2011-12-31": "11.47000", "2010-12-31": "8.46000", "2009-12-31": "-0.87000", "2008-12-31": "2.09000", "2007-12-31": "8.39000", "2006-12-31": "7.64000", "2005-12-31": "7.84000"}}, "income statement, quarterly": {"Revenue": {"2020-09-30": "1144.00000", "2020-06-30": "596.00000", "2020-03-31": "1279.00000", "2019-12-31": "1636.00000", "2019-09-30": "1500.00000", "2019-06-30": "1618.00000", "2019-03-31": "1657.00000", "2018-12-31": "1765.00000", "2018-09-30": "1983.00000", "2018-06-30": "1929.00000", "2018-03-31": "1747.00000", "2017-12-31": "1586.00000", "2017-09-30": "1575.00000", "2017-06-30": "1384.00000", "2017-03-31": "1878.00000", "2016-12-31": "1451.00000", "2016-09-30": "1438.00000", "2016-06-30": "1382.00000", "2016-03-31": "1083.00000", "2015-12-31": "1487.00000", "2015-09-30": "1526.00000", "2015-06-30": "2246.00000", "2015-03-31": "1630.00000", "2014-12-31": "1067.00000", "2014-09-30": "3441.00000", "2014-06-30": "3289.00000", "2014-03-31": "3675.00000", "2013-12-31": "2324.00000", "2013-09-30": "3900.00000", "2013-06-30": "4268.00000", "2013-03-31": "3946.00000", "2012-12-31": "3877.00000", "2012-09-30": "4179.00000", "2012-06-30": "3972.00000", "2012-03-31": "4536.00000", "2011-12-31": "4297.00000", "2011-09-30": "4328.00000", "2011-06-30": "4338.00000", "2011-03-31": "3925.00000", "2010-12-31": "3434.00000", "2010-09-30": "3013.00000", "2010-06-30": "2972.00000", "2010-03-31": "2673.00000", "2009-12-31": "2555.36600", "2009-09-30": "2332.43100", "2009-06-30": "2093.37800", "2009-03-31": "1633.82500", "2008-12-31": "1937.18400", "2008-09-30": "3364.88400", "2008-06-30": "3900.19100", "2008-03-31": "3187.74100", "2007-12-31": "3019.37500", "2007-09-30": "2504.95800", "2007-06-30": "2472.54400", "2007-03-31": "2002.87500", "2006-12-31": "1987.03000", "2006-09-30": "2261.48100", "2006-06-30": "2061.51800", "2006-03-31": "1999.10200", "2005-12-31": "2101.67300", "2005-09-30": "2061.05200", "2005-06-30": "1759.23100", "2005-03-31": "1662.28800"}, "Cost Of Goods Sold": {"2020-09-30": "138.00000", "2020-06-30": "118.00000", "2020-03-31": "157.00000", "2019-12-31": "16.00000", "2019-09-30": "89.00000", "2019-06-30": "91.00000", "2019-03-31": "110.00000", "2018-12-31": "88.00000", "2018-09-30": "92.00000", "2018-06-30": "82.00000", "2018-03-31": "86.00000", "2017-12-31": "46.00000", "2017-09-30": "44.00000", "2017-06-30": "48.00000", "2017-03-31": "57.00000", "2016-12-31": "45.00000", "2016-09-30": "51.00000", "2016-06-30": "52.00000", "2016-03-31": "52.00000", "2015-12-31": "48.00000", "2015-09-30": "58.00000", "2015-06-30": "49.00000", "2015-03-31": "56.00000", "2014-12-31": "70.00000", "2014-09-30": "67.00000", "2014-06-30": "66.00000", "2014-03-31": "70.00000", "2013-12-31": "57.00000", "2013-09-30": "81.00000", "2013-06-30": "77.00000", "2013-03-31": "73.00000", "2012-12-31": "60.00000", "2012-09-30": "86.00000", "2012-06-30": "72.00000", "2012-03-31": "77.00000", "2011-12-31": "75.00000", "2011-09-30": "72.00000", "2011-06-30": "73.00000", "2011-03-31": "76.00000", "2010-12-31": "52.00000", "2010-09-30": "43.00000", "2010-06-30": "43.00000", "2010-03-31": "40.00000", "2009-12-31": "39.95000", "2009-09-30": "36.23200", "2009-06-30": "33.47900", "2009-03-31": "33.33900", "2008-12-31": "33.88200", "2008-09-30": "42.37500", "2008-06-30": "39.76700", "2008-03-31": "40.97600", "2007-12-31": "36.82200", "2007-09-30": "34.88700", "2007-06-30": "34.43500", "2007-03-31": "31.26300", "2006-12-31": "43.80900", "2006-09-30": "24.81500", "2006-06-30": "25.80900", "2006-03-31": "26.10400", "2005-12-31": "26.73100", "2005-09-30": "23.57100", "2005-06-30": "26.17800", "2005-03-31": "23.78000"}, "Gross Profit": {"2020-09-30": "1006.00000", "2020-06-30": "478.00000", "2020-03-31": "1122.00000", "2019-12-31": "1620.00000", "2019-09-30": "1411.00000", "2019-06-30": "1527.00000", "2019-03-31": "1547.00000", "2018-12-31": "1677.00000", "2018-09-30": "1891.00000", "2018-06-30": "1847.00000", "2018-03-31": "1661.00000", "2017-12-31": "1540.00000", "2017-09-30": "1531.00000", "2017-06-30": "1336.00000", "2017-03-31": "1821.00000", "2016-12-31": "1406.00000", "2016-09-30": "1387.00000", "2016-06-30": "1330.00000", "2016-03-31": "1031.00000", "2015-12-31": "1439.00000", "2015-09-30": "1468.00000", "2015-06-30": "2197.00000", "2015-03-31": "1574.00000", "2014-12-31": "997.00000", "2014-09-30": "3374.00000", "2014-06-30": "3223.00000", "2014-03-31": "3605.00000", "2013-12-31": "2267.00000", "2013-09-30": "3819.00000", "2013-06-30": "4191.00000", "2013-03-31": "3873.00000", "2012-12-31": "3817.00000", "2012-09-30": "4093.00000", "2012-06-30": "3900.00000", "2012-03-31": "4459.00000", "2011-12-31": "4222.00000", "2011-09-30": "4256.00000", "2011-06-30": "4265.00000", "2011-03-31": "3849.00000", "2010-12-31": "3382.00000", "2010-09-30": "2970.00000", "2010-06-30": "2929.00000", "2010-03-31": "2633.00000", "2009-12-31": "2515.41700", "2009-09-30": "2296.19900", "2009-06-30": "2059.89900", "2009-03-31": "1600.48600", "2008-12-31": "1903.30200", "2008-09-30": "3322.50900", "2008-06-30": "3860.42400", "2008-03-31": "3146.76500", "2007-12-31": "2982.55300", "2007-09-30": "2470.07100", "2007-06-30": "2438.10900", "2007-03-31": "1971.61200", "2006-12-31": "1943.22100", "2006-09-30": "2236.66600", "2006-06-30": "2035.70900", "2006-03-31": "1972.99800", "2005-12-31": "2074.94200", "2005-09-30": "2037.48100", "2005-06-30": "1733.05300", "2005-03-31": "1638.50800"}, "Research And Development Expenses": {"2020-09-30": "58.00000", "2020-06-30": "72.00000", "2020-03-31": "57.00000", "2019-12-31": "585.00000", "2019-09-30": "56.00000", "2019-06-30": "95.00000", "2019-03-31": "69.00000", "2018-12-31": "252.00000", "2018-09-30": "99.00000", "2018-06-30": "76.00000", "2018-03-31": "76.00000", "2017-12-31": "118.00000", "2017-09-30": "231.00000", "2017-06-30": "108.00000", "2017-03-31": "92.00000", "2016-12-31": "126.00000", "2016-09-30": "161.00000", "2016-06-30": "91.00000", "2016-03-31": "95.00000", "2015-12-31": "2323.00000", "2015-09-30": "223.00000", "2015-06-30": "225.00000", "2015-03-31": "", "2014-12-31": "", "2014-09-30": "", "2014-06-30": "", "2014-03-31": "", "2013-12-31": "", "2013-09-30": "", "2013-06-30": "", "2013-03-31": "", "2012-12-31": "", "2012-09-30": "", "2012-06-30": "", "2012-03-31": "", "2011-12-31": "", "2011-09-30": "", "2011-06-30": "", "2011-03-31": "", "2010-12-31": "", "2010-09-30": "", "2010-06-30": "", "2010-03-31": "", "2009-12-31": "", "2009-09-30": "", "2009-06-30": "", "2009-03-31": "", "2008-12-31": "", "2008-09-30": "", "2008-06-30": "", "2008-03-31": "", "2007-12-31": "", "2007-09-30": "", "2007-06-30": "", "2007-03-31": "", "2006-12-31": "", "2006-09-30": "", "2006-06-30": "", "2006-03-31": "", "2005-12-31": "", "2005-09-30": "", "2005-06-30": "", "2005-03-31": ""}, "SG&A Expenses": {"2020-09-30": "345.00000", "2020-06-30": "381.00000", "2020-03-31": "436.00000", "2019-12-31": "492.00000", "2019-09-30": "492.00000", "2019-06-30": "537.00000", "2019-03-31": "539.00000", "2018-12-31": "506.00000", "2018-09-30": "539.00000", "2018-06-30": "522.00000", "2018-03-31": "518.00000", "2017-12-31": "445.00000", "2017-09-30": "497.00000", "2017-06-30": "507.00000", "2017-03-31": "481.00000", "2016-12-31": "528.00000", "2016-09-30": "493.00000", "2016-06-30": "527.00000", "2016-03-31": "482.00000", "2015-12-31": "1084.00000", "2015-09-30": "643.00000", "2015-06-30": "633.00000", "2015-03-31": "156.00000", "2014-12-31": "714.00000", "2014-09-30": "823.00000", "2014-06-30": "850.00000", "2014-03-31": "881.00000", "2013-12-31": "695.00000", "2013-09-30": "1068.00000", "2013-06-30": "1077.00000", "2013-03-31": "1063.00000", "2012-12-31": "928.00000", "2012-09-30": "1092.00000", "2012-06-30": "1039.00000", "2012-03-31": "1058.00000", "2011-12-31": "1027.00000", "2011-09-30": "1017.00000", "2011-06-30": "1020.00000", "2011-03-31": "899.00000", "2010-12-31": "927.00000", "2010-09-30": "754.00000", "2010-06-30": "717.00000", "2010-03-31": "704.00000", "2009-12-31": "692.04900", "2009-09-30": "711.95800", "2009-06-30": "612.11900", "2009-03-31": "569.87400", "2008-12-31": "730.19590", "2008-09-30": "850.00700", "2008-06-30": "824.15800", "2008-03-31": "779.63900", "2007-12-31": "733.97790", "2007-09-30": "610.39400", "2007-06-30": "621.25600", "2007-03-31": "559.93900", "2006-12-31": "581.85890", "2006-09-30": "533.26900", "2006-06-30": "532.99500", "2006-03-31": "483.70000", "2005-12-31": "461.77600", "2005-09-30": "480.43600", "2005-06-30": "394.02500", "2005-03-31": "355.76800"}, "Other Operating Income Or Expenses": {"2020-09-30": "-126.00000", "2020-06-30": "-13.00000", "2020-03-31": "-4602.00000", "2019-12-31": "-2824.00000", "2019-09-30": "-131.00000", "2019-06-30": "-439.00000", "2019-03-31": "-124.00000", "2018-12-31": "-621.00000", "2018-09-30": "-229.00000", "2018-06-30": "-121.00000", "2018-03-31": "-126.00000", "2017-12-31": "-124.00000", "2017-09-30": "-131.00000", "2017-06-30": "-136.00000", "2017-03-31": "-144.00000", "2016-12-31": "-240.00000", "2016-09-30": "-978.00000", "2016-06-30": "-315.00000", "2016-03-31": "-143.00000", "2015-12-31": "-4777.00000", "2015-09-30": "-4100.00000", "2015-06-30": "-665.00000", "2015-03-31": "-586.00000", "2014-12-31": "-7409.00000", "2014-09-30": "-99.00000", "2014-06-30": "-90.00000", "2014-03-31": "-71.00000", "2013-12-31": "-91.00000", "2013-09-30": "-115.00000", "2013-06-30": "-116.00000", "2013-03-31": "-118.00000", "2012-12-31": "-103.00000", "2012-09-30": "-100.00000", "2012-06-30": "-102.00000", "2012-03-31": "-95.00000", "2011-12-31": "-75.00000", "2011-09-30": "-76.00000", "2011-06-30": "-79.00000", "2011-03-31": "-82.00000", "2010-12-31": "-92.00000", "2010-09-30": "-84.00000", "2010-06-30": "-81.00000", "2010-03-31": "-83.00000", "2009-12-31": "-86.30010", "2009-09-30": "-87.73700", "2009-06-30": "-87.63800", "2009-03-31": "-85.32500", "2008-12-31": "-73.26000", "2008-09-30": "-58.26100", "2008-06-30": "-64.72900", "2008-03-31": "-70.75000", "2007-12-31": "-77.95300", "2007-09-30": "-84.80300", "2007-06-30": "-87.49200", "2007-03-31": "-66.12700", "2006-12-31": "-71.77100", "2006-09-30": "-64.24700", "2006-06-30": "-51.84800", "2006-03-31": "-42.95100", "2005-12-31": "-43.09290", "2005-09-30": "-39.85300", "2005-06-30": "-43.00800", "2005-03-31": "-44.08900"}, "Operating Expenses": {"2020-09-30": "1072.00000", "2020-06-30": "1012.00000", "2020-03-31": "5845.00000", "2019-12-31": "4671.00000", "2019-09-30": "1486.00000", "2019-06-30": "1770.00000", "2019-03-31": "1492.00000", "2018-12-31": "2109.00000", "2018-09-30": "1577.00000", "2018-06-30": "1421.00000", "2018-03-31": "1359.00000", "2017-12-31": "1308.00000", "2017-09-30": "1482.00000", "2017-06-30": "1375.00000", "2017-03-31": "1340.00000", "2016-12-31": "1565.00000", "2016-09-30": "2343.00000", "2016-06-30": "1663.00000", "2016-03-31": "1465.00000", "2015-12-31": "1576.00000", "2015-09-30": "5896.00000", "2015-06-30": "2432.00000", "2015-03-31": "9154.00000", "2014-12-31": "9920.00000", "2014-09-30": "3758.00000", "2014-06-30": "2378.00000", "2014-03-31": "2246.00000", "2013-12-31": "2085.00000", "2013-09-30": "3259.00000", "2013-06-30": "2620.00000", "2013-03-31": "2566.00000", "2012-12-31": "2273.00000", "2012-09-30": "3314.00000", "2012-06-30": "3161.00000", "2012-03-31": "2976.00000", "2011-12-31": "2356.00000", "2011-09-30": "2234.00000", "2011-06-30": "2207.00000", "2011-03-31": "1998.00000", "2010-12-31": "2166.00000", "2010-09-30": "1676.00000", "2010-06-30": "1578.00000", "2010-03-31": "1466.00000", "2009-12-31": "1433.26400", "2009-09-30": "1461.82500", "2009-06-30": "1306.59500", "2009-03-31": "4087.31600", "2008-12-31": "6838.29300", "2008-09-30": "1551.53000", "2008-06-30": "1556.32200", "2008-03-31": "1511.85400", "2007-12-31": "1473.72800", "2007-09-30": "1330.88000", "2007-06-30": "1334.29000", "2007-03-31": "1188.24200", "2006-12-31": "1210.71100", "2006-09-30": "1110.37400", "2006-06-30": "1052.61100", "2006-03-31": "925.84000", "2005-12-31": "888.47300", "2005-09-30": "901.54000", "2005-06-30": "824.26900", "2005-03-31": "763.70790"}, "Operating Income": {"2020-09-30": "72.00000", "2020-06-30": "-416.00000", "2020-03-31": "-4566.00000", "2019-12-31": "-3035.00000", "2019-09-30": "14.00000", "2019-06-30": "-152.00000", "2019-03-31": "165.00000", "2018-12-31": "-344.00000", "2018-09-30": "406.00000", "2018-06-30": "508.00000", "2018-03-31": "388.00000", "2017-12-31": "278.00000", "2017-09-30": "93.00000", "2017-06-30": "9.00000", "2017-03-31": "538.00000", "2016-12-31": "-114.00000", "2016-09-30": "-905.00000", "2016-06-30": "-281.00000", "2016-03-31": "-382.00000", "2015-12-31": "-89.00000", "2015-09-30": "-4370.00000", "2015-06-30": "-186.00000", "2015-03-31": "-7524.00000", "2014-12-31": "-8853.00000", "2014-09-30": "-317.00000", "2014-06-30": "911.00000", "2014-03-31": "1429.00000", "2013-12-31": "239.00000", "2013-09-30": "641.00000", "2013-06-30": "1648.00000", "2013-03-31": "1380.00000", "2012-12-31": "1604.00000", "2012-09-30": "865.00000", "2012-06-30": "811.00000", "2012-03-31": "1560.00000", "2011-12-31": "1941.00000", "2011-09-30": "2094.00000", "2011-06-30": "2131.00000", "2011-03-31": "1927.00000", "2010-12-31": "1268.00000", "2010-09-30": "1337.00000", "2010-06-30": "1394.00000", "2010-03-31": "1207.00000", "2009-12-31": "1122.10200", "2009-09-30": "870.60600", "2009-06-30": "786.78300", "2009-03-31": "-2453.49100", "2008-12-31": "-4901.10900", "2008-09-30": "1813.35400", "2008-06-30": "2343.86900", "2008-03-31": "1675.88700", "2007-12-31": "1545.64700", "2007-09-30": "1174.07800", "2007-06-30": "1138.25400", "2007-03-31": "814.63310", "2006-12-31": "776.31850", "2006-09-30": "1151.10700", "2006-06-30": "1008.90700", "2006-03-31": "1073.26200", "2005-12-31": "1213.20000", "2005-09-30": "1159.51200", "2005-06-30": "934.96190", "2005-03-31": "898.58000"}, "Total Non-Operating Income/Expense": {"2020-09-30": "", "2020-06-30": "", "2020-03-31": "", "2019-12-31": "", "2019-09-30": "", "2019-06-30": "", "2019-03-31": "", "2018-12-31": "", "2018-09-30": "", "2018-06-30": "", "2018-03-31": "", "2017-12-31": "", "2017-09-30": "", "2017-06-30": "", "2017-03-31": "", "2016-12-31": "", "2016-09-30": "", "2016-06-30": "", "2016-03-31": "", "2015-12-31": "", "2015-09-30": "", "2015-06-30": "", "2015-03-31": "", "2014-12-31": "", "2014-09-30": "", "2014-06-30": "", "2014-03-31": "", "2013-12-31": "", "2013-09-30": "", "2013-06-30": "", "2013-03-31": "", "2012-12-31": "", "2012-09-30": "", "2012-06-30": "", "2012-03-31": "", "2011-12-31": "", "2011-09-30": "", "2011-06-30": "", "2011-03-31": "", "2010-12-31": "", "2010-09-30": "", "2010-06-30": "", "2010-03-31": "", "2009-12-31": "", "2009-09-30": "", "2009-06-30": "", "2009-03-31": "", "2008-12-31": "", "2008-09-30": "", "2008-06-30": "", "2008-03-31": "", "2007-12-31": "", "2007-09-30": "", "2007-06-30": "", "2007-03-31": "", "2006-12-31": "", "2006-09-30": "", "2006-06-30": "", "2006-03-31": "", "2005-12-31": "", "2005-09-30": "", "2005-06-30": "", "2005-03-31": ""}, "Pre-Tax Income": {"2020-09-30": "72.00000", "2020-06-30": "-416.00000", "2020-03-31": "-4566.00000", "2019-12-31": "-3035.00000", "2019-09-30": "14.00000", "2019-06-30": "-152.00000", "2019-03-31": "165.00000", "2018-12-31": "-344.00000", "2018-09-30": "406.00000", "2018-06-30": "508.00000", "2018-03-31": "388.00000", "2017-12-31": "278.00000", "2017-09-30": "93.00000", "2017-06-30": "9.00000", "2017-03-31": "538.00000", "2016-12-31": "-114.00000", "2016-09-30": "-905.00000", "2016-06-30": "-281.00000", "2016-03-31": "-382.00000", "2015-12-31": "-89.00000", "2015-09-30": "-4370.00000", "2015-06-30": "-186.00000", "2015-03-31": "-7524.00000", "2014-12-31": "-8853.00000", "2014-09-30": "-317.00000", "2014-06-30": "911.00000", "2014-03-31": "1429.00000", "2013-12-31": "239.00000", "2013-09-30": "641.00000", "2013-06-30": "1648.00000", "2013-03-31": "1380.00000", "2012-12-31": "1604.00000", "2012-09-30": "865.00000", "2012-06-30": "811.00000", "2012-03-31": "1560.00000", "2011-12-31": "1941.00000", "2011-09-30": "2094.00000", "2011-06-30": "2131.00000", "2011-03-31": "1927.00000", "2010-12-31": "1268.00000", "2010-09-30": "1337.00000", "2010-06-30": "1394.00000", "2010-03-31": "1207.00000", "2009-12-31": "1122.10200", "2009-09-30": "870.60600", "2009-06-30": "786.78300", "2009-03-31": "-2453.49100", "2008-12-31": "-4901.11000", "2008-09-30": "1813.35400", "2008-06-30": "2343.86900", "2008-03-31": "1675.88700", "2007-12-31": "1545.64700", "2007-09-30": "1174.07800", "2007-06-30": "1138.25400", "2007-03-31": "814.63300", "2006-12-31": "776.31880", "2006-09-30": "1151.10700", "2006-06-30": "1008.90700", "2006-03-31": "1073.26200", "2005-12-31": "1213.20000", "2005-09-30": "1159.51200", "2005-06-30": "934.96200", "2005-03-31": "898.58000"}, "Income Taxes": {"2020-09-30": "31.00000", "2020-06-30": "-38.00000", "2020-03-31": "56.00000", "2019-12-31": "212.00000", "2019-09-30": "131.00000", "2019-06-30": "164.00000", "2019-03-31": "167.00000", "2018-12-31": "6.00000", "2018-09-30": "245.00000", "2018-06-30": "239.00000", "2018-03-31": "182.00000", "2017-12-31": "-240.00000", "2017-09-30": "-12.00000", "2017-06-30": "-604.00000", "2017-03-31": "271.00000", "2016-12-31": "29.00000", "2016-09-30": "-379.00000", "2016-06-30": "-81.00000", "2016-03-31": "-11.00000", "2015-12-31": "1530.00000", "2015-09-30": "-251.00000", "2015-06-30": "731.00000", "2015-03-31": "-3020.00000", "2014-12-31": "-2218.00000", "2014-09-30": "768.00000", "2014-06-30": "354.00000", "2014-03-31": "578.00000", "2013-12-31": "509.00000", "2013-09-30": "206.00000", "2013-06-30": "611.00000", "2013-03-31": "602.00000", "2012-12-31": "950.00000", "2012-09-30": "685.00000", "2012-06-30": "455.00000", "2012-03-31": "763.00000", "2011-12-31": "752.00000", "2011-09-30": "1092.00000", "2011-06-30": "872.00000", "2011-03-31": "793.00000", "2010-12-31": "579.00000", "2010-09-30": "559.00000", "2010-06-30": "534.00000", "2010-03-31": "502.00000", "2009-12-31": "536.89810", "2009-09-30": "428.59000", "2009-06-30": "342.06300", "2009-03-31": "-696.55100", "2008-12-31": "-1955.54300", "2008-09-30": "622.52900", "2008-06-30": "898.64000", "2008-03-31": "654.37400", "2007-12-31": "473.12410", "2007-09-30": "560.73000", "2007-06-30": "504.71600", "2007-03-31": "321.68400", "2006-12-31": "255.47810", "2006-09-30": "504.04300", "2006-06-30": "285.28200", "2006-03-31": "412.34100", "2005-12-31": "424.97810", "2005-09-30": "472.51700", "2005-06-30": "346.93200", "2005-03-31": "338.09700"}, "Income After Taxes": {"2020-09-30": "41.00000", "2020-06-30": "-378.00000", "2020-03-31": "-4622.00000", "2019-12-31": "-3247.00000", "2019-09-30": "-117.00000", "2019-06-30": "-316.00000", "2019-03-31": "-2.00000", "2018-12-31": "-350.00000", "2018-09-30": "161.00000", "2018-06-30": "269.00000", "2018-03-31": "206.00000", "2017-12-31": "518.00000", "2017-09-30": "105.00000", "2017-06-30": "613.00000", "2017-03-31": "267.00000", "2016-12-31": "-143.00000", "2016-09-30": "-526.00000", "2016-06-30": "-200.00000", "2016-03-31": "-371.00000", "2015-12-31": "-1619.00000", "2015-09-30": "-4119.00000", "2015-06-30": "-917.00000", "2015-03-31": "-4504.00000", "2014-12-31": "-6635.00000", "2014-09-30": "-1085.00000", "2014-06-30": "557.00000", "2014-03-31": "851.00000", "2013-12-31": "-270.00000", "2013-09-30": "435.00000", "2013-06-30": "1037.00000", "2013-03-31": "778.00000", "2012-12-31": "654.00000", "2012-09-30": "180.00000", "2012-06-30": "356.00000", "2012-03-31": "797.00000", "2011-12-31": "1189.00000", "2011-09-30": "1002.00000", "2011-06-30": "1259.00000", "2011-03-31": "1134.00000", "2010-12-31": "689.00000", "2010-09-30": "778.00000", "2010-06-30": "860.00000", "2010-03-31": "705.00000", "2009-12-31": "585.20390", "2009-09-30": "442.01600", "2009-06-30": "444.72000", "2009-03-31": "-1756.94000", "2008-12-31": "-2945.56700", "2008-09-30": "1190.82500", "2008-06-30": "1445.22900", "2008-03-31": "1021.51300", "2007-12-31": "1072.52300", "2007-09-30": "613.34800", "2007-06-30": "633.53800", "2007-03-31": "492.94900", "2006-12-31": "520.84090", "2006-09-30": "647.06410", "2006-06-30": "723.62500", "2006-03-31": "660.92100", "2005-12-31": "788.22200", "2005-09-30": "686.99500", "2005-06-30": "588.03000", "2005-03-31": "560.48300"}, "Other Income": {"2020-09-30": "", "2020-06-30": "", "2020-03-31": "", "2019-12-31": "", "2019-09-30": "", "2019-06-30": "", "2019-03-31": "", "2018-12-31": "", "2018-09-30": "", "2018-06-30": "", "2018-03-31": "", "2017-12-31": "", "2017-09-30": "", "2017-06-30": "", "2017-03-31": "", "2016-12-31": "", "2016-09-30": "", "2016-06-30": "", "2016-03-31": "", "2015-12-31": "", "2015-09-30": "", "2015-06-30": "", "2015-03-31": "", "2014-12-31": "", "2014-09-30": "", "2014-06-30": "", "2014-03-31": "", "2013-12-31": "", "2013-09-30": "", "2013-06-30": "", "2013-03-31": "", "2012-12-31": "", "2012-09-30": "", "2012-06-30": "", "2012-03-31": "", "2011-12-31": "", "2011-09-30": "", "2011-06-30": "", "2011-03-31": "", "2010-12-31": "", "2010-09-30": "", "2010-06-30": "", "2010-03-31": "", "2009-12-31": "", "2009-09-30": "", "2009-06-30": "", "2009-03-31": "", "2008-12-31": "", "2008-09-30": "", "2008-06-30": "", "2008-03-31": "", "2007-12-31": "", "2007-09-30": "", "2007-06-30": "", "2007-03-31": "", "2006-12-31": "", "2006-09-30": "", "2006-06-30": "", "2006-03-31": "", "2005-12-31": "", "2005-09-30": "", "2005-06-30": "", "2005-03-31": ""}, "Income From Continuous Operations": {"2020-09-30": "41.00000", "2020-06-30": "-378.00000", "2020-03-31": "-4622.00000", "2019-12-31": "-3247.00000", "2019-09-30": "-117.00000", "2019-06-30": "-316.00000", "2019-03-31": "-2.00000", "2018-12-31": "-350.00000", "2018-09-30": "161.00000", "2018-06-30": "269.00000", "2018-03-31": "206.00000", "2017-12-31": "518.00000", "2017-09-30": "105.00000", "2017-06-30": "613.00000", "2017-03-31": "267.00000", "2016-12-31": "-143.00000", "2016-09-30": "-526.00000", "2016-06-30": "-200.00000", "2016-03-31": "-371.00000", "2015-12-31": "-1619.00000", "2015-09-30": "-4119.00000", "2015-06-30": "-917.00000", "2015-03-31": "-4504.00000", "2014-12-31": "-6635.00000", "2014-09-30": "-1085.00000", "2014-06-30": "557.00000", "2014-03-31": "851.00000", "2013-12-31": "-270.00000", "2013-09-30": "435.00000", "2013-06-30": "1037.00000", "2013-03-31": "778.00000", "2012-12-31": "654.00000", "2012-09-30": "180.00000", "2012-06-30": "356.00000", "2012-03-31": "797.00000", "2011-12-31": "1189.00000", "2011-09-30": "1002.00000", "2011-06-30": "1259.00000", "2011-03-31": "1134.00000", "2010-12-31": "689.00000", "2010-09-30": "778.00000", "2010-06-30": "860.00000", "2010-03-31": "705.00000", "2009-12-31": "585.20390", "2009-09-30": "442.01600", "2009-06-30": "444.72000", "2009-03-31": "-1756.94000", "2008-12-31": "-2945.56700", "2008-09-30": "1190.82500", "2008-06-30": "1445.22900", "2008-03-31": "1021.51300", "2007-12-31": "1072.52300", "2007-09-30": "613.34800", "2007-06-30": "633.53800", "2007-03-31": "492.94900", "2006-12-31": "520.84090", "2006-09-30": "647.06410", "2006-06-30": "723.62500", "2006-03-31": "660.92100", "2005-12-31": "788.22200", "2005-09-30": "686.99500", "2005-06-30": "588.03000", "2005-03-31": "560.48300"}, "Income From Discontinued Operations": {"2020-09-30": "", "2020-06-30": "", "2020-03-31": "", "2019-12-31": "", "2019-09-30": "", "2019-06-30": "", "2019-03-31": "", "2018-12-31": "", "2018-09-30": "", "2018-06-30": "", "2018-03-31": "", "2017-12-31": "", "2017-09-30": "", "2017-06-30": "", "2017-03-31": "", "2016-12-31": "", "2016-09-30": "-33.00000", "2016-06-30": "", "2016-03-31": "", "2015-12-31": "521.00000", "2015-09-30": "-17.00000", "2015-06-30": "120.00000", "2015-03-31": "-132.00000", "2014-12-31": "-1090.00000", "2014-09-30": "-156.00000", "2014-06-30": "56.00000", "2014-03-31": "-517.00000", "2013-12-31": "500.00000", "2013-09-30": "-129.00000", "2013-06-30": "-2.00000", "2013-03-31": "-61.00000", "2012-12-31": "", "2012-09-30": "", "2012-06-30": "", "2012-03-31": "", "2011-12-31": "", "2011-09-30": "", "2011-06-30": "", "2011-03-31": "", "2010-12-31": "", "2010-09-30": "", "2010-06-30": "", "2010-03-31": "", "2009-12-31": "", "2009-09-30": "", "2009-06-30": "", "2009-03-31": "", "2008-12-31": "", "2008-09-30": "", "2008-06-30": "", "2008-03-31": "", "2007-12-31": "", "2007-09-30": "", "2007-06-30": "", "2007-03-31": "", "2006-12-31": "", "2006-09-30": "", "2006-06-30": "", "2006-03-31": "", "2005-12-31": "", "2005-09-30": "", "2005-06-30": "", "2005-03-31": ""}, "Net Income": {"2020-09-30": "-4.00000", "2020-06-30": "-386.00000", "2020-03-31": "-4480.00000", "2019-12-31": "-2976.00000", "2019-09-30": "-170.00000", "2019-06-30": "-360.00000", "2019-03-31": "-47.00000", "2018-12-31": "-381.00000", "2018-09-30": "81.00000", "2018-06-30": "195.00000", "2018-03-31": "145.00000", "2017-12-31": "456.00000", "2017-09-30": "63.00000", "2017-06-30": "572.00000", "2017-03-31": "213.00000", "2016-12-31": "-182.00000", "2016-09-30": "-607.00000", "2016-06-30": "-244.00000", "2016-03-31": "-372.00000", "2015-12-31": "-698.00000", "2015-09-30": "-4143.00000", "2015-06-30": "-860.00000", "2015-03-31": "-4651.00000", "2014-12-31": "-7771.00000", "2014-09-30": "-1330.00000", "2014-06-30": "505.00000", "2014-03-31": "236.00000", "2013-12-31": "174.00000", "2013-09-30": "300.00000", "2013-06-30": "1016.00000", "2013-03-31": "698.00000", "2012-12-31": "649.00000", "2012-09-30": "161.00000", "2012-06-30": "337.00000", "2012-03-31": "778.00000", "2011-12-31": "1170.00000", "2011-09-30": "983.00000", "2011-06-30": "1240.00000", "2011-03-31": "1115.00000", "2010-12-31": "670.00000", "2010-09-30": "765.00000", "2010-06-30": "860.00000", "2010-03-31": "705.00000", "2009-12-31": "582.46400", "2009-09-30": "440.59600", "2009-06-30": "443.30000", "2009-03-31": "-1758.36000", "2008-12-31": "-2947.30700", "2008-09-30": "1189.40500", "2008-06-30": "1443.80900", "2008-03-31": "1020.09300", "2007-12-31": "1071.10300", "2007-09-30": "611.92800", "2007-06-30": "632.11800", "2007-03-31": "491.52900", "2006-12-31": "519.42090", "2006-09-30": "645.64400", "2006-06-30": "722.20500", "2006-03-31": "659.50100", "2005-12-31": "786.80210", "2005-09-30": "685.57500", "2005-06-30": "586.61000", "2005-03-31": "559.06300"}, "EBITDA": {"2020-09-30": "470.00000", "2020-06-30": "2.00000", "2020-03-31": "-4000.00000", "2019-12-31": "-2314.00000", "2019-09-30": "725.00000", "2019-06-30": "450.00000", "2019-03-31": "811.00000", "2018-12-31": "290.00000", "2018-09-30": "1016.00000", "2018-06-30": "1116.00000", "2018-03-31": "941.00000", "2017-12-31": "851.00000", "2017-09-30": "652.00000", "2017-06-30": "581.00000", "2017-03-31": "1114.00000", "2016-12-31": "509.00000", "2016-09-30": "-257.00000", "2016-06-30": "388.00000", "2016-03-31": "296.00000", "2015-12-31": "719.00000", "2015-09-30": "-3498.00000", "2015-06-30": "-6868.00000", "2015-03-31": "778.00000", "2014-12-31": "-9520.00000", "2014-09-30": "2418.00000", "2014-06-30": "2163.00000", "2014-03-31": "2635.00000", "2013-12-31": "1448.00000", "2013-09-30": "2636.00000", "2013-06-30": "2998.00000", "2013-03-31": "2692.00000", "2012-12-31": "2784.00000", "2012-09-30": "2894.00000", "2012-06-30": "2743.00000", "2012-03-31": "3300.00000", "2011-12-31": "3115.00000", "2011-09-30": "3159.00000", "2011-06-30": "3160.00000", "2011-03-31": "2863.00000", "2010-12-31": "2196.00000", "2010-09-30": "2124.00000", "2010-06-30": "2123.00000", "2010-03-31": "1846.00000", "2009-12-31": "1737.06700", "2009-09-30": "1496.50400", "2009-06-30": "1360.14200", "2009-03-31": "945.28710", "2008-12-31": "1064.26100", "2008-09-30": "2449.82700", "2008-06-30": "2971.53700", "2008-03-31": "2296.37600", "2007-12-31": "2170.62300", "2007-09-30": "1774.87400", "2007-06-30": "1729.36100", "2007-03-31": "1345.54600", "2006-12-31": "1291.12000", "2006-09-30": "1638.64900", "2006-06-30": "1450.34500", "2006-03-31": "1445.83900", "2005-12-31": "1573.29900", "2005-09-30": "1516.67100", "2005-06-30": "1293.97300", "2005-03-31": "1237.99300"}, "EBIT": {"2020-09-30": "72.00000", "2020-06-30": "-416.00000", "2020-03-31": "-4566.00000", "2019-12-31": "-3035.00000", "2019-09-30": "14.00000", "2019-06-30": "-152.00000", "2019-03-31": "165.00000", "2018-12-31": "-344.00000", "2018-09-30": "406.00000", "2018-06-30": "508.00000", "2018-03-31": "388.00000", "2017-12-31": "278.00000", "2017-09-30": "93.00000", "2017-06-30": "9.00000", "2017-03-31": "538.00000", "2016-12-31": "-114.00000", "2016-09-30": "-905.00000", "2016-06-30": "-281.00000", "2016-03-31": "-382.00000", "2015-12-31": "-89.00000", "2015-09-30": "-4370.00000", "2015-06-30": "-186.00000", "2015-03-31": "-7524.00000", "2014-12-31": "-8853.00000", "2014-09-30": "-317.00000", "2014-06-30": "911.00000", "2014-03-31": "1429.00000", "2013-12-31": "239.00000", "2013-09-30": "641.00000", "2013-06-30": "1648.00000", "2013-03-31": "1380.00000", "2012-12-31": "1604.00000", "2012-09-30": "865.00000", "2012-06-30": "811.00000", "2012-03-31": "1560.00000", "2011-12-31": "1941.00000", "2011-09-30": "2094.00000", "2011-06-30": "2131.00000", "2011-03-31": "1927.00000", "2010-12-31": "1268.00000", "2010-09-30": "1337.00000", "2010-06-30": "1394.00000", "2010-03-31": "1207.00000", "2009-12-31": "1122.10200", "2009-09-30": "870.60600", "2009-06-30": "786.78300", "2009-03-31": "-2453.49100", "2008-12-31": "-4901.11000", "2008-09-30": "1813.35400", "2008-06-30": "2343.86900", "2008-03-31": "1675.88700", "2007-12-31": "1545.64700", "2007-09-30": "1174.07800", "2007-06-30": "1138.25400", "2007-03-31": "814.63310", "2006-12-31": "776.31860", "2006-09-30": "1151.10700", "2006-06-30": "1008.90700", "2006-03-31": "1073.26200", "2005-12-31": "1213.20000", "2005-09-30": "1159.51200", "2005-06-30": "934.96190", "2005-03-31": "898.58000"}, "Basic Shares Outstanding": {"2020-09-30": "378.00000", "2020-06-30": "378.00000", "2020-03-31": "378.00000", "2019-12-31": "377.00000", "2019-09-30": "377.00000", "2019-06-30": "377.00000", "2019-03-31": "376.00000", "2018-12-31": "382.00000", "2018-09-30": "383.00000", "2018-06-30": "382.00000", "2018-03-31": "382.00000", "2017-12-31": "381.00000", "2017-09-30": "381.00000", "2017-06-30": "381.00000", "2017-03-31": "380.00000", "2016-12-31": "379.00000", "2016-09-30": "380.00000", "2016-06-30": "379.00000", "2016-03-31": "378.00000", "2015-12-31": "378.00000", "2015-09-30": "378.00000", "2015-06-30": "378.00000", "2015-03-31": "377.00000", "2014-12-31": "384.00000", "2014-09-30": "381.00000", "2014-06-30": "385.00000", "2014-03-31": "394.00000", "2013-12-31": "395.00000", "2013-09-30": "399.00000", "2013-06-30": "392.00000", "2013-03-31": "392.00000", "2012-12-31": "389.00000", "2012-09-30": "391.00000", "2012-06-30": "389.00000", "2012-03-31": "385.00000", "2011-12-31": "384.00000", "2011-09-30": "384.00000", "2011-06-30": "384.00000", "2011-03-31": "383.00000", "2010-12-31": "352.00000", "2010-09-30": "357.00000", "2010-06-30": "338.00000", "2010-03-31": "337.00000", "2009-12-31": "336.00000", "2009-09-30": "336.00000", "2009-06-30": "336.00000", "2009-03-31": "335.10400", "2008-12-31": "334.00000", "2008-09-30": "334.82500", "2008-06-30": "334.20800", "2008-03-31": "333.39300", "2007-12-31": "332.19200", "2007-09-30": "332.66800", "2007-06-30": "331.81200", "2007-03-31": "331.21300", "2006-12-31": "330.08300", "2006-09-30": "329.64300", "2006-06-30": "329.86200", "2006-03-31": "330.41600", "2005-12-31": "328.92900", "2005-09-30": "329.21900", "2005-06-30": "328.57800", "2005-03-31": "328.03700"}, "Shares Outstanding": {"2020-09-30": "378.00000", "2020-06-30": "378.00000", "2020-03-31": "378.00000", "2019-12-31": "377.00000", "2019-09-30": "377.00000", "2019-06-30": "377.00000", "2019-03-31": "376.00000", "2018-12-31": "384.00000", "2018-09-30": "385.00000", "2018-06-30": "385.00000", "2018-03-31": "384.00000", "2017-12-31": "383.00000", "2017-09-30": "383.00000", "2017-06-30": "383.00000", "2017-03-31": "383.00000", "2016-12-31": "379.00000", "2016-09-30": "380.00000", "2016-06-30": "379.00000", "2016-03-31": "378.00000", "2015-12-31": "378.00000", "2015-09-30": "378.00000", "2015-06-30": "378.00000", "2015-03-31": "377.00000", "2014-12-31": "384.00000", "2014-09-30": "381.00000", "2014-06-30": "387.00000", "2014-03-31": "396.00000", "2013-12-31": "406.00000", "2013-09-30": "401.00000", "2013-06-30": "408.00000", "2013-03-31": "408.00000", "2012-12-31": "391.00000", "2012-09-30": "393.00000", "2012-06-30": "390.00000", "2012-03-31": "399.00000", "2011-12-31": "400.00000", "2011-09-30": "400.00000", "2011-06-30": "397.00000", "2011-03-31": "397.00000", "2010-12-31": "359.00000", "2010-09-30": "367.00000", "2010-06-30": "339.00000", "2010-03-31": "339.00000", "2009-12-31": "336.00000", "2009-09-30": "338.00000", "2009-06-30": "337.00000", "2009-03-31": "335.10400", "2008-12-31": "337.00000", "2008-09-30": "337.89400", "2008-06-30": "337.67600", "2008-03-31": "336.54900", "2007-12-31": "334.59600", "2007-09-30": "335.11700", "2007-06-30": "333.90600", "2007-03-31": "333.30200", "2006-12-31": "333.21100", "2006-09-30": "332.85500", "2006-06-30": "332.92000", "2006-03-31": "334.46900", "2005-12-31": "333.74900", "2005-09-30": "334.16400", "2005-06-30": "333.46800", "2005-03-31": "334.03800"}, "Basic EPS": {"2020-09-30": "-0.01000", "2020-06-30": "-1.02000", "2020-03-31": "-11.86000", "2019-12-31": "-7.90000", "2019-09-30": "-0.45000", "2019-06-30": "-0.96000", "2019-03-31": "-0.12000", "2018-12-31": "-0.99000", "2018-09-30": "0.21000", "2018-06-30": "0.51000", "2018-03-31": "0.38000", "2017-12-31": "1.20000", "2017-09-30": "0.16000", "2017-06-30": "1.50000", "2017-03-31": "0.56000", "2016-12-31": "-0.48000", "2016-09-30": "-1.60000", "2016-06-30": "-0.65000", "2016-03-31": "-0.98000", "2015-12-31": "-1.83000", "2015-09-30": "-10.95000", "2015-06-30": "-2.28000", "2015-03-31": "-12.34000", "2014-12-31": "-20.17000", "2014-09-30": "-3.50000", "2014-06-30": "1.31000", "2014-03-31": "0.60000", "2013-12-31": "0.41000", "2013-09-30": "0.75000", "2013-06-30": "2.59000", "2013-03-31": "1.78000", "2012-12-31": "1.65000", "2012-09-30": "0.41000", "2012-06-30": "0.87000", "2012-03-31": "2.02000", "2011-12-31": "3.05000", "2011-09-30": "2.56000", "2011-06-30": "3.23000", "2011-03-31": "2.91000", "2010-12-31": "1.75000", "2010-09-30": "2.14000", "2010-06-30": "2.55000", "2010-03-31": "2.09000", "2009-12-31": "1.75000", "2009-09-30": "1.31000", "2009-06-30": "1.32000", "2009-03-31": "-5.25000", "2008-12-31": "-8.82000", "2008-09-30": "3.55000", "2008-06-30": "4.32000", "2008-03-31": "3.06000", "2007-12-31": "3.22000", "2007-09-30": "1.84000", "2007-06-30": "1.91000", "2007-03-31": "1.48000", "2006-12-31": "1.57000", "2006-09-30": "1.96000", "2006-06-30": "2.19000", "2006-03-31": "2.00000", "2005-12-31": "2.39000", "2005-09-30": "2.08000", "2005-06-30": "1.79000", "2005-03-31": "1.70000"}, "EPS - Earnings Per Share": {"2020-09-30": "-0.02000", "2020-06-30": "-1.02000", "2020-03-31": "-11.86000", "2019-12-31": "-7.90000", "2019-09-30": "-0.45000", "2019-06-30": "-0.96000", "2019-03-31": "-0.12000", "2018-12-31": "-0.99000", "2018-09-30": "0.21000", "2018-06-30": "0.51000", "2018-03-31": "0.38000", "2017-12-31": "1.19000", "2017-09-30": "0.16000", "2017-06-30": "1.50000", "2017-03-31": "0.56000", "2016-12-31": "-0.48000", "2016-09-30": "-1.60000", "2016-06-30": "-0.65000", "2016-03-31": "-0.98000", "2015-12-31": "-1.83000", "2015-09-30": "-10.95000", "2015-06-30": "-2.28000", "2015-03-31": "-12.34000", "2014-12-31": "-20.17000", "2014-09-30": "-3.50000", "2014-06-30": "1.31000", "2014-03-31": "0.60000", "2013-12-31": "0.45000", "2013-09-30": "0.75000", "2013-06-30": "2.54000", "2013-03-31": "1.76000", "2012-12-31": "1.65000", "2012-09-30": "0.41000", "2012-06-30": "0.86000", "2012-03-31": "2.00000", "2011-12-31": "2.94000", "2011-09-30": "2.50000", "2011-06-30": "3.17000", "2011-03-31": "2.86000", "2010-12-31": "1.73000", "2010-09-30": "2.12000", "2010-06-30": "2.53000", "2010-03-31": "2.08000", "2009-12-31": "1.77000", "2009-09-30": "1.30000", "2009-06-30": "1.31000", "2009-03-31": "-5.25000", "2008-12-31": "-8.74000", "2008-09-30": "3.52000", "2008-06-30": "4.28000", "2008-03-31": "3.03000", "2007-12-31": "3.20000", "2007-09-30": "1.83000", "2007-06-30": "1.89000", "2007-03-31": "1.47000", "2006-12-31": "1.56000", "2006-09-30": "1.94000", "2006-06-30": "2.17000", "2006-03-31": "1.97000", "2005-12-31": "2.36000", "2005-09-30": "2.05000", "2005-06-30": "1.76000", "2005-03-31": "1.67000"}}, "balance sheet": {"Cash On Hand": {"2019-12-31": "247.00000", "2018-12-31": "714.00000", "2017-12-31": "1668.00000", "2016-12-31": "1377.00000", "2015-12-31": "1467.00000", "2014-12-31": "769.00000", "2013-12-31": "1906.00000", "2012-12-31": "160.00000", "2011-12-31": "295.00000", "2010-12-31": "134.00000", "2009-12-31": "2048.00000", "2008-12-31": "1973.44900", "2007-12-31": "125.82300", "2006-12-31": "140.52400", "2005-12-31": "228.86000"}, "Receivables": {"2019-12-31": "1062.00000", "2018-12-31": "1194.00000", "2017-12-31": "1345.00000", "2016-12-31": "1128.00000", "2015-12-31": "1253.00000", "2014-12-31": "2024.00000", "2013-12-31": "2952.00000", "2012-12-31": "3086.00000", "2011-12-31": "3079.00000", "2010-12-31": "2134.00000", "2009-12-31": "1546.00000", "2008-12-31": "1356.97900", "2007-12-31": "1936.97700", "2006-12-31": "1651.66400", "2005-12-31": "1444.54500"}, "Inventory": {"2019-12-31": "", "2018-12-31": "", "2017-12-31": "368.00000", "2016-12-31": "476.00000", "2015-12-31": "570.00000", "2014-12-31": "708.00000", "2013-12-31": "891.00000", "2012-12-31": "908.00000", "2011-12-31": "655.00000", "2010-12-31": "564.00000", "2009-12-31": "533.00000", "2008-12-31": "498.56700", "2007-12-31": "461.21100", "2006-12-31": "320.38600", "2005-12-31": "209.67000"}, "Pre-Paid Expenses": {"2019-12-31": "", "2018-12-31": "", "2017-12-31": "137.00000", "2016-12-31": "179.00000", "2015-12-31": "290.00000", "2014-12-31": "129.00000", "2013-12-31": "112.00000", "2012-12-31": "193.00000", "2011-12-31": "241.00000", "2010-12-31": "222.00000", "2009-12-31": "228.00000", "2008-12-31": "528.60200", "2007-12-31": "94.51100", "2006-12-31": "159.10300", "2005-12-31": "116.63600"}, "Other Current Assets": {"2019-12-31": "652.00000", "2018-12-31": "779.00000", "2017-12-31": "207.00000", "2016-12-31": "81.00000", "2015-12-31": "172.00000", "2014-12-31": "2016.00000", "2013-12-31": "371.00000", "2012-12-31": "615.00000", "2011-12-31": "533.00000", "2010-12-31": "426.00000", "2009-12-31": "231.00000", "2008-12-31": "93.37700", "2007-12-31": "133.72900", "2006-12-31": "218.59400", "2005-12-31": "162.36600"}, "Total Current Assets": {"2019-12-31": "1961.00000", "2018-12-31": "2687.00000", "2017-12-31": "3725.00000", "2016-12-31": "3241.00000", "2015-12-31": "3752.00000", "2014-12-31": "6415.00000", "2013-12-31": "6366.00000", "2012-12-31": "4962.00000", "2011-12-31": "4803.00000", "2010-12-31": "3480.00000", "2009-12-31": "4586.00000", "2008-12-31": "4450.97400", "2007-12-31": "2752.25100", "2006-12-31": "2490.27100", "2005-12-31": "2162.07700"}, "Property, Plant, And Equipment": {"2019-12-31": "14158.00000", "2018-12-31": "18421.00000", "2017-12-31": "17759.00000", "2016-12-31": "18867.00000", "2015-12-31": "20838.00000", "2014-12-31": "48076.00000", "2013-12-31": "52421.00000", "2012-12-31": "53280.00000", "2011-12-31": "45448.00000", "2010-12-31": "38151.00000", "2009-12-31": "22901.00000", "2008-12-31": "23958.52000", "2007-12-31": "25231.59000", "2006-12-31": "21346.25000", "2005-12-31": "16791.34000"}, "Long-Term Investments": {"2019-12-31": "", "2018-12-31": "", "2017-12-31": "", "2016-12-31": "", "2015-12-31": "", "2014-12-31": "", "2013-12-31": "", "2012-12-31": "", "2011-12-31": "", "2010-12-31": "", "2009-12-31": "", "2008-12-31": "", "2007-12-31": "", "2006-12-31": "", "2005-12-31": ""}, "Goodwill And Intangible Assets": {"2019-12-31": "", "2018-12-31": "", "2017-12-31": "", "2016-12-31": "", "2015-12-31": "", "2014-12-31": "", "2013-12-31": "1369.00000", "2012-12-31": "1289.00000", "2011-12-31": "1114.00000", "2010-12-31": "1032.00000", "2009-12-31": "189.00000", "2008-12-31": "189.25200", "2007-12-31": "189.25200", "2006-12-31": "189.25200", "2005-12-31": "189.25200"}, "Other Long-Term Assets": {"2019-12-31": "1258.00000", "2018-12-31": "121.00000", "2017-12-31": "", "2016-12-31": "", "2015-12-31": "", "2014-12-31": "", "2013-12-31": "", "2012-12-31": "", "2011-12-31": "", "2010-12-31": "", "2009-12-31": "", "2008-12-31": "13.88000", "2007-12-31": "", "2006-12-31": "", "2005-12-31": ""}, "Total Long-Term Assets": {"2019-12-31": "16146.00000", "2018-12-31": "18895.00000", "2017-12-31": "18197.00000", "2016-12-31": "19278.00000", "2015-12-31": "21748.00000", "2014-12-31": "49537.00000", "2013-12-31": "55271.00000", "2012-12-31": "55775.00000", "2011-12-31": "47248.00000", "2010-12-31": "39945.00000", "2009-12-31": "23600.00000", "2008-12-31": "24735.51000", "2007-12-31": "25882.40000", "2006-12-31": "21817.90000", "2005-12-31": "17109.72000"}, "Total Assets": {"2019-12-31": "18107.00000", "2018-12-31": "21582.00000", "2017-12-31": "21922.00000", "2016-12-31": "22519.00000", "2015-12-31": "25500.00000", "2014-12-31": "55952.00000", "2013-12-31": "61637.00000", "2012-12-31": "60737.00000", "2011-12-31": "52051.00000", "2010-12-31": "43425.00000", "2009-12-31": "28186.00000", "2008-12-31": "29186.48000", "2007-12-31": "28634.65000", "2006-12-31": "24308.18000", "2005-12-31": "19271.80000"}, "Total Current Liabilities": {"2019-12-31": "1855.00000", "2018-12-31": "2201.00000", "2017-12-31": "2564.00000", "2016-12-31": "1843.00000", "2015-12-31": "1841.00000", "2014-12-31": "3664.00000", "2013-12-31": "4700.00000", "2012-12-31": "5536.00000", "2011-12-31": "4963.00000", "2010-12-31": "3524.00000", "2009-12-31": "2393.00000", "2008-12-31": "2520.43500", "2007-12-31": "2665.01600", "2006-12-31": "3811.61200", "2005-12-31": "2186.56400"}, "Long Term Debt": {"2019-12-31": "8555.00000", "2018-12-31": "8093.00000", "2017-12-31": "7934.00000", "2016-12-31": "8544.00000", "2015-12-31": "8716.00000", "2014-12-31": "11245.00000", "2013-12-31": "9672.00000", "2012-12-31": "11355.00000", "2011-12-31": "6785.00000", "2010-12-31": "8095.00000", "2009-12-31": "4950.00000", "2008-12-31": "4808.97500", "2007-12-31": "4011.60500", "2006-12-31": "2019.83100", "2005-12-31": "2191.95400"}, "Other Non-Current Liabilities": {"2019-12-31": "2331.00000", "2018-12-31": "2085.00000", "2017-12-31": "2088.00000", "2016-12-31": "2743.00000", "2015-12-31": "2924.00000", "2014-12-31": "3407.00000", "2013-12-31": "3508.00000", "2012-12-31": "4491.00000", "2011-12-31": "4113.00000", "2010-12-31": "3180.00000", "2009-12-31": "2299.00000", "2008-12-31": "2181.69700", "2007-12-31": "2655.06800", "2006-12-31": "1666.69000", "2005-12-31": "1771.43400"}, "Total Long Term Liabilities": {"2019-12-31": "11787.00000", "2018-12-31": "10569.00000", "2017-12-31": "10567.00000", "2016-12-31": "12997.00000", "2015-12-31": "14169.00000", "2014-12-31": "24151.00000", "2013-12-31": "21544.00000", "2012-12-31": "23870.00000", "2011-12-31": "18095.00000", "2010-12-31": "15524.00000", "2009-12-31": "10014.00000", "2008-12-31": "10157.33000", "2007-12-31": "10591.66000", "2006-12-31": "7305.51000", "2005-12-31": "6544.01700"}, "Total Liabilities": {"2019-12-31": "13642.00000", "2018-12-31": "12770.00000", "2017-12-31": "13131.00000", "2016-12-31": "14840.00000", "2015-12-31": "16010.00000", "2014-12-31": "27815.00000", "2013-12-31": "26244.00000", "2012-12-31": "29406.00000", "2011-12-31": "23058.00000", "2010-12-31": "19048.00000", "2009-12-31": "12407.00000", "2008-12-31": "12677.76000", "2007-12-31": "13256.67000", "2006-12-31": "11117.12000", "2005-12-31": "8730.58100"}, "Common Stock Net": {"2019-12-31": "261.00000", "2018-12-31": "260.00000", "2017-12-31": "259.00000", "2016-12-31": "258.00000", "2015-12-31": "257.00000", "2014-12-31": "256.00000", "2013-12-31": "255.00000", "2012-12-31": "245.00000", "2011-12-31": "241.00000", "2010-12-31": "240.00000", "2009-12-31": "215.00000", "2008-12-31": "214.22100", "2007-12-31": "213.32600", "2006-12-31": "212.36500", "2005-12-31": "210.62300"}, "Retained Earnings (Accumulated Deficit)": {"2019-12-31": "-5601.00000", "2018-12-31": "-2048.00000", "2017-12-31": "-2088.00000", "2016-12-31": "-3385.00000", "2015-12-31": "-1980.00000", "2014-12-31": "16249.00000", "2013-12-31": "22032.00000", "2012-12-31": "20161.00000", "2011-12-31": "18500.00000", "2010-12-31": "14223.00000", "2009-12-31": "11437.00000", "2008-12-31": "11929.83000", "2007-12-31": "11457.59000", "2006-12-31": "8898.57700", "2005-12-31": "6516.86300"}, "Comprehensive Income": {"2019-12-31": "16.00000", "2018-12-31": "4.00000", "2017-12-31": "4.00000", "2016-12-31": "-112.00000", "2015-12-31": "-119.00000", "2014-12-31": "-116.00000", "2013-12-31": "-115.00000", "2012-12-31": "-131.00000", "2011-12-31": "-9.00000", "2010-12-31": "-141.00000", "2009-12-31": "-290.00000", "2008-12-31": "21.76400", "2007-12-31": "-520.21100", "2006-12-31": "-31.33200", "2005-12-31": "-365.60800"}, "Other Share Holders Equity": {"2019-12-31": "", "2018-12-31": "", "2017-12-31": "", "2016-12-31": "", "2015-12-31": "", "2014-12-31": "", "2013-12-31": "", "2012-12-31": "", "2011-12-31": "", "2010-12-31": "", "2009-12-31": "", "2008-12-31": "", "2007-12-31": "", "2006-12-31": "", "2005-12-31": ""}, "Share Holder Equity": {"2019-12-31": "4465.00000", "2018-12-31": "8812.00000", "2017-12-31": "8791.00000", "2016-12-31": "7679.00000", "2015-12-31": "9490.00000", "2014-12-31": "28137.00000", "2013-12-31": "35393.00000", "2012-12-31": "31331.00000", "2011-12-31": "28993.00000", "2010-12-31": "24377.00000", "2009-12-31": "15779.00000", "2008-12-31": "16508.72000", "2007-12-31": "15377.98000", "2006-12-31": "13191.05000", "2005-12-31": "10541.21000"}, "Total Liabilities And Share Holders Equity": {"2019-12-31": "18107.00000", "2018-12-31": "21582.00000", "2017-12-31": "21922.00000", "2016-12-31": "22519.00000", "2015-12-31": "25500.00000", "2014-12-31": "55952.00000", "2013-12-31": "61637.00000", "2012-12-31": "60737.00000", "2011-12-31": "52051.00000", "2010-12-31": "43425.00000", "2009-12-31": "28186.00000", "2008-12-31": "29186.48000", "2007-12-31": "28634.65000", "2006-12-31": "24308.18000", "2005-12-31": "19271.80000"}}, "balance sheet, quarterly": {"Cash On Hand": {"2020-09-30": "162.00000", "2020-06-30": "135.00000", "2020-03-31": "428.00000", "2019-12-31": "247.00000", "2019-09-30": "163.00000", "2019-06-30": "549.00000", "2019-03-31": "327.00000", "2018-12-31": "714.00000", "2018-09-30": "593.00000", "2018-06-30": "972.00000", "2018-03-31": "1077.00000", "2017-12-31": "1668.00000", "2017-09-30": "1942.00000", "2017-06-30": "1667.00000", "2017-03-31": "1521.00000", "2016-12-31": "1377.00000", "2016-09-30": "1230.00000", "2016-06-30": "1201.00000", "2016-03-31": "1004.00000", "2015-12-31": "1467.00000", "2015-09-30": "1655.00000", "2015-06-30": "2950.00000", "2015-03-31": "229.00000", "2014-12-31": "769.00000", "2014-09-30": "584.00000", "2014-06-30": "1302.00000", "2014-03-31": "1643.00000", "2013-12-31": "1906.00000", "2013-09-30": "1251.00000", "2013-06-30": "184.00000", "2013-03-31": "248.00000", "2012-12-31": "160.00000", "2012-09-30": "318.00000", "2012-06-30": "361.00000", "2012-03-31": "245.00000", "2011-12-31": "295.00000", "2011-09-30": "586.00000", "2011-06-30": "1107.00000", "2011-03-31": "356.00000", "2010-12-31": "134.00000", "2010-09-30": "1211.43900", "2010-06-30": "1805.34700", "2010-03-31": "2125.63400", "2009-12-31": "2048.00000", "2009-09-30": "1357.36400", "2009-06-30": "771.55700", "2009-03-31": "1378.83300", "2008-12-31": "1973.44900", "2008-09-30": "1644.60400", "2008-06-30": "1008.44200", "2008-03-31": "383.04000", "2007-12-31": "125.82300", "2007-09-30": "111.42200", "2007-06-30": "188.64200", "2007-03-31": "116.46800", "2006-12-31": "140.52400", "2006-09-30": "160.92200", "2006-06-30": "41.92600", "2006-03-31": "504.01500", "2005-12-31": "228.86000", "2005-09-30": "96.68400", "2005-06-30": "79.25800", "2005-03-31": "142.40300"}, "Receivables": {"2020-09-30": "899.00000", "2020-06-30": "871.00000", "2020-03-31": "838.00000", "2019-12-31": "1062.00000", "2019-09-30": "1070.00000", "2019-06-30": "1098.00000", "2019-03-31": "1185.00000", "2018-12-31": "1194.00000", "2018-09-30": "1457.00000", "2018-06-30": "1446.00000", "2018-03-31": "1409.00000", "2017-12-31": "1345.00000", "2017-09-30": "1145.00000", "2017-06-30": "1015.00000", "2017-03-31": "1171.00000", "2016-12-31": "1128.00000", "2016-09-30": "1064.00000", "2016-06-30": "1016.00000", "2016-03-31": "1120.00000", "2015-12-31": "1253.00000", "2015-09-30": "1332.00000", "2015-06-30": "1589.00000", "2015-03-31": "1767.00000", "2014-12-31": "2024.00000", "2014-09-30": "2287.00000", "2014-06-30": "2407.00000", "2014-03-31": "2479.00000", "2013-12-31": "2952.00000", "2013-09-30": "3086.00000", "2013-06-30": "2914.00000", "2013-03-31": "3106.00000", "2012-12-31": "3086.00000", "2012-09-30": "2976.00000", "2012-06-30": "2625.00000", "2012-03-31": "3163.00000", "2011-12-31": "3079.00000", "2011-09-30": "2560.00000", "2011-06-30": "2495.00000", "2011-03-31": "2490.00000", "2010-12-31": "2134.00000", "2010-09-30": "1756.87400", "2010-06-30": "1647.95200", "2010-03-31": "1818.13900", "2009-12-31": "1546.00000", "2009-09-30": "1590.91300", "2009-06-30": "1536.64900", "2009-03-31": "1291.08300", "2008-12-31": "1356.97900", "2008-09-30": "1680.03100", "2008-06-30": "2266.35700", "2008-03-31": "1972.31800", "2007-12-31": "1936.97700", "2007-09-30": "1701.23000", "2007-06-30": "1686.97900", "2007-03-31": "1616.07300", "2006-12-31": "1651.66400", "2006-09-30": "1565.60600", "2006-06-30": "1506.32200", "2006-03-31": "1446.97000", "2005-12-31": "1444.54500", "2005-09-30": "1258.38700", "2005-06-30": "1138.78100", "2005-03-31": "1116.60800"}, "Inventory": {"2020-09-30": "", "2020-06-30": "", "2020-03-31": "", "2019-12-31": "", "2019-09-30": "", "2019-06-30": "453.00000", "2019-03-31": "438.00000", "2018-12-31": "", "2018-09-30": "362.00000", "2018-06-30": "361.00000", "2018-03-31": "386.00000", "2017-12-31": "368.00000", "2017-09-30": "396.00000", "2017-06-30": "416.00000", "2017-03-31": "454.00000", "2016-12-31": "476.00000", "2016-09-30": "513.00000", "2016-06-30": "530.00000", "2016-03-31": "547.00000", "2015-12-31": "570.00000", "2015-09-30": "667.00000", "2015-06-30": "629.00000", "2015-03-31": "666.00000", "2014-12-31": "708.00000", "2014-09-30": "713.00000", "2014-06-30": "794.00000", "2014-03-31": "727.00000", "2013-12-31": "891.00000", "2013-09-30": "889.00000", "2013-06-30": "973.00000", "2013-03-31": "885.00000", "2012-12-31": "908.00000", "2012-09-30": "774.00000", "2012-06-30": "745.00000", "2012-03-31": "607.00000", "2011-12-31": "655.00000", "2011-09-30": "566.00000", "2011-06-30": "633.00000", "2011-03-31": "593.00000", "2010-12-31": "564.00000", "2010-09-30": "528.72500", "2010-06-30": "508.70200", "2010-03-31": "497.74900", "2009-12-31": "533.00000", "2009-09-30": "539.44200", "2009-06-30": "571.61200", "2009-03-31": "522.43400", "2008-12-31": "498.56700", "2008-09-30": "479.72300", "2008-06-30": "468.34600", "2008-03-31": "490.42300", "2007-12-31": "461.21100", "2007-09-30": "418.75200", "2007-06-30": "406.02400", "2007-03-31": "373.70700", "2006-12-31": "320.38600", "2006-09-30": "284.99800", "2006-06-30": "257.98700", "2006-03-31": "226.76100", "2005-12-31": "209.67000", "2005-09-30": "198.43600", "2005-06-30": "186.94600", "2005-03-31": "172.53700"}, "Pre-Paid Expenses": {"2020-09-30": "", "2020-06-30": "", "2020-03-31": "", "2019-12-31": "", "2019-09-30": "", "2019-06-30": "86.00000", "2019-03-31": "124.00000", "2018-12-31": "", "2018-09-30": "144.00000", "2018-06-30": "183.00000", "2018-03-31": "134.00000", "2017-12-31": "137.00000", "2017-09-30": "135.00000", "2017-06-30": "219.00000", "2017-03-31": "187.00000", "2016-12-31": "179.00000", "2016-09-30": "256.00000", "2016-06-30": "343.00000", "2016-03-31": "361.00000", "2015-12-31": "290.00000", "2015-09-30": "76.00000", "2015-06-30": "48.00000", "2015-03-31": "203.00000", "2014-12-31": "129.00000", "2014-09-30": "408.00000", "2014-06-30": "292.00000", "2014-03-31": "291.00000", "2013-12-31": "112.00000", "2013-09-30": "335.00000", "2013-06-30": "302.00000", "2013-03-31": "228.00000", "2012-12-31": "193.00000", "2012-09-30": "299.00000", "2012-06-30": "320.00000", "2012-03-31": "287.00000", "2011-12-31": "241.00000", "2011-09-30": "587.00000", "2011-06-30": "415.00000", "2011-03-31": "285.00000", "2010-12-31": "222.00000", "2010-09-30": "322.10800", "2010-06-30": "338.97400", "2010-03-31": "372.24100", "2009-12-31": "228.00000", "2009-09-30": "363.92800", "2009-06-30": "360.56100", "2009-03-31": "323.43300", "2008-12-31": "528.60200", "2008-09-30": "271.56100", "2008-06-30": "207.65400", "2008-03-31": "94.00100", "2007-12-31": "94.51100", "2007-09-30": "170.11000", "2007-06-30": "141.52400", "2007-03-31": "160.19000", "2006-12-31": "159.10300", "2006-09-30": "223.97000", "2006-06-30": "169.44900", "2006-03-31": "67.59200", "2005-12-31": "116.63600", "2005-09-30": "131.86600", "2005-06-30": "86.91300", "2005-03-31": "1.04100"}, "Other Current Assets": {"2020-09-30": "658.00000", "2020-06-30": "652.00000", "2020-03-31": "642.00000", "2019-12-31": "652.00000", "2019-09-30": "738.00000", "2019-06-30": "605.00000", "2019-03-31": "430.00000", "2018-12-31": "779.00000", "2018-09-30": "229.00000", "2018-06-30": "177.00000", "2018-03-31": "247.00000", "2017-12-31": "207.00000", "2017-09-30": "151.00000", "2017-06-30": "1330.00000", "2017-03-31": "93.00000", "2016-12-31": "81.00000", "2016-09-30": "209.00000", "2016-06-30": "202.00000", "2016-03-31": "190.00000", "2015-12-31": "172.00000", "2015-09-30": "265.00000", "2015-06-30": "193.00000", "2015-03-31": "2272.00000", "2014-12-31": "2016.00000", "2014-09-30": "434.00000", "2014-06-30": "331.00000", "2014-03-31": "323.00000", "2013-12-31": "371.00000", "2013-09-30": "455.00000", "2013-06-30": "385.00000", "2013-03-31": "381.00000", "2012-12-31": "615.00000", "2012-09-30": "677.00000", "2012-06-30": "588.00000", "2012-03-31": "652.00000", "2011-12-31": "533.00000", "2011-09-30": "277.00000", "2011-06-30": "250.00000", "2011-03-31": "277.00000", "2010-12-31": "426.00000", "2010-09-30": "431.31400", "2010-06-30": "205.96500", "2010-03-31": "224.49200", "2009-12-31": "231.00000", "2009-09-30": "168.05500", "2009-06-30": "244.70600", "2009-03-31": "286.81300", "2008-12-31": "93.37700", "2008-09-30": "96.37300", "2008-06-30": "205.54700", "2008-03-31": "113.32100", "2007-12-31": "133.72900", "2007-09-30": "152.47800", "2007-06-30": "117.49000", "2007-03-31": "105.33300", "2006-12-31": "218.59400", "2006-09-30": "144.73500", "2006-06-30": "127.45500", "2006-03-31": "111.93600", "2005-12-31": "162.36600", "2005-09-30": "101.23200", "2005-06-30": "91.37700", "2005-03-31": "156.41800"}, "Total Current Assets": {"2020-09-30": "1719.00000", "2020-06-30": "1658.00000", "2020-03-31": "1908.00000", "2019-12-31": "1961.00000", "2019-09-30": "1971.00000", "2019-06-30": "2791.00000", "2019-03-31": "2504.00000", "2018-12-31": "2687.00000", "2018-09-30": "2785.00000", "2018-06-30": "3139.00000", "2018-03-31": "3253.00000", "2017-12-31": "3725.00000", "2017-09-30": "3769.00000", "2017-06-30": "4647.00000", "2017-03-31": "3426.00000", "2016-12-31": "3241.00000", "2016-09-30": "3272.00000", "2016-06-30": "3292.00000", "2016-03-31": "3222.00000", "2015-12-31": "3752.00000", "2015-09-30": "4079.00000", "2015-06-30": "5493.00000", "2015-03-31": "5906.00000", "2014-12-31": "6415.00000", "2014-09-30": "4426.00000", "2014-06-30": "5126.00000", "2014-03-31": "5463.00000", "2013-12-31": "6366.00000", "2013-09-30": "6016.00000", "2013-06-30": "4758.00000", "2013-03-31": "4848.00000", "2012-12-31": "4962.00000", "2012-09-30": "5044.00000", "2012-06-30": "4639.00000", "2012-03-31": "4954.00000", "2011-12-31": "4803.00000", "2011-09-30": "4576.00000", "2011-06-30": "4900.00000", "2011-03-31": "4001.00000", "2010-12-31": "3480.00000", "2010-09-30": "4250.46000", "2010-06-30": "4506.94000", "2010-03-31": "5038.25500", "2009-12-31": "4586.00000", "2009-09-30": "4019.70200", "2009-06-30": "3485.08500", "2009-03-31": "3802.59600", "2008-12-31": "4450.97400", "2008-09-30": "4172.29200", "2008-06-30": "4156.34600", "2008-03-31": "3053.10300", "2007-12-31": "2752.25100", "2007-09-30": "2553.99200", "2007-06-30": "2540.65900", "2007-03-31": "2371.77100", "2006-12-31": "2490.27100", "2006-09-30": "2380.23100", "2006-06-30": "2103.13900", "2006-03-31": "2357.27400", "2005-12-31": "2162.07700", "2005-09-30": "1786.60500", "2005-06-30": "1583.27500", "2005-03-31": "1589.00700"}, "Property, Plant, And Equipment": {"2020-09-30": "9067.00000", "2020-06-30": "9344.00000", "2020-03-31": "9586.00000", "2019-12-31": "14158.00000", "2019-09-30": "17655.00000", "2019-06-30": "17756.00000", "2019-03-31": "18291.00000", "2018-12-31": "18421.00000", "2018-09-30": "18646.00000", "2018-06-30": "18336.00000", "2018-03-31": "18086.00000", "2017-12-31": "17759.00000", "2017-09-30": "17655.00000", "2017-06-30": "17551.00000", "2017-03-31": "18780.00000", "2016-12-31": "18867.00000", "2016-09-30": "19462.00000", "2016-06-30": "20143.00000", "2016-03-31": "13542.00000", "2015-12-31": "20838.00000", "2015-09-30": "22377.00000", "2015-06-30": "28315.00000", "2015-03-31": "41230.00000", "2014-12-31": "48076.00000", "2014-09-30": "53035.00000", "2014-06-30": "52470.00000", "2014-03-31": "52752.00000", "2013-12-31": "52421.00000", "2013-09-30": "51462.00000", "2013-06-30": "55821.00000", "2013-03-31": "54289.00000", "2012-12-31": "53280.00000", "2012-09-30": "51164.00000", "2012-06-30": "50135.00000", "2012-03-31": "45829.00000", "2011-12-31": "45448.00000", "2011-09-30": "41136.00000", "2011-06-30": "39838.00000", "2011-03-31": "39046.00000", "2010-12-31": "38151.00000", "2010-09-30": "28346.12000", "2010-06-30": "25123.46000", "2010-03-31": "23404.86000", "2009-12-31": "22901.00000", "2009-09-30": "22545.53000", "2009-06-30": "22290.31000", "2009-03-31": "21732.26000", "2008-12-31": "23958.52000", "2008-09-30": "28118.82000", "2008-06-30": "26934.25000", "2008-03-31": "25865.39000", "2007-12-31": "25231.59000", "2007-09-30": "24455.19000", "2007-06-30": "23789.53000", "2007-03-31": "23106.51000", "2006-12-31": "21346.25000", "2006-09-30": "20637.69000", "2006-06-30": "19470.40000", "2006-03-31": "17316.53000", "2005-12-31": "16791.34000", "2005-09-30": "15745.49000", "2005-06-30": "14993.32000", "2005-03-31": "14369.45000"}, "Long-Term Investments": {"2020-09-30": "", "2020-06-30": "", "2020-03-31": "", "2019-12-31": "", "2019-09-30": "", "2019-06-30": "", "2019-03-31": "", "2018-12-31": "", "2018-09-30": "", "2018-06-30": "", "2018-03-31": "", "2017-12-31": "", "2017-09-30": "", "2017-06-30": "", "2017-03-31": "", "2016-12-31": "", "2016-09-30": "", "2016-06-30": "", "2016-03-31": "", "2015-12-31": "", "2015-09-30": "", "2015-06-30": "", "2015-03-31": "", "2014-12-31": "", "2014-09-30": "", "2014-06-30": "", "2014-03-31": "", "2013-12-31": "", "2013-09-30": "", "2013-06-30": "", "2013-03-31": "", "2012-12-31": "", "2012-09-30": "", "2012-06-30": "", "2012-03-31": "", "2011-12-31": "", "2011-09-30": "", "2011-06-30": "", "2011-03-31": "", "2010-12-31": "", "2010-09-30": "", "2010-06-30": "", "2010-03-31": "", "2009-12-31": "", "2009-09-30": "", "2009-06-30": "", "2009-03-31": "", "2008-12-31": "", "2008-09-30": "", "2008-06-30": "", "2008-03-31": "", "2007-12-31": "", "2007-09-30": "", "2007-06-30": "", "2007-03-31": "", "2006-12-31": "", "2006-09-30": "", "2006-06-30": "", "2006-03-31": "", "2005-12-31": "", "2005-09-30": "", "2005-06-30": "", "2005-03-31": ""}, "Goodwill And Intangible Assets": {"2020-09-30": "", "2020-06-30": "", "2020-03-31": "", "2019-12-31": "", "2019-09-30": "", "2019-06-30": "", "2019-03-31": "", "2018-12-31": "", "2018-09-30": "", "2018-06-30": "", "2018-03-31": "", "2017-12-31": "", "2017-09-30": "", "2017-06-30": "", "2017-03-31": "", "2016-12-31": "", "2016-09-30": "", "2016-06-30": "", "2016-03-31": "", "2015-12-31": "", "2015-09-30": "", "2015-06-30": "", "2015-03-31": "87.00000", "2014-12-31": "", "2014-09-30": "1369.00000", "2014-06-30": "1369.00000", "2014-03-31": "1369.00000", "2013-12-31": "1369.00000", "2013-09-30": "1369.00000", "2013-06-30": "1369.00000", "2013-03-31": "1369.00000", "2012-12-31": "1289.00000", "2012-09-30": "1114.00000", "2012-06-30": "1114.00000", "2012-03-31": "1114.00000", "2011-12-31": "1114.00000", "2011-09-30": "1032.00000", "2011-06-30": "1032.00000", "2011-03-31": "1032.00000", "2010-12-31": "1032.00000", "2010-09-30": "189.25200", "2010-06-30": "189.25200", "2010-03-31": "189.25200", "2009-12-31": "189.00000", "2009-09-30": "189.25200", "2009-06-30": "189.25200", "2009-03-31": "189.25200", "2008-12-31": "189.25200", "2008-09-30": "189.25200", "2008-06-30": "189.25200", "2008-03-31": "189.25200", "2007-12-31": "189.25200", "2007-09-30": "189.25200", "2007-06-30": "189.25200", "2007-03-31": "189.25200", "2006-12-31": "189.25200", "2006-09-30": "189.25200", "2006-06-30": "189.25200", "2006-03-31": "189.25200", "2005-12-31": "189.25200", "2005-09-30": "189.25200", "2005-06-30": "189.25200", "2005-03-31": "189.25200"}, "Other Long-Term Assets": {"2020-09-30": "1524.00000", "2020-06-30": "1408.00000", "2020-03-31": "1337.00000", "2019-12-31": "1258.00000", "2019-09-30": "1095.00000", "2019-06-30": "527.00000", "2019-03-31": "209.00000", "2018-12-31": "121.00000", "2018-09-30": "", "2018-06-30": "", "2018-03-31": "", "2017-12-31": "", "2017-09-30": "", "2017-06-30": "", "2017-03-31": "", "2016-12-31": "", "2016-09-30": "", "2016-06-30": "", "2016-03-31": "", "2015-12-31": "", "2015-09-30": "", "2015-06-30": "", "2015-03-31": "", "2014-12-31": "", "2014-09-30": "471.00000", "2014-06-30": "589.00000", "2014-03-31": "", "2013-12-31": "", "2013-09-30": "", "2013-06-30": "", "2013-03-31": "", "2012-12-31": "", "2012-09-30": "", "2012-06-30": "", "2012-03-31": "", "2011-12-31": "", "2011-09-30": "", "2011-06-30": "", "2011-03-31": "", "2010-12-31": "", "2010-09-30": "3500.00000", "2010-06-30": "", "2010-03-31": "", "2009-12-31": "", "2009-09-30": "", "2009-06-30": "", "2009-03-31": "", "2008-12-31": "13.88000", "2008-09-30": "13.84400", "2008-06-30": "94.35700", "2008-03-31": "228.13400", "2007-12-31": "", "2007-09-30": "", "2007-06-30": "", "2007-03-31": "", "2006-12-31": "", "2006-09-30": "", "2006-06-30": "", "2006-03-31": "", "2005-12-31": "", "2005-09-30": "", "2005-06-30": "", "2005-03-31": ""}, "Total Long-Term Assets": {"2020-09-30": "11156.00000", "2020-06-30": "11341.00000", "2020-03-31": "11483.00000", "2019-12-31": "16146.00000", "2019-09-30": "19434.00000", "2019-06-30": "19015.00000", "2019-03-31": "19247.00000", "2018-12-31": "18895.00000", "2018-09-30": "19085.00000", "2018-06-30": "18771.00000", "2018-03-31": "18538.00000", "2017-12-31": "18197.00000", "2017-09-30": "18066.00000", "2017-06-30": "17955.00000", "2017-03-31": "19184.00000", "2016-12-31": "19278.00000", "2016-09-30": "19877.00000", "2016-06-30": "21054.00000", "2016-03-31": "14457.00000", "2015-12-31": "21748.00000", "2015-09-30": "23733.00000", "2015-06-30": "29819.00000", "2015-03-31": "42744.00000", "2014-12-31": "49537.00000", "2014-09-30": "56564.00000", "2014-06-30": "56045.00000", "2014-03-31": "55658.00000", "2013-12-31": "55271.00000", "2013-09-30": "54223.00000", "2013-06-30": "58592.00000", "2013-03-31": "56944.00000", "2012-12-31": "55775.00000", "2012-09-30": "53766.00000", "2012-06-30": "52578.00000", "2012-03-31": "48283.00000", "2011-12-31": "47248.00000", "2011-09-30": "42906.00000", "2011-06-30": "41629.00000", "2011-03-31": "40865.00000", "2010-12-31": "39945.00000", "2010-09-30": "32677.89000", "2010-06-30": "25925.47000", "2010-03-31": "24189.91000", "2009-12-31": "23600.00000", "2009-09-30": "23205.79000", "2009-06-30": "22916.84000", "2009-03-31": "22490.21000", "2008-12-31": "24735.51000", "2008-09-30": "28820.14000", "2008-06-30": "27720.81000", "2008-03-31": "26762.97000", "2007-12-31": "25882.40000", "2007-09-30": "25096.93000", "2007-06-30": "24391.27000", "2007-03-31": "23682.04000", "2006-12-31": "21817.90000", "2006-09-30": "21045.70000", "2006-06-30": "19808.22000", "2006-03-31": "17641.83000", "2005-12-31": "17109.72000", "2005-09-30": "16066.49000", "2005-06-30": "15297.31000", "2005-03-31": "14668.06000"}, "Total Assets": {"2020-09-30": "12875.00000", "2020-06-30": "12999.00000", "2020-03-31": "13391.00000", "2019-12-31": "18107.00000", "2019-09-30": "21405.00000", "2019-06-30": "21806.00000", "2019-03-31": "21751.00000", "2018-12-31": "21582.00000", "2018-09-30": "21870.00000", "2018-06-30": "21910.00000", "2018-03-31": "21791.00000", "2017-12-31": "21922.00000", "2017-09-30": "21835.00000", "2017-06-30": "22602.00000", "2017-03-31": "22610.00000", "2016-12-31": "22519.00000", "2016-09-30": "23149.00000", "2016-06-30": "24346.00000", "2016-03-31": "17679.00000", "2015-12-31": "25500.00000", "2015-09-30": "27812.00000", "2015-06-30": "35312.00000", "2015-03-31": "48650.00000", "2014-12-31": "55952.00000", "2014-09-30": "60990.00000", "2014-06-30": "61171.00000", "2014-03-31": "61121.00000", "2013-12-31": "61637.00000", "2013-09-30": "60239.00000", "2013-06-30": "63350.00000", "2013-03-31": "61792.00000", "2012-12-31": "60737.00000", "2012-09-30": "58810.00000", "2012-06-30": "57217.00000", "2012-03-31": "53237.00000", "2011-12-31": "52051.00000", "2011-09-30": "47482.00000", "2011-06-30": "46529.00000", "2011-03-31": "44866.00000", "2010-12-31": "43425.00000", "2010-09-30": "36928.35000", "2010-06-30": "30432.41000", "2010-03-31": "29228.16000", "2009-12-31": "28186.00000", "2009-09-30": "27225.50000", "2009-06-30": "26401.93000", "2009-03-31": "26292.80000", "2008-12-31": "29186.48000", "2008-09-30": "32992.43000", "2008-06-30": "31877.16000", "2008-03-31": "29816.07000", "2007-12-31": "28634.65000", "2007-09-30": "27650.92000", "2007-06-30": "26931.93000", "2007-03-31": "26053.81000", "2006-12-31": "24308.18000", "2006-09-30": "23425.93000", "2006-06-30": "21911.36000", "2006-03-31": "19999.10000", "2005-12-31": "19271.80000", "2005-09-30": "17853.10000", "2005-06-30": "16880.58000", "2005-03-31": "16257.07000"}, "Total Current Liabilities": {"2020-09-30": "1382.00000", "2020-06-30": "1710.00000", "2020-03-31": "2025.00000", "2019-12-31": "1855.00000", "2019-09-30": "1921.00000", "2019-06-30": "2262.00000", "2019-03-31": "2374.00000", "2018-12-31": "2201.00000", "2018-09-30": "2207.00000", "2018-06-30": "2312.00000", "2018-03-31": "2342.00000", "2017-12-31": "2564.00000", "2017-09-30": "2465.00000", "2017-06-30": "2873.00000", "2017-03-31": "1898.00000", "2016-12-31": "1843.00000", "2016-09-30": "1628.00000", "2016-06-30": "1570.00000", "2016-03-31": "1598.00000", "2015-12-31": "1841.00000", "2015-09-30": "2167.00000", "2015-06-30": "2383.00000", "2015-03-31": "5493.00000", "2014-12-31": "3664.00000", "2014-09-30": "4307.00000", "2014-06-30": "4570.00000", "2014-03-31": "4356.00000", "2013-12-31": "4700.00000", "2013-09-30": "4523.00000", "2013-06-30": "5158.00000", "2013-03-31": "5562.00000", "2012-12-31": "5536.00000", "2012-09-30": "5390.00000", "2012-06-30": "5121.00000", "2012-03-31": "4698.00000", "2011-12-31": "4963.00000", "2011-09-30": "4024.00000", "2011-06-30": "4484.00000", "2011-03-31": "3957.00000", "2010-12-31": "3524.00000", "2010-09-30": "2526.73000", "2010-06-30": "2202.83500", "2010-03-31": "2240.72600", "2009-12-31": "2393.00000", "2009-09-30": "1986.94900", "2009-06-30": "1808.35500", "2009-03-31": "2036.38300", "2008-12-31": "2520.43500", "2008-09-30": "2916.30600", "2008-06-30": "4124.30300", "2008-03-31": "3000.48200", "2007-12-31": "2665.01600", "2007-09-30": "2926.77700", "2007-06-30": "3136.50600", "2007-03-31": "3592.27700", "2006-12-31": "3811.61200", "2006-09-30": "3489.81900", "2006-06-30": "3309.16600", "2006-03-31": "2135.62400", "2005-12-31": "2186.56400", "2005-09-30": "2143.26400", "2005-06-30": "1819.22700", "2005-03-31": "1571.44700"}, "Long Term Debt": {"2020-09-30": "8750.00000", "2020-06-30": "8523.00000", "2020-03-31": "8336.00000", "2019-12-31": "8555.00000", "2019-09-30": "8393.00000", "2019-06-30": "8157.00000", "2019-03-31": "8094.00000", "2018-12-31": "8093.00000", "2018-09-30": "8053.00000", "2018-06-30": "7937.00000", "2018-03-31": "7936.00000", "2017-12-31": "7934.00000", "2017-09-30": "7933.00000", "2017-06-30": "8329.00000", "2017-03-31": "8327.00000", "2016-12-31": "8544.00000", "2016-09-30": "8721.00000", "2016-06-30": "8719.00000", "2016-03-31": "8718.00000", "2015-12-31": "8716.00000", "2015-09-30": "8777.00000", "2015-06-30": "9676.00000", "2015-03-31": "9675.00000", "2014-12-31": "11245.00000", "2014-09-30": "10902.00000", "2014-06-30": "9674.00000", "2014-03-31": "9673.00000", "2013-12-31": "9672.00000", "2013-09-30": "10868.00000", "2013-06-30": "12297.00000", "2013-03-31": "11485.00000", "2012-12-31": "11355.00000", "2012-09-30": "10670.00000", "2012-06-30": "9670.00000", "2012-03-31": "7444.00000", "2011-12-31": "6785.00000", "2011-09-30": "6785.00000", "2011-06-30": "7404.00000", "2011-03-31": "8130.00000", "2010-12-31": "8095.00000", "2010-09-30": "6380.57900", "2010-06-30": "4896.12700", "2010-03-31": "4950.75500", "2009-12-31": "4950.00000", "2009-09-30": "5010.03000", "2009-06-30": "4954.66700", "2009-03-31": "4894.31800", "2008-12-31": "4808.97500", "2008-09-30": "3917.32700", "2008-06-30": "3912.13600", "2008-03-31": "3911.92400", "2007-12-31": "4011.60500", "2007-09-30": "4011.37800", "2007-06-30": "4011.14700", "2007-03-31": "3512.18000", "2006-12-31": "2019.83100", "2006-09-30": "2189.48700", "2006-06-30": "2189.30200", "2006-03-31": "2189.12600", "2005-12-31": "2191.95400", "2005-09-30": "2191.78500", "2005-06-30": "2191.61100", "2005-03-31": "2531.72200"}, "Other Non-Current Liabilities": {"2020-09-30": "2509.00000", "2020-06-30": "2511.00000", "2020-03-31": "2376.00000", "2019-12-31": "2331.00000", "2019-09-30": "2344.00000", "2019-06-30": "2364.00000", "2019-03-31": "2304.00000", "2018-12-31": "2085.00000", "2018-09-30": "2162.00000", "2018-06-30": "2148.00000", "2018-03-31": "2116.00000", "2017-12-31": "2088.00000", "2017-09-30": "2112.00000", "2017-06-30": "2077.00000", "2017-03-31": "2773.00000", "2016-12-31": "2743.00000", "2016-09-30": "3068.00000", "2016-06-30": "3053.00000", "2016-03-31": "2918.00000", "2015-12-31": "2924.00000", "2015-09-30": "2899.00000", "2015-06-30": "2854.00000", "2015-03-31": "3466.00000", "2014-12-31": "3407.00000", "2014-09-30": "3497.00000", "2014-06-30": "3469.00000", "2014-03-31": "3398.00000", "2013-12-31": "3508.00000", "2013-09-30": "3570.00000", "2013-06-30": "4678.00000", "2013-03-31": "4595.00000", "2012-12-31": "4491.00000", "2012-09-30": "4434.00000", "2012-06-30": "4370.00000", "2012-03-31": "4163.00000", "2011-12-31": "4113.00000", "2011-09-30": "3235.00000", "2011-06-30": "3276.00000", "2011-03-31": "3316.00000", "2010-12-31": "3180.00000", "2010-09-30": "2493.98300", "2010-06-30": "2410.62000", "2010-03-31": "2262.56400", "2009-12-31": "2299.00000", "2009-09-30": "2229.67300", "2009-06-30": "2177.65600", "2009-03-31": "2144.44000", "2008-12-31": "2181.69700", "2008-09-30": "2883.27500", "2008-06-30": "3728.32800", "2008-03-31": "2869.87000", "2007-12-31": "2655.06800", "2007-09-30": "2097.39300", "2007-06-30": "2092.16100", "2007-03-31": "2093.57000", "2006-12-31": "1666.69000", "2006-09-30": "1738.65700", "2006-06-30": "1709.08500", "2006-03-31": "1638.94800", "2005-12-31": "1771.43400", "2005-09-30": "1457.61400", "2005-06-30": "1405.23300", "2005-03-31": "1377.98400"}, "Total Long Term Liabilities": {"2020-09-30": "12130.00000", "2020-06-30": "11925.00000", "2020-03-31": "11594.00000", "2019-12-31": "11787.00000", "2019-09-30": "11616.00000", "2019-06-30": "11390.00000", "2019-03-31": "10768.00000", "2018-12-31": "10569.00000", "2018-09-30": "10717.00000", "2018-06-30": "10603.00000", "2018-03-31": "10580.00000", "2017-12-31": "10567.00000", "2017-09-30": "10993.00000", "2017-06-30": "11464.00000", "2017-03-31": "12889.00000", "2016-12-31": "12997.00000", "2016-09-30": "13572.00000", "2016-06-30": "14080.00000", "2016-03-31": "12527.00000", "2015-12-31": "14169.00000", "2015-09-30": "13673.00000", "2015-06-30": "15174.00000", "2015-03-31": "19752.00000", "2014-12-31": "24151.00000", "2014-09-30": "23697.00000", "2014-06-30": "21709.00000", "2014-03-31": "21588.00000", "2013-12-31": "21544.00000", "2013-09-30": "22735.00000", "2013-06-30": "25471.00000", "2013-03-31": "24243.00000", "2012-12-31": "23870.00000", "2012-09-30": "22706.00000", "2012-06-30": "21423.00000", "2012-03-31": "18824.00000", "2011-12-31": "18095.00000", "2011-09-30": "15555.00000", "2011-06-30": "15378.00000", "2011-03-31": "15711.00000", "2010-12-31": "15524.00000", "2010-09-30": "12456.24000", "2010-06-30": "10553.81000", "2010-03-31": "10228.90000", "2009-12-31": "10014.00000", "2009-09-30": "9883.22500", "2009-06-30": "9634.87700", "2009-03-31": "9515.27100", "2008-12-31": "10157.33000", "2008-09-30": "11313.02000", "2008-06-30": "11238.39000", "2008-03-31": "10735.59000", "2007-12-31": "10591.66000", "2007-09-30": "10051.35000", "2007-06-30": "9690.23700", "2007-03-31": "9013.67500", "2006-12-31": "7305.51000", "2006-09-30": "7301.06300", "2006-06-30": "6772.29600", "2006-03-31": "6606.98300", "2005-12-31": "6544.01700", "2005-09-30": "5996.98200", "2005-06-30": "5864.72600", "2005-03-31": "6061.67200"}, "Total Liabilities": {"2020-09-30": "13512.00000", "2020-06-30": "13635.00000", "2020-03-31": "13619.00000", "2019-12-31": "13642.00000", "2019-09-30": "13537.00000", "2019-06-30": "13652.00000", "2019-03-31": "13142.00000", "2018-12-31": "12770.00000", "2018-09-30": "12924.00000", "2018-06-30": "12915.00000", "2018-03-31": "12922.00000", "2017-12-31": "13131.00000", "2017-09-30": "13458.00000", "2017-06-30": "14337.00000", "2017-03-31": "14787.00000", "2016-12-31": "14840.00000", "2016-09-30": "15200.00000", "2016-06-30": "15650.00000", "2016-03-31": "14125.00000", "2015-12-31": "16010.00000", "2015-09-30": "15840.00000", "2015-06-30": "17557.00000", "2015-03-31": "25245.00000", "2014-12-31": "27815.00000", "2014-09-30": "28004.00000", "2014-06-30": "26279.00000", "2014-03-31": "25944.00000", "2013-12-31": "26244.00000", "2013-09-30": "27258.00000", "2013-06-30": "30629.00000", "2013-03-31": "29805.00000", "2012-12-31": "29406.00000", "2012-09-30": "28096.00000", "2012-06-30": "26544.00000", "2012-03-31": "23522.00000", "2011-12-31": "23058.00000", "2011-09-30": "19579.00000", "2011-06-30": "19862.00000", "2011-03-31": "19668.00000", "2010-12-31": "19048.00000", "2010-09-30": "14982.97000", "2010-06-30": "12756.65000", "2010-03-31": "12469.62000", "2009-12-31": "12407.00000", "2009-09-30": "11870.17000", "2009-06-30": "11443.23000", "2009-03-31": "11551.65000", "2008-12-31": "12677.76000", "2008-09-30": "14229.33000", "2008-06-30": "15362.69000", "2008-03-31": "13736.07000", "2007-12-31": "13256.67000", "2007-09-30": "12978.13000", "2007-06-30": "12826.74000", "2007-03-31": "12605.95000", "2006-12-31": "11117.12000", "2006-09-30": "10790.88000", "2006-06-30": "10081.46000", "2006-03-31": "8742.60700", "2005-12-31": "8730.58100", "2005-09-30": "8140.24600", "2005-06-30": "7683.95200", "2005-03-31": "7633.11900"}, "Common Stock Net": {"2020-09-30": "262.00000", "2020-06-30": "262.00000", "2020-03-31": "262.00000", "2019-12-31": "261.00000", "2019-09-30": "261.00000", "2019-06-30": "261.00000", "2019-03-31": "261.00000", "2018-12-31": "260.00000", "2018-09-30": "260.00000", "2018-06-30": "260.00000", "2018-03-31": "259.00000", "2017-12-31": "259.00000", "2017-09-30": "259.00000", "2017-06-30": "259.00000", "2017-03-31": "258.00000", "2016-12-31": "258.00000", "2016-09-30": "258.00000", "2016-06-30": "258.00000", "2016-03-31": "257.00000", "2015-12-31": "257.00000", "2015-09-30": "257.00000", "2015-06-30": "257.00000", "2015-03-31": "256.00000", "2014-12-31": "256.00000", "2014-09-30": "256.00000", "2014-06-30": "256.00000", "2014-03-31": "255.00000", "2013-12-31": "255.00000", "2013-09-30": "255.00000", "2013-06-30": "246.00000", "2013-03-31": "245.00000", "2012-12-31": "245.00000", "2012-09-30": "245.00000", "2012-06-30": "245.00000", "2012-03-31": "241.00000", "2011-12-31": "241.00000", "2011-09-30": "241.00000", "2011-06-30": "241.00000", "2011-03-31": "240.00000", "2010-12-31": "240.00000", "2010-09-30": "228.67800", "2010-06-30": "215.79900", "2010-03-31": "215.45200", "2009-12-31": "215.00000", "2009-09-30": "214.94200", "2009-06-30": "214.75800", "2009-03-31": "214.46600", "2008-12-31": "214.22100", "2008-09-30": "214.21100", "2008-06-30": "214.09000", "2008-03-31": "213.69100", "2007-12-31": "213.32600", "2007-09-30": "213.19900", "2007-06-30": "212.85700", "2007-03-31": "212.56400", "2006-12-31": "212.36500", "2006-09-30": "211.60800", "2006-06-30": "211.37400", "2006-03-31": "210.74800", "2005-12-31": "210.62300", "2005-09-30": "210.11600", "2005-06-30": "209.91700", "2005-03-31": "209.61100"}, "Retained Earnings (Accumulated Deficit)": {"2020-09-30": "-10471.00000", "2020-06-30": "-10467.00000", "2020-03-31": "-10081.00000", "2019-12-31": "-5601.00000", "2019-09-30": "-2625.00000", "2019-06-30": "-2455.00000", "2019-03-31": "-2095.00000", "2018-12-31": "-2048.00000", "2018-09-30": "-1667.00000", "2018-06-30": "-1748.00000", "2018-03-31": "-1943.00000", "2017-12-31": "-2088.00000", "2017-09-30": "-2544.00000", "2017-06-30": "-2607.00000", "2017-03-31": "-3179.00000", "2016-12-31": "-3385.00000", "2016-09-30": "-3203.00000", "2016-06-30": "-2596.00000", "2016-03-31": "-7642.00000", "2015-12-31": "-1980.00000", "2015-09-30": "60.00000", "2015-06-30": "5809.00000", "2015-03-31": "11504.00000", "2014-12-31": "16249.00000", "2014-09-30": "21156.00000", "2014-06-30": "22581.00000", "2014-03-31": "22170.00000", "2013-12-31": "22032.00000", "2013-09-30": "21938.00000", "2013-06-30": "21718.00000", "2013-03-31": "20781.00000", "2012-12-31": "20161.00000", "2012-09-30": "19578.00000", "2012-06-30": "19484.00000", "2012-03-31": "19213.00000", "2011-12-31": "18500.00000", "2011-09-30": "17388.00000", "2011-06-30": "16463.00000", "2011-03-31": "15281.00000", "2010-12-31": "14223.00000", "2010-09-30": "13610.84000", "2010-06-30": "12900.58000", "2010-03-31": "12091.02000", "2009-12-31": "11437.00000", "2009-09-30": "10904.32000", "2009-06-30": "10514.20000", "2009-03-31": "10121.25000", "2008-12-31": "11929.83000", "2008-09-30": "14927.18000", "2008-06-30": "13788.07000", "2008-03-31": "12394.43000", "2007-12-31": "11457.59000", "2007-09-30": "10436.46000", "2007-06-30": "9874.55500", "2007-03-31": "9292.20200", "2006-12-31": "8898.57700", "2006-09-30": "8428.77400", "2006-06-30": "7832.48500", "2006-03-31": "7143.32800", "2005-12-31": "6516.86300", "2005-09-30": "5763.08100", "2005-06-30": "5110.45100", "2005-03-31": "4550.16400"}, "Comprehensive Income": {"2020-09-30": "16.00000", "2020-06-30": "15.00000", "2020-03-31": "15.00000", "2019-12-31": "16.00000", "2019-09-30": "3.00000", "2019-06-30": "4.00000", "2019-03-31": "4.00000", "2018-12-31": "4.00000", "2018-09-30": "4.00000", "2018-06-30": "4.00000", "2018-03-31": "4.00000", "2017-12-31": "4.00000", "2017-09-30": "-3.00000", "2017-06-30": "-112.00000", "2017-03-31": "-112.00000", "2016-12-31": "-112.00000", "2016-09-30": "-119.00000", "2016-06-30": "-119.00000", "2016-03-31": "-116.00000", "2015-12-31": "-119.00000", "2015-09-30": "-116.00000", "2015-06-30": "-116.00000", "2015-03-31": "-116.00000", "2014-12-31": "-116.00000", "2014-09-30": "-116.00000", "2014-06-30": "-116.00000", "2014-03-31": "-116.00000", "2013-12-31": "-115.00000", "2013-09-30": "-123.00000", "2013-06-30": "-118.00000", "2013-03-31": "-133.00000", "2012-12-31": "-131.00000", "2012-09-30": "-89.00000", "2012-06-30": "11.00000", "2012-03-31": "-42.00000", "2011-12-31": "-9.00000", "2011-09-30": "62.00000", "2011-06-30": "-200.00000", "2011-03-31": "-445.00000", "2010-12-31": "-141.00000", "2010-09-30": "49.82800", "2010-06-30": "22.95000", "2010-03-31": "-40.37400", "2009-12-31": "-290.00000", "2009-09-30": "-206.70600", "2009-06-30": "-172.74400", "2009-03-31": "37.01500", "2008-12-31": "21.76400", "2008-09-30": "-693.20000", "2008-06-30": "-1776.54000", "2008-03-31": "-759.60500", "2007-12-31": "-520.21100", "2007-09-30": "-176.84100", "2007-06-30": "-158.18000", "2007-03-31": "-193.14700", "2006-12-31": "-31.33200", "2006-09-30": "-87.45300", "2006-06-30": "-288.41300", "2006-03-31": "-293.99800", "2005-12-31": "-365.60800", "2005-09-30": "-438.92600", "2005-06-30": "-274.27900", "2005-03-31": "-266.47900"}, "Other Share Holders Equity": {"2020-09-30": "", "2020-06-30": "", "2020-03-31": "", "2019-12-31": "", "2019-09-30": "", "2019-06-30": "", "2019-03-31": "", "2018-12-31": "", "2018-09-30": "", "2018-06-30": "", "2018-03-31": "", "2017-12-31": "", "2017-09-30": "", "2017-06-30": "", "2017-03-31": "", "2016-12-31": "", "2016-09-30": "", "2016-06-30": "", "2016-03-31": "", "2015-12-31": "", "2015-09-30": "", "2015-06-30": "", "2015-03-31": "", "2014-12-31": "", "2014-09-30": "", "2014-06-30": "", "2014-03-31": "", "2013-12-31": "", "2013-09-30": "", "2013-06-30": "", "2013-03-31": "", "2012-12-31": "", "2012-09-30": "", "2012-06-30": "", "2012-03-31": "", "2011-12-31": "", "2011-09-30": "", "2011-06-30": "", "2011-03-31": "", "2010-12-31": "", "2010-09-30": "", "2010-06-30": "", "2010-03-31": "", "2009-12-31": "", "2009-09-30": "", "2009-06-30": "", "2009-03-31": "", "2008-12-31": "", "2008-09-30": "", "2008-06-30": "", "2008-03-31": "", "2007-12-31": "", "2007-09-30": "", "2007-06-30": "", "2007-03-31": "", "2006-12-31": "", "2006-09-30": "", "2006-06-30": "", "2006-03-31": "", "2005-12-31": "", "2005-09-30": "", "2005-06-30": "", "2005-03-31": ""}, "Share Holder Equity": {"2020-09-30": "-637.00000", "2020-06-30": "-636.00000", "2020-03-31": "-228.00000", "2019-12-31": "4465.00000", "2019-09-30": "7868.00000", "2019-06-30": "8154.00000", "2019-03-31": "8609.00000", "2018-12-31": "8812.00000", "2018-09-30": "8946.00000", "2018-06-30": "8995.00000", "2018-03-31": "8869.00000", "2017-12-31": "8791.00000", "2017-09-30": "8377.00000", "2017-06-30": "8265.00000", "2017-03-31": "7823.00000", "2016-12-31": "7679.00000", "2016-09-30": "7949.00000", "2016-06-30": "8696.00000", "2016-03-31": "3554.00000", "2015-12-31": "9490.00000", "2015-09-30": "11972.00000", "2015-06-30": "17755.00000", "2015-03-31": "23405.00000", "2014-12-31": "28137.00000", "2014-09-30": "32986.00000", "2014-06-30": "34892.00000", "2014-03-31": "35177.00000", "2013-12-31": "35393.00000", "2013-09-30": "32981.00000", "2013-06-30": "32721.00000", "2013-03-31": "31987.00000", "2012-12-31": "31331.00000", "2012-09-30": "30714.00000", "2012-06-30": "30673.00000", "2012-03-31": "29715.00000", "2011-12-31": "28993.00000", "2011-09-30": "27903.00000", "2011-06-30": "26667.00000", "2011-03-31": "25198.00000", "2010-12-31": "24377.00000", "2010-09-30": "21945.38000", "2010-06-30": "17675.76000", "2010-03-31": "16758.54000", "2009-12-31": "15779.00000", "2009-09-30": "15355.32000", "2009-06-30": "14958.70000", "2009-03-31": "14741.15000", "2008-12-31": "16508.72000", "2008-09-30": "18763.11000", "2008-06-30": "16514.47000", "2008-03-31": "16080.01000", "2007-12-31": "15377.98000", "2007-09-30": "14672.79000", "2007-06-30": "14105.19000", "2007-03-31": "13447.86000", "2006-12-31": "13191.05000", "2006-09-30": "12635.04000", "2006-06-30": "11829.89000", "2006-03-31": "11256.50000", "2005-12-31": "10541.21000", "2005-09-30": "9712.85100", "2005-06-30": "9196.62800", "2005-03-31": "8623.94900"}, "Total Liabilities And Share Holders Equity": {"2020-09-30": "12875.00000", "2020-06-30": "12999.00000", "2020-03-31": "13391.00000", "2019-12-31": "18107.00000", "2019-09-30": "21405.00000", "2019-06-30": "21806.00000", "2019-03-31": "21751.00000", "2018-12-31": "21582.00000", "2018-09-30": "21870.00000", "2018-06-30": "21910.00000", "2018-03-31": "21791.00000", "2017-12-31": "21922.00000", "2017-09-30": "21835.00000", "2017-06-30": "22602.00000", "2017-03-31": "22610.00000", "2016-12-31": "22519.00000", "2016-09-30": "23149.00000", "2016-06-30": "24346.00000", "2016-03-31": "17679.00000", "2015-12-31": "25500.00000", "2015-09-30": "27812.00000", "2015-06-30": "35312.00000", "2015-03-31": "48650.00000", "2014-12-31": "55952.00000", "2014-09-30": "60990.00000", "2014-06-30": "61171.00000", "2014-03-31": "61121.00000", "2013-12-31": "61637.00000", "2013-09-30": "60239.00000", "2013-06-30": "63350.00000", "2013-03-31": "61792.00000", "2012-12-31": "60737.00000", "2012-09-30": "58810.00000", "2012-06-30": "57217.00000", "2012-03-31": "53237.00000", "2011-12-31": "52051.00000", "2011-09-30": "47482.00000", "2011-06-30": "46529.00000", "2011-03-31": "44866.00000", "2010-12-31": "43425.00000", "2010-09-30": "36928.35000", "2010-06-30": "30432.41000", "2010-03-31": "29228.16000", "2009-12-31": "28186.00000", "2009-09-30": "27225.50000", "2009-06-30": "26401.93000", "2009-03-31": "26292.80000", "2008-12-31": "29186.48000", "2008-09-30": "32992.43000", "2008-06-30": "31877.16000", "2008-03-31": "29816.07000", "2007-12-31": "28634.65000", "2007-09-30": "27650.92000", "2007-06-30": "26931.93000", "2007-03-31": "26053.81000", "2006-12-31": "24308.18000", "2006-09-30": "23425.93000", "2006-06-30": "21911.36000", "2006-03-31": "19999.10000", "2005-12-31": "19271.80000", "2005-09-30": "17853.10000", "2005-06-30": "16880.58000", "2005-03-31": "16257.07000"}}, "cash flow statement": {"Net Income/Loss": {"2019-12-31": "-3682.00000", "2018-12-31": "286.00000", "2017-12-31": "1503.00000", "2016-12-31": "-1273.00000", "2015-12-31": "-10667.00000", "2014-12-31": "-8019.00000", "2013-12-31": "2288.00000", "2012-12-31": "2001.00000", "2011-12-31": "4584.00000", "2010-12-31": "3032.00000", "2009-12-31": "-285.00000", "2008-12-31": "712.00000", "2007-12-31": "2812.35800", "2006-12-31": "2552.45100", "2005-12-31": "2623.73000"}, "Total Depreciation And Amortization - Cash Flow": {"2019-12-31": "2680.00000", "2018-12-31": "2405.00000", "2017-12-31": "2280.00000", "2016-12-31": "2618.00000", "2015-12-31": "3300.00000", "2014-12-31": "4526.00000", "2013-12-31": "5866.00000", "2012-12-31": "6881.00000", "2011-12-31": "4204.00000", "2010-12-31": "3083.00000", "2009-12-31": "5213.00000", "2008-12-31": "7850.00000", "2007-12-31": "2347.79100", "2006-12-31": "1816.35900", "2005-12-31": "1415.68200"}, "Other Non-Cash Items": {"2019-12-31": "3778.00000", "2018-12-31": "819.00000", "2017-12-31": "-1239.00000", "2016-12-31": "769.00000", "2015-12-31": "10107.00000", "2014-12-31": "12010.00000", "2013-12-31": "1362.00000", "2012-12-31": "1091.00000", "2011-12-31": "1400.00000", "2010-12-31": "1063.00000", "2009-12-31": "-126.00000", "2008-12-31": "-1135.00000", "2007-12-31": "985.96400", "2006-12-31": "666.84300", "2005-12-31": "652.64700"}, "Total Non-Cash Items": {"2019-12-31": "6458.00000", "2018-12-31": "3224.00000", "2017-12-31": "1041.00000", "2016-12-31": "3387.00000", "2015-12-31": "13407.00000", "2014-12-31": "16536.00000", "2013-12-31": "7228.00000", "2012-12-31": "7972.00000", "2011-12-31": "5604.00000", "2010-12-31": "4146.00000", "2009-12-31": "5087.00000", "2008-12-31": "6715.00000", "2007-12-31": "3333.75500", "2006-12-31": "2483.20200", "2005-12-31": "2068.32900"}, "Change In Accounts Receivable": {"2019-12-31": "133.00000", "2018-12-31": "150.00000", "2017-12-31": "-270.00000", "2016-12-31": "126.00000", "2015-12-31": "663.00000", "2014-12-31": "757.00000", "2013-12-31": "105.00000", "2012-12-31": "28.00000", "2011-12-31": "-759.00000", "2010-12-31": "-496.00000", "2009-12-31": "-187.00000", "2008-12-31": "571.00000", "2007-12-31": "-261.96200", "2006-12-31": "-153.61600", "2005-12-31": "-504.03800"}, "Change In Inventories": {"2019-12-31": "-41.00000", "2018-12-31": "-6.00000", "2017-12-31": "32.00000", "2016-12-31": "-27.00000", "2015-12-31": "21.00000", "2014-12-31": "-31.00000", "2013-12-31": "-65.00000", "2012-12-31": "-60.00000", "2011-12-31": "-37.00000", "2010-12-31": "35.00000", "2009-12-31": "-5.00000", "2008-12-31": "-22.00000", "2007-12-31": "39.78700", "2006-12-31": "10.23800", "2005-12-31": "11.29500"}, "Change In Accounts Payable": {"2019-12-31": "-5.00000", "2018-12-31": "77.00000", "2017-12-31": "63.00000", "2016-12-31": "-63.00000", "2015-12-31": "-489.00000", "2014-12-31": "-216.00000", "2013-12-31": "286.00000", "2012-12-31": "-84.00000", "2011-12-31": "241.00000", "2010-12-31": "214.00000", "2009-12-31": "-180.00000", "2008-12-31": "-71.00000", "2007-12-31": "-38.92300", "2006-12-31": "-136.66300", "2005-12-31": "97.44700"}, "Change In Assets/Liabilities": {"2019-12-31": "-6.00000", "2018-12-31": "19.00000", "2017-12-31": "-149.00000", "2016-12-31": "126.00000", "2015-12-31": "-119.00000", "2014-12-31": "-267.00000", "2013-12-31": "160.00000", "2012-12-31": "-443.00000", "2011-12-31": "184.00000", "2010-12-31": "-86.00000", "2009-12-31": "-59.00000", "2008-12-31": "-332.00000", "2007-12-31": "-87.46200", "2006-12-31": "-0.06500", "2005-12-31": "-231.25800"}, "Total Change In Assets/Liabilities": {"2019-12-31": "-3.00000", "2018-12-31": "245.00000", "2017-12-31": "-320.00000", "2016-12-31": "153.00000", "2015-12-31": "-80.00000", "2014-12-31": "-329.00000", "2013-12-31": "19.00000", "2012-12-31": "-1692.00000", "2011-12-31": "-281.00000", "2010-12-31": "-642.00000", "2009-12-31": "-761.00000", "2008-12-31": "-311.00000", "2007-12-31": "-517.64700", "2006-12-31": "-755.12700", "2005-12-31": "-412.06300"}, "Cash Flow From Operating Activities": {"2019-12-31": "2867.00000", "2018-12-31": "3777.00000", "2017-12-31": "2428.00000", "2016-12-31": "2430.00000", "2015-12-31": "2667.00000", "2014-12-31": "7957.00000", "2013-12-31": "9835.00000", "2012-12-31": "8504.00000", "2011-12-31": "9953.00000", "2010-12-31": "6726.00000", "2009-12-31": "4224.00000", "2008-12-31": "7065.00000", "2007-12-31": "5677.43300", "2006-12-31": "4312.90600", "2005-12-31": "4332.27000"}, "Net Change In Property, Plant, And Equipment": {"2019-12-31": "-2243.00000", "2018-12-31": "-3766.00000", "2017-12-31": "-2002.00000", "2016-12-31": "-1815.00000", "2015-12-31": "-4540.00000", "2014-12-31": "-10494.00000", "2013-12-31": "-9249.00000", "2012-12-31": "-9437.00000", "2011-12-31": "-6656.00000", "2010-12-31": "-4922.00000", "2009-12-31": "-3629.00000", "2008-12-31": "-5515.00000", "2007-12-31": "-4714.49700", "2006-12-31": "-4135.48800", "2005-12-31": "-3636.19300"}, "Net Change In Intangible Assets": {"2019-12-31": "", "2018-12-31": "", "2017-12-31": "", "2016-12-31": "", "2015-12-31": "", "2014-12-31": "", "2013-12-31": "", "2012-12-31": "", "2011-12-31": "", "2010-12-31": "", "2009-12-31": "", "2008-12-31": "", "2007-12-31": "", "2006-12-31": "", "2005-12-31": ""}, "Net Acquisitions/Divestitures": {"2019-12-31": "", "2018-12-31": "", "2017-12-31": "661.00000", "2016-12-31": "", "2015-12-31": "854.00000", "2014-12-31": "1262.00000", "2013-12-31": "4098.00000", "2012-12-31": "-3105.00000", "2011-12-31": "-1813.00000", "2010-12-31": "-8360.00000", "2009-12-31": "-310.00000", "2008-12-31": "-150.00000", "2007-12-31": "-1024.95600", "2006-12-31": "-1490.53500", "2005-12-31": ""}, "Net Change In Short-term Investments": {"2019-12-31": "", "2018-12-31": "", "2017-12-31": "", "2016-12-31": "", "2015-12-31": "", "2014-12-31": "", "2013-12-31": "", "2012-12-31": "", "2011-12-31": "", "2010-12-31": "", "2009-12-31": "792.00000", "2008-12-31": "-792.00000", "2007-12-31": "", "2006-12-31": "", "2005-12-31": ""}, "Net Change In Long-Term Investments": {"2019-12-31": "", "2018-12-31": "", "2017-12-31": "", "2016-12-31": "", "2015-12-31": "391.00000", "2014-12-31": "", "2013-12-31": "", "2012-12-31": "", "2011-12-31": "", "2010-12-31": "", "2009-12-31": "", "2008-12-31": "", "2007-12-31": "", "2006-12-31": "", "2005-12-31": ""}, "Net Change In Investments - Total": {"2019-12-31": "", "2018-12-31": "", "2017-12-31": "", "2016-12-31": "", "2015-12-31": "391.00000", "2014-12-31": "", "2013-12-31": "", "2012-12-31": "", "2011-12-31": "", "2010-12-31": "", "2009-12-31": "792.00000", "2008-12-31": "-792.00000", "2007-12-31": "", "2006-12-31": "", "2005-12-31": ""}, "Investing Activities - Other": {"2019-12-31": "-1203.00000", "2018-12-31": "-178.00000", "2017-12-31": "-75.00000", "2016-12-31": "155.00000", "2015-12-31": "4378.00000", "2014-12-31": "842.00000", "2013-12-31": "-1965.00000", "2012-12-31": "-882.00000", "2011-12-31": "-176.00000", "2010-12-31": "-121.00000", "2009-12-31": "-100.00000", "2008-12-31": "-78.00000", "2007-12-31": "-206.47600", "2006-12-31": "-149.55900", "2005-12-31": "-95.64900"}, "Cash Flow From Investing Activities": {"2019-12-31": "-3446.00000", "2018-12-31": "-3944.00000", "2017-12-31": "-1416.00000", "2016-12-31": "-1660.00000", "2015-12-31": "1083.00000", "2014-12-31": "-8390.00000", "2013-12-31": "-7116.00000", "2012-12-31": "-13424.00000", "2011-12-31": "-8645.00000", "2010-12-31": "-13403.00000", "2009-12-31": "-3247.00000", "2008-12-31": "-6535.00000", "2007-12-31": "-5945.92900", "2006-12-31": "-5775.58200", "2005-12-31": "-3731.84200"}, "Net Long-Term Debt": {"2019-12-31": "235.00000", "2018-12-31": "-378.00000", "2017-12-31": "-70.00000", "2016-12-31": "-181.00000", "2015-12-31": "-2509.00000", "2014-12-31": "1568.00000", "2013-12-31": "-2581.00000", "2012-12-31": "5089.00000", "2011-12-31": "-925.00000", "2010-12-31": "1415.00000", "2009-12-31": "148.00000", "2008-12-31": "696.00000", "2007-12-31": "407.04000", "2006-12-31": "1629.69700", "2005-12-31": "-396.16200"}, "Net Current Debt": {"2019-12-31": "", "2018-12-31": "", "2017-12-31": "", "2016-12-31": "", "2015-12-31": "", "2014-12-31": "", "2013-12-31": "", "2012-12-31": "", "2011-12-31": "", "2010-12-31": "", "2009-12-31": "", "2008-12-31": "", "2007-12-31": "", "2006-12-31": "", "2005-12-31": ""}, "Debt Issuance/Retirement Net - Total": {"2019-12-31": "235.00000", "2018-12-31": "-378.00000", "2017-12-31": "-70.00000", "2016-12-31": "-181.00000", "2015-12-31": "-2509.00000", "2014-12-31": "1568.00000", "2013-12-31": "-2581.00000", "2012-12-31": "5089.00000", "2011-12-31": "-925.00000", "2010-12-31": "1415.00000", "2009-12-31": "148.00000", "2008-12-31": "696.00000", "2007-12-31": "407.04000", "2006-12-31": "1629.69700", "2005-12-31": "-396.16200"}, "Net Common Equity Issued/Repurchased": {"2019-12-31": "2.00000", "2018-12-31": "-305.00000", "2017-12-31": "", "2016-12-31": "", "2015-12-31": "", "2014-12-31": "-1864.00000", "2013-12-31": "-997.00000", "2012-12-31": "", "2011-12-31": "", "2010-12-31": "2258.00000", "2009-12-31": "28.00000", "2008-12-31": "31.00000", "2007-12-31": "43.96100", "2006-12-31": "-134.94400", "2005-12-31": "25.48400"}, "Net Total Equity Issued/Repurchased": {"2019-12-31": "2.00000", "2018-12-31": "-305.00000", "2017-12-31": "", "2016-12-31": "", "2015-12-31": "", "2014-12-31": "-1864.00000", "2013-12-31": "-997.00000", "2012-12-31": "", "2011-12-31": "", "2010-12-31": "3485.00000", "2009-12-31": "-70.00000", "2008-12-31": "31.00000", "2007-12-31": "43.96100", "2006-12-31": "-134.94400", "2005-12-31": "25.48400"}, "Total Common And Preferred Stock Dividends Paid": {"2019-12-31": "-681.00000", "2018-12-31": "-727.00000", "2017-12-31": "-645.00000", "2016-12-31": "-672.00000", "2015-12-31": "-506.00000", "2014-12-31": "-505.00000", "2013-12-31": "-360.00000", "2012-12-31": "-332.00000", "2011-12-31": "-306.00000", "2010-12-31": "-226.00000", "2009-12-31": "-209.00000", "2008-12-31": "-239.00000", "2007-12-31": "-204.75300", "2006-12-31": "-154.14300", "2005-12-31": "-117.39500"}, "Financial Activities - Other": {"2019-12-31": "556.00000", "2018-12-31": "623.00000", "2017-12-31": "-6.00000", "2016-12-31": "-7.00000", "2015-12-31": "53.00000", "2014-12-31": "7.00000", "2013-12-31": "2965.00000", "2012-12-31": "28.00000", "2011-12-31": "84.00000", "2010-12-31": "89.00000", "2009-12-31": "21.00000", "2008-12-31": "37.00000", "2007-12-31": "7.54700", "2006-12-31": "33.73000", "2005-12-31": "5.41200"}, "Cash Flow From Financial Activities": {"2019-12-31": "112.00000", "2018-12-31": "-787.00000", "2017-12-31": "-721.00000", "2016-12-31": "-860.00000", "2015-12-31": "-2962.00000", "2014-12-31": "-794.00000", "2013-12-31": "-973.00000", "2012-12-31": "4785.00000", "2011-12-31": "-1147.00000", "2010-12-31": "4763.00000", "2009-12-31": "-110.00000", "2008-12-31": "525.00000", "2007-12-31": "253.79500", "2006-12-31": "1374.34000", "2005-12-31": "-482.66100"}, "Net Cash Flow": {"2019-12-31": "-467.00000", "2018-12-31": "-954.00000", "2017-12-31": "291.00000", "2016-12-31": "-90.00000", "2015-12-31": "788.00000", "2014-12-31": "-1227.00000", "2013-12-31": "1746.00000", "2012-12-31": "-135.00000", "2011-12-31": "161.00000", "2010-12-31": "-1914.00000", "2009-12-31": "867.00000", "2008-12-31": "1055.00000", "2007-12-31": "-14.70100", "2006-12-31": "-88.33600", "2005-12-31": "117.76700"}, "Stock-Based Compensation": {"2019-12-31": "", "2018-12-31": "", "2017-12-31": "", "2016-12-31": "", "2015-12-31": "", "2014-12-31": "", "2013-12-31": "", "2012-12-31": "", "2011-12-31": "", "2010-12-31": "", "2009-12-31": "", "2008-12-31": "", "2007-12-31": "", "2006-12-31": "", "2005-12-31": ""}, "Common Stock Dividends Paid": {"2019-12-31": "-681.00000", "2018-12-31": "-727.00000", "2017-12-31": "-645.00000", "2016-12-31": "-672.00000", "2015-12-31": "-506.00000", "2014-12-31": "-505.00000", "2013-12-31": "-360.00000", "2012-12-31": "-332.00000", "2011-12-31": "-306.00000", "2010-12-31": "-226.00000", "2009-12-31": "-202.00000", "2008-12-31": "-234.00000", "2007-12-31": "-199.00000", "2006-12-31": "-154.14300", "2005-12-31": "-117.39500"}}, "cash flow statement, quarterly": {"Net Income/Loss": {"2020-09-30": 41, "2020-06-30": -378, "2020-03-31": "-4622.00000", "2019-12-31": -3247, "2019-09-30": -117, "2019-06-30": -316, "2019-03-31": "-2.00000", "2018-12-31": -350, "2018-09-30": 161, "2018-06-30": 269, "2018-03-31": "206.00000", "2017-12-31": 518, "2017-09-30": 105, "2017-06-30": 613, "2017-03-31": "267.00000", "2016-12-31": -143, "2016-09-30": -559, "2016-06-30": -200, "2016-03-31": "-371.00000", "2015-12-31": -4428, "2015-09-30": -4136, "2015-06-30": 2533, "2015-03-31": "-4636.00000", "2014-12-31": -7725, "2014-09-30": -1241, "2014-06-30": 613, "2014-03-31": "334.00000", "2013-12-31": 230, "2013-09-30": 306, "2013-06-30": 1035, "2013-03-31": "717.00000", "2012-12-31": 668, "2012-09-30": 180, "2012-06-30": 356, "2012-03-31": "797.00000", "2011-12-31": 1189, "2011-09-30": 1002, "2011-06-30": 1259, "2011-03-31": "1134.00000", "2010-12-31": 689, "2010-09-30": 778, "2010-06-30": 860, "2010-03-31": "705.00000", "2009-12-31": 585.204, "2009-09-30": 442.016, "2009-06-30": 444.72, "2009-03-31": "-1756.94000", "2008-12-31": -2945.567, "2008-09-30": 1190.825, "2008-06-30": 1445.229, "2008-03-31": "1021.51300", "2007-12-31": 1072.523, "2007-09-30": 613.348, "2007-06-30": 633.538, "2007-03-31": "492.94900", "2006-12-31": 520.841, "2006-09-30": 647.064, "2006-06-30": 723.625, "2006-03-31": "660.92100", "2005-12-31": 788.222, "2005-09-30": 686.995, "2005-06-30": 588.03, "2005-03-31": "560.48300"}, "Total Depreciation And Amortization - Cash Flow": {"2020-09-30": 398, "2020-06-30": 418, "2020-03-31": "566.00000", "2019-12-31": 721, "2019-09-30": 711, "2019-06-30": 602, "2019-03-31": "646.00000", "2018-12-31": 634, "2018-09-30": 610, "2018-06-30": 608, "2018-03-31": "553.00000", "2017-12-31": 573, "2017-09-30": 559, "2017-06-30": 572, "2017-03-31": "576.00000", "2016-12-31": 623, "2016-09-30": 648, "2016-06-30": 669, "2016-03-31": "678.00000", "2015-12-31": 808, "2015-09-30": 872, "2015-06-30": -6682, "2015-03-31": "8302.00000", "2014-12-31": -667, "2014-09-30": 2735, "2014-06-30": 1252, "2014-03-31": "1206.00000", "2013-12-31": 1209, "2013-09-30": 1995, "2013-06-30": 1350, "2013-03-31": "1312.00000", "2012-12-31": 1180, "2012-09-30": 2029, "2012-06-30": 1932, "2012-03-31": "1740.00000", "2011-12-31": 1174, "2011-09-30": 1065, "2011-06-30": 1029, "2011-03-31": "936.00000", "2010-12-31": 928, "2010-09-30": 787, "2010-06-30": 729, "2010-03-31": "639.00000", "2009-12-31": 614.965, "2009-09-30": 625.898, "2009-06-30": 573.359, "2009-03-31": "3398.77800", "2008-12-31": 5965.37, "2008-09-30": 636.473, "2008-06-30": 627.668, "2008-03-31": "620.48900", "2007-12-31": 624.975, "2007-09-30": 600.796, "2007-06-30": 591.107, "2007-03-31": "530.91300", "2006-12-31": 514.802, "2006-09-30": 487.542, "2006-06-30": 441.438, "2006-03-31": "372.57700", "2005-12-31": 360.099, "2005-09-30": 357.159, "2005-06-30": 359.011, "2005-03-31": "339.41300"}, "Other Non-Cash Items": {"2020-09-30": -83, "2020-06-30": 110, "2020-03-31": "4579.00000", "2019-12-31": 3287, "2019-09-30": 7, "2019-06-30": 392, "2019-03-31": "92.00000", "2018-12-31": 546, "2018-09-30": 203, "2018-06-30": 79, "2018-03-31": "-9.00000", "2017-12-31": -369, "2017-09-30": -95, "2017-06-30": -628, "2017-03-31": "-147.00000", "2016-12-31": 1, "2016-09-30": 622, "2016-06-30": 37, "2016-03-31": "109.00000", "2015-12-31": 4342, "2015-09-30": 4108, "2015-06-30": 4351, "2015-03-31": "-2694.00000", "2014-12-31": 9923, "2014-09-30": 824, "2014-06-30": 458, "2014-03-31": "805.00000", "2013-12-31": 591, "2013-09-30": 45, "2013-06-30": 433, "2013-03-31": "293.00000", "2012-12-31": 745, "2012-09-30": 201, "2012-06-30": 52, "2012-03-31": "93.00000", "2011-12-31": 221, "2011-09-30": 658, "2011-06-30": 334, "2011-03-31": "187.00000", "2010-12-31": 283, "2010-09-30": 377, "2010-06-30": 220, "2010-03-31": "183.00000", "2009-12-31": 203.795, "2009-09-30": 192.213, "2009-06-30": 150.299, "2009-03-31": "-672.30700", "2008-12-31": -1892.048, "2008-09-30": 341.764, "2008-06-30": 222.213, "2008-03-31": "193.07100", "2007-12-31": 210.658, "2007-09-30": 384.288, "2007-06-30": 231.792, "2007-03-31": "159.22600", "2006-12-31": 67.576, "2006-09-30": 342.878, "2006-06-30": 75.072, "2006-03-31": "181.31700", "2005-12-31": 199.979, "2005-09-30": 198.762, "2005-06-30": 142.56, "2005-03-31": "111.34600"}, "Total Non-Cash Items": {"2020-09-30": 315, "2020-06-30": 528, "2020-03-31": "5145.00000", "2019-12-31": 4008, "2019-09-30": 718, "2019-06-30": 994, "2019-03-31": "738.00000", "2018-12-31": 1180, "2018-09-30": 813, "2018-06-30": 687, "2018-03-31": "544.00000", "2017-12-31": 204, "2017-09-30": 464, "2017-06-30": -56, "2017-03-31": "429.00000", "2016-12-31": 624, "2016-09-30": 1270, "2016-06-30": 706, "2016-03-31": "787.00000", "2015-12-31": 5150, "2015-09-30": 4980, "2015-06-30": -2331, "2015-03-31": "5608.00000", "2014-12-31": 9256, "2014-09-30": 3559, "2014-06-30": 1710, "2014-03-31": "2011.00000", "2013-12-31": 1800, "2013-09-30": 2040, "2013-06-30": 1783, "2013-03-31": "1605.00000", "2012-12-31": 1925, "2012-09-30": 2230, "2012-06-30": 1984, "2012-03-31": "1833.00000", "2011-12-31": 1395, "2011-09-30": 1723, "2011-06-30": 1363, "2011-03-31": "1123.00000", "2010-12-31": 1211, "2010-09-30": 1164, "2010-06-30": 949, "2010-03-31": "822.00000", "2009-12-31": 818.76, "2009-09-30": 818.111, "2009-06-30": 723.658, "2009-03-31": "2726.47100", "2008-12-31": 4073.322, "2008-09-30": 978.237, "2008-06-30": 849.881, "2008-03-31": "813.56000", "2007-12-31": 835.633, "2007-09-30": 985.084, "2007-06-30": 822.899, "2007-03-31": "690.13900", "2006-12-31": 582.378, "2006-09-30": 830.42, "2006-06-30": 516.51, "2006-03-31": "553.89400", "2005-12-31": 560.078, "2005-09-30": 555.921, "2005-06-30": 501.571, "2005-03-31": "450.75900"}, "Change In Accounts Receivable": {"2020-09-30": 19, "2020-06-30": -38, "2020-03-31": "221.00000", "2019-12-31": 9, "2019-09-30": 28, "2019-06-30": 88, "2019-03-31": "8.00000", "2018-12-31": 263, "2018-09-30": -12, "2018-06-30": -36, "2018-03-31": "-65.00000", "2017-12-31": -200, "2017-09-30": -132, "2017-06-30": 103, "2017-03-31": "-41.00000", "2016-12-31": -66, "2016-09-30": -45, "2016-06-30": 102, "2016-03-31": "135.00000", "2015-12-31": 78, "2015-09-30": 252, "2015-06-30": 86, "2015-03-31": "247.00000", "2014-12-31": 166, "2014-09-30": 200, "2014-06-30": 2, "2014-03-31": "389.00000", "2013-12-31": 154, "2013-09-30": -171, "2013-06-30": 141, "2013-03-31": "-19.00000", "2012-12-31": -100, "2012-09-30": -362, "2012-06-30": 572, "2012-03-31": "-82.00000", "2011-12-31": -342, "2011-09-30": -62, "2011-06-30": 2, "2011-03-31": "-357.00000", "2010-12-31": -289, "2010-09-30": -103, "2010-06-30": 165, "2010-03-31": "-269.00000", "2009-12-31": 41.095, "2009-09-30": -54.593, "2009-06-30": -242.64, "2009-03-31": "69.13800", "2008-12-31": 319.08, "2008-09-30": 584.756, "2008-06-30": -294.48, "2008-03-31": "-38.35600", "2007-12-31": -231.367, "2007-09-30": -11.821, "2007-06-30": -64.139, "2007-03-31": "45.36500", "2006-12-31": -197.972, "2006-09-30": 2.116, "2006-06-30": 19.983, "2006-03-31": "22.25700", "2005-12-31": -186.644, "2005-09-30": -117.76, "2005-06-30": -22.459, "2005-03-31": "-177.17500"}, "Change In Inventories": {"2020-09-30": -9, "2020-06-30": -5, "2020-03-31": "30.00000", "2019-12-31": -25, "2019-09-30": 0, "2019-06-30": 17, "2019-03-31": "-33.00000", "2018-12-31": 1, "2018-09-30": 2, "2018-06-30": 24, "2018-03-31": "-33.00000", "2017-12-31": 15, "2017-09-30": -3, "2017-06-30": 8, "2017-03-31": "12.00000", "2016-12-31": -25, "2016-09-30": -3, "2016-06-30": -9, "2016-03-31": "10.00000", "2015-12-31": -33, "2015-09-30": -20, "2015-06-30": 52, "2015-03-31": "22.00000", "2014-12-31": -105, "2014-09-30": 87, "2014-06-30": -98, "2014-03-31": "85.00000", "2013-12-31": -24, "2013-09-30": -8, "2013-06-30": -83, "2013-03-31": "50.00000", "2012-12-31": -89, "2012-09-30": 5, "2012-06-30": -43, "2012-03-31": "67.00000", "2011-12-31": -2, "2011-09-30": 62, "2011-06-30": -71, "2011-03-31": "-26.00000", "2010-12-31": 56, "2010-09-30": -14, "2010-06-30": 1, "2010-03-31": "-8.00000", "2009-12-31": -16.897, "2009-09-30": 15.946, "2009-06-30": -10.571, "2009-03-31": "6.52200", "2008-12-31": -14.271, "2008-09-30": -6.009, "2008-06-30": -78.031, "2008-03-31": "76.31100", "2007-12-31": 9.166, "2007-09-30": 8.721, "2007-06-30": 30.15, "2007-03-31": "-8.25000", "2006-12-31": 23.706, "2006-09-30": -18.395, "2006-06-30": 9.059, "2006-03-31": "-4.13200", "2005-12-31": 0.473, "2005-09-30": 1.802, "2005-06-30": 4.323, "2005-03-31": "4.69700"}, "Change In Accounts Payable": {"2020-09-30": -64, "2020-06-30": -67, "2020-03-31": "-80.00000", "2019-12-31": 77, "2019-09-30": -16, "2019-06-30": -16, "2019-03-31": "-50.00000", "2018-12-31": -33, "2018-09-30": 64, "2018-06-30": -20, "2018-03-31": "66.00000", "2017-12-31": 61, "2017-09-30": 39, "2017-06-30": 19, "2017-03-31": "-56.00000", "2016-12-31": 30, "2016-09-30": 25, "2016-06-30": -43, "2016-03-31": "-75.00000", "2015-12-31": -26, "2015-09-30": -53, "2015-06-30": -220, "2015-03-31": "-190.00000", "2014-12-31": 52, "2014-09-30": -137, "2014-06-30": 39, "2014-03-31": "-170.00000", "2013-12-31": 103, "2013-09-30": -12, "2013-06-30": 139, "2013-03-31": "56.00000", "2012-12-31": -252, "2012-09-30": 281, "2012-06-30": -46, "2012-03-31": "-67.00000", "2011-12-31": 122, "2011-09-30": -87, "2011-06-30": 111, "2011-03-31": "95.00000", "2010-12-31": 75, "2010-09-30": 90, "2010-06-30": -67, "2010-03-31": "116.00000", "2009-12-31": 3.884, "2009-09-30": -7.312, "2009-06-30": -15.372, "2009-03-31": "-161.20000", "2008-12-31": -142.188, "2008-09-30": -175.261, "2008-06-30": 190.58, "2008-03-31": "55.86900", "2007-12-31": -26.124, "2007-09-30": 32.887, "2007-06-30": -42.39, "2007-03-31": "-3.29600", "2006-12-31": -5.779, "2006-09-30": 6.599, "2006-06-30": -97.266, "2006-03-31": "-40.21700", "2005-12-31": -23.556, "2005-09-30": 118.94, "2005-06-30": -4.889, "2005-03-31": "6.95200"}, "Change In Assets/Liabilities": {"2020-09-30": 20, "2020-06-30": 19, "2020-03-31": "-19.00000", "2019-12-31": -20, "2019-09-30": 9, "2019-06-30": 22, "2019-03-31": "-17.00000", "2018-12-31": -48, "2018-09-30": -39, "2018-06-30": 109, "2018-03-31": "-3.00000", "2017-12-31": -37, "2017-09-30": -26, "2017-06-30": -71, "2017-03-31": "-15.00000", "2016-12-31": 155, "2016-09-30": 64, "2016-06-30": 68, "2016-03-31": "-161.00000", "2015-12-31": -229, "2015-09-30": 4, "2015-06-30": 300, "2015-03-31": "-194.00000", "2014-12-31": 58, "2014-09-30": -282, "2014-06-30": -14, "2014-03-31": "-29.00000", "2013-12-31": 202, "2013-09-30": -178, "2013-06-30": -59, "2013-03-31": "195.00000", "2012-12-31": 88, "2012-09-30": -375, "2012-06-30": -23, "2012-03-31": "-133.00000", "2011-12-31": 212, "2011-09-30": -38, "2011-06-30": -79, "2011-03-31": "89.00000", "2010-12-31": 60, "2010-09-30": -182, "2010-06-30": 16, "2010-03-31": "20.00000", "2009-12-31": 48.857, "2009-09-30": 36.953, "2009-06-30": -132.224, "2009-03-31": "-12.58600", "2008-12-31": -124.728, "2008-09-30": 46.904, "2008-06-30": -235.583, "2008-03-31": "-18.59300", "2007-12-31": 68.425, "2007-09-30": -77.536, "2007-06-30": -71.848, "2007-03-31": "-6.50300", "2006-12-31": 0.784, "2006-09-30": 44.014, "2006-06-30": -112.389, "2006-03-31": "67.52600", "2005-12-31": -47.145, "2005-09-30": -130.464, "2005-06-30": -12.371, "2005-03-31": "-41.27800"}, "Total Change In Assets/Liabilities": {"2020-09-30": -97, "2020-06-30": -66, "2020-03-31": "-21.00000", "2019-12-31": -42, "2019-09-30": -1, "2019-06-30": 178, "2019-03-31": "-138.00000", "2018-12-31": 191, "2018-09-30": 32, "2018-06-30": 196, "2018-03-31": "-174.00000", "2017-12-31": -92, "2017-09-30": -101, "2017-06-30": 148, "2017-03-31": "-275.00000", "2016-12-31": 152, "2016-09-30": 31, "2016-06-30": 202, "2016-03-31": "-232.00000", "2015-12-31": -475, "2015-09-30": -213, "2015-06-30": 927, "2015-03-31": "-319.00000", "2014-12-31": -142, "2014-09-30": -139, "2014-06-30": -37, "2014-03-31": "-11.00000", "2013-12-31": 337, "2013-09-30": -744, "2013-06-30": 164, "2013-03-31": "262.00000", "2012-12-31": -672, "2012-09-30": -793, "2012-06-30": 414, "2012-03-31": "-641.00000", "2011-12-31": 118, "2011-09-30": -241, "2011-06-30": 106, "2011-03-31": "-264.00000", "2010-12-31": -55, "2010-09-30": -269, "2010-06-30": 97, "2010-03-31": "-415.00000", "2009-12-31": 98.092, "2009-09-30": 16.822, "2009-06-30": -436.071, "2009-03-31": "-439.84300", "2008-12-31": -51.554, "2008-09-30": 167.074, "2008-06-30": -390.24, "2008-03-31": "-36.28000", "2007-12-31": -117.66, "2007-09-30": -190.511, "2007-06-30": -80.575, "2007-03-31": "-128.90100", "2006-12-31": -367.691, "2006-09-30": -122.865, "2006-06-30": -83.655, "2006-03-31": "-180.91600", "2005-12-31": -179.882, "2005-09-30": 67.354, "2005-06-30": -112.639, "2005-03-31": "-186.89600"}, "Cash Flow From Operating Activities": {"2020-09-30": 304, "2020-06-30": 84, "2020-03-31": "502.00000", "2019-12-31": 778, "2019-09-30": 635, "2019-06-30": 856, "2019-03-31": "598.00000", "2018-12-31": 1043, "2018-09-30": 1006, "2018-06-30": 1113, "2018-03-31": "615.00000", "2017-12-31": 668, "2017-09-30": 554, "2017-06-30": 751, "2017-03-31": "455.00000", "2016-12-31": 796, "2016-09-30": 651, "2016-06-30": 744, "2016-03-31": "239.00000", "2015-12-31": 174, "2015-09-30": 711, "2015-06-30": 1132, "2015-03-31": "650.00000", "2014-12-31": 1429, "2014-09-30": 1896, "2014-06-30": 2339, "2014-03-31": "2293.00000", "2013-12-31": 2477, "2013-09-30": 1978, "2013-06-30": 2759, "2013-03-31": "2621.00000", "2012-12-31": 2082, "2012-09-30": 1623, "2012-06-30": 2792, "2012-03-31": "2007.00000", "2011-12-31": 2782, "2011-09-30": 2447, "2011-06-30": 2745, "2011-03-31": "1979.00000", "2010-12-31": 1926, "2010-09-30": 1715, "2010-06-30": 1931, "2010-03-31": "1154.00000", "2009-12-31": 1544.529, "2009-09-30": 1312.742, "2009-06-30": 823.513, "2009-03-31": "543.21600", "2008-12-31": 1036.432, "2008-09-30": 2290.655, "2008-06-30": 1929.509, "2008-03-31": "1808.40400", "2007-12-31": 1799.961, "2007-09-30": 1427.467, "2007-06-30": 1386.446, "2007-03-31": "1063.55900", "2006-12-31": 913.894, "2006-09-30": 1173.704, "2006-06-30": 1182.024, "2006-03-31": "1043.28400", "2005-12-31": 1172.174, "2005-09-30": 1330.915, "2005-06-30": 993.009, "2005-03-31": "836.17200"}, "Net Change In Property, Plant, And Equipment": {"2020-09-30": -233, "2020-06-30": -335, "2020-03-31": "-405.00000", "2019-12-31": -485, "2019-09-30": -339, "2019-06-30": -565, "2019-03-31": "-854.00000", "2018-12-31": -981, "2018-09-30": -904, "2018-06-30": -1013, "2018-03-31": "-868.00000", "2017-12-31": -748, "2017-09-30": -513, "2017-06-30": -654, "2017-03-31": "-87.00000", "2016-12-31": -406, "2016-09-30": -414, "2016-06-30": -430, "2016-03-31": "-565.00000", "2015-12-31": -759, "2015-09-30": -895, "2015-06-30": -1105, "2015-03-31": "-1781.00000", "2014-12-31": -4525, "2014-09-30": -2891, "2014-06-30": -372, "2014-03-31": "-2706.00000", "2013-12-31": -1097, "2013-09-30": -2611, "2013-06-30": -2776, "2013-03-31": "-2765.00000", "2012-12-31": -2490, "2012-09-30": -2749, "2012-06-30": -2231, "2012-03-31": "-1967.00000", "2011-12-31": -1628, "2011-09-30": -1781, "2011-06-30": -1551, "2011-03-31": "-1696.00000", "2010-12-31": -1553, "2010-09-30": -1191, "2010-06-30": -1104, "2010-03-31": "-1074.00000", "2009-12-31": -663.89, "2009-09-30": -682.972, "2009-06-30": -1222.947, "2009-03-31": "-1059.19100", "2008-12-31": -1337.876, "2008-09-30": -1688.357, "2008-06-30": -1435.266, "2008-03-31": "-1053.50100", "2007-12-31": -1018.663, "2007-09-30": -1298.488, "2007-06-30": -1198.301, "2007-03-31": "-1199.04500", "2006-12-31": -1235.265, "2006-09-30": -882.496, "2006-06-30": -1005.688, "2006-03-31": "-1012.03900", "2005-12-31": -899.927, "2005-09-30": -767.983, "2005-06-30": -1177.933, "2005-03-31": "-790.35000"}, "Net Change In Intangible Assets": {"2020-09-30": 0, "2020-06-30": 0, "2020-03-31": "", "2019-12-31": 0, "2019-09-30": 0, "2019-06-30": 0, "2019-03-31": "", "2018-12-31": 0, "2018-09-30": 0, "2018-06-30": 0, "2018-03-31": "", "2017-12-31": 0, "2017-09-30": 0, "2017-06-30": 0, "2017-03-31": "", "2016-12-31": 0, "2016-09-30": 0, "2016-06-30": 0, "2016-03-31": "", "2015-12-31": 0, "2015-09-30": 0, "2015-06-30": 0, "2015-03-31": "", "2014-12-31": 0, "2014-09-30": 0, "2014-06-30": 0, "2014-03-31": "", "2013-12-31": 0, "2013-09-30": 0, "2013-06-30": 0, "2013-03-31": "", "2012-12-31": 0, "2012-09-30": 0, "2012-06-30": 0, "2012-03-31": "", "2011-12-31": 0, "2011-09-30": 0, "2011-06-30": 0, "2011-03-31": "", "2010-12-31": 0, "2010-09-30": 0, "2010-06-30": 0, "2010-03-31": "", "2009-12-31": 0, "2009-09-30": 0, "2009-06-30": 0, "2009-03-31": "", "2008-12-31": 0, "2008-09-30": 0, "2008-06-30": 0, "2008-03-31": "", "2007-12-31": 0, "2007-09-30": 0, "2007-06-30": 0, "2007-03-31": "", "2006-12-31": 0, "2006-09-30": 0, "2006-06-30": 0, "2006-03-31": "", "2005-12-31": 0, "2005-09-30": 0, "2005-06-30": 0, "2005-03-31": ""}, "Net Acquisitions/Divestitures": {"2020-09-30": 0, "2020-06-30": 0, "2020-03-31": "", "2019-12-31": 0, "2019-09-30": 0, "2019-06-30": 0, "2019-03-31": "", "2018-12-31": 0, "2018-09-30": 0, "2018-06-30": 0, "2018-03-31": "", "2017-12-31": 0, "2017-09-30": 433, "2017-06-30": 228, "2017-03-31": "", "2016-12-31": 0, "2016-09-30": 0, "2016-06-30": 0, "2016-03-31": "", "2015-12-31": 0, "2015-09-30": 0, "2015-06-30": 854, "2015-03-31": "", "2014-12-31": 1262, "2014-09-30": 0, "2014-06-30": 0, "2014-03-31": "", "2013-12-31": 108, "2013-09-30": 3733, "2013-06-30": 0, "2013-03-31": "257.00000", "2012-12-31": -317, "2012-09-30": -116, "2012-06-30": -2472, "2012-03-31": "-200.00000", "2011-12-31": -1304, "2011-09-30": -431, "2011-06-30": -78, "2011-03-31": "", "2010-12-31": -4810, "2010-09-30": -2517, "2010-06-30": -1033, "2010-03-31": "", "2009-12-31": -51.657, "2009-09-30": -77.21, "2009-06-30": -181.133, "2009-03-31": "", "2008-12-31": -150, "2008-09-30": 0, "2008-06-30": 0, "2008-03-31": "", "2007-12-31": -20.375, "2007-09-30": -4.581, "2007-06-30": 0, "2007-03-31": "-1000.00000", "2006-12-31": -12.571, "2006-09-30": -134.155, "2006-06-30": -1522.926, "2006-03-31": "179.11700", "2005-12-31": 0, "2005-09-30": 0, "2005-06-30": 0, "2005-03-31": ""}, "Net Change In Short-term Investments": {"2020-09-30": 0, "2020-06-30": 0, "2020-03-31": "", "2019-12-31": 0, "2019-09-30": 0, "2019-06-30": 0, "2019-03-31": "", "2018-12-31": 0, "2018-09-30": 0, "2018-06-30": 0, "2018-03-31": "", "2017-12-31": 0, "2017-09-30": 0, "2017-06-30": 0, "2017-03-31": "", "2016-12-31": 0, "2016-09-30": 0, "2016-06-30": 0, "2016-03-31": "", "2015-12-31": 0, "2015-09-30": 0, "2015-06-30": 0, "2015-03-31": "", "2014-12-31": 0, "2014-09-30": 0, "2014-06-30": 0, "2014-03-31": "", "2013-12-31": 0, "2013-09-30": 0, "2013-06-30": 0, "2013-03-31": "", "2012-12-31": 0, "2012-09-30": 0, "2012-06-30": 0, "2012-03-31": "", "2011-12-31": 0, "2011-09-30": 0, "2011-06-30": 0, "2011-03-31": "", "2010-12-31": 0, "2010-09-30": 0, "2010-06-30": 0, "2010-03-31": "", "2009-12-31": 0.001, "2009-09-30": 0, "2009-06-30": 791.999, "2009-03-31": "", "2008-12-31": -792, "2008-09-30": 0, "2008-06-30": 0, "2008-03-31": "", "2007-12-31": 0, "2007-09-30": 0, "2007-06-30": 0, "2007-03-31": "", "2006-12-31": 0, "2006-09-30": 0, "2006-06-30": 0, "2006-03-31": "", "2005-12-31": 0, "2005-09-30": 0, "2005-06-30": 0, "2005-03-31": ""}, "Net Change In Long-Term Investments": {"2020-09-30": 0, "2020-06-30": 0, "2020-03-31": "", "2019-12-31": 0, "2019-09-30": 0, "2019-06-30": 0, "2019-03-31": "", "2018-12-31": 0, "2018-09-30": 0, "2018-06-30": 0, "2018-03-31": "", "2017-12-31": 0, "2017-09-30": 0, "2017-06-30": 0, "2017-03-31": "", "2016-12-31": 0, "2016-09-30": 0, "2016-06-30": 0, "2016-03-31": "", "2015-12-31": 391, "2015-09-30": 0, "2015-06-30": 0, "2015-03-31": "", "2014-12-31": 0, "2014-09-30": 0, "2014-06-30": 0, "2014-03-31": "", "2013-12-31": 0, "2013-09-30": 0, "2013-06-30": 0, "2013-03-31": "", "2012-12-31": 439, "2012-09-30": 0, "2012-06-30": 0, "2012-03-31": "-439.00000", "2011-12-31": 0, "2011-09-30": 0, "2011-06-30": 0, "2011-03-31": "", "2010-12-31": 0, "2010-09-30": 0, "2010-06-30": 0, "2010-03-31": "", "2009-12-31": 0, "2009-09-30": 0, "2009-06-30": 0, "2009-03-31": "", "2008-12-31": 0, "2008-09-30": 0, "2008-06-30": 0, "2008-03-31": "", "2007-12-31": 0, "2007-09-30": 0, "2007-06-30": 0, "2007-03-31": "", "2006-12-31": 0, "2006-09-30": 0, "2006-06-30": 0, "2006-03-31": "", "2005-12-31": 0, "2005-09-30": 0, "2005-06-30": 0, "2005-03-31": ""}, "Net Change In Investments - Total": {"2020-09-30": 0, "2020-06-30": 0, "2020-03-31": "", "2019-12-31": 0, "2019-09-30": 0, "2019-06-30": 0, "2019-03-31": "", "2018-12-31": 0, "2018-09-30": 0, "2018-06-30": 0, "2018-03-31": "", "2017-12-31": 0, "2017-09-30": 0, "2017-06-30": 0, "2017-03-31": "", "2016-12-31": 0, "2016-09-30": 0, "2016-06-30": 0, "2016-03-31": "", "2015-12-31": 391, "2015-09-30": 0, "2015-06-30": 0, "2015-03-31": "", "2014-12-31": 0, "2014-09-30": 0, "2014-06-30": 0, "2014-03-31": "", "2013-12-31": 0, "2013-09-30": 0, "2013-06-30": 0, "2013-03-31": "", "2012-12-31": 439, "2012-09-30": 0, "2012-06-30": 0, "2012-03-31": "-439.00000", "2011-12-31": 0, "2011-09-30": 0, "2011-06-30": 0, "2011-03-31": "", "2010-12-31": 0, "2010-09-30": 0, "2010-06-30": 0, "2010-03-31": "", "2009-12-31": 0.001, "2009-09-30": 0, "2009-06-30": 791.999, "2009-03-31": "", "2008-12-31": -792, "2008-09-30": 0, "2008-06-30": 0, "2008-03-31": "", "2007-12-31": 0, "2007-09-30": 0, "2007-06-30": 0, "2007-03-31": "", "2006-12-31": 0, "2006-09-30": 0, "2006-06-30": 0, "2006-03-31": "", "2005-12-31": 0, "2005-09-30": 0, "2005-06-30": 0, "2005-03-31": ""}, "Investing Activities - Other": {"2020-09-30": -126, "2020-06-30": -73, "2020-03-31": "-104.00000", "2019-12-31": -178, "2019-09-30": -612, "2019-06-30": -329, "2019-03-31": "-84.00000", "2018-12-31": -123, "2018-09-30": -22, "2018-06-30": -11, "2018-03-31": "-22.00000", "2017-12-31": -45, "2017-09-30": -14, "2017-06-30": -10, "2017-03-31": "-6.00000", "2016-12-31": 108, "2016-09-30": 18, "2016-06-30": 19, "2016-03-31": "10.00000", "2015-12-31": 105, "2015-09-30": -32, "2015-06-30": 4642, "2015-03-31": "-337.00000", "2014-12-31": 1814, "2014-09-30": 441, "2014-06-30": -2170, "2014-03-31": "757.00000", "2013-12-31": -1793, "2013-09-30": -92, "2013-06-30": 4, "2013-03-31": "-84.00000", "2012-12-31": -496, "2012-09-30": -109, "2012-06-30": -241, "2012-03-31": "-36.00000", "2011-12-31": -87, "2011-09-30": -37, "2011-06-30": 1, "2011-03-31": "-53.00000", "2010-12-31": 3416, "2010-09-30": -3530, "2010-06-30": -33, "2010-03-31": "26.00000", "2009-12-31": -15.784, "2009-09-30": -12.697, "2009-06-30": -48.919, "2009-03-31": "-22.60000", "2008-12-31": -21.647, "2008-09-30": 63.442, "2008-06-30": 231.603, "2008-03-31": "-351.39800", "2007-12-31": -74.696, "2007-09-30": -35.388, "2007-06-30": -66.243, "2007-03-31": "-30.14900", "2006-12-31": 158.607, "2006-09-30": -169.898, "2006-06-30": -84.686, "2006-03-31": "-53.58200", "2005-12-31": -100.885, "2005-09-30": -226.796, "2005-06-30": 199.584, "2005-03-31": "32.44800"}, "Cash Flow From Investing Activities": {"2020-09-30": -359, "2020-06-30": -408, "2020-03-31": "-509.00000", "2019-12-31": -663, "2019-09-30": -951, "2019-06-30": -894, "2019-03-31": "-938.00000", "2018-12-31": -1104, "2018-09-30": -926, "2018-06-30": -1024, "2018-03-31": "-890.00000", "2017-12-31": -793, "2017-09-30": -94, "2017-06-30": -436, "2017-03-31": "-93.00000", "2016-12-31": -298, "2016-09-30": -396, "2016-06-30": -411, "2016-03-31": "-555.00000", "2015-12-31": -263, "2015-09-30": -927, "2015-06-30": 4391, "2015-03-31": "-2118.00000", "2014-12-31": -1449, "2014-09-30": -2450, "2014-06-30": -2542, "2014-03-31": "-1949.00000", "2013-12-31": -2782, "2013-09-30": 1030, "2013-06-30": -2772, "2013-03-31": "-2592.00000", "2012-12-31": -2864, "2012-09-30": -2974, "2012-06-30": -4944, "2012-03-31": "-2642.00000", "2011-12-31": -3019, "2011-09-30": -2249, "2011-06-30": -1628, "2011-03-31": "-1749.00000", "2010-12-31": -2947, "2010-09-30": -7238, "2010-06-30": -2170, "2010-03-31": "-1048.00000", "2009-12-31": -731.33, "2009-09-30": -772.879, "2009-06-30": -661, "2009-03-31": "-1081.79100", "2008-12-31": -2301.523, "2008-09-30": -1624.915, "2008-06-30": -1203.663, "2008-03-31": "-1404.89900", "2007-12-31": -1113.734, "2007-09-30": -1338.457, "2007-06-30": -1264.544, "2007-03-31": "-2229.19400", "2006-12-31": -1089.229, "2006-09-30": -1186.549, "2006-06-30": -2613.3, "2006-03-31": "-886.50400", "2005-12-31": -1000.812, "2005-09-30": -994.779, "2005-06-30": -978.349, "2005-03-31": "-757.90200"}, "Net Long-Term Debt": {"2020-09-30": 131, "2020-06-30": 76, "2020-03-31": "322.00000", "2019-12-31": 161, "2019-09-30": 85, "2019-06-30": -170, "2019-03-31": "159.00000", "2018-12-31": 0, "2018-09-30": -228, "2018-06-30": 0, "2018-03-31": "-150.00000", "2017-12-31": 0, "2017-09-30": 0, "2017-06-30": 0, "2017-03-31": "-70.00000", "2016-12-31": -180, "2016-09-30": -1, "2016-06-30": 0, "2016-03-31": "", "2015-12-31": 0, "2015-09-30": -939, "2015-06-30": -2598, "2015-03-31": "1028.00000", "2014-12-31": 322, "2014-09-30": 1247, "2014-06-30": 1, "2014-03-31": "-2.00000", "2013-12-31": -1142, "2013-09-30": -1884, "2013-06-30": 290, "2013-03-31": "155.00000", "2012-12-31": 671, "2012-09-30": 1396, "2012-06-30": 2365, "2012-03-31": "657.00000", "2011-12-31": 15, "2011-09-30": -651, "2011-06-30": -308, "2011-03-31": "19.00000", "2010-12-31": -32, "2010-09-30": 1502, "2010-06-30": -52, "2010-03-31": "-3.00000", "2009-12-31": 17.824, "2009-09-30": 82.51, "2009-06-30": 55.103, "2009-03-31": "-7.43700", "2008-12-31": 865.395, "2008-09-30": 13.309, "2008-06-30": -95.308, "2008-03-31": "-87.39600", "2007-12-31": -633.998, "2007-09-30": -125.186, "2007-06-30": -26.693, "2007-03-31": "1192.91700", "2006-12-31": 173.521, "2006-09-30": 172.102, "2006-06-30": 1129.601, "2006-03-31": "154.47300", "2005-12-31": 0.169, "2005-09-30": -286.826, "2005-06-30": -52.837, "2005-03-31": "-56.66800"}, "Net Current Debt": {"2020-09-30": 0, "2020-06-30": 0, "2020-03-31": "", "2019-12-31": 0, "2019-09-30": 0, "2019-06-30": 0, "2019-03-31": "", "2018-12-31": 0, "2018-09-30": 0, "2018-06-30": 0, "2018-03-31": "", "2017-12-31": 0, "2017-09-30": 0, "2017-06-30": 0, "2017-03-31": "", "2016-12-31": 0, "2016-09-30": 0, "2016-06-30": 0, "2016-03-31": "", "2015-12-31": 0, "2015-09-30": 0, "2015-06-30": 0, "2015-03-31": "", "2014-12-31": 0, "2014-09-30": 0, "2014-06-30": 0, "2014-03-31": "", "2013-12-31": 0, "2013-09-30": 0, "2013-06-30": 0, "2013-03-31": "", "2012-12-31": 0, "2012-09-30": 0, "2012-06-30": 0, "2012-03-31": "", "2011-12-31": 0, "2011-09-30": 0, "2011-06-30": 0, "2011-03-31": "", "2010-12-31": 0, "2010-09-30": 0, "2010-06-30": 0, "2010-03-31": "", "2009-12-31": 0, "2009-09-30": 0, "2009-06-30": 0, "2009-03-31": "", "2008-12-31": 0, "2008-09-30": 0, "2008-06-30": 0, "2008-03-31": "", "2007-12-31": 0, "2007-09-30": 0, "2007-06-30": 0, "2007-03-31": "", "2006-12-31": 0, "2006-09-30": 0, "2006-06-30": 0, "2006-03-31": "", "2005-12-31": 0, "2005-09-30": 0, "2005-06-30": 0, "2005-03-31": ""}, "Debt Issuance/Retirement Net - Total": {"2020-09-30": 131, "2020-06-30": 76, "2020-03-31": "322.00000", "2019-12-31": 161, "2019-09-30": 85, "2019-06-30": -170, "2019-03-31": "159.00000", "2018-12-31": 0, "2018-09-30": -228, "2018-06-30": 0, "2018-03-31": "-150.00000", "2017-12-31": 0, "2017-09-30": 0, "2017-06-30": 0, "2017-03-31": "-70.00000", "2016-12-31": -180, "2016-09-30": -1, "2016-06-30": 0, "2016-03-31": "", "2015-12-31": 0, "2015-09-30": -939, "2015-06-30": -2598, "2015-03-31": "1028.00000", "2014-12-31": 322, "2014-09-30": 1247, "2014-06-30": 1, "2014-03-31": "-2.00000", "2013-12-31": -1142, "2013-09-30": -1884, "2013-06-30": 290, "2013-03-31": "155.00000", "2012-12-31": 671, "2012-09-30": 1396, "2012-06-30": 2365, "2012-03-31": "657.00000", "2011-12-31": 15, "2011-09-30": -651, "2011-06-30": -308, "2011-03-31": "19.00000", "2010-12-31": -32, "2010-09-30": 1502, "2010-06-30": -52, "2010-03-31": "-3.00000", "2009-12-31": 17.824, "2009-09-30": 82.51, "2009-06-30": 55.103, "2009-03-31": "-7.43700", "2008-12-31": 865.395, "2008-09-30": 13.309, "2008-06-30": -95.308, "2008-03-31": "-87.39600", "2007-12-31": -633.998, "2007-09-30": -125.186, "2007-06-30": -26.693, "2007-03-31": "1192.91700", "2006-12-31": 173.521, "2006-09-30": 172.102, "2006-06-30": 1129.601, "2006-03-31": "154.47300", "2005-12-31": 0.169, "2005-09-30": -286.826, "2005-06-30": -52.837, "2005-03-31": "-56.66800"}, "Net Common Equity Issued/Repurchased": {"2020-09-30": 0, "2020-06-30": 0, "2020-03-31": "", "2019-12-31": 2, "2019-09-30": 0, "2019-06-30": 0, "2019-03-31": "", "2018-12-31": -305, "2018-09-30": 0, "2018-06-30": 0, "2018-03-31": "", "2017-12-31": 0, "2017-09-30": 0, "2017-06-30": 0, "2017-03-31": "", "2016-12-31": 0, "2016-09-30": 0, "2016-06-30": 0, "2016-03-31": "", "2015-12-31": 0, "2015-09-30": 0, "2015-06-30": 0, "2015-03-31": "", "2014-12-31": -34, "2014-09-30": -567, "2014-06-30": -779, "2014-03-31": "-484.00000", "2013-12-31": -748, "2013-09-30": 0, "2013-06-30": -249, "2013-03-31": "", "2012-12-31": -2, "2012-09-30": 0, "2012-06-30": 2, "2012-03-31": "", "2011-12-31": 0, "2011-09-30": -42, "2011-06-30": 16, "2011-03-31": "26.00000", "2010-12-31": -33, "2010-09-30": 2267, "2010-06-30": 12, "2010-03-31": "12.00000", "2009-12-31": 3.628, "2009-09-30": 11.732, "2009-06-30": 10.64, "2009-03-31": "2.00000", "2008-12-31": -4.378, "2008-09-30": 3.436, "2008-06-30": 23.905, "2008-03-31": "8.03700", "2007-12-31": 8.78, "2007-09-30": 5.786, "2007-06-30": 21.625, "2007-03-31": "7.77000", "2006-12-31": 11.274, "2006-09-30": -7.126, "2006-06-30": -143.266, "2006-03-31": "4.17400", "2005-12-31": 1.036, "2005-09-30": -3.855, "2005-06-30": 22.617, "2005-03-31": "5.68600"}, "Net Total Equity Issued/Repurchased": {"2020-09-30": 0, "2020-06-30": 0, "2020-03-31": "", "2019-12-31": 2, "2019-09-30": 0, "2019-06-30": 0, "2019-03-31": "", "2018-12-31": -305, "2018-09-30": 0, "2018-06-30": 0, "2018-03-31": "", "2017-12-31": 0, "2017-09-30": 0, "2017-06-30": 0, "2017-03-31": "", "2016-12-31": 0, "2016-09-30": 0, "2016-06-30": 0, "2016-03-31": "", "2015-12-31": 0, "2015-09-30": 0, "2015-06-30": 0, "2015-03-31": "", "2014-12-31": -34, "2014-09-30": -567, "2014-06-30": -779, "2014-03-31": "-484.00000", "2013-12-31": -748, "2013-09-30": 0, "2013-06-30": -249, "2013-03-31": "", "2012-12-31": -2, "2012-09-30": 0, "2012-06-30": 2, "2012-03-31": "", "2011-12-31": 0, "2011-09-30": -42, "2011-06-30": 16, "2011-03-31": "26.00000", "2010-12-31": -33, "2010-09-30": 3494, "2010-06-30": 12, "2010-03-31": "12.00000", "2009-12-31": -94.372, "2009-09-30": 11.732, "2009-06-30": 10.64, "2009-03-31": "2.00000", "2008-12-31": -4.378, "2008-09-30": 3.436, "2008-06-30": 23.905, "2008-03-31": "8.03700", "2007-12-31": 8.78, "2007-09-30": 5.786, "2007-06-30": 21.625, "2007-03-31": "7.77000", "2006-12-31": 11.274, "2006-09-30": -7.126, "2006-06-30": -143.266, "2006-03-31": "4.17400", "2005-12-31": 1.036, "2005-09-30": -3.855, "2005-06-30": 22.617, "2005-03-31": "5.68600"}, "Total Common And Preferred Stock Dividends Paid": {"2020-09-30": -30, "2020-06-30": -18, "2020-03-31": "-126.00000", "2019-12-31": -164, "2019-09-30": -165, "2019-06-30": -151, "2019-03-31": "-201.00000", "2018-12-31": -184, "2018-09-30": -197, "2018-06-30": -182, "2018-03-31": "-164.00000", "2017-12-31": -148, "2017-09-30": -137, "2017-06-30": -208, "2017-03-31": "-152.00000", "2016-12-31": -173, "2016-09-30": -217, "2016-06-30": -133, "2016-03-31": "-149.00000", "2015-12-31": -126, "2015-09-30": -151, "2015-06-30": -114, "2015-03-31": "-115.00000", "2014-12-31": -110, "2014-09-30": -153, "2014-06-30": -163, "2014-03-31": "-79.00000", "2013-12-31": -80, "2013-09-30": -97, "2013-06-30": -97, "2013-03-31": "-86.00000", "2012-12-31": -86, "2012-09-30": -85, "2012-06-30": -84, "2012-03-31": "-77.00000", "2011-12-31": -76, "2011-09-30": -77, "2011-06-30": -77, "2011-03-31": "-76.00000", "2010-12-31": -74, "2010-09-30": -51, "2010-06-30": -51, "2010-03-31": "-50.00000", "2009-12-31": -53.875, "2009-09-30": -51.794, "2009-06-30": -51.698, "2009-03-31": "-51.63300", "2008-12-31": -51.265, "2008-09-30": -51.59, "2008-06-30": -51.473, "2008-03-31": "-84.67200", "2007-12-31": -51.332, "2007-09-30": -51.269, "2007-06-30": -51.12, "2007-03-31": "-51.03200", "2006-12-31": -50.879, "2006-09-30": -34.376, "2006-06-30": -34.455, "2006-03-31": "-34.43300", "2005-12-31": -34.349, "2005-09-30": -27.739, "2005-06-30": -27.676, "2005-03-31": "-27.63100"}, "Financial Activities - Other": {"2020-09-30": -19, "2020-06-30": -27, "2020-03-31": "-8.00000", "2019-12-31": -30, "2019-09-30": 10, "2019-06-30": 581, "2019-03-31": "-5.00000", "2018-12-31": 671, "2018-09-30": -34, "2018-06-30": -12, "2018-03-31": "-2.00000", "2017-12-31": -1, "2017-09-30": -48, "2017-06-30": 39, "2017-03-31": "4.00000", "2016-12-31": 2, "2016-09-30": -8, "2016-06-30": -3, "2016-03-31": "2.00000", "2015-12-31": 27, "2015-09-30": 11, "2015-06-30": 0, "2015-03-31": "15.00000", "2014-12-31": 11, "2014-09-30": 13, "2014-06-30": 25, "2014-03-31": "-42.00000", "2013-12-31": 2930, "2013-09-30": 40, "2013-06-30": 5, "2013-03-31": "-10.00000", "2012-12-31": 41, "2012-09-30": -3, "2012-06-30": -15, "2012-03-31": "5.00000", "2011-12-31": 7, "2011-09-30": 51, "2011-06-30": 3, "2011-03-31": "23.00000", "2010-12-31": 83, "2010-09-30": -16, "2010-06-30": 9, "2010-03-31": "13.00000", "2009-12-31": 8.31, "2009-09-30": 3.496, "2009-06-30": 5.306, "2009-03-31": "3.88800", "2008-12-31": -8.442, "2008-09-30": 5.267, "2008-06-30": 22.432, "2008-03-31": "17.74300", "2007-12-31": 4.724, "2007-09-30": 4.439, "2007-06-30": 6.46, "2007-03-31": "-8.07600", "2006-12-31": 21.021, "2006-09-30": 1.241, "2006-06-30": 17.307, "2006-03-31": "-5.83900", "2005-12-31": -6.042, "2005-09-30": -0.29, "2005-06-30": 1.143, "2005-03-31": "10.60100"}, "Cash Flow From Financial Activities": {"2020-09-30": 82, "2020-06-30": 31, "2020-03-31": "188.00000", "2019-12-31": -31, "2019-09-30": -70, "2019-06-30": 260, "2019-03-31": "-47.00000", "2018-12-31": 182, "2018-09-30": -459, "2018-06-30": -194, "2018-03-31": "-316.00000", "2017-12-31": -149, "2017-09-30": -185, "2017-06-30": -169, "2017-03-31": "-218.00000", "2016-12-31": -351, "2016-09-30": -226, "2016-06-30": -136, "2016-03-31": "-147.00000", "2015-12-31": -99, "2015-09-30": -1079, "2015-06-30": -2712, "2015-03-31": "928.00000", "2014-12-31": 189, "2014-09-30": 540, "2014-06-30": -916, "2014-03-31": "-607.00000", "2013-12-31": 960, "2013-09-30": -1941, "2013-06-30": -51, "2013-03-31": "59.00000", "2012-12-31": 624, "2012-09-30": 1308, "2012-06-30": 2268, "2012-03-31": "585.00000", "2011-12-31": -54, "2011-09-30": -719, "2011-06-30": -366, "2011-03-31": "-8.00000", "2010-12-31": -56, "2010-09-30": 4929, "2010-06-30": -82, "2010-03-31": "-28.00000", "2009-12-31": -122.113, "2009-09-30": 45.944, "2009-06-30": 19.351, "2009-03-31": "-53.18200", "2008-12-31": 801.31, "2008-09-30": -29.578, "2008-06-30": -100.444, "2008-03-31": "-146.28800", "2007-12-31": -671.826, "2007-09-30": -166.23, "2007-06-30": -49.728, "2007-03-31": "1141.57900", "2006-12-31": 154.937, "2006-09-30": 131.841, "2006-06-30": 969.187, "2006-03-31": "118.37500", "2005-12-31": -39.186, "2005-09-30": -318.71, "2005-06-30": -56.753, "2005-03-31": "-68.01200"}, "Net Cash Flow": {"2020-09-30": 27, "2020-06-30": -293, "2020-03-31": "181.00000", "2019-12-31": 84, "2019-09-30": -386, "2019-06-30": 222, "2019-03-31": "-387.00000", "2018-12-31": 121, "2018-09-30": -379, "2018-06-30": -105, "2018-03-31": "-591.00000", "2017-12-31": -274, "2017-09-30": 275, "2017-06-30": 146, "2017-03-31": "144.00000", "2016-12-31": 147, "2016-09-30": 29, "2016-06-30": 197, "2016-03-31": "-463.00000", "2015-12-31": -188, "2015-09-30": -1295, "2015-06-30": 2811, "2015-03-31": "-540.00000", "2014-12-31": 169, "2014-09-30": -14, "2014-06-30": -1119, "2014-03-31": "-263.00000", "2013-12-31": 655, "2013-09-30": 1067, "2013-06-30": -64, "2013-03-31": "88.00000", "2012-12-31": -158, "2012-09-30": -43, "2012-06-30": 116, "2012-03-31": "-50.00000", "2011-12-31": -291, "2011-09-30": -521, "2011-06-30": 751, "2011-03-31": "222.00000", "2010-12-31": -1077, "2010-09-30": -594, "2010-06-30": -321, "2010-03-31": "78.00000", "2009-12-31": 691.086, "2009-09-30": 585.807, "2009-06-30": 181.864, "2009-03-31": "-591.75700", "2008-12-31": -463.781, "2008-09-30": 636.162, "2008-06-30": 625.402, "2008-03-31": "257.21700", "2007-12-31": 14.401, "2007-09-30": -77.22, "2007-06-30": 72.174, "2007-03-31": "-24.05600", "2006-12-31": -20.398, "2006-09-30": 118.996, "2006-06-30": -462.089, "2006-03-31": "275.15500", "2005-12-31": 132.176, "2005-09-30": 17.426, "2005-06-30": -42.093, "2005-03-31": "10.25800"}, "Stock-Based Compensation": {"2020-09-30": 0, "2020-06-30": 0, "2020-03-31": "", "2019-12-31": 0, "2019-09-30": 0, "2019-06-30": 0, "2019-03-31": "", "2018-12-31": 0, "2018-09-30": 0, "2018-06-30": 0, "2018-03-31": "", "2017-12-31": 0, "2017-09-30": 0, "2017-06-30": 0, "2017-03-31": "", "2016-12-31": 0, "2016-09-30": 0, "2016-06-30": 0, "2016-03-31": "", "2015-12-31": 0, "2015-09-30": 0, "2015-06-30": 0, "2015-03-31": "", "2014-12-31": 0, "2014-09-30": 0, "2014-06-30": 0, "2014-03-31": "", "2013-12-31": 0, "2013-09-30": 0, "2013-06-30": 0, "2013-03-31": "", "2012-12-31": 0, "2012-09-30": 0, "2012-06-30": 0, "2012-03-31": "", "2011-12-31": 0, "2011-09-30": 0, "2011-06-30": 0, "2011-03-31": "", "2010-12-31": 0, "2010-09-30": 0, "2010-06-30": 0, "2010-03-31": "", "2009-12-31": 0, "2009-09-30": 0, "2009-06-30": 0, "2009-03-31": "", "2008-12-31": 0, "2008-09-30": 0, "2008-06-30": 0, "2008-03-31": "", "2007-12-31": 0, "2007-09-30": 0, "2007-06-30": 0, "2007-03-31": "", "2006-12-31": 0, "2006-09-30": 0, "2006-06-30": 0, "2006-03-31": "", "2005-12-31": 0, "2005-09-30": 0, "2005-06-30": 0, "2005-03-31": ""}, "Common Stock Dividends Paid": {"2020-09-30": -30, "2020-06-30": -18, "2020-03-31": "-126.00000", "2019-12-31": -164, "2019-09-30": -165, "2019-06-30": -151, "2019-03-31": "-201.00000", "2018-12-31": -184, "2018-09-30": -197, "2018-06-30": -182, "2018-03-31": "-164.00000", "2017-12-31": -148, "2017-09-30": -137, "2017-06-30": -208, "2017-03-31": "-152.00000", "2016-12-31": -173, "2016-09-30": -217, "2016-06-30": -133, "2016-03-31": "-149.00000", "2015-12-31": -126, "2015-09-30": -151, "2015-06-30": -114, "2015-03-31": "-115.00000", "2014-12-31": -110, "2014-09-30": -153, "2014-06-30": -163, "2014-03-31": "-79.00000", "2013-12-31": -80, "2013-09-30": -97, "2013-06-30": -97, "2013-03-31": "-86.00000", "2012-12-31": -86, "2012-09-30": -85, "2012-06-30": -84, "2012-03-31": "-77.00000", "2011-12-31": -133, "2011-09-30": -58, "2011-06-30": -58, "2011-03-31": "-57.00000", "2010-12-31": -74, "2010-09-30": -51, "2010-06-30": -51, "2010-03-31": "-50.00000", "2009-12-31": -51, "2009-09-30": -50, "2009-06-30": -50.8, "2009-03-31": "-50.20000", "2008-12-31": -51, "2008-09-30": -50, "2008-06-30": -49.7, "2008-03-31": "-83.30000", "2007-12-31": -50, "2007-09-30": -50, "2007-06-30": -49, "2007-03-31": "-50.00000", "2006-12-31": -50.879, "2006-09-30": -37.264, "2006-06-30": -33, "2006-03-31": "-33.00000", "2005-12-31": -34.349, "2005-09-30": -27.739, "2005-06-30": -27.676, "2005-03-31": "-27.63100"}}, "financial ratios": {"Current Ratio": {"2019-12-31": "1.05710", "2018-12-31": "1.22080", "2017-12-31": "1.45280", "2016-12-31": "1.75850", "2015-12-31": "2.03800", "2014-12-31": "1.75080", "2013-12-31": "1.35450", "2012-12-31": "0.89630", "2011-12-31": "0.96780", "2010-12-31": "0.98750", "2009-12-31": "1.91640", "2008-12-31": "1.76600", "2007-12-31": "1.03270", "2006-12-31": "0.65330", "2005-12-31": "0.98880"}, "Long-term Debt / Capital": {"2019-12-31": "0.65710", "2018-12-31": "0.47870", "2017-12-31": "0.47440", "2016-12-31": "0.52670", "2015-12-31": "0.47870", "2014-12-31": "0.28550", "2013-12-31": "0.21460", "2012-12-31": "0.26600", "2011-12-31": "0.18960", "2010-12-31": "0.24930", "2009-12-31": "0.23880", "2008-12-31": "0.22560", "2007-12-31": "0.20690", "2006-12-31": "0.13280", "2005-12-31": "0.17210"}, "Debt/Equity Ratio": {"2019-12-31": "1.91850", "2018-12-31": "0.93550", "2017-12-31": "0.96510", "2016-12-31": "1.11260", "2015-12-31": "0.91840", "2014-12-31": "0.39970", "2013-12-31": "0.27480", "2012-12-31": "0.39400", "2011-12-31": "0.24890", "2010-12-31": "0.33400", "2009-12-31": "0.32110", "2008-12-31": "0.29810", "2007-12-31": "0.27490", "2006-12-31": "0.28970", "2005-12-31": "0.20800"}, "Gross Margin": {"2019-12-31": "95.22700", "2018-12-31": "95.31250", "2017-12-31": "96.96400", "2016-12-31": "96.26450", "2015-12-31": "96.93710", "2014-12-31": "97.62030", "2013-12-31": "98.00530", "2012-12-31": "98.21900", "2011-12-31": "98.24730", "2010-12-31": "98.52800", "2009-12-31": "98.34010", "2008-12-31": "98.73290", "2007-12-31": "98.62590", "2006-12-31": "98.54930", "2005-12-31": "98.67810"}, "Operating Margin": {"2019-12-31": "-46.91940", "2018-12-31": "12.90410", "2017-12-31": "14.29240", "2016-12-31": "-31.41580", "2015-12-31": "-176.64390", "2014-12-31": "-59.53630", "2013-12-31": "27.06750", "2012-12-31": "29.22000", "2011-12-31": "47.92160", "2010-12-31": "43.05330", "2009-12-31": "3.78410", "2008-12-31": "7.52220", "2007-12-31": "46.72730", "2006-12-31": "48.25530", "2005-12-31": "55.46040"}, "EBIT Margin": {"2019-12-31": "-46.91940", "2018-12-31": "12.90410", "2017-12-31": "14.29240", "2016-12-31": "-31.41580", "2015-12-31": "-176.64390", "2014-12-31": "-59.53630", "2013-12-31": "27.06750", "2012-12-31": "29.22000", "2011-12-31": "47.92160", "2010-12-31": "43.05330", "2009-12-31": "3.78410", "2008-12-31": "7.52220", "2007-12-31": "46.72730", "2006-12-31": "48.25530", "2005-12-31": "55.46040"}, "EBITDA Margin": {"2019-12-31": "-5.11620", "2018-12-31": "45.29900", "2017-12-31": "49.78980", "2016-12-31": "17.48230", "2015-12-31": "-128.74150", "2014-12-31": "-20.08370", "2013-12-31": "67.69640", "2012-12-31": "70.76190", "2011-12-31": "72.81500", "2010-12-31": "68.54950", "2009-12-31": "64.29480", "2008-12-31": "70.87970", "2007-12-31": "70.20580", "2006-12-31": "70.11510", "2005-12-31": "74.12650"}, "Pre-Tax Profit Margin": {"2019-12-31": "-46.91940", "2018-12-31": "12.90410", "2017-12-31": "14.29240", "2016-12-31": "-31.41580", "2015-12-31": "-176.64390", "2014-12-31": "-59.53630", "2013-12-31": "27.06750", "2012-12-31": "29.22000", "2011-12-31": "47.92160", "2010-12-31": "43.05330", "2009-12-31": "3.78410", "2008-12-31": "7.52220", "2007-12-31": "46.72730", "2006-12-31": "48.25530", "2005-12-31": "55.46040"}, "Net Profit Margin": {"2019-12-31": "-55.42040", "2018-12-31": "0.53880", "2017-12-31": "20.30200", "2016-12-31": "-26.24210", "2015-12-31": "-150.26850", "2014-12-31": "-72.87310", "2013-12-31": "15.15450", "2012-12-31": "11.62160", "2011-12-31": "26.69350", "2010-12-31": "24.80980", "2009-12-31": "-3.38940", "2008-12-31": "5.69810", "2007-12-31": "28.06750", "2006-12-31": "30.65030", "2005-12-31": "34.51960"}, "Asset Turnover": {"2019-12-31": "0.35410", "2018-12-31": "0.34400", "2017-12-31": "0.29300", "2016-12-31": "0.23780", "2015-12-31": "0.27020", "2014-12-31": "0.20500", "2013-12-31": "0.23420", "2012-12-31": "0.27270", "2011-12-31": "0.32450", "2010-12-31": "0.27850", "2009-12-31": "0.30560", "2008-12-31": "0.42450", "2007-12-31": "0.34920", "2006-12-31": "0.34180", "2005-12-31": "0.39350"}, "Inventory Turnover Ratio": {"2019-12-31": "", "2018-12-31": "", "2017-12-31": "0.52990", "2016-12-31": "0.42020", "2015-12-31": "0.37020", "2014-12-31": "0.38560", "2013-12-31": "0.32320", "2012-12-31": "0.32490", "2011-12-31": "0.45190", "2010-12-31": "0.31560", "2009-12-31": "0.26830", "2008-12-31": "0.31490", "2007-12-31": "0.29790", "2006-12-31": "0.37620", "2005-12-31": "0.47820"}, "Receiveable Turnover": {"2019-12-31": "6.03670", "2018-12-31": "6.21780", "2017-12-31": "4.77550", "2016-12-31": "4.74650", "2015-12-31": "5.49800", "2014-12-31": "5.66800", "2013-12-31": "4.89090", "2012-12-31": "5.36750", "2011-12-31": "5.48490", "2010-12-31": "5.66640", "2009-12-31": "5.57240", "2008-12-31": "9.13060", "2007-12-31": "5.16260", "2006-12-31": "5.03080", "2005-12-31": "5.25030"}, "Days Sales In Receivables": {"2019-12-31": "60.46330", "2018-12-31": "58.70290", "2017-12-31": "76.43240", "2016-12-31": "76.89950", "2015-12-31": "66.38770", "2014-12-31": "64.39680", "2013-12-31": "74.62810", "2012-12-31": "68.00230", "2011-12-31": "66.54640", "2010-12-31": "64.41530", "2009-12-31": "65.50090", "2008-12-31": "39.97560", "2007-12-31": "70.70140", "2006-12-31": "72.55360", "2005-12-31": "69.52030"}, "ROE - Return On Equity": {"2019-12-31": "-82.46360", "2018-12-31": "3.24560", "2017-12-31": "17.09700", "2016-12-31": "-16.14790", "2015-12-31": "-117.58690", "2014-12-31": "-22.43310", "2013-12-31": "5.59430", "2012-12-31": "6.60050", "2011-12-31": "16.50940", "2010-12-31": "13.09720", "2009-12-31": "-1.80620", "2008-12-31": "4.33870", "2007-12-31": "18.40600", "2006-12-31": "19.49530", "2005-12-31": "25.12470"}, "Return On Tangible Equity": {"2019-12-31": "-82.46360", "2018-12-31": "3.24560", "2017-12-31": "17.09700", "2016-12-31": "-16.14790", "2015-12-31": "-117.58690", "2014-12-31": "-22.43310", "2013-12-31": "5.81940", "2012-12-31": "6.61410", "2011-12-31": "16.44250", "2010-12-31": "12.98780", "2009-12-31": "-1.82810", "2008-12-31": "4.36290", "2007-12-31": "18.51610", "2006-12-31": "19.63150", "2005-12-31": "25.34520"}, "ROA - Return On Assets": {"2019-12-31": "-20.33470", "2018-12-31": "1.32520", "2017-12-31": "6.85610", "2016-12-31": "-5.50650", "2015-12-31": "-43.76080", "2014-12-31": "-11.28110", "2013-12-31": "3.21240", "2012-12-31": "3.27150", "2011-12-31": "8.80670", "2010-12-31": "6.98220", "2009-12-31": "-1.01110", "2008-12-31": "2.43950", "2007-12-31": "9.82150", "2006-12-31": "10.50040", "2005-12-31": "13.61440"}, "ROI - Return On Investment": {"2019-12-31": "-28.27960", "2018-12-31": "1.69180", "2017-12-31": "8.98650", "2016-12-31": "-7.64350", "2015-12-31": "-61.29300", "2014-12-31": "-16.02760", "2013-12-31": "4.39370", "2012-12-31": "4.65490", "2011-12-31": "12.81230", "2010-12-31": "9.33730", "2009-12-31": "-1.37490", "2008-12-31": "3.33990", "2007-12-31": "14.50450", "2006-12-31": "16.78040", "2005-12-31": "20.60550"}, "Book Value Per Share": {"2019-12-31": "11.87300", "2018-12-31": "23.51770", "2017-12-31": "23.07620", "2016-12-31": "20.23770", "2015-12-31": "25.10360", "2014-12-31": "74.73210", "2013-12-31": "89.42750", "2012-12-31": "79.99930", "2011-12-31": "75.47940", "2010-12-31": "63.74870", "2009-12-31": "46.90030", "2008-12-31": "49.32250", "2007-12-31": "46.19020", "2006-12-31": "39.88380", "2005-12-31": "31.93140"}, "Operating Cash Flow Per Share": {"2019-12-31": -2.2311, "2018-12-31": 3.4965, "2017-12-31": -0.0722, "2016-12-31": -0.644, "2015-12-31": -13.6658, "2014-12-31": -3.5027, "2013-12-31": 2.4747, "2012-12-31": -3.1331, "2011-12-31": 6.1471, "2010-12-31": 6.164, "2009-12-31": -8.393, "2008-12-31": 3.9964, "2007-12-31": 4.0245, "2006-12-31": -0.0371, "2005-12-31": 12.9806}, "Free Cash Flow Per Share": {"2019-12-31": 1.6266, "2018-12-31": -1.0837, "2017-12-31": -0.5104, "2016-12-31": 6.5777, "2015-12-31": 1.6518, "2014-12-31": -8.0502, "2013-12-31": 3.8296, "2012-12-31": -10.6287, "2011-12-31": 3.2174, "2010-12-31": 3.2543, "2009-12-31": -2.8286, "2008-12-31": 1.7215, "2007-12-31": 2.3455, "2006-12-31": -1.5532, "2005-12-31": 2.0856}}, "financial ratios, quarterly": {"Current Ratio": {"2020-09-30": "1.24390", "2020-06-30": "0.96960", "2020-03-31": "0.94220", "2019-12-31": "1.05710", "2019-09-30": "1.02600", "2019-06-30": "1.23390", "2019-03-31": "1.05480", "2018-12-31": "1.22080", "2018-09-30": "1.26190", "2018-06-30": "1.35770", "2018-03-31": "1.38900", "2017-12-31": "1.45280", "2017-09-30": "1.52900", "2017-06-30": "1.61750", "2017-03-31": "1.80510", "2016-12-31": "1.75850", "2016-09-30": "2.00980", "2016-06-30": "2.09680", "2016-03-31": "2.01630", "2015-12-31": "2.03800", "2015-09-30": "1.88230", "2015-06-30": "2.30510", "2015-03-31": "1.07520", "2014-12-31": "1.75080", "2014-09-30": "1.02760", "2014-06-30": "1.12170", "2014-03-31": "1.25410", "2013-12-31": "1.35450", "2013-09-30": "1.33010", "2013-06-30": "0.92250", "2013-03-31": "0.87160", "2012-12-31": "0.89630", "2012-09-30": "0.93580", "2012-06-30": "0.90590", "2012-03-31": "1.05450", "2011-12-31": "0.96780", "2011-09-30": "1.13720", "2011-06-30": "1.09280", "2011-03-31": "1.01110", "2010-12-31": "0.98750", "2010-09-30": "1.68220", "2010-06-30": "2.04600", "2010-03-31": "2.24850", "2009-12-31": "1.91640", "2009-09-30": "2.02310", "2009-06-30": "1.92720", "2009-03-31": "1.86730", "2008-12-31": "1.76600", "2008-09-30": "1.43070", "2008-06-30": "1.00780", "2008-03-31": "1.01750", "2007-12-31": "1.03270", "2007-09-30": "0.87260", "2007-06-30": "0.81000", "2007-03-31": "0.66020", "2006-12-31": "0.65330", "2006-09-30": "0.68200", "2006-06-30": "0.63550", "2006-03-31": "1.10380", "2005-12-31": "0.98880", "2005-09-30": "0.83360", "2005-06-30": "0.87030", "2005-03-31": "1.01120"}, "Long-term Debt / Capital": {"2020-09-30": "1.07850", "2020-06-30": "1.08060", "2020-03-31": "1.02810", "2019-12-31": "0.65710", "2019-09-30": "0.51610", "2019-06-30": "0.50010", "2019-03-31": "0.48460", "2018-12-31": "0.47870", "2018-09-30": "0.47370", "2018-06-30": "0.46880", "2018-03-31": "0.47220", "2017-12-31": "0.47440", "2017-09-30": "0.48640", "2017-06-30": "0.50190", "2017-03-31": "0.51560", "2016-12-31": "0.52670", "2016-09-30": "0.52320", "2016-06-30": "0.50070", "2016-03-31": "0.71040", "2015-12-31": "0.47870", "2015-09-30": "0.42300", "2015-06-30": "0.35270", "2015-03-31": "0.29250", "2014-12-31": "0.28550", "2014-09-30": "0.24840", "2014-06-30": "0.21710", "2014-03-31": "0.21570", "2013-12-31": "0.21460", "2013-09-30": "0.24790", "2013-06-30": "0.27320", "2013-03-31": "0.26420", "2012-12-31": "0.26600", "2012-09-30": "0.25780", "2012-06-30": "0.23970", "2012-03-31": "0.20030", "2011-12-31": "0.18960", "2011-09-30": "0.19560", "2011-06-30": "0.21730", "2011-03-31": "0.24390", "2010-12-31": "0.24930", "2010-09-30": "0.22530", "2010-06-30": "0.21690", "2010-03-31": "0.22800", "2009-12-31": "0.23880", "2009-09-30": "0.24600", "2009-06-30": "0.24880", "2009-03-31": "0.24930", "2008-12-31": "0.22560", "2008-09-30": "0.17270", "2008-06-30": "0.19150", "2008-03-31": "0.19570", "2007-12-31": "0.20690", "2007-09-30": "0.21470", "2007-06-30": "0.22140", "2007-03-31": "0.20710", "2006-12-31": "0.13280", "2006-09-30": "0.14770", "2006-06-30": "0.15620", "2006-03-31": "0.16280", "2005-12-31": "0.17210", "2005-09-30": "0.18410", "2005-06-30": "0.19240", "2005-03-31": "0.22690"}, "Debt/Equity Ratio": {"2020-09-30": "-14.02510", "2020-06-30": "-13.86320", "2020-03-31": "-38.94740", "2019-12-31": "1.91850", "2019-09-30": "1.06910", "2019-06-30": "1.02180", "2019-03-31": "0.97960", "2018-12-31": "0.93550", "2018-09-30": "0.91690", "2018-06-30": "0.92680", "2018-03-31": "0.93990", "2017-12-31": "0.96510", "2017-09-30": "1.01270", "2017-06-30": "1.00770", "2017-03-31": "1.06440", "2016-12-31": "1.11260", "2016-09-30": "1.09710", "2016-06-30": "1.00260", "2016-03-31": "2.45300", "2015-12-31": "0.91840", "2015-09-30": "0.73310", "2015-06-30": "0.54500", "2015-03-31": "0.52440", "2014-12-31": "0.39970", "2014-09-30": "0.33110", "2014-06-30": "0.27730", "2014-03-31": "0.27500", "2013-12-31": "0.27480", "2013-09-30": "0.33130", "2013-06-30": "0.39040", "2013-03-31": "0.39010", "2012-12-31": "0.39400", "2012-09-30": "0.37880", "2012-06-30": "0.33380", "2012-03-31": "0.26500", "2011-12-31": "0.24890", "2011-09-30": "0.25810", "2011-06-30": "0.29440", "2011-03-31": "0.32380", "2010-12-31": "0.33400", "2010-09-30": "0.29690", "2010-06-30": "0.28360", "2010-03-31": "0.30220", "2009-12-31": "0.32110", "2009-09-30": "0.32890", "2009-06-30": "0.33210", "2009-03-31": "0.33320", "2008-12-31": "0.29810", "2008-09-30": "0.21630", "2008-06-30": "0.24500", "2008-03-31": "0.25740", "2007-12-31": "0.27490", "2007-09-30": "0.33130", "2007-06-30": "0.35360", "2007-03-31": "0.37280", "2006-12-31": "0.28970", "2006-09-30": "0.28880", "2006-06-30": "0.29390", "2006-03-31": "0.20850", "2005-12-31": "0.20800", "2005-09-30": "0.22570", "2005-06-30": "0.26950", "2005-03-31": "0.29360"}, "Gross Margin": {"2020-09-30": "87.93710", "2020-06-30": "80.20130", "2020-03-31": "87.72480", "2019-12-31": "99.02200", "2019-09-30": "94.06670", "2019-06-30": "94.37580", "2019-03-31": "93.36150", "2018-12-31": "95.01420", "2018-09-30": "95.36060", "2018-06-30": "95.74910", "2018-03-31": "95.07730", "2017-12-31": "97.09960", "2017-09-30": "97.20630", "2017-06-30": "96.53180", "2017-03-31": "96.96490", "2016-12-31": "96.89870", "2016-09-30": "96.45340", "2016-06-30": "96.23730", "2016-03-31": "95.19850", "2015-12-31": "96.77200", "2015-09-30": "96.19920", "2015-06-30": "97.81830", "2015-03-31": "96.56440", "2014-12-31": "93.43960", "2014-09-30": "98.05290", "2014-06-30": "97.99330", "2014-03-31": "98.09520", "2013-12-31": "97.54730", "2013-09-30": "97.92310", "2013-06-30": "98.19590", "2013-03-31": "98.15000", "2012-12-31": "98.45240", "2012-09-30": "97.94210", "2012-06-30": "98.18730", "2012-03-31": "98.30250", "2011-12-31": "98.25460", "2011-09-30": "98.33640", "2011-06-30": "98.31720", "2011-03-31": "98.06370", "2010-12-31": "98.48570", "2010-09-30": "98.57290", "2010-06-30": "98.55320", "2010-03-31": "98.50360", "2009-12-31": "98.43660", "2009-09-30": "98.44660", "2009-06-30": "98.40070", "2009-03-31": "97.95950", "2008-12-31": "98.25100", "2008-09-30": "98.74070", "2008-06-30": "98.98040", "2008-03-31": "98.71460", "2007-12-31": "98.78050", "2007-09-30": "98.60730", "2007-06-30": "98.60730", "2007-03-31": "98.43910", "2006-12-31": "97.79530", "2006-09-30": "98.90270", "2006-06-30": "98.74810", "2006-03-31": "98.69420", "2005-12-31": "98.72810", "2005-09-30": "98.85640", "2005-06-30": "98.51200", "2005-03-31": "98.56940"}, "Operating Margin": {"2020-09-30": "6.29370", "2020-06-30": "-69.79870", "2020-03-31": "-356.99770", "2019-12-31": "-185.51340", "2019-09-30": "0.93330", "2019-06-30": "-9.39430", "2019-03-31": "9.95780", "2018-12-31": "-19.49010", "2018-09-30": "20.47400", "2018-06-30": "26.33490", "2018-03-31": "22.20950", "2017-12-31": "17.52840", "2017-09-30": "5.90480", "2017-06-30": "0.65030", "2017-03-31": "28.64750", "2016-12-31": "-7.85670", "2016-09-30": "-62.93460", "2016-06-30": "-20.33290", "2016-03-31": "-35.27240", "2015-12-31": "-5.98520", "2015-09-30": "-286.36960", "2015-06-30": "-8.28140", "2015-03-31": "-461.59510", "2014-12-31": "-829.70940", "2014-09-30": "-9.21240", "2014-06-30": "27.69840", "2014-03-31": "38.88440", "2013-12-31": "10.28400", "2013-09-30": "16.43590", "2013-06-30": "38.61290", "2013-03-31": "34.97210", "2012-12-31": "41.37220", "2012-09-30": "20.69870", "2012-06-30": "20.41790", "2012-03-31": "34.39150", "2011-12-31": "45.17110", "2011-09-30": "48.38260", "2011-06-30": "49.12400", "2011-03-31": "49.09550", "2010-12-31": "36.92490", "2010-09-30": "44.37440", "2010-06-30": "46.90440", "2010-03-31": "45.15530", "2009-12-31": "43.91160", "2009-09-30": "37.32610", "2009-06-30": "37.58440", "2009-03-31": "-150.16850", "2008-12-31": "-253.00170", "2008-09-30": "53.89050", "2008-06-30": "60.09630", "2008-03-31": "52.57290", "2007-12-31": "51.19100", "2007-09-30": "46.87020", "2007-06-30": "46.03570", "2007-03-31": "40.67320", "2006-12-31": "39.06930", "2006-09-30": "50.90060", "2006-06-30": "48.94000", "2006-03-31": "53.68720", "2005-12-31": "57.72550", "2005-09-30": "56.25830", "2005-06-30": "53.14610", "2005-03-31": "54.05680"}, "EBIT Margin": {"2020-09-30": "6.29370", "2020-06-30": "-69.79870", "2020-03-31": "-356.99770", "2019-12-31": "-185.51340", "2019-09-30": "0.93330", "2019-06-30": "-9.39430", "2019-03-31": "9.95780", "2018-12-31": "-19.49010", "2018-09-30": "20.47400", "2018-06-30": "26.33490", "2018-03-31": "22.20950", "2017-12-31": "17.52840", "2017-09-30": "5.90480", "2017-06-30": "0.65030", "2017-03-31": "28.64750", "2016-12-31": "-7.85670", "2016-09-30": "-62.93460", "2016-06-30": "-20.33290", "2016-03-31": "-35.27240", "2015-12-31": "-5.98520", "2015-09-30": "-286.36960", "2015-06-30": "-8.28140", "2015-03-31": "-461.59510", "2014-12-31": "-829.70940", "2014-09-30": "-9.21240", "2014-06-30": "27.69840", "2014-03-31": "38.88440", "2013-12-31": "10.28400", "2013-09-30": "16.43590", "2013-06-30": "38.61290", "2013-03-31": "34.97210", "2012-12-31": "41.37220", "2012-09-30": "20.69870", "2012-06-30": "20.41790", "2012-03-31": "34.39150", "2011-12-31": "45.17110", "2011-09-30": "48.38260", "2011-06-30": "49.12400", "2011-03-31": "49.09550", "2010-12-31": "36.92490", "2010-09-30": "44.37440", "2010-06-30": "46.90440", "2010-03-31": "45.15530", "2009-12-31": "43.91160", "2009-09-30": "37.32610", "2009-06-30": "37.58440", "2009-03-31": "-150.16850", "2008-12-31": "-253.00170", "2008-09-30": "53.89050", "2008-06-30": "60.09630", "2008-03-31": "52.57290", "2007-12-31": "51.19100", "2007-09-30": "46.87020", "2007-06-30": "46.03570", "2007-03-31": "40.67320", "2006-12-31": "39.06930", "2006-09-30": "50.90060", "2006-06-30": "48.94000", "2006-03-31": "53.68720", "2005-12-31": "57.72540", "2005-09-30": "56.25830", "2005-06-30": "53.14610", "2005-03-31": "54.05680"}, "EBITDA Margin": {"2020-09-30": "", "2020-06-30": "", "2020-03-31": "", "2019-12-31": "", "2019-09-30": "", "2019-06-30": "", "2019-03-31": "", "2018-12-31": "", "2018-09-30": "", "2018-06-30": "", "2018-03-31": "", "2017-12-31": "", "2017-09-30": "", "2017-06-30": "", "2017-03-31": "", "2016-12-31": "", "2016-09-30": "", "2016-06-30": "", "2016-03-31": "", "2015-12-31": "", "2015-09-30": "", "2015-06-30": "", "2015-03-31": "", "2014-12-31": "", "2014-09-30": "", "2014-06-30": "", "2014-03-31": "", "2013-12-31": "", "2013-09-30": "", "2013-06-30": "", "2013-03-31": "", "2012-12-31": "", "2012-09-30": "", "2012-06-30": "", "2012-03-31": "", "2011-12-31": "", "2011-09-30": "", "2011-06-30": "", "2011-03-31": "", "2010-12-31": "", "2010-09-30": "", "2010-06-30": "", "2010-03-31": "", "2009-12-31": "", "2009-09-30": "", "2009-06-30": "", "2009-03-31": "", "2008-12-31": "", "2008-09-30": "", "2008-06-30": "", "2008-03-31": "", "2007-12-31": "", "2007-09-30": "", "2007-06-30": "", "2007-03-31": "", "2006-12-31": "", "2006-09-30": "", "2006-06-30": "", "2006-03-31": "", "2005-12-31": "", "2005-09-30": "", "2005-06-30": "", "2005-03-31": ""}, "Pre-Tax Profit Margin": {"2020-09-30": "6.29370", "2020-06-30": "-69.79870", "2020-03-31": "-356.99770", "2019-12-31": "-185.51340", "2019-09-30": "0.93330", "2019-06-30": "-9.39430", "2019-03-31": "9.95780", "2018-12-31": "-19.49010", "2018-09-30": "20.47400", "2018-06-30": "26.33490", "2018-03-31": "22.20950", "2017-12-31": "17.52840", "2017-09-30": "5.90480", "2017-06-30": "0.65030", "2017-03-31": "28.64750", "2016-12-31": "-7.85670", "2016-09-30": "-62.93460", "2016-06-30": "-20.33290", "2016-03-31": "-35.27240", "2015-12-31": "-5.98520", "2015-09-30": "-286.36960", "2015-06-30": "-8.28140", "2015-03-31": "-461.59510", "2014-12-31": "-829.70940", "2014-09-30": "-9.21240", "2014-06-30": "27.69840", "2014-03-31": "38.88440", "2013-12-31": "10.28400", "2013-09-30": "16.43590", "2013-06-30": "38.61290", "2013-03-31": "34.97210", "2012-12-31": "41.37220", "2012-09-30": "20.69870", "2012-06-30": "20.41790", "2012-03-31": "34.39150", "2011-12-31": "45.17110", "2011-09-30": "48.38260", "2011-06-30": "49.12400", "2011-03-31": "49.09550", "2010-12-31": "36.92490", "2010-09-30": "44.37440", "2010-06-30": "46.90440", "2010-03-31": "45.15530", "2009-12-31": "43.91160", "2009-09-30": "37.32610", "2009-06-30": "37.58440", "2009-03-31": "-150.16850", "2008-12-31": "-253.00170", "2008-09-30": "53.89050", "2008-06-30": "60.09630", "2008-03-31": "52.57290", "2007-12-31": "51.19100", "2007-09-30": "46.87020", "2007-06-30": "46.03580", "2007-03-31": "40.67320", "2006-12-31": "39.06930", "2006-09-30": "50.90060", "2006-06-30": "48.94000", "2006-03-31": "53.68720", "2005-12-31": "57.72540", "2005-09-30": "56.25830", "2005-06-30": "53.14610", "2005-03-31": "54.05680"}, "Net Profit Margin": {"2020-09-30": "-0.34970", "2020-06-30": "-64.76510", "2020-03-31": "-350.27370", "2019-12-31": "-181.90710", "2019-09-30": "-11.33330", "2019-06-30": "-22.24970", "2019-03-31": "-2.83650", "2018-12-31": "-21.58640", "2018-09-30": "4.08470", "2018-06-30": "10.10890", "2018-03-31": "8.29990", "2017-12-31": "28.75160", "2017-09-30": "4.00000", "2017-06-30": "41.32950", "2017-03-31": "11.34190", "2016-12-31": "-12.54310", "2016-09-30": "-42.21140", "2016-06-30": "-17.65560", "2016-03-31": "-34.34900", "2015-12-31": "-46.94020", "2015-09-30": "-271.49410", "2015-06-30": "-38.29030", "2015-03-31": "-285.33740", "2014-12-31": "-728.30360", "2014-09-30": "-38.65160", "2014-06-30": "15.35420", "2014-03-31": "6.42180", "2013-12-31": "7.48710", "2013-09-30": "7.69230", "2013-06-30": "23.80510", "2013-03-31": "17.68880", "2012-12-31": "16.73980", "2012-09-30": "3.85260", "2012-06-30": "8.48440", "2012-03-31": "17.15170", "2011-12-31": "27.22830", "2011-09-30": "22.71260", "2011-06-30": "28.58460", "2011-03-31": "28.40760", "2010-12-31": "19.51080", "2010-09-30": "25.39000", "2010-06-30": "28.93670", "2010-03-31": "26.37490", "2009-12-31": "22.79380", "2009-09-30": "18.89000", "2009-06-30": "21.17630", "2009-03-31": "-107.62230", "2008-12-31": "-152.14390", "2008-09-30": "35.34760", "2008-06-30": "37.01890", "2008-03-31": "32.00050", "2007-12-31": "35.47430", "2007-09-30": "24.42870", "2007-06-30": "25.56550", "2007-03-31": "24.54120", "2006-12-31": "26.14060", "2006-09-30": "28.54960", "2006-06-30": "35.03270", "2006-03-31": "32.98990", "2005-12-31": "37.43690", "2005-09-30": "33.26340", "2005-06-30": "33.34470", "2005-03-31": "33.63210"}, "Asset Turnover": {"2020-09-30": "0.08890", "2020-06-30": "0.04580", "2020-03-31": "0.09550", "2019-12-31": "0.09040", "2019-09-30": "0.07010", "2019-06-30": "0.07420", "2019-03-31": "0.07620", "2018-12-31": "0.08180", "2018-09-30": "0.09070", "2018-06-30": "0.08800", "2018-03-31": "0.08020", "2017-12-31": "0.07230", "2017-09-30": "0.07210", "2017-06-30": "0.06120", "2017-03-31": "0.08310", "2016-12-31": "0.06440", "2016-09-30": "0.06210", "2016-06-30": "0.05680", "2016-03-31": "0.06130", "2015-12-31": "0.05830", "2015-09-30": "0.05490", "2015-06-30": "0.06360", "2015-03-31": "0.03350", "2014-12-31": "0.01910", "2014-09-30": "0.05640", "2014-06-30": "0.05380", "2014-03-31": "0.06010", "2013-12-31": "0.03770", "2013-09-30": "0.06470", "2013-06-30": "0.06740", "2013-03-31": "0.06390", "2012-12-31": "0.06380", "2012-09-30": "0.07110", "2012-06-30": "0.06940", "2012-03-31": "0.08520", "2011-12-31": "0.08260", "2011-09-30": "0.09120", "2011-06-30": "0.09320", "2011-03-31": "0.08750", "2010-12-31": "0.07910", "2010-09-30": "0.08160", "2010-06-30": "0.09770", "2010-03-31": "0.09150", "2009-12-31": "0.09070", "2009-09-30": "0.08570", "2009-06-30": "0.07930", "2009-03-31": "0.06210", "2008-12-31": "0.06640", "2008-09-30": "0.10200", "2008-06-30": "0.12240", "2008-03-31": "0.10690", "2007-12-31": "0.10540", "2007-09-30": "0.09060", "2007-06-30": "0.09180", "2007-03-31": "0.07690", "2006-12-31": "0.08170", "2006-09-30": "0.09650", "2006-06-30": "0.09410", "2006-03-31": "0.10000", "2005-12-31": "0.10910", "2005-09-30": "0.11540", "2005-06-30": "0.10420", "2005-03-31": "0.10230"}, "Inventory Turnover Ratio": {"2020-09-30": "", "2020-06-30": "", "2020-03-31": "", "2019-12-31": "", "2019-09-30": "", "2019-06-30": "0.20090", "2019-03-31": "0.25110", "2018-12-31": "", "2018-09-30": "0.25410", "2018-06-30": "0.22710", "2018-03-31": "0.22280", "2017-12-31": "0.12500", "2017-09-30": "0.11110", "2017-06-30": "0.11540", "2017-03-31": "0.12560", "2016-12-31": "0.09450", "2016-09-30": "0.09940", "2016-06-30": "0.09810", "2016-03-31": "0.09510", "2015-12-31": "0.08420", "2015-09-30": "0.08700", "2015-06-30": "0.07790", "2015-03-31": "0.08410", "2014-12-31": "0.09890", "2014-09-30": "0.09400", "2014-06-30": "0.08310", "2014-03-31": "0.09630", "2013-12-31": "0.06400", "2013-09-30": "0.09110", "2013-06-30": "0.07910", "2013-03-31": "0.08250", "2012-12-31": "0.06610", "2012-09-30": "0.11110", "2012-06-30": "0.09660", "2012-03-31": "0.12690", "2011-12-31": "0.11450", "2011-09-30": "0.12720", "2011-06-30": "0.11530", "2011-03-31": "0.12820", "2010-12-31": "0.09220", "2010-09-30": "0.08130", "2010-06-30": "0.08450", "2010-03-31": "0.08040", "2009-12-31": "0.07500", "2009-09-30": "0.06720", "2009-06-30": "0.05860", "2009-03-31": "0.06380", "2008-12-31": "0.06800", "2008-09-30": "0.08830", "2008-06-30": "0.08490", "2008-03-31": "0.08360", "2007-12-31": "0.07980", "2007-09-30": "0.08330", "2007-06-30": "0.08480", "2007-03-31": "0.08370", "2006-12-31": "0.13670", "2006-09-30": "0.08710", "2006-06-30": "0.10000", "2006-03-31": "0.11510", "2005-12-31": "0.12750", "2005-09-30": "0.11880", "2005-06-30": "0.14000", "2005-03-31": "0.13780"}, "Receiveable Turnover": {"2020-09-30": "1.27250", "2020-06-30": "0.68430", "2020-03-31": "1.52630", "2019-12-31": "1.54050", "2019-09-30": "1.40190", "2019-06-30": "1.47360", "2019-03-31": "1.39830", "2018-12-31": "1.47820", "2018-09-30": "1.36100", "2018-06-30": "1.33400", "2018-03-31": "1.23990", "2017-12-31": "1.17920", "2017-09-30": "1.37550", "2017-06-30": "1.36350", "2017-03-31": "1.60380", "2016-12-31": "1.28630", "2016-09-30": "1.35150", "2016-06-30": "1.36020", "2016-03-31": "0.96700", "2015-12-31": "1.18680", "2015-09-30": "1.14560", "2015-06-30": "1.41350", "2015-03-31": "0.92250", "2014-12-31": "0.52720", "2014-09-30": "1.50460", "2014-06-30": "1.36640", "2014-03-31": "1.48250", "2013-12-31": "0.78730", "2013-09-30": "1.26380", "2013-06-30": "1.46470", "2013-03-31": "1.27040", "2012-12-31": "1.25630", "2012-09-30": "1.40420", "2012-06-30": "1.51310", "2012-03-31": "1.43410", "2011-12-31": "1.39560", "2011-09-30": "1.69060", "2011-06-30": "1.73870", "2011-03-31": "1.57630", "2010-12-31": "1.60920", "2010-09-30": "1.71500", "2010-06-30": "1.80350", "2010-03-31": "1.47020", "2009-12-31": "1.65290", "2009-09-30": "1.46610", "2009-06-30": "1.36230", "2009-03-31": "1.26550", "2008-12-31": "1.42760", "2008-09-30": "2.00290", "2008-06-30": "1.72090", "2008-03-31": "1.61620", "2007-12-31": "1.55880", "2007-09-30": "1.47240", "2007-06-30": "1.46570", "2007-03-31": "1.23930", "2006-12-31": "1.20300", "2006-09-30": "1.44450", "2006-06-30": "1.36860", "2006-03-31": "1.38160", "2005-12-31": "1.45490", "2005-09-30": "1.63790", "2005-06-30": "1.54480", "2005-03-31": "1.48870"}, "Days Sales In Receivables": {"2020-09-30": "70.72550", "2020-06-30": "131.52680", "2020-03-31": "58.96800", "2019-12-31": "58.42300", "2019-09-30": "64.20000", "2019-06-30": "61.07540", "2019-03-31": "64.36330", "2018-12-31": "60.88390", "2018-09-30": "66.12710", "2018-06-30": "67.46500", "2018-03-31": "72.58730", "2017-12-31": "76.32410", "2017-09-30": "65.42860", "2017-06-30": "66.00430", "2017-03-31": "56.11820", "2016-12-31": "69.96550", "2016-09-30": "66.59250", "2016-06-30": "66.16500", "2016-03-31": "93.07480", "2015-12-31": "75.83730", "2015-09-30": "78.55830", "2015-06-30": "63.67320", "2015-03-31": "97.56440", "2014-12-31": "170.72160", "2014-09-30": "59.81690", "2014-06-30": "65.86500", "2014-03-31": "60.71020", "2013-12-31": "114.32010", "2013-09-30": "71.21540", "2013-06-30": "61.44800", "2013-03-31": "70.84140", "2012-12-31": "71.63790", "2012-09-30": "64.09190", "2012-06-30": "59.47890", "2012-03-31": "62.75790", "2011-12-31": "64.48920", "2011-09-30": "53.23480", "2011-06-30": "51.76350", "2011-03-31": "57.09550", "2010-12-31": "55.92900", "2010-09-30": "52.47880", "2010-06-30": "49.90430", "2010-03-31": "61.21680", "2009-12-31": "54.45010", "2009-09-30": "61.38750", "2009-06-30": "66.06470", "2009-03-31": "71.11990", "2008-12-31": "63.04410", "2008-09-30": "44.93550", "2008-06-30": "52.29800", "2008-03-31": "55.68480", "2007-12-31": "57.73640", "2007-09-30": "61.12310", "2007-06-30": "61.40560", "2007-03-31": "72.61890", "2006-12-31": "74.81000", "2006-09-30": "62.30630", "2006-06-30": "65.76170", "2006-03-31": "65.14290", "2005-12-31": "61.85980", "2005-09-30": "54.95000", "2005-06-30": "58.25860", "2005-03-31": "60.45570"}, "ROE - Return On Equity": {"2020-09-30": "-6.43640", "2020-06-30": "59.43400", "2020-03-31": "2027.19300", "2019-12-31": "-72.72120", "2019-09-30": "-1.48700", "2019-06-30": "-3.87540", "2019-03-31": "-0.02320", "2018-12-31": "-3.97190", "2018-09-30": "1.79970", "2018-06-30": "2.99060", "2018-03-31": "2.32270", "2017-12-31": "5.89240", "2017-09-30": "1.25340", "2017-06-30": "7.41680", "2017-03-31": "3.41300", "2016-12-31": "-1.86220", "2016-09-30": "-6.61720", "2016-06-30": "-2.29990", "2016-03-31": "-10.43890", "2015-12-31": "-17.06010", "2015-09-30": "-34.40530", "2015-06-30": "-5.16470", "2015-03-31": "-19.24380", "2014-12-31": "-23.58110", "2014-09-30": "-3.28930", "2014-06-30": "1.59640", "2014-03-31": "2.41920", "2013-12-31": "-0.76290", "2013-09-30": "1.31890", "2013-06-30": "3.29270", "2013-03-31": "2.52930", "2012-12-31": "2.17250", "2012-09-30": "0.61040", "2012-06-30": "1.20900", "2012-03-31": "2.79770", "2011-12-31": "4.28220", "2011-09-30": "3.75620", "2011-06-30": "4.94890", "2011-03-31": "4.73070", "2010-12-31": "2.97620", "2010-09-30": "3.75510", "2010-06-30": "4.86540", "2010-03-31": "4.20680", "2009-12-31": "3.70880", "2009-09-30": "2.89710", "2009-06-30": "2.99270", "2009-03-31": "-11.99870", "2008-12-31": "-17.94950", "2008-09-30": "6.38010", "2008-06-30": "8.80370", "2008-03-31": "6.39180", "2007-12-31": "7.01930", "2007-09-30": "4.20840", "2007-06-30": "4.52310", "2007-03-31": "3.69260", "2006-12-31": "3.97810", "2006-09-30": "5.16140", "2006-06-30": "6.16820", "2006-03-31": "5.92320", "2005-12-31": "7.54800", "2005-09-30": "7.14540", "2005-06-30": "6.46310", "2005-03-31": "6.57410"}, "Return On Tangible Equity": {"2020-09-30": "-6.43640", "2020-06-30": "59.43400", "2020-03-31": "2027.19300", "2019-12-31": "-72.72120", "2019-09-30": "-1.48700", "2019-06-30": "-3.87540", "2019-03-31": "-0.02320", "2018-12-31": "-3.97190", "2018-09-30": "1.79970", "2018-06-30": "2.99060", "2018-03-31": "2.32270", "2017-12-31": "5.89240", "2017-09-30": "1.25340", "2017-06-30": "7.41680", "2017-03-31": "3.41300", "2016-12-31": "-1.86220", "2016-09-30": "-6.61720", "2016-06-30": "-2.29990", "2016-03-31": "-10.43890", "2015-12-31": "-17.06010", "2015-09-30": "-34.40530", "2015-06-30": "-5.16470", "2015-03-31": "-19.31560", "2014-12-31": "-23.58110", "2014-09-30": "-3.43170", "2014-06-30": "1.66150", "2014-03-31": "2.51720", "2013-12-31": "-0.79360", "2013-09-30": "1.37610", "2013-06-30": "3.30760", "2013-03-31": "2.54100", "2012-12-31": "2.17700", "2012-09-30": "0.60810", "2012-06-30": "1.20440", "2012-03-31": "2.78660", "2011-12-31": "4.26490", "2011-09-30": "3.72890", "2011-06-30": "4.91130", "2011-03-31": "4.69250", "2010-12-31": "2.95140", "2010-09-30": "3.57600", "2010-06-30": "4.91810", "2010-03-31": "4.25490", "2009-12-31": "3.75370", "2009-09-30": "2.91450", "2009-06-30": "3.01110", "2009-03-31": "-12.07360", "2008-12-31": "-18.04940", "2008-09-30": "6.41130", "2008-06-30": "8.85270", "2008-03-31": "6.42830", "2007-12-31": "7.06130", "2007-09-30": "4.23480", "2007-06-30": "4.55260", "2007-03-31": "3.71800", "2006-12-31": "4.00590", "2006-09-30": "5.19910", "2006-06-30": "6.21640", "2006-03-31": "5.97190", "2005-12-31": "7.61420", "2005-09-30": "7.21360", "2005-06-30": "6.52830", "2005-03-31": "6.64500"}, "ROA - Return On Assets": {"2020-09-30": "0.31840", "2020-06-30": "-2.90790", "2020-03-31": "-34.51570", "2019-12-31": "-17.93230", "2019-09-30": "-0.54660", "2019-06-30": "-1.44910", "2019-03-31": "-0.00920", "2018-12-31": "-1.62170", "2018-09-30": "0.73620", "2018-06-30": "1.22780", "2018-03-31": "0.94530", "2017-12-31": "2.36290", "2017-09-30": "0.48090", "2017-06-30": "2.71210", "2017-03-31": "1.18090", "2016-12-31": "-0.63500", "2016-09-30": "-2.27220", "2016-06-30": "-0.82150", "2016-03-31": "-2.09850", "2015-12-31": "-6.34900", "2015-09-30": "-14.81020", "2015-06-30": "-2.59690", "2015-03-31": "-9.25800", "2014-12-31": "-11.85840", "2014-09-30": "-1.77900", "2014-06-30": "0.91060", "2014-03-31": "1.39230", "2013-12-31": "-0.43800", "2013-09-30": "0.72210", "2013-06-30": "1.63690", "2013-03-31": "1.25910", "2012-12-31": "1.07680", "2012-09-30": "0.30610", "2012-06-30": "0.62220", "2012-03-31": "1.49710", "2011-12-31": "2.28430", "2011-09-30": "2.11030", "2011-06-30": "2.70580", "2011-03-31": "2.52750", "2010-12-31": "1.58660", "2010-09-30": "2.10680", "2010-06-30": "2.82590", "2010-03-31": "2.41210", "2009-12-31": "2.07620", "2009-09-30": "1.62350", "2009-06-30": "1.68440", "2009-03-31": "-6.68220", "2008-12-31": "-10.09220", "2008-09-30": "3.60940", "2008-06-30": "4.53370", "2008-03-31": "3.42600", "2007-12-31": "3.74550", "2007-09-30": "2.21820", "2007-06-30": "2.35240", "2007-03-31": "1.89200", "2006-12-31": "2.14270", "2006-09-30": "2.76220", "2006-06-30": "3.30250", "2006-03-31": "3.30480", "2005-12-31": "4.09000", "2005-09-30": "3.84800", "2005-06-30": "3.48350", "2005-03-31": "3.44760"}, "ROI - Return On Investment": {"2020-09-30": "0.50540", "2020-06-30": "-4.79270", "2020-03-31": "-57.00540", "2019-12-31": "-24.93860", "2019-09-30": "-0.71950", "2019-06-30": "-1.93730", "2019-03-31": "-0.01200", "2018-12-31": "-2.07040", "2018-09-30": "0.94710", "2018-06-30": "1.58870", "2018-03-31": "1.22580", "2017-12-31": "3.09720", "2017-09-30": "0.64380", "2017-06-30": "3.69410", "2017-03-31": "1.65330", "2016-12-31": "-0.88150", "2016-09-30": "-3.15540", "2016-06-30": "-1.14840", "2016-03-31": "-3.02310", "2015-12-31": "-8.89270", "2015-09-30": "-19.85160", "2015-06-30": "-3.34290", "2015-03-31": "-13.61550", "2014-12-31": "-16.84780", "2014-09-30": "-2.47220", "2014-06-30": "1.24980", "2014-03-31": "1.89740", "2013-12-31": "-0.59910", "2013-09-30": "0.99200", "2013-06-30": "2.30350", "2013-03-31": "1.78970", "2012-12-31": "1.53210", "2012-09-30": "0.43500", "2012-06-30": "0.88240", "2012-03-31": "2.14480", "2011-12-31": "3.32330", "2011-09-30": "2.88860", "2011-06-30": "3.69520", "2011-03-31": "3.40250", "2010-12-31": "2.12180", "2010-09-30": "2.74660", "2010-06-30": "3.81000", "2010-03-31": "3.24750", "2009-12-31": "2.82310", "2009-09-30": "2.17040", "2009-06-30": "2.23330", "2009-03-31": "-8.94780", "2008-12-31": "-13.81750", "2008-09-30": "5.25050", "2008-06-30": "7.07520", "2008-03-31": "5.10960", "2007-12-31": "5.53140", "2007-09-30": "3.28270", "2007-06-30": "3.49710", "2007-03-31": "2.90650", "2006-12-31": "3.42410", "2006-09-30": "4.36480", "2006-06-30": "5.16170", "2006-03-31": "4.91550", "2005-12-31": "6.19030", "2005-09-30": "5.77080", "2005-06-30": "5.16350", "2005-03-31": "5.02420"}, "Book Value Per Share": {"2020-09-30": "-1.68760", "2020-06-30": "-1.68500", "2020-03-31": "-0.60410", "2019-12-31": "11.87300", "2019-09-30": "20.92430", "2019-06-30": "21.68870", "2019-03-31": "22.90180", "2018-12-31": "23.51770", "2018-09-30": "23.44540", "2018-06-30": "23.51890", "2018-03-31": "23.20840", "2017-12-31": "23.07620", "2017-09-30": "21.99050", "2017-06-30": "21.69700", "2017-03-31": "20.56330", "2016-12-31": "20.23770", "2016-09-30": "20.94990", "2016-06-30": "22.92290", "2016-03-31": "9.38890", "2015-12-31": "25.10360", "2015-09-30": "31.67040", "2015-06-30": "46.97240", "2015-03-31": "62.09570", "2014-12-31": "74.73210", "2014-09-30": "87.53830", "2014-06-30": "91.26120", "2014-03-31": "90.18200", "2013-12-31": "89.42750", "2013-09-30": "81.65230", "2013-06-30": "84.03340", "2013-03-31": "81.63200", "2012-12-31": "79.99930", "2012-09-30": "78.49760", "2012-06-30": "78.40790", "2012-03-31": "77.28520", "2011-12-31": "75.47940", "2011-09-30": "72.65880", "2011-06-30": "69.47520", "2011-03-31": "65.72630", "2010-12-31": "63.74870", "2010-09-30": "60.21920", "2010-06-30": "52.32630", "2010-03-31": "49.70990", "2009-12-31": "46.90030", "2009-09-30": "45.67670", "2009-06-30": "44.55350", "2009-03-31": "43.97900", "2008-12-31": "49.32250", "2008-09-30": "56.06450", "2008-06-30": "49.37790", "2008-03-31": "48.20310", "2007-12-31": "46.19020", "2007-09-30": "43.01380", "2007-06-30": "42.48460", "2007-03-31": "40.60830", "2006-12-31": "39.88380", "2006-09-30": "38.35620", "2006-06-30": "35.93090", "2006-03-31": "34.07560", "2005-12-31": "31.93140", "2005-09-30": "29.49600", "2005-06-30": "27.96630", "2005-03-31": "26.27740"}, "Operating Cash Flow Per Share": {"2020-09-30": 0.8042, "2020-06-30": 0.2223, "2020-03-31": "1.32800", "2019-12-31": 2.0637, "2019-09-30": 1.6843, "2019-06-30": 2.2664, "2019-03-31": "1.59040", "2018-12-31": 2.7346, "2018-09-30": 2.613, "2018-06-30": 2.8867, "2018-03-31": "1.60160", "2017-12-31": 1.7441, "2017-09-30": 1.4465, "2017-06-30": 1.9608, "2017-03-31": "1.18800", "2016-12-31": 2.1116, "2016-09-30": 1.7063, "2016-06-30": 1.9614, "2016-03-31": "0.63230", "2015-12-31": 0.4604, "2015-09-30": 1.8809, "2015-06-30": 2.9902, "2015-03-31": "1.72410", "2014-12-31": 3.5875, "2014-09-30": 5.1649, "2014-06-30": 6.1786, "2014-03-31": "5.79040", "2013-12-31": 5.875, "2013-09-30": 5.1628, "2013-06-30": 6.7623, "2013-03-31": "6.42400", "2012-12-31": 5.4084, "2012-09-30": 4.0359, "2012-06-30": 7.275, "2012-03-31": "5.03010", "2011-12-31": 6.955, "2011-09-30": 6.0283, "2011-06-30": 6.9143, "2011-03-31": "4.98490", "2010-12-31": 5.6564, "2010-09-30": 3.9787, "2010-06-30": 5.6962, "2010-03-31": "3.40410", "2009-12-31": 4.644, "2009-09-30": 3.8718, "2009-06-30": 2.4346, "2009-03-31": "1.62100", "2008-12-31": 3.1228, "2008-09-30": 6.7721, "2008-06-30": 5.6961, "2008-03-31": "5.37340", "2007-12-31": 5.3975, "2007-09-30": 4.2331, "2007-06-30": 4.1464, "2007-03-31": "3.19100", "2006-12-31": 2.7318, "2006-09-30": 3.5275, "2006-06-30": 3.565, "2006-03-31": "3.11920", "2005-12-31": 3.5239, "2005-09-30": 3.9714, "2005-06-30": 2.9821, "2005-03-31": "2.50320"}, "Free Cash Flow Per Share": {"2020-09-30": 0.1878, "2020-06-30": -0.664, "2020-03-31": "0.25660", "2019-12-31": 0.7772, "2019-09-30": 0.7852, "2019-06-30": 0.7737, "2019-03-31": "-0.68090", "2018-12-31": 0.1611, "2018-09-30": 0.2649, "2018-06-30": 0.2615, "2018-03-31": "-0.65890", "2017-12-31": -0.2088, "2017-09-30": 0.107, "2017-06-30": 0.2533, "2017-03-31": "0.96080", "2016-12-31": 1.0306, "2016-09-30": 0.6238, "2016-06-30": 0.8307, "2016-03-31": "-0.86240", "2015-12-31": -1.5476, "2015-09-30": -0.4868, "2015-06-30": 0.0794, "2015-03-31": "-3.00000", "2014-12-31": -8.074, "2014-09-30": -2.5483, "2014-06-30": 5.0584, "2014-03-31": "-1.04290", "2013-12-31": 3.4235, "2013-09-30": -1.5855, "2013-06-30": -0.0417, "2013-03-31": "-0.35290", "2012-12-31": -1.0503, "2012-09-30": -2.8769, "2012-06-30": 1.4407, "2012-03-31": "0.10030", "2011-12-31": 2.885, "2011-09-30": 1.6371, "2011-06-30": 3.0076, "2011-03-31": "0.71280", "2010-12-31": 1.1259, "2010-09-30": 1.2237, "2010-06-30": 2.4395, "2010-03-31": "0.23600", "2009-12-31": 2.6159, "2009-09-30": 1.8712, "2009-06-30": -1.1766, "2009-03-31": "-1.53970", "2008-12-31": -0.88, "2008-09-30": 1.7802, "2008-06-30": 1.4561, "2008-03-31": "2.24310", "2007-12-31": 2.3359, "2007-09-30": 0.3843, "2007-06-30": 0.5642, "2007-03-31": "-0.40650", "2006-12-31": -0.9661, "2006-09-30": 0.875, "2006-06-30": 0.5301, "2006-03-31": "0.09340", "2005-12-31": 0.8173, "2005-09-30": 1.6854, "2005-06-30": -0.5543, "2005-03-31": "0.13720"}}, "revenue": {"Apache Annual Revenue (Millions of US $)": {"2019": "$6,411", "2018": "$7,424", "2017": "$6,423", "2016": "$5,354", "2015": "$6,889", "2014": "$11,472", "2013": "$14,438", "2012": "$16,564", "2011": "$16,888", "2010": "$12,092", "2009": "$8,615", "2008": "$12,390", "2007": "$10,000", "2006": "$8,309", "2005": "$7,584"}, "Apache Quarterly Revenue (Millions of US $)": {"2020-09-30": "$1,144", "2020-06-30": "$596", "2020-03-31": "$1,279", "2019-12-31": "$1,636", "2019-09-30": "$1,500", "2019-06-30": "$1,618", "2019-03-31": "$1,657", "2018-12-31": "$1,765", "2018-09-30": "$1,983", "2018-06-30": "$1,929", "2018-03-31": "$1,747", "2017-12-31": "$1,586", "2017-09-30": "$1,575", "2017-06-30": "$1,384", "2017-03-31": "$1,878", "2016-12-31": "$1,451", "2016-09-30": "$1,438", "2016-06-30": "$1,382", "2016-03-31": "$1,083", "2015-12-31": "$1,487", "2015-09-30": "$1,526", "2015-06-30": "$2,246", "2015-03-31": "$1,630", "2014-12-31": "$1,067", "2014-09-30": "$3,441", "2014-06-30": "$3,289", "2014-03-31": "$3,675", "2013-12-31": "$2,324", "2013-09-30": "$3,900", "2013-06-30": "$4,268", "2013-03-31": "$3,946", "2012-12-31": "$3,877", "2012-09-30": "$4,179", "2012-06-30": "$3,972", "2012-03-31": "$4,536", "2011-12-31": "$4,297", "2011-09-30": "$4,328", "2011-06-30": "$4,338", "2011-03-31": "$3,925", "2010-12-31": "$3,434", "2010-09-30": "$3,013", "2010-06-30": "$2,972", "2010-03-31": "$2,673", "2009-12-31": "$2,555", "2009-09-30": "$2,332", "2009-06-30": "$2,093", "2009-03-31": "$1,634", "2008-12-31": "$1,937", "2008-09-30": "$3,365", "2008-06-30": "$3,900", "2008-03-31": "$3,188", "2007-12-31": "$3,019", "2007-09-30": "$2,505", "2007-06-30": "$2,473", "2007-03-31": "$2,003", "2006-12-31": "$1,987", "2006-09-30": "$2,261", "2006-06-30": "$2,062", "2006-03-31": "$1,999", "2005-12-31": "$2,102", "2005-09-30": "$2,061", "2005-06-30": "$1,759", "2005-03-31": "$1,662"}}, "gross-profit": {"Apache Annual Gross Profit (Millions of US $)": {"2019": "$6,105", "2018": "$7,076", "2017": "$6,228", "2016": "$5,154", "2015": "$6,678", "2014": "$11,199", "2013": "$14,150", "2012": "$16,269", "2011": "$16,592", "2010": "$11,914", "2009": "$8,472", "2008": "$12,233", "2007": "$9,862", "2006": "$8,189", "2005": "$7,484"}, "Apache Quarterly Gross Profit (Millions of US $)": {"2020-09-30": "$1,006", "2020-06-30": "$478", "2020-03-31": "$1,122", "2019-12-31": "$1,620", "2019-09-30": "$1,411", "2019-06-30": "$1,527", "2019-03-31": "$1,547", "2018-12-31": "$1,677", "2018-09-30": "$1,891", "2018-06-30": "$1,847", "2018-03-31": "$1,661", "2017-12-31": "$1,540", "2017-09-30": "$1,531", "2017-06-30": "$1,336", "2017-03-31": "$1,821", "2016-12-31": "$1,406", "2016-09-30": "$1,387", "2016-06-30": "$1,330", "2016-03-31": "$1,031", "2015-12-31": "$1,439", "2015-09-30": "$1,468", "2015-06-30": "$2,197", "2015-03-31": "$1,574", "2014-12-31": "$997", "2014-09-30": "$3,374", "2014-06-30": "$3,223", "2014-03-31": "$3,605", "2013-12-31": "$2,267", "2013-09-30": "$3,819", "2013-06-30": "$4,191", "2013-03-31": "$3,873", "2012-12-31": "$3,817", "2012-09-30": "$4,093", "2012-06-30": "$3,900", "2012-03-31": "$4,459", "2011-12-31": "$4,222", "2011-09-30": "$4,256", "2011-06-30": "$4,265", "2011-03-31": "$3,849", "2010-12-31": "$3,382", "2010-09-30": "$2,970", "2010-06-30": "$2,929", "2010-03-31": "$2,633", "2009-12-31": "$2,515", "2009-09-30": "$2,296", "2009-06-30": "$2,060", "2009-03-31": "$1,600", "2008-12-31": "$1,903", "2008-09-30": "$3,323", "2008-06-30": "$3,860", "2008-03-31": "$3,147", "2007-12-31": "$2,983", "2007-09-30": "$2,470", "2007-06-30": "$2,438", "2007-03-31": "$1,972", "2006-12-31": "$1,943", "2006-09-30": "$2,237", "2006-06-30": "$2,036", "2006-03-31": "$1,973", "2005-12-31": "$2,075", "2005-09-30": "$2,037", "2005-06-30": "$1,733", "2005-03-31": "$1,639"}}, "operating-income": {"Apache Annual Operating Income (Millions of US $)": {"2019": "$-3,008", "2018": "$958", "2017": "$918", "2016": "$-1,682", "2015": "$-12,169", "2014": "$-6,830", "2013": "$3,908", "2012": "$4,840", "2011": "$8,093", "2010": "$5,206", "2009": "$326", "2008": "$932", "2007": "$4,673", "2006": "$4,010", "2005": "$4,206"}, "Apache Quarterly Operating Income (Millions of US $)": {"2020-09-30": "$72", "2020-06-30": "$-416", "2020-03-31": "$-4,566", "2019-12-31": "$-3,035", "2019-09-30": "$14", "2019-06-30": "$-152", "2019-03-31": "$165", "2018-12-31": "$-344", "2018-09-30": "$406", "2018-06-30": "$508", "2018-03-31": "$388", "2017-12-31": "$278", "2017-09-30": "$93", "2017-06-30": "$9", "2017-03-31": "$538", "2016-12-31": "$-114", "2016-09-30": "$-905", "2016-06-30": "$-281", "2016-03-31": "$-382", "2015-12-31": "$-89", "2015-09-30": "$-4,370", "2015-06-30": "$-186", "2015-03-31": "$-7,524", "2014-12-31": "$-8,853", "2014-09-30": "$-317", "2014-06-30": "$911", "2014-03-31": "$1,429", "2013-12-31": "$239", "2013-09-30": "$641", "2013-06-30": "$1,648", "2013-03-31": "$1,380", "2012-12-31": "$1,604", "2012-09-30": "$865", "2012-06-30": "$811", "2012-03-31": "$1,560", "2011-12-31": "$1,941", "2011-09-30": "$2,094", "2011-06-30": "$2,131", "2011-03-31": "$1,927", "2010-12-31": "$1,268", "2010-09-30": "$1,337", "2010-06-30": "$1,394", "2010-03-31": "$1,207", "2009-12-31": "$1,122", "2009-09-30": "$871", "2009-06-30": "$787", "2009-03-31": "$-2,453", "2008-12-31": "$-4,901", "2008-09-30": "$1,813", "2008-06-30": "$2,344", "2008-03-31": "$1,676", "2007-12-31": "$1,546", "2007-09-30": "$1,174", "2007-06-30": "$1,138", "2007-03-31": "$815", "2006-12-31": "$776", "2006-09-30": "$1,151", "2006-06-30": "$1,009", "2006-03-31": "$1,073", "2005-12-31": "$1,213", "2005-09-30": "$1,160", "2005-06-30": "$935", "2005-03-31": "$899"}}, "ebitda": {"Apache Annual EBITDA (Millions of US $)": {"2019": "$-328", "2018": "$3,363", "2017": "$3,198", "2016": "$936", "2015": "$-8,869", "2014": "$-2,304", "2013": "$9,774", "2012": "$11,721", "2011": "$12,297", "2010": "$8,289", "2009": "$5,539", "2008": "$8,782", "2007": "$7,020", "2006": "$5,826", "2005": "$5,622"}, "Apache Quarterly EBITDA (Millions of US $)": {"2020-09-30": "$470", "2020-06-30": "$2", "2020-03-31": "$-4,000", "2019-12-31": "$-2,314", "2019-09-30": "$725", "2019-06-30": "$450", "2019-03-31": "$811", "2018-12-31": "$290", "2018-09-30": "$1,016", "2018-06-30": "$1,116", "2018-03-31": "$941", "2017-12-31": "$851", "2017-09-30": "$652", "2017-06-30": "$581", "2017-03-31": "$1,114", "2016-12-31": "$509", "2016-09-30": "$-257", "2016-06-30": "$388", "2016-03-31": "$296", "2015-12-31": "$719", "2015-09-30": "$-3,498", "2015-06-30": "$-6,868", "2015-03-31": "$778", "2014-12-31": "$-9,520", "2014-09-30": "$2,418", "2014-06-30": "$2,163", "2014-03-31": "$2,635", "2013-12-31": "$1,448", "2013-09-30": "$2,636", "2013-06-30": "$2,998", "2013-03-31": "$2,692", "2012-12-31": "$2,784", "2012-09-30": "$2,894", "2012-06-30": "$2,743", "2012-03-31": "$3,300", "2011-12-31": "$3,115", "2011-09-30": "$3,159", "2011-06-30": "$3,160", "2011-03-31": "$2,863", "2010-12-31": "$2,196", "2010-09-30": "$2,124", "2010-06-30": "$2,123", "2010-03-31": "$1,846", "2009-12-31": "$1,737", "2009-09-30": "$1,497", "2009-06-30": "$1,360", "2009-03-31": "$945", "2008-12-31": "$1,064", "2008-09-30": "$2,450", "2008-06-30": "$2,972", "2008-03-31": "$2,296", "2007-12-31": "$2,171", "2007-09-30": "$1,775", "2007-06-30": "$1,729", "2007-03-31": "$1,346", "2006-12-31": "$1,291", "2006-09-30": "$1,639", "2006-06-30": "$1,450", "2006-03-31": "$1,446", "2005-12-31": "$1,573", "2005-09-30": "$1,517", "2005-06-30": "$1,294", "2005-03-31": "$1,238"}}, "net-income": {"Apache Annual Net Income (Millions of US $)": {"2019": "$-3,553", "2018": "$40", "2017": "$1,304", "2016": "$-1,405", "2015": "$-10,352", "2014": "$-8,360", "2013": "$2,188", "2012": "$1,925", "2011": "$4,508", "2010": "$3,000", "2009": "$-292", "2008": "$706", "2007": "$2,807", "2006": "$2,547", "2005": "$2,618"}, "Apache Quarterly Net Income (Millions of US $)": {"2020-09-30": "$-4", "2020-06-30": "$-386", "2020-03-31": "$-4,480", "2019-12-31": "$-2,976", "2019-09-30": "$-170", "2019-06-30": "$-360", "2019-03-31": "$-47", "2018-12-31": "$-381", "2018-09-30": "$81", "2018-06-30": "$195", "2018-03-31": "$145", "2017-12-31": "$456", "2017-09-30": "$63", "2017-06-30": "$572", "2017-03-31": "$213", "2016-12-31": "$-182", "2016-09-30": "$-607", "2016-06-30": "$-244", "2016-03-31": "$-372", "2015-12-31": "$-698", "2015-09-30": "$-4,143", "2015-06-30": "$-860", "2015-03-31": "$-4,651", "2014-12-31": "$-7,771", "2014-09-30": "$-1,330", "2014-06-30": "$505", "2014-03-31": "$236", "2013-12-31": "$174", "2013-09-30": "$300", "2013-06-30": "$1,016", "2013-03-31": "$698", "2012-12-31": "$649", "2012-09-30": "$161", "2012-06-30": "$337", "2012-03-31": "$778", "2011-12-31": "$1,170", "2011-09-30": "$983", "2011-06-30": "$1,240", "2011-03-31": "$1,115", "2010-12-31": "$670", "2010-09-30": "$765", "2010-06-30": "$860", "2010-03-31": "$705", "2009-12-31": "$582", "2009-09-30": "$441", "2009-06-30": "$443", "2009-03-31": "$-1,758", "2008-12-31": "$-2,947", "2008-09-30": "$1,189", "2008-06-30": "$1,444", "2008-03-31": "$1,020", "2007-12-31": "$1,071", "2007-09-30": "$612", "2007-06-30": "$632", "2007-03-31": "$492", "2006-12-31": "$519", "2006-09-30": "$646", "2006-06-30": "$722", "2006-03-31": "$660", "2005-12-31": "$787", "2005-09-30": "$686", "2005-06-30": "$587", "2005-03-31": "$559"}}, "eps-earnings-per-share-diluted": {"Apache Annual EPS": {"2019": "$-9.43", "2018": "$0.11", "2017": "$3.41", "2016": "$-3.71", "2015": "$-27.40", "2014": "$-21.76", "2013": "$5.50", "2012": "$4.92", "2011": "$11.47", "2010": "$8.46", "2009": "$-0.87", "2008": "$2.09", "2007": "$8.39", "2006": "$7.64", "2005": "$7.84"}, "Apache Quarterly EPS": {"2020-09-30": "$-0.02", "2020-06-30": "$-1.02", "2020-03-31": "$-11.86", "2019-12-31": "$-7.90", "2019-09-30": "$-0.45", "2019-06-30": "$-0.96", "2019-03-31": "$-0.12", "2018-12-31": "$-0.99", "2018-09-30": "$0.21", "2018-06-30": "$0.51", "2018-03-31": "$0.38", "2017-12-31": "$1.19", "2017-09-30": "$0.16", "2017-06-30": "$1.50", "2017-03-31": "$0.56", "2016-12-31": "$-0.48", "2016-09-30": "$-1.60", "2016-06-30": "$-0.65", "2016-03-31": "$-0.98", "2015-12-31": "$-1.83", "2015-09-30": "$-10.95", "2015-06-30": "$-2.28", "2015-03-31": "$-12.34", "2014-12-31": "$-20.17", "2014-09-30": "$-3.50", "2014-06-30": "$1.31", "2014-03-31": "$0.60", "2013-12-31": "$0.45", "2013-09-30": "$0.75", "2013-06-30": "$2.54", "2013-03-31": "$1.76", "2012-12-31": "$1.65", "2012-09-30": "$0.41", "2012-06-30": "$0.86", "2012-03-31": "$2.00", "2011-12-31": "$2.94", "2011-09-30": "$2.50", "2011-06-30": "$3.17", "2011-03-31": "$2.86", "2010-12-31": "$1.73", "2010-09-30": "$2.12", "2010-06-30": "$2.53", "2010-03-31": "$2.08", "2009-12-31": "$1.77", "2009-09-30": "$1.30", "2009-06-30": "$1.31", "2009-03-31": "$-5.25", "2008-12-31": "$-8.74", "2008-09-30": "$3.52", "2008-06-30": "$4.28", "2008-03-31": "$3.03", "2007-12-31": "$3.20", "2007-09-30": "$1.83", "2007-06-30": "$1.89", "2007-03-31": "$1.47", "2006-12-31": "$1.56", "2006-09-30": "$1.94", "2006-06-30": "$2.17", "2006-03-31": "$1.97", "2005-12-31": "$2.36", "2005-09-30": "$2.05", "2005-06-30": "$1.76", "2005-03-31": "$1.67"}}, "shares-outstanding": {"Apache Annual Shares Outstanding (Millions of Shares)": {"2019": "377", "2018": "384", "2017": "383", "2016": "379", "2015": "378", "2014": "384", "2013": "406", "2012": "391", "2011": "400", "2010": "359", "2009": "336", "2008": "337", "2007": "335", "2006": "333", "2005": "334"}, "Apache Quarterly Shares Outstanding (Millions of Shares)": {"2020-09-30": "378", "2020-06-30": "378", "2020-03-31": "378", "2019-12-31": "377", "2019-09-30": "377", "2019-06-30": "377", "2019-03-31": "376", "2018-12-31": "384", "2018-09-30": "385", "2018-06-30": "385", "2018-03-31": "384", "2017-12-31": "383", "2017-09-30": "383", "2017-06-30": "383", "2017-03-31": "383", "2016-12-31": "379", "2016-09-30": "380", "2016-06-30": "379", "2016-03-31": "378", "2015-12-31": "378", "2015-09-30": "378", "2015-06-30": "378", "2015-03-31": "377", "2014-12-31": "384", "2014-09-30": "381", "2014-06-30": "387", "2014-03-31": "396", "2013-12-31": "406", "2013-09-30": "401", "2013-06-30": "408", "2013-03-31": "408", "2012-12-31": "391", "2012-09-30": "393", "2012-06-30": "390", "2012-03-31": "399", "2011-12-31": "400", "2011-09-30": "400", "2011-06-30": "397", "2011-03-31": "397", "2010-12-31": "359", "2010-09-30": "367", "2010-06-30": "339", "2010-03-31": "339", "2009-12-31": "336", "2009-09-30": "338", "2009-06-30": "337", "2009-03-31": "335", "2008-12-31": "337", "2008-09-30": "338", "2008-06-30": "338", "2008-03-31": "337", "2007-12-31": "335", "2007-09-30": "335", "2007-06-30": "334", "2007-03-31": "333", "2006-12-31": "333", "2006-09-30": "333", "2006-06-30": "333", "2006-03-31": "334", "2005-12-31": "334", "2005-09-30": "334", "2005-06-30": "333", "2005-03-31": "334"}}, "total-assets": {"Apache Annual Total Assets (Millions of US $)": {"2019": "$18,107", "2018": "$21,582", "2017": "$21,922", "2016": "$22,519", "2015": "$25,500", "2014": "$55,952", "2013": "$61,637", "2012": "$60,737", "2011": "$52,051", "2010": "$43,425", "2009": "$28,186", "2008": "$29,186", "2007": "$28,635", "2006": "$24,308", "2005": "$19,272"}, "Apache Quarterly Total Assets (Millions of US $)": {"2020-09-30": "$12,875", "2020-06-30": "$12,999", "2020-03-31": "$13,391", "2019-12-31": "$18,107", "2019-09-30": "$21,405", "2019-06-30": "$21,806", "2019-03-31": "$21,751", "2018-12-31": "$21,582", "2018-09-30": "$21,870", "2018-06-30": "$21,910", "2018-03-31": "$21,791", "2017-12-31": "$21,922", "2017-09-30": "$21,835", "2017-06-30": "$22,602", "2017-03-31": "$22,610", "2016-12-31": "$22,519", "2016-09-30": "$23,149", "2016-06-30": "$24,346", "2016-03-31": "$17,679", "2015-12-31": "$25,500", "2015-09-30": "$27,812", "2015-06-30": "$35,312", "2015-03-31": "$48,650", "2014-12-31": "$55,952", "2014-09-30": "$60,990", "2014-06-30": "$61,171", "2014-03-31": "$61,121", "2013-12-31": "$61,637", "2013-09-30": "$60,239", "2013-06-30": "$63,350", "2013-03-31": "$61,792", "2012-12-31": "$60,737", "2012-09-30": "$58,810", "2012-06-30": "$57,217", "2012-03-31": "$53,237", "2011-12-31": "$52,051", "2011-09-30": "$47,482", "2011-06-30": "$46,529", "2011-03-31": "$44,866", "2010-12-31": "$43,425", "2010-09-30": "$36,928", "2010-06-30": "$30,432", "2010-03-31": "$29,228", "2009-12-31": "$28,186", "2009-09-30": "$27,226", "2009-06-30": "$26,402", "2009-03-31": "$26,293", "2008-12-31": "$29,186", "2008-09-30": "$32,992", "2008-06-30": "$31,877", "2008-03-31": "$29,816", "2007-12-31": "$28,635", "2007-09-30": "$27,651", "2007-06-30": "$26,932", "2007-03-31": "$26,054", "2006-12-31": "$24,308", "2006-09-30": "$23,426", "2006-06-30": "$21,911", "2006-03-31": "$19,999", "2005-12-31": "$19,272", "2005-09-30": "$17,853", "2005-06-30": "$16,881", "2005-03-31": "$16,257"}}, "cash-on-hand": {"Apache Annual Cash on Hand (Millions of US $)": {"2019": "$247", "2018": "$714", "2017": "$1,668", "2016": "$1,377", "2015": "$1,467", "2014": "$769", "2013": "$1,906", "2012": "$160", "2011": "$295", "2010": "$134", "2009": "$2,048", "2008": "$1,973", "2007": "$126", "2006": "$141", "2005": "$229"}, "Apache Quarterly Cash on Hand (Millions of US $)": {"2020-09-30": "$162", "2020-06-30": "$135", "2020-03-31": "$428", "2019-12-31": "$247", "2019-09-30": "$163", "2019-06-30": "$549", "2019-03-31": "$327", "2018-12-31": "$714", "2018-09-30": "$593", "2018-06-30": "$972", "2018-03-31": "$1,077", "2017-12-31": "$1,668", "2017-09-30": "$1,942", "2017-06-30": "$1,667", "2017-03-31": "$1,521", "2016-12-31": "$1,377", "2016-09-30": "$1,230", "2016-06-30": "$1,201", "2016-03-31": "$1,004", "2015-12-31": "$1,467", "2015-09-30": "$1,655", "2015-06-30": "$2,950", "2015-03-31": "$229", "2014-12-31": "$769", "2014-09-30": "$584", "2014-06-30": "$1,302", "2014-03-31": "$1,643", "2013-12-31": "$1,906", "2013-09-30": "$1,251", "2013-06-30": "$184", "2013-03-31": "$248", "2012-12-31": "$160", "2012-09-30": "$318", "2012-06-30": "$361", "2012-03-31": "$245", "2011-12-31": "$295", "2011-09-30": "$586", "2011-06-30": "$1,107", "2011-03-31": "$356", "2010-12-31": "$134", "2010-09-30": "$1,211", "2010-06-30": "$1,805", "2010-03-31": "$2,126", "2009-12-31": "$2,048", "2009-09-30": "$1,357", "2009-06-30": "$772", "2009-03-31": "$1,379", "2008-12-31": "$1,973", "2008-09-30": "$1,645", "2008-06-30": "$1,008", "2008-03-31": "$383", "2007-12-31": "$126", "2007-09-30": "$111", "2007-06-30": "$189", "2007-03-31": "$116", "2006-12-31": "$141", "2006-09-30": "$161", "2006-06-30": "$42", "2006-03-31": "$504", "2005-12-31": "$229", "2005-09-30": "$97", "2005-06-30": "$79", "2005-03-31": "$142"}}, "long-term-debt": {"Apache Annual Long Term Debt (Millions of US $)": {"2019": "$8,555", "2018": "$8,093", "2017": "$7,934", "2016": "$8,544", "2015": "$8,716", "2014": "$11,245", "2013": "$9,672", "2012": "$11,355", "2011": "$6,785", "2010": "$8,095", "2009": "$4,950", "2008": "$4,809", "2007": "$4,012", "2006": "$2,020", "2005": "$2,192"}, "Apache Quarterly Long Term Debt (Millions of US $)": {"2020-09-30": "$8,750", "2020-06-30": "$8,523", "2020-03-31": "$8,336", "2019-12-31": "$8,555", "2019-09-30": "$8,393", "2019-06-30": "$8,157", "2019-03-31": "$8,094", "2018-12-31": "$8,093", "2018-09-30": "$8,053", "2018-06-30": "$7,937", "2018-03-31": "$7,936", "2017-12-31": "$7,934", "2017-09-30": "$7,933", "2017-06-30": "$8,329", "2017-03-31": "$8,327", "2016-12-31": "$8,544", "2016-09-30": "$8,721", "2016-06-30": "$8,719", "2016-03-31": "$8,718", "2015-12-31": "$8,716", "2015-09-30": "$8,777", "2015-06-30": "$9,676", "2015-03-31": "$9,675", "2014-12-31": "$11,245", "2014-09-30": "$10,902", "2014-06-30": "$9,674", "2014-03-31": "$9,673", "2013-12-31": "$9,672", "2013-09-30": "$10,868", "2013-06-30": "$12,297", "2013-03-31": "$11,485", "2012-12-31": "$11,355", "2012-09-30": "$10,670", "2012-06-30": "$9,670", "2012-03-31": "$7,444", "2011-12-31": "$6,785", "2011-09-30": "$6,785", "2011-06-30": "$7,404", "2011-03-31": "$8,130", "2010-12-31": "$8,095", "2010-09-30": "$6,381", "2010-06-30": "$4,896", "2010-03-31": "$4,951", "2009-12-31": "$4,950", "2009-09-30": "$5,010", "2009-06-30": "$4,955", "2009-03-31": "$4,894", "2008-12-31": "$4,809", "2008-09-30": "$3,917", "2008-06-30": "$3,912", "2008-03-31": "$3,912", "2007-12-31": "$4,012", "2007-09-30": "$4,011", "2007-06-30": "$4,011", "2007-03-31": "$3,512", "2006-12-31": "$2,020", "2006-09-30": "$2,189", "2006-06-30": "$2,189", "2006-03-31": "$2,189", "2005-12-31": "$2,192", "2005-09-30": "$2,192", "2005-06-30": "$2,192", "2005-03-31": "$2,532"}}, "total-liabilities": {"Apache Annual Total Liabilities (Millions of US $)": {"2019": "$13,642", "2018": "$12,770", "2017": "$13,131", "2016": "$14,840", "2015": "$16,010", "2014": "$27,815", "2013": "$26,244", "2012": "$29,406", "2011": "$23,058", "2010": "$19,048", "2009": "$12,407", "2008": "$12,678", "2007": "$13,257", "2006": "$11,117", "2005": "$8,731"}, "Apache Quarterly Total Liabilities (Millions of US $)": {"2020-09-30": "$13,512", "2020-06-30": "$13,635", "2020-03-31": "$13,619", "2019-12-31": "$13,642", "2019-09-30": "$13,537", "2019-06-30": "$13,652", "2019-03-31": "$13,142", "2018-12-31": "$12,770", "2018-09-30": "$12,924", "2018-06-30": "$12,915", "2018-03-31": "$12,922", "2017-12-31": "$13,131", "2017-09-30": "$13,458", "2017-06-30": "$14,337", "2017-03-31": "$14,787", "2016-12-31": "$14,840", "2016-09-30": "$15,200", "2016-06-30": "$15,650", "2016-03-31": "$14,125", "2015-12-31": "$16,010", "2015-09-30": "$15,840", "2015-06-30": "$17,557", "2015-03-31": "$25,245", "2014-12-31": "$27,815", "2014-09-30": "$28,004", "2014-06-30": "$26,279", "2014-03-31": "$25,944", "2013-12-31": "$26,244", "2013-09-30": "$27,258", "2013-06-30": "$30,629", "2013-03-31": "$29,805", "2012-12-31": "$29,406", "2012-09-30": "$28,096", "2012-06-30": "$26,544", "2012-03-31": "$23,522", "2011-12-31": "$23,058", "2011-09-30": "$19,579", "2011-06-30": "$19,862", "2011-03-31": "$19,668", "2010-12-31": "$19,048", "2010-09-30": "$14,983", "2010-06-30": "$12,757", "2010-03-31": "$12,470", "2009-12-31": "$12,407", "2009-09-30": "$11,870", "2009-06-30": "$11,443", "2009-03-31": "$11,552", "2008-12-31": "$12,678", "2008-09-30": "$14,229", "2008-06-30": "$15,363", "2008-03-31": "$13,736", "2007-12-31": "$13,257", "2007-09-30": "$12,978", "2007-06-30": "$12,827", "2007-03-31": "$12,606", "2006-12-31": "$11,117", "2006-09-30": "$10,791", "2006-06-30": "$10,081", "2006-03-31": "$8,743", "2005-12-31": "$8,731", "2005-09-30": "$8,140", "2005-06-30": "$7,684", "2005-03-31": "$7,633"}}, "total-share-holder-equity": {"Apache Annual Share Holder Equity (Millions of US $)": {"2019": "$4,465", "2018": "$8,812", "2017": "$8,791", "2016": "$7,679", "2015": "$9,490", "2014": "$28,137", "2013": "$35,393", "2012": "$31,331", "2011": "$28,993", "2010": "$24,377", "2009": "$15,779", "2008": "$16,509", "2007": "$15,378", "2006": "$13,191", "2005": "$10,541"}, "Apache Quarterly Share Holder Equity (Millions of US $)": {"2020-09-30": "$-637", "2020-06-30": "$-636", "2020-03-31": "$-228", "2019-12-31": "$4,465", "2019-09-30": "$7,868", "2019-06-30": "$8,154", "2019-03-31": "$8,609", "2018-12-31": "$8,812", "2018-09-30": "$8,946", "2018-06-30": "$8,995", "2018-03-31": "$8,869", "2017-12-31": "$8,791", "2017-09-30": "$8,377", "2017-06-30": "$8,265", "2017-03-31": "$7,823", "2016-12-31": "$7,679", "2016-09-30": "$7,949", "2016-06-30": "$8,696", "2016-03-31": "$3,554", "2015-12-31": "$9,490", "2015-09-30": "$11,972", "2015-06-30": "$17,755", "2015-03-31": "$23,405", "2014-12-31": "$28,137", "2014-09-30": "$32,986", "2014-06-30": "$34,892", "2014-03-31": "$35,177", "2013-12-31": "$35,393", "2013-09-30": "$32,981", "2013-06-30": "$32,721", "2013-03-31": "$31,987", "2012-12-31": "$31,331", "2012-09-30": "$30,714", "2012-06-30": "$30,673", "2012-03-31": "$29,715", "2011-12-31": "$28,993", "2011-09-30": "$27,903", "2011-06-30": "$26,667", "2011-03-31": "$25,198", "2010-12-31": "$24,377", "2010-09-30": "$21,945", "2010-06-30": "$17,676", "2010-03-31": "$16,759", "2009-12-31": "$15,779", "2009-09-30": "$15,355", "2009-06-30": "$14,959", "2009-03-31": "$14,741", "2008-12-31": "$16,509", "2008-09-30": "$18,763", "2008-06-30": "$16,514", "2008-03-31": "$16,080", "2007-12-31": "$15,378", "2007-09-30": "$14,673", "2007-06-30": "$14,105", "2007-03-31": "$13,448", "2006-12-31": "$13,191", "2006-09-30": "$12,635", "2006-06-30": "$11,830", "2006-03-31": "$11,257", "2005-12-31": "$10,541", "2005-09-30": "$9,713", "2005-06-30": "$9,197", "2005-03-31": "$8,624"}}, "profit-margins": {"current": "-162.1%"}, "gross margin": {"2020-09-30": "90.78%", "2020-06-30": "92.42%", "2020-03-31": "94.15%", "2019-12-31": "95.23%", "2019-09-30": "94.22%", "2019-06-30": "94.57%", "2019-03-31": "94.93%", "2018-12-31": "95.31%", "2018-09-30": "95.78%", "2018-06-30": "96.23%", "2018-03-31": "96.44%", "2017-12-31": "96.96%", "2017-09-30": "96.91%", "2017-06-30": "96.73%", "2017-03-31": "96.67%", "2016-12-31": "96.26%", "2016-09-30": "96.23%", "2016-06-30": "96.17%", "2016-03-31": "96.74%", "2015-12-31": "96.94%", "2015-09-30": "96.40%", "2015-06-30": "97.11%", "2015-03-31": "97.25%", "2014-12-31": "97.62%", "2014-09-30": "97.96%", "2014-06-30": "97.92%", "2014-03-31": "97.99%", "2013-12-31": "98.01%", "2013-09-30": "98.18%", "2013-06-30": "98.18%", "2013-03-31": "98.18%", "2012-12-31": "98.22%", "2012-09-30": "98.17%", "2012-06-30": "98.27%", "2012-03-31": "98.30%", "2011-12-31": "98.25%", "2011-09-30": "98.30%", "2011-06-30": "98.34%", "2011-03-31": "98.40%", "2010-12-31": "98.53%", "2010-09-30": "98.52%", "2010-06-30": "98.49%", "2010-03-31": "98.46%", "2009-12-31": "98.34%", "2009-09-30": "98.29%", "2009-06-30": "98.42%", "2009-03-31": "98.62%", "2008-12-31": "98.73%", "2008-09-30": "98.82%", "2008-06-30": "98.79%", "2008-03-31": "98.69%", "2007-12-31": "98.63%", "2007-09-30": "98.38%", "2007-06-30": "98.46%", "2007-03-31": "98.50%", "2006-12-31": "98.56%", "2006-09-30": "98.78%", "2006-06-30": "98.75%", "2006-03-31": "98.70%", "2005-12-31": "98.68%"}, "operating margin": {"2020-09-30": "-170.68%", "2020-06-30": "-159.71%", "2020-03-31": "-128.28%", "2019-12-31": "-46.92%", "2019-09-30": "-4.85%", "2019-06-30": "1.07%", "2019-03-31": "10.02%", "2018-12-31": "12.90%", "2018-09-30": "21.81%", "2018-06-30": "18.53%", "2018-03-31": "12.21%", "2017-12-31": "14.29%", "2017-09-30": "8.37%", "2017-06-30": "-7.67%", "2017-03-31": "-12.39%", "2016-12-31": "-31.42%", "2016-09-30": "-30.74%", "2016-06-30": "-93.50%", "2016-03-31": "-79.27%", "2015-12-31": "-176.64%", "2015-09-30": "-323.59%", "2015-06-30": "-201.34%", "2015-03-31": "-167.42%", "2014-12-31": "-59.54%", "2014-09-30": "17.77%", "2014-06-30": "24.42%", "2014-03-31": "27.93%", "2013-12-31": "27.07%", "2013-09-30": "32.97%", "2013-06-30": "33.79%", "2013-03-31": "29.17%", "2012-12-31": "29.22%", "2012-09-30": "30.48%", "2012-06-30": "37.39%", "2012-03-31": "44.15%", "2011-12-31": "47.92%", "2011-09-30": "46.30%", "2011-06-30": "45.30%", "2011-03-31": "44.41%", "2010-12-31": "43.05%", "2010-09-30": "45.13%", "2010-06-30": "43.62%", "2010-03-31": "41.30%", "2009-12-31": "3.80%", "2009-09-30": "-71.24%", "2009-06-30": "-52.65%", "2009-03-31": "-29.50%", "2008-12-31": "7.52%", "2008-09-30": "54.77%", "2008-06-30": "53.44%", "2008-03-31": "49.48%", "2007-12-31": "46.73%", "2007-09-30": "43.52%", "2007-06-30": "44.48%", "2007-03-31": "45.12%", "2006-12-31": "48.25%", "2006-09-30": "52.78%", "2006-06-30": "54.17%", "2006-03-31": "55.31%", "2005-12-31": "55.47%"}, "ebitda margin": {"2020-09-30": "-125.50%", "2020-06-30": "-111.49%", "2020-03-31": "-85.18%", "2019-12-31": "-5.12%", "2019-09-30": "34.80%", "2019-06-30": "36.55%", "2019-03-31": "44.08%", "2018-12-31": "45.30%", "2018-09-30": "54.16%", "2018-06-30": "52.07%", "2018-03-31": "48.08%", "2017-12-31": "49.79%", "2017-09-30": "45.42%", "2017-06-30": "31.65%", "2017-03-31": "28.52%", "2016-12-31": "17.48%", "2016-09-30": "21.26%", "2016-06-30": "-38.24%", "2016-03-31": "-147.45%", "2015-12-31": "-128.74%", "2015-09-30": "-295.38%", "2015-06-30": "-157.35%", "2015-03-31": "-44.14%", "2014-12-31": "-20.08%", "2014-09-30": "68.07%", "2014-06-30": "67.35%", "2014-03-31": "68.59%", "2013-12-31": "67.70%", "2013-09-30": "69.48%", "2013-06-30": "69.87%", "2013-03-31": "69.57%", "2012-12-31": "70.76%", "2012-09-30": "70.96%", "2012-06-30": "71.89%", "2012-03-31": "72.77%", "2011-12-31": "72.82%", "2011-09-30": "71.00%", "2011-06-30": "70.31%", "2011-03-31": "69.74%", "2010-12-31": "68.55%", "2010-09-30": "69.83%", "2010-06-30": "68.39%", "2010-03-31": "66.72%", "2009-12-31": "64.30%", "2009-09-30": "60.86%", "2009-06-30": "64.45%", "2009-03-31": "68.58%", "2008-12-31": "70.88%", "2008-09-30": "73.40%", "2008-06-30": "73.06%", "2008-03-31": "71.27%", "2007-12-31": "70.21%", "2007-09-30": "68.48%", "2007-06-30": "68.83%", "2007-03-31": "68.88%", "2006-12-31": "70.12%", "2006-09-30": "72.51%", "2006-06-30": "72.79%", "2006-03-31": "73.60%", "2005-12-31": "74.13%"}, "pre tax profit margin": {"2020-09-30": "-170.68%", "2020-06-30": "-159.71%", "2020-03-31": "-128.28%", "2019-12-31": "-46.92%", "2019-09-30": "-4.85%", "2019-06-30": "1.07%", "2019-03-31": "10.02%", "2018-12-31": "12.90%", "2018-09-30": "21.81%", "2018-06-30": "18.53%", "2018-03-31": "12.21%", "2017-12-31": "14.29%", "2017-09-30": "8.37%", "2017-06-30": "-7.67%", "2017-03-31": "-12.39%", "2016-12-31": "-31.42%", "2016-09-30": "-30.74%", "2016-06-30": "-93.50%", "2016-03-31": "-79.27%", "2015-12-31": "-176.64%", "2015-09-30": "-323.59%", "2015-06-30": "-201.34%", "2015-03-31": "-167.42%", "2014-12-31": "-59.54%", "2014-09-30": "17.77%", "2014-06-30": "24.42%", "2014-03-31": "27.93%", "2013-12-31": "27.07%", "2013-09-30": "32.97%", "2013-06-30": "33.79%", "2013-03-31": "29.17%", "2012-12-31": "29.22%", "2012-09-30": "30.48%", "2012-06-30": "37.39%", "2012-03-31": "44.15%", "2011-12-31": "47.92%", "2011-09-30": "46.30%", "2011-06-30": "45.30%", "2011-03-31": "44.41%", "2010-12-31": "43.05%", "2010-09-30": "45.13%", "2010-06-30": "43.62%", "2010-03-31": "41.30%", "2009-12-31": "3.80%", "2009-09-30": "-71.24%", "2009-06-30": "-52.65%", "2009-03-31": "-29.50%", "2008-12-31": "7.52%", "2008-09-30": "54.77%", "2008-06-30": "53.44%", "2008-03-31": "49.48%", "2007-12-31": "46.73%", "2007-09-30": "43.52%", "2007-06-30": "44.48%", "2007-03-31": "45.12%", "2006-12-31": "48.25%", "2006-09-30": "52.78%", "2006-06-30": "54.17%", "2006-03-31": "55.31%", "2005-12-31": "55.47%"}, "net profit margin": {"2020-09-30": "-168.55%", "2020-06-30": "-159.89%", "2020-03-31": "-132.37%", "2019-12-31": "-55.42%", "2019-09-30": "-14.65%", "2019-06-30": "-10.07%", "2019-03-31": "-2.07%", "2018-12-31": "0.54%", "2018-09-30": "12.10%", "2018-06-30": "12.56%", "2018-03-31": "19.64%", "2017-12-31": "20.30%", "2017-09-30": "10.59%", "2017-06-30": "-0.07%", "2017-03-31": "-13.34%", "2016-12-31": "-26.24%", "2016-09-30": "-35.64%", "2016-06-30": "-99.62%", "2016-03-31": "-95.76%", "2015-12-31": "-150.27%", "2015-09-30": "-269.36%", "2015-06-30": "-174.28%", "2015-03-31": "-140.52%", "2014-12-31": "-72.87%", "2014-09-30": "-3.26%", "2014-06-30": "9.21%", "2014-03-31": "12.18%", "2013-12-31": "15.15%", "2013-09-30": "16.65%", "2013-06-30": "15.51%", "2013-03-31": "11.55%", "2012-12-31": "11.62%", "2012-09-30": "14.40%", "2012-06-30": "19.07%", "2012-03-31": "23.84%", "2011-12-31": "26.69%", "2011-09-30": "25.01%", "2011-06-30": "25.76%", "2011-03-31": "25.55%", "2010-12-31": "24.81%", "2010-09-30": "25.97%", "2010-06-30": "24.57%", "2010-03-31": "22.49%", "2009-12-31": "-3.39%", "2009-09-30": "-47.79%", "2009-06-30": "-34.03%", "2009-03-31": "-19.12%", "2008-12-31": "5.70%", "2008-09-30": "35.07%", "2008-06-30": "32.88%", "2008-03-31": "29.82%", "2007-12-31": "28.07%", "2007-09-30": "25.14%", "2007-06-30": "26.24%", "2007-03-31": "28.62%", "2006-12-31": "30.65%", "2006-09-30": "33.42%", "2006-06-30": "34.72%", "2006-03-31": "34.34%", "2005-12-31": "34.53%"}, "pe ratio": {"current": "0.00", "2021-02-10": "0.00", "2020-09-30": "0.00", "2020-06-30": "0.00", "2020-03-31": "0.00", "2019-12-31": "0.00", "2019-09-30": "0.00", "2019-06-30": "0.00", "2019-03-31": "0.00", "2018-12-31": "249.04", "2018-09-30": "19.63", "2018-06-30": "19.57", "2018-03-31": "11.11", "2017-12-31": "11.48", "2017-09-30": "24.26", "2017-06-30": "0.00", "2017-03-31": "0.00", "2016-12-31": "0.00", "2016-09-30": "0.00", "2016-06-30": "0.00", "2016-03-31": "0.00", "2015-12-31": "0.00", "2015-09-30": "0.00", "2015-06-30": "0.00", "2015-03-31": "0.00", "2014-12-31": "0.00", "2014-09-30": "0.00", "2014-06-30": "28.31", "2014-03-31": "16.64", "2013-12-31": "13.56", "2013-09-30": "10.98", "2013-06-30": "11.36", "2013-03-31": "14.18", "2012-12-31": "13.69", "2012-09-30": "11.83", "2012-06-30": "8.99", "2012-03-31": "8.03", "2011-12-31": "6.69", "2011-09-30": "6.61", "2011-06-30": "10.55", "2011-03-31": "11.95", "2010-12-31": "11.87", "2010-09-30": "9.77", "2010-06-30": "9.30", "2010-03-31": "13.33", "2009-12-31": "0.00", "2009-09-30": "0.00", "2009-06-30": "0.00", "2009-03-31": "0.00", "2008-12-31": "30.63", "2008-09-30": "6.19", "2008-06-30": "9.38", "2008-03-31": "10.10", "2007-12-31": "10.63", "2007-09-30": "11.04", "2007-06-30": "9.82", "2007-03-31": "8.16", "2006-12-31": "7.16"}, "price sales": {"2021-02-11": "1.38", "2020-09-30": "0.77", "2020-06-30": "1.01", "2020-03-31": "0.26", "2019-12-31": "1.48", "2019-09-30": "1.44", "2019-06-30": "1.51", "2019-03-31": "1.73", "2018-12-31": "1.29", "2018-09-30": "2.38", "2018-06-30": "2.46", "2018-03-31": "2.19", "2017-12-31": "2.33", "2017-09-30": "2.56", "2017-06-30": "2.72", "2017-03-31": "2.90", "2016-12-31": "4.08", "2016-09-30": "4.06", "2016-06-30": "3.46", "2016-03-31": "2.61", "2015-12-31": "2.17", "2015-09-30": "2.03", "2015-06-30": "2.30", "2015-03-31": "2.15", "2014-12-31": "1.85", "2014-09-30": "2.51", "2014-06-30": "2.63", "2014-03-31": "2.04", "2013-12-31": "2.09", "2013-09-30": "1.85", "2013-06-30": "1.77", "2013-03-31": "1.64", "2012-12-31": "1.60", "2012-09-30": "1.72", "2012-06-30": "1.74", "2012-03-31": "1.95", "2011-12-31": "1.82", "2011-09-30": "1.65", "2011-06-30": "2.71", "2011-03-31": "3.04", "2010-12-31": "2.93", "2010-09-30": "2.54", "2010-06-30": "2.28", "2010-03-31": "2.99", "2009-12-31": "3.39", "2009-09-30": "3.25", "2009-06-30": "2.26", "2009-03-31": "1.67", "2008-12-31": "1.69", "2008-09-30": "2.17", "2008-06-30": "3.08", "2008-03-31": "3.01", "2007-12-31": "2.98", "2007-09-30": "2.78", "2007-06-30": "2.58", "2007-03-31": "2.34", "2006-12-31": "2.19"}, "price book": {"current": "0.00", "2021-02-11": "0.00", "2020-09-30": "-5.59", "2020-06-30": "-7.96", "2020-03-31": "-6.86", "2019-12-31": "2.12", "2019-09-30": "1.19", "2019-06-30": "1.29", "2019-03-31": "1.45", "2018-12-31": "1.06", "2018-09-30": "1.92", "2018-06-30": "1.86", "2018-03-31": "1.55", "2017-12-31": "1.70", "2017-09-30": "1.92", "2017-06-30": "2.03", "2017-03-31": "2.28", "2016-12-31": "2.85", "2016-09-30": "2.76", "2016-06-30": "2.19", "2016-03-31": "4.66", "2015-12-31": "1.58", "2015-09-30": "1.10", "2015-06-30": "1.08", "2015-03-31": "0.85", "2014-12-31": "0.73", "2014-09-30": "0.93", "2014-06-30": "0.96", "2014-03-31": "0.80", "2013-12-31": "0.83", "2013-09-30": "0.90", "2013-06-30": "0.86", "2013-03-31": "0.81", "2012-12-31": "0.84", "2012-09-30": "0.94", "2012-06-30": "0.96", "2012-03-31": "1.11", "2011-12-31": "1.02", "2011-09-30": "0.94", "2011-06-30": "1.51", "2011-03-31": "1.69", "2010-12-31": "1.58", "2010-09-30": "1.37", "2010-06-30": "1.36", "2010-03-31": "1.72", "2009-12-31": "1.85", "2009-09-30": "1.69", "2009-06-30": "1.36", "2009-03-31": "1.22", "2008-12-31": "1.26", "2008-09-30": "1.55", "2008-06-30": "2.34", "2008-03-31": "2.08", "2007-12-31": "1.93", "2007-09-30": "1.73", "2007-06-30": "1.59", "2007-03-31": "1.44", "2006-12-31": "1.37", "2006-09-30": "1.35", "2006-06-30": "1.56", "2006-03-31": "1.57"}, "price fcf": {"2021-02-11": "", "2020-09-30": "$0.56", "2020-06-30": "$1.16", "2020-03-31": "$2.59", "2019-12-31": "$1.66", "2019-09-30": "$1.04", "2019-06-30": "$0.52", "2019-03-31": "$0.01", "2018-12-31": "$0.03", "2018-09-30": "$-0.34", "2018-06-30": "$-0.50", "2018-03-31": "$-0.51", "2017-12-31": "$1.11", "2017-09-30": "$2.35", "2017-06-30": "$2.87", "2017-03-31": "$3.45", "2016-12-31": "$1.62", "2016-09-30": "$-0.96", "2016-06-30": "$-2.07", "2016-03-31": "$-2.82", "2015-12-31": "$-4.96", "2015-09-30": "$-11.48", "2015-06-30": "$-13.54", "2015-03-31": "$-8.56", "2014-12-31": "$-6.61", "2014-09-30": "$4.89", "2014-06-30": "$5.85", "2014-03-31": "$0.75", "2013-12-31": "$1.44", "2013-09-30": "$-3.03", "2013-06-30": "$-4.32", "2013-03-31": "$-2.84", "2012-12-31": "$-2.39", "2012-09-30": "$1.55", "2012-06-30": "$6.06", "2012-03-31": "$7.63", "2011-12-31": "$8.24", "2011-09-30": "$6.48", "2011-06-30": "$6.07", "2011-03-31": "$5.50", "2010-12-31": "$5.03", "2010-09-30": "$6.52", "2010-06-30": "$7.16", "2010-03-31": "$3.55", "2009-12-31": "$1.77", "2009-09-30": "$-1.73", "2009-06-30": "$-1.82", "2009-03-31": "$0.82", "2008-12-31": "$4.60", "2008-09-30": "$7.82", "2008-06-30": "$6.42", "2008-03-31": "$5.53", "2007-12-31": "$2.88", "2007-09-30": "$-0.42", "2007-06-30": "$0.07", "2007-03-31": "$0.03", "2006-12-31": "$0.53"}, "net worth": {"value": "$6.5B"}, "current ratio": {"current": "1.24", "2020-09-30": "1.24", "2020-06-30": "0.97", "2020-03-31": "0.94", "2019-12-31": "1.06", "2019-09-30": "1.03", "2019-06-30": "1.23", "2019-03-31": "1.06", "2018-12-31": "1.22", "2018-09-30": "1.26", "2018-06-30": "1.36", "2018-03-31": "1.39", "2017-12-31": "1.45", "2017-09-30": "1.53", "2017-06-30": "1.62", "2017-03-31": "1.81", "2016-12-31": "1.76", "2016-09-30": "2.01", "2016-06-30": "2.10", "2016-03-31": "2.02", "2015-12-31": "2.04", "2015-09-30": "1.88", "2015-06-30": "2.31", "2015-03-31": "1.08", "2014-12-31": "1.75", "2014-09-30": "1.03", "2014-06-30": "1.12", "2014-03-31": "1.25", "2013-12-31": "1.35", "2013-09-30": "1.33", "2013-06-30": "0.92", "2013-03-31": "0.87", "2012-12-31": "0.90", "2012-09-30": "0.94", "2012-06-30": "0.91", "2012-03-31": "1.05", "2011-12-31": "0.97", "2011-09-30": "1.14", "2011-06-30": "1.09", "2011-03-31": "1.01", "2010-12-31": "0.99", "2010-09-30": "1.68", "2010-06-30": "2.05", "2010-03-31": "2.25", "2009-12-31": "1.92", "2009-09-30": "2.02", "2009-06-30": "1.93", "2009-03-31": "1.87", "2008-12-31": "1.77", "2008-09-30": "1.43", "2008-06-30": "1.01", "2008-03-31": "1.02", "2007-12-31": "1.03", "2007-09-30": "0.87", "2007-06-30": "0.81", "2007-03-31": "0.66", "2006-12-31": "0.65", "2006-09-30": "0.68", "2006-06-30": "0.64", "2006-03-31": "1.10", "2005-12-31": "0.99", "2005-09-30": "0.83", "2005-06-30": "0.87", "2005-03-31": "1.01"}, "quick ratio": {"2020-09-30": "0.00", "2020-06-30": "0.00", "2020-03-31": "0.00", "2019-12-31": "0.00", "2019-09-30": "0.00", "2019-06-30": "1.03", "2019-03-31": "0.87", "2018-12-31": "0.00", "2018-09-30": "1.10", "2018-06-30": "1.20", "2018-03-31": "1.22", "2017-12-31": "1.31", "2017-09-30": "1.37", "2017-06-30": "1.47", "2017-03-31": "1.57", "2016-12-31": "1.50", "2016-09-30": "1.70", "2016-06-30": "1.76", "2016-03-31": "1.67", "2015-12-31": "1.73", "2015-09-30": "1.58", "2015-06-30": "2.04", "2015-03-31": "0.95", "2014-12-31": "1.56", "2014-09-30": "0.86", "2014-06-30": "0.95", "2014-03-31": "1.09", "2013-12-31": "1.17", "2013-09-30": "1.13", "2013-06-30": "0.73", "2013-03-31": "0.71", "2012-12-31": "0.73", "2012-09-30": "0.79", "2012-06-30": "0.76", "2012-03-31": "0.93", "2011-12-31": "0.84", "2011-09-30": "1.00", "2011-06-30": "0.95", "2011-03-31": "0.86", "2010-12-31": "0.83", "2010-09-30": "1.47", "2010-06-30": "1.82", "2010-03-31": "2.03", "2009-12-31": "1.69", "2009-09-30": "1.75", "2009-06-30": "1.61", "2009-03-31": "1.61", "2008-12-31": "1.57", "2008-09-30": "1.27", "2008-06-30": "0.89", "2008-03-31": "0.85", "2007-12-31": "0.86", "2007-09-30": "0.73", "2007-06-30": "0.68", "2007-03-31": "0.56", "2006-12-31": "0.57", "2006-09-30": "0.60", "2006-06-30": "0.56", "2006-03-31": "1.00", "2005-12-31": "0.89", "2005-09-30": "0.74", "2005-06-30": "0.77", "2005-03-31": "0.90"}, "debt equity ratio": {"current": "0.00", "2020-09-30": "-21.21", "2020-06-30": "-21.44", "2020-03-31": "-59.73", "2019-12-31": "3.06", "2019-09-30": "1.72", "2019-06-30": "1.67", "2019-03-31": "1.53", "2018-12-31": "1.45", "2018-09-30": "1.45", "2018-06-30": "1.44", "2018-03-31": "1.46", "2017-12-31": "1.49", "2017-09-30": "1.61", "2017-06-30": "1.74", "2017-03-31": "1.89", "2016-12-31": "1.93", "2016-09-30": "1.91", "2016-06-30": "1.80", "2016-03-31": "3.97", "2015-12-31": "1.69", "2015-09-30": "1.32", "2015-06-30": "0.99", "2015-03-31": "1.08", "2014-12-31": "0.99", "2014-09-30": "0.85", "2014-06-30": "0.75", "2014-03-31": "0.74", "2013-12-31": "0.74", "2013-09-30": "0.83", "2013-06-30": "0.94", "2013-03-31": "0.93", "2012-12-31": "0.94", "2012-09-30": "0.92", "2012-06-30": "0.87", "2012-03-31": "0.79", "2011-12-31": "0.80", "2011-09-30": "0.70", "2011-06-30": "0.75", "2011-03-31": "0.78", "2010-12-31": "0.78", "2010-09-30": "0.68", "2010-06-30": "0.72", "2010-03-31": "0.74", "2009-12-31": "0.79", "2009-09-30": "0.77", "2009-06-30": "0.77", "2009-03-31": "0.78", "2008-12-31": "0.77", "2008-09-30": "0.76", "2008-06-30": "0.93", "2008-03-31": "0.85", "2007-12-31": "0.86", "2007-09-30": "0.89", "2007-06-30": "0.91", "2007-03-31": "0.94", "2006-12-31": "0.84", "2006-09-30": "0.85", "2006-06-30": "0.85", "2006-03-31": "0.78", "2005-12-31": "0.83", "2005-09-30": "0.84", "2005-06-30": "0.84", "2005-03-31": "0.89"}, "return on equity": {"2020-09-30": "-1058.84%", "2020-06-30": "-279.43%", "2020-03-31": "-157.68%", "2019-12-31": "-48.85%", "2019-09-30": "-11.46%", "2019-06-30": "-8.19%", "2019-03-31": "-1.72%", "2018-12-31": "0.45%", "2018-09-30": "9.85%", "2018-06-30": "9.81%", "2018-03-31": "14.41%", "2017-12-31": "15.68%", "2017-09-30": "8.29%", "2017-06-30": "-0.05%", "2017-03-31": "-10.20%", "2016-12-31": "-20.16%", "2016-09-30": "-25.88%", "2016-06-30": "-64.75%", "2016-03-31": "-56.80%", "2015-12-31": "-66.12%", "2015-09-30": "-85.76%", "2015-06-30": "-57.14%", "2015-03-31": "-44.37%", "2014-12-31": "-25.49%", "2014-09-30": "-1.20%", "2014-06-30": "3.51%", "2014-03-31": "5.07%", "2013-12-31": "6.58%", "2013-09-30": "8.26%", "2013-06-30": "7.97%", "2013-03-31": "5.92%", "2012-12-31": "6.29%", "2012-09-30": "8.15%", "2012-06-30": "11.15%", "2012-03-31": "14.73%", "2011-12-31": "16.58%", "2011-09-30": "15.39%", "2011-06-30": "15.44%", "2011-03-31": "15.29%", "2010-12-31": "14.86%", "2010-09-30": "16.14%", "2010-06-30": "15.79%", "2010-03-31": "13.82%", "2009-12-31": "-1.92%", "2009-09-30": "-24.83%", "2009-06-30": "-18.92%", "2009-03-31": "-12.46%", "2008-12-31": "4.16%", "2008-09-30": "28.31%", "2008-06-30": "26.48%", "2008-03-31": "22.15%", "2007-12-31": "19.49%", "2007-09-30": "16.28%", "2007-06-30": "17.15%", "2007-03-31": "18.62%", "2006-12-31": "20.83%", "2006-09-30": "24.34%", "2006-06-30": "26.35%", "2006-03-31": "26.73%", "2005-12-31": "27.51%"}, "return on assets": {"2020-09-30": "-54.70%", "2020-06-30": "-48.63%", "2020-03-31": "-42.76%", "2019-12-31": "-17.11%", "2019-09-30": "-4.43%", "2019-06-30": "-3.25%", "2019-03-31": "-0.70%", "2018-12-31": "0.18%", "2018-09-30": "4.01%", "2018-06-30": "3.93%", "2018-03-31": "5.61%", "2017-12-31": "5.86%", "2017-09-30": "2.97%", "2017-06-30": "-0.02%", "2017-03-31": "-3.54%", "2016-12-31": "-6.41%", "2016-09-30": "-8.47%", "2016-06-30": "-22.90%", "2016-03-31": "-22.85%", "2015-12-31": "-30.16%", "2015-09-30": "-41.56%", "2015-06-30": "-29.09%", "2015-03-31": "-23.37%", "2014-12-31": "-13.98%", "2014-09-30": "-0.68%", "2014-06-30": "1.99%", "2014-03-31": "2.80%", "2013-12-31": "3.54%", "2013-09-30": "4.33%", "2013-06-30": "4.13%", "2013-03-31": "3.09%", "2012-12-31": "3.35%", "2012-09-30": "4.42%", "2012-06-30": "6.23%", "2012-03-31": "8.37%", "2011-12-31": "9.44%", "2011-09-30": "8.79%", "2011-06-30": "8.83%", "2011-03-31": "8.76%", "2010-12-31": "8.57%", "2010-09-30": "9.34%", "2010-06-30": "9.00%", "2010-03-31": "7.82%", "2009-12-31": "-1.08%", "2009-09-30": "-14.01%", "2009-06-30": "-10.70%", "2009-03-31": "-6.89%", "2008-12-31": "2.28%", "2008-09-30": "15.32%", "2008-06-30": "14.06%", "2008-03-31": "11.80%", "2007-12-31": "10.28%", "2007-09-30": "8.59%", "2007-06-30": "9.09%", "2007-03-31": "9.94%", "2006-12-31": "11.36%", "2006-09-30": "13.31%", "2006-06-30": "14.45%", "2006-03-31": "14.70%", "2005-12-31": "14.91%"}, "return on investments": {"2020-09-30": "-85.60%", "2020-06-30": "-70.70%", "2020-03-31": "-57.65%", "2019-12-31": "-19.31%", "2019-09-30": "-1.92%", "2019-06-30": "0.45%", "2019-03-31": "4.35%", "2018-12-31": "5.67%", "2018-09-30": "9.37%", "2018-06-30": "7.59%", "2018-03-31": "4.62%", "2017-12-31": "5.58%", "2017-09-30": "3.22%", "2017-06-30": "-2.88%", "2017-03-31": "-4.59%", "2016-12-31": "-10.75%", "2016-09-30": "-10.27%", "2016-06-30": "-29.85%", "2016-03-31": "-25.56%", "2015-12-31": "-48.94%", "2015-09-30": "-69.41%", "2015-06-30": "-46.96%", "2015-03-31": "-39.23%", "2014-12-31": "-15.82%", "2014-09-30": "5.07%", "2014-06-30": "7.22%", "2014-03-31": "8.85%", "2013-12-31": "8.81%", "2013-09-30": "12.05%", "2013-06-30": "12.74%", "2013-03-31": "11.10%", "2012-12-31": "11.98%", "2012-09-30": "13.39%", "2012-06-30": "17.32%", "2012-03-31": "21.81%", "2011-12-31": "23.48%", "2011-09-30": "22.06%", "2011-06-30": "20.79%", "2011-03-31": "20.31%", "2010-12-31": "19.82%", "2010-09-30": "21.69%", "2010-06-30": "21.52%", "2010-03-31": "19.28%", "2009-12-31": "1.62%", "2009-09-30": "-28.05%", "2009-06-30": "-22.76%", "2009-03-31": "-15.21%", "2008-12-31": "4.42%", "2008-09-30": "35.78%", "2008-06-30": "34.35%", "2008-03-31": "29.06%", "2007-12-31": "25.55%", "2007-09-30": "22.64%", "2007-06-30": "23.84%", "2007-03-31": "24.59%", "2006-12-31": "27.89%", "2006-09-30": "32.32%", "2006-06-30": "34.20%", "2006-03-31": "35.42%", "2005-12-31": "35.67%"}, "return on tangible equity": {"2020-09-30": "-1058.84%", "2020-06-30": "-279.43%", "2020-03-31": "-157.68%", "2019-12-31": "-48.85%", "2019-09-30": "-11.46%", "2019-06-30": "-8.19%", "2019-03-31": "-1.72%", "2018-12-31": "0.45%", "2018-09-30": "9.85%", "2018-06-30": "9.81%", "2018-03-31": "14.41%", "2017-12-31": "15.68%", "2017-09-30": "8.29%", "2017-06-30": "-0.05%", "2017-03-31": "-10.20%", "2016-12-31": "-20.16%", "2016-09-30": "-25.88%", "2016-06-30": "-64.75%", "2016-03-31": "-56.80%", "2015-12-31": "-66.22%", "2015-09-30": "-85.86%", "2015-06-30": "-57.97%", "2015-03-31": "-45.45%", "2014-12-31": "-26.31%", "2014-09-30": "-1.25%", "2014-06-30": "3.66%", "2014-03-31": "5.28%", "2013-12-31": "6.86%", "2013-09-30": "8.62%", "2013-06-30": "8.30%", "2013-03-31": "6.16%", "2012-12-31": "6.54%", "2012-09-30": "8.46%", "2012-06-30": "11.58%", "2012-03-31": "15.31%", "2011-12-31": "17.25%", "2011-09-30": "16.03%", "2011-06-30": "15.97%", "2011-03-31": "15.72%", "2010-12-31": "15.16%", "2010-09-30": "16.31%", "2010-06-30": "15.97%", "2010-03-31": "13.99%", "2009-12-31": "-1.94%", "2009-09-30": "-25.14%", "2009-06-30": "-19.14%", "2009-03-31": "-12.60%", "2008-12-31": "4.21%", "2008-09-30": "28.64%", "2008-06-30": "26.80%", "2008-03-31": "22.43%", "2007-12-31": "19.75%", "2007-09-30": "16.50%", "2007-06-30": "17.40%", "2007-03-31": "18.90%", "2006-12-31": "21.16%", "2006-09-30": "24.74%", "2006-06-30": "26.82%", "2006-03-31": "27.23%", "2005-12-31": "28.07%"}, "dividend yield history": {"last payout": "$0.10", "last yield": "0.58%"}}