{"ticker": "APLE", "price": {"title": "Apple Hospitality REIT Historical Annual Stock Price Data", "value": 13.09, "historical": {"2020": {"Average Stock Price": "11.0227", "Year Open": "16.0000", "Year High": "16.0000", "Year Low": "4.8400", "Year Close": "12.9100", "Annual % Change": "-20.55%"}, "2019": {"Average Stock Price": "16.0561", "Year Open": "14.2000", "Year High": "16.7900", "Year Low": "14.2000", "Year Close": "16.2500", "Annual % Change": "13.96%"}, "2018": {"Average Stock Price": "17.5574", "Year Open": "19.6000", "Year High": "20.1200", "Year Low": "13.8500", "Year Close": "14.2600", "Annual % Change": "-27.28%"}, "2017": {"Average Stock Price": "19.0730", "Year Open": "20.2100", "Year High": "20.6400", "Year Low": "17.5900", "Year Close": "19.6100", "Annual % Change": "-1.85%"}, "2016": {"Average Stock Price": "18.9820", "Year Open": "19.7600", "Year High": "20.5900", "Year Low": "17.2600", "Year Close": "19.9800", "Annual % Change": "0.05%"}, "2015": {"Average Stock Price": "18.9203", "Year Open": "18.0000", "Year High": "20.6800", "Year Low": "16.3800", "Year Close": "19.9700", "Annual % Change": "0.00%"}}}, "market cap": {"value": "$2.92B"}, "income statement": {"Revenue": {"2019-12-31": "1266.59700", "2018-12-31": "1270.55500", "2017-12-31": "1238.62200", "2016-12-31": "1041.02500", "2015-12-31": "898.31400", "2014-12-31": "803.89600", "2013-12-31": "387.99100", "2012-12-31": "365.58600", "2011-12-31": "320.50000", "2010-12-31": "160.13500", "2009-12-31": "85.20600", "2008-12-31": "11.52400", "2007-12-31": ""}, "Cost Of Goods Sold": {"2019-12-31": "484.81200", "2018-12-31": "485.75300", "2017-12-31": "471.33200", "2016-12-31": "396.12700", "2015-12-31": "341.89800", "2014-12-31": "307.19000", "2013-12-31": "148.68900", "2012-12-31": "139.33600", "2011-12-31": "124.23400", "2010-12-31": "56.72800", "2009-12-31": "29.98800", "2008-12-31": "4.45900", "2007-12-31": ""}, "Gross Profit": {"2019-12-31": "781.78500", "2018-12-31": "784.80210", "2017-12-31": "767.28990", "2016-12-31": "644.89800", "2015-12-31": "556.41600", "2014-12-31": "496.70600", "2013-12-31": "239.30200", "2012-12-31": "226.25000", "2011-12-31": "196.26600", "2010-12-31": "103.40700", "2009-12-31": "55.21800", "2008-12-31": "7.06500", "2007-12-31": ""}, "Research And Development Expenses": {"2019-12-31": "", "2018-12-31": "", "2017-12-31": "", "2016-12-31": "", "2015-12-31": "", "2014-12-31": "", "2013-12-31": "", "2012-12-31": "", "2011-12-31": "", "2010-12-31": "", "2009-12-31": "", "2008-12-31": "", "2007-12-31": ""}, "SG&A Expenses": {"2019-12-31": "256.19400", "2018-12-31": "232.14700", "2017-12-31": "226.96300", "2016-12-31": "180.79400", "2015-12-31": "160.08700", "2014-12-31": "145.38600", "2013-12-31": "67.59600", "2012-12-31": "66.90100", "2011-12-31": "60.37200", "2010-12-31": "33.09800", "2009-12-31": "18.69800", "2008-12-31": "3.23700", "2007-12-31": ""}, "Other Operating Income Or Expenses": {"2019-12-31": "-96.90600", "2018-12-31": "-99.95100", "2017-12-31": "-124.41900", "2016-12-31": "-85.43400", "2015-12-31": "-115.67100", "2014-12-31": "-192.40000", "2013-12-31": "-30.65400", "2012-12-31": "-28.53700", "2011-12-31": "-26.61100", "2010-12-31": "-24.21100", "2009-12-31": "-13.64300", "2008-12-31": "-1.74500", "2007-12-31": ""}, "Operating Expenses": {"2019-12-31": "1032.81000", "2018-12-31": "1012.69700", "2017-12-31": "1007.94000", "2016-12-31": "855.91610", "2015-12-31": "762.28200", "2014-12-31": "771.57100", "2013-12-31": "305.24700", "2012-12-31": "288.99100", "2011-12-31": "264.90700", "2010-12-31": "161.80700", "2009-12-31": "81.37500", "2008-12-31": "11.71800", "2007-12-31": ""}, "Operating Income": {"2019-12-31": "233.78710", "2018-12-31": "257.85810", "2017-12-31": "230.68190", "2016-12-31": "185.10890", "2015-12-31": "136.03200", "2014-12-31": "32.32500", "2013-12-31": "82.74400", "2012-12-31": "76.59500", "2011-12-31": "55.59300", "2010-12-31": "-1.67200", "2009-12-31": "3.83100", "2008-12-31": "-0.19400", "2007-12-31": ""}, "Total Non-Operating Income/Expense": {"2019-12-31": "-61.19100", "2018-12-31": "-51.18500", "2017-12-31": "-47.34300", "2016-12-31": "-40.02600", "2015-12-31": "-17.84600", "2014-12-31": "-23.52300", "2013-12-31": "0.59400", "2012-12-31": "-6.74500", "2011-12-31": "-4.37100", "2010-12-31": "-0.93100", "2009-12-31": "-1.01800", "2008-12-31": "2.34600", "2007-12-31": ""}, "Pre-Tax Income": {"2019-12-31": "172.59600", "2018-12-31": "206.67300", "2017-12-31": "183.33900", "2016-12-31": "145.08300", "2015-12-31": "118.18600", "2014-12-31": "8.80200", "2013-12-31": "83.33800", "2012-12-31": "69.85000", "2011-12-31": "51.22200", "2010-12-31": "-2.60300", "2009-12-31": "2.81300", "2008-12-31": "2.15200", "2007-12-31": ""}, "Income Taxes": {"2019-12-31": "0.67900", "2018-12-31": "0.58700", "2017-12-31": "0.84700", "2016-12-31": "0.43100", "2015-12-31": "0.89800", "2014-12-31": "1.96900", "2013-12-31": "1.42200", "2012-12-31": "1.16600", "2011-12-31": "1.06800", "2010-12-31": "", "2009-12-31": "", "2008-12-31": "", "2007-12-31": ""}, "Income After Taxes": {"2019-12-31": "171.91700", "2018-12-31": "206.08600", "2017-12-31": "182.49200", "2016-12-31": "144.65200", "2015-12-31": "117.28800", "2014-12-31": "6.83300", "2013-12-31": "81.91600", "2012-12-31": "68.68400", "2011-12-31": "50.15400", "2010-12-31": "-2.60300", "2009-12-31": "2.81300", "2008-12-31": "2.15200", "2007-12-31": ""}, "Other Income": {"2019-12-31": "", "2018-12-31": "", "2017-12-31": "", "2016-12-31": "", "2015-12-31": "", "2014-12-31": "", "2013-12-31": "", "2012-12-31": "", "2011-12-31": "", "2010-12-31": "", "2009-12-31": "", "2008-12-31": "", "2007-12-31": ""}, "Income From Continuous Operations": {"2019-12-31": "171.91700", "2018-12-31": "206.08600", "2017-12-31": "182.49200", "2016-12-31": "144.65200", "2015-12-31": "117.28800", "2014-12-31": "6.83300", "2013-12-31": "81.91600", "2012-12-31": "68.68400", "2011-12-31": "50.15400", "2010-12-31": "-2.60300", "2009-12-31": "2.81300", "2008-12-31": "2.15200", "2007-12-31": ""}, "Income From Discontinued Operations": {"2019-12-31": "", "2018-12-31": "", "2017-12-31": "", "2016-12-31": "", "2015-12-31": "", "2014-12-31": "", "2013-12-31": "33.30600", "2012-12-31": "6.79200", "2011-12-31": "19.83400", "2010-12-31": "18.86000", "2009-12-31": "14.04100", "2008-12-31": "", "2007-12-31": ""}, "Net Income": {"2019-12-31": "171.91700", "2018-12-31": "206.08600", "2017-12-31": "182.49200", "2016-12-31": "144.65200", "2015-12-31": "117.28800", "2014-12-31": "6.83300", "2013-12-31": "115.22200", "2012-12-31": "75.47600", "2011-12-31": "69.98800", "2010-12-31": "16.25700", "2009-12-31": "16.85400", "2008-12-31": "2.15200", "2007-12-31": ""}, "EBITDA": {"2019-12-31": "427.02710", "2018-12-31": "441.34010", "2017-12-31": "407.18090", "2016-12-31": "333.27190", "2015-12-31": "263.48100", "2014-12-31": "145.43700", "2013-12-31": "137.57100", "2012-12-31": "129.34300", "2011-12-31": "105.76200", "2010-12-31": "29.38100", "2009-12-31": "19.97300", "2008-12-31": "2.11900", "2007-12-31": ""}, "EBIT": {"2019-12-31": "233.78710", "2018-12-31": "257.85810", "2017-12-31": "230.68190", "2016-12-31": "185.10890", "2015-12-31": "136.03200", "2014-12-31": "32.32500", "2013-12-31": "82.74400", "2012-12-31": "76.59500", "2011-12-31": "55.59300", "2010-12-31": "-1.67200", "2009-12-31": "3.83100", "2008-12-31": "-0.19400", "2007-12-31": ""}, "Basic Shares Outstanding": {"2019-12-31": "223.91000", "2018-12-31": "229.65900", "2017-12-31": "223.52600", "2016-12-31": "190.85600", "2015-12-31": "180.26100", "2014-12-31": "171.48900", "2013-12-31": "91.30800", "2012-12-31": "182.22200", "2011-12-31": "182.39600", "2010-12-31": "135.82500", "2009-12-31": "66.04100", "2008-12-31": "15.85200", "2007-12-31": ""}, "Shares Outstanding": {"2019-12-31": "223.91000", "2018-12-31": "229.65900", "2017-12-31": "223.52600", "2016-12-31": "190.85600", "2015-12-31": "180.26100", "2014-12-31": "171.48900", "2013-12-31": "91.30800", "2012-12-31": "182.22200", "2011-12-31": "182.39600", "2010-12-31": "135.82500", "2009-12-31": "66.04100", "2008-12-31": "15.85200", "2007-12-31": ""}, "Basic EPS": {"2019-12-31": "0.77000", "2018-12-31": "0.90000", "2017-12-31": "0.82000", "2016-12-31": "0.76000", "2015-12-31": "0.65000", "2014-12-31": "0.04000", "2013-12-31": "1.26000", "2012-12-31": "0.41000", "2011-12-31": "0.38000", "2010-12-31": "0.12000", "2009-12-31": "0.26000", "2008-12-31": "0.14000", "2007-12-31": ""}, "EPS - Earnings Per Share": {"2019-12-31": "0.77000", "2018-12-31": "0.90000", "2017-12-31": "0.82000", "2016-12-31": "0.76000", "2015-12-31": "0.65000", "2014-12-31": "0.04000", "2013-12-31": "1.26000", "2012-12-31": "0.41000", "2011-12-31": "0.38000", "2010-12-31": "0.12000", "2009-12-31": "0.26000", "2008-12-31": "0.14000", "2007-12-31": "0.00000"}}, "income statement, quarterly": {"Revenue": {"2020-09-30": "148.82600", "2020-06-30": "81.07800", "2020-03-31": "238.01000", "2019-12-31": "289.97110", "2019-09-30": "331.72200", "2019-06-30": "341.11700", "2019-03-31": "303.78700", "2018-12-31": "295.25500", "2018-09-30": "332.19700", "2018-06-30": "344.71400", "2018-03-31": "298.38900", "2017-12-31": "289.06700", "2017-09-30": "324.92600", "2017-06-30": "331.70400", "2017-03-31": "292.92500", "2016-12-31": "282.43100", "2016-09-30": "276.47100", "2016-06-30": "257.63600", "2016-03-31": "224.48700", "2015-12-31": "213.03300", "2015-09-30": "240.55500", "2015-06-30": "234.37400", "2015-03-31": "210.35200", "2014-12-31": "202.32300", "2014-09-30": "231.88400", "2014-06-30": "232.56800", "2014-03-31": "137.12100", "2013-12-31": "90.77900", "2013-09-30": "100.23700", "2013-06-30": "104.57200", "2013-03-31": "92.40300", "2012-12-31": "86.73200", "2012-09-30": "93.65300", "2012-06-30": "97.11000", "2012-03-31": "88.09100", "2011-12-31": "78.40200", "2011-09-30": "85.66800", "2011-06-30": "84.39200", "2011-03-31": "72.03800", "2010-12-31": "43.61000", "2010-09-30": "43.78200", "2010-06-30": "40.97000", "2010-03-31": "31.77300", "2009-12-31": "11.83800", "2009-09-30": "28.10100", "2009-06-30": "26.58400", "2009-03-31": "18.68300", "2008-12-31": "10.80500", "2008-09-30": "0.71900", "2008-06-30": "", "2008-03-31": ""}, "Cost Of Goods Sold": {"2020-09-30": "67.36200", "2020-06-30": "47.31400", "2020-03-31": "107.41200", "2019-12-31": "116.49300", "2019-09-30": "125.30600", "2019-06-30": "124.32500", "2019-03-31": "118.68800", "2018-12-31": "119.18500", "2018-09-30": "125.00200", "2018-06-30": "125.45800", "2018-03-31": "116.10800", "2017-12-31": "114.04600", "2017-09-30": "121.08700", "2017-06-30": "121.99000", "2017-03-31": "114.20900", "2016-12-31": "113.08600", "2016-09-30": "103.55200", "2016-06-30": "93.08700", "2016-03-31": "86.40200", "2015-12-31": "85.53800", "2015-09-30": "87.21000", "2015-06-30": "86.31000", "2015-03-31": "82.84000", "2014-12-31": "80.67600", "2014-09-30": "86.89400", "2014-06-30": "86.69300", "2014-03-31": "52.92700", "2013-12-31": "36.52100", "2013-09-30": "37.96400", "2013-06-30": "38.71800", "2013-03-31": "35.48600", "2012-12-31": "34.00600", "2012-09-30": "35.96100", "2012-06-30": "35.68400", "2012-03-31": "33.68500", "2011-12-31": "31.25100", "2011-09-30": "33.43300", "2011-06-30": "31.57400", "2011-03-31": "27.97600", "2010-12-31": "19.55400", "2010-09-30": "17.35600", "2010-06-30": "14.73900", "2010-03-31": "11.76900", "2009-12-31": "8.39600", "2009-09-30": "9.59400", "2009-06-30": "7.05900", "2009-03-31": "6.43700", "2008-12-31": "4.15400", "2008-09-30": "0.30500", "2008-06-30": "", "2008-03-31": ""}, "Gross Profit": {"2020-09-30": "81.46400", "2020-06-30": "33.76400", "2020-03-31": "130.59800", "2019-12-31": "173.47810", "2019-09-30": "206.41600", "2019-06-30": "216.79200", "2019-03-31": "185.09900", "2018-12-31": "176.07000", "2018-09-30": "207.19500", "2018-06-30": "219.25600", "2018-03-31": "182.28100", "2017-12-31": "175.02100", "2017-09-30": "203.83900", "2017-06-30": "209.71400", "2017-03-31": "178.71600", "2016-12-31": "169.34500", "2016-09-30": "172.91900", "2016-06-30": "164.54900", "2016-03-31": "138.08500", "2015-12-31": "127.49500", "2015-09-30": "153.34500", "2015-06-30": "148.06400", "2015-03-31": "127.51200", "2014-12-31": "121.64700", "2014-09-30": "144.99000", "2014-06-30": "145.87500", "2014-03-31": "84.19400", "2013-12-31": "54.25800", "2013-09-30": "62.27300", "2013-06-30": "65.85400", "2013-03-31": "56.91700", "2012-12-31": "52.72600", "2012-09-30": "57.69200", "2012-06-30": "61.42600", "2012-03-31": "54.40600", "2011-12-31": "47.15100", "2011-09-30": "52.23500", "2011-06-30": "52.81800", "2011-03-31": "44.06200", "2010-12-31": "24.05600", "2010-09-30": "26.42600", "2010-06-30": "26.23100", "2010-03-31": "20.00400", "2009-12-31": "3.44200", "2009-09-30": "18.50700", "2009-06-30": "19.52500", "2009-03-31": "12.24600", "2008-12-31": "6.65100", "2008-09-30": "0.41400", "2008-06-30": "", "2008-03-31": ""}, "Research And Development Expenses": {"2020-09-30": "", "2020-06-30": "", "2020-03-31": "", "2019-12-31": "", "2019-09-30": "", "2019-06-30": "", "2019-03-31": "", "2018-12-31": "", "2018-09-30": "", "2018-06-30": "", "2018-03-31": "", "2017-12-31": "", "2017-09-30": "", "2017-06-30": "", "2017-03-31": "", "2016-12-31": "", "2016-09-30": "", "2016-06-30": "", "2016-03-31": "", "2015-12-31": "", "2015-09-30": "", "2015-06-30": "", "2015-03-31": "", "2014-12-31": "", "2014-09-30": "", "2014-06-30": "", "2014-03-31": "", "2013-12-31": "", "2013-09-30": "", "2013-06-30": "", "2013-03-31": "", "2012-12-31": "", "2012-09-30": "", "2012-06-30": "", "2012-03-31": "", "2011-12-31": "", "2011-09-30": "", "2011-06-30": "", "2011-03-31": "", "2010-12-31": "", "2010-09-30": "", "2010-06-30": "", "2010-03-31": "", "2009-12-31": "", "2009-09-30": "", "2009-06-30": "", "2009-03-31": "", "2008-12-31": "", "2008-09-30": "", "2008-06-30": "", "2008-03-31": ""}, "SG&A Expenses": {"2020-09-30": "37.07900", "2020-06-30": "29.26600", "2020-03-31": "57.52500", "2019-12-31": "63.83300", "2019-09-30": "64.79400", "2019-06-30": "66.10600", "2019-03-31": "61.46100", "2018-12-31": "57.03200", "2018-09-30": "56.35700", "2018-06-30": "61.44700", "2018-03-31": "57.31100", "2017-12-31": "57.94600", "2017-09-30": "55.68000", "2017-06-30": "57.63800", "2017-03-31": "55.69900", "2016-12-31": "51.11800", "2016-09-30": "44.81800", "2016-06-30": "43.81300", "2016-03-31": "41.04500", "2015-12-31": "39.91600", "2015-09-30": "41.38300", "2015-06-30": "38.98700", "2015-03-31": "39.80100", "2014-12-31": "39.20400", "2014-09-30": "40.69500", "2014-06-30": "41.52600", "2014-03-31": "23.96100", "2013-12-31": "15.52600", "2013-09-30": "17.36500", "2013-06-30": "18.04500", "2013-03-31": "16.66000", "2012-12-31": "16.09500", "2012-09-30": "16.71200", "2012-06-30": "17.49400", "2012-03-31": "16.60000", "2011-12-31": "16.28200", "2011-09-30": "15.33900", "2011-06-30": "15.40600", "2011-03-31": "13.34500", "2010-12-31": "11.32600", "2010-09-30": "8.32800", "2010-06-30": "7.55300", "2010-03-31": "5.89100", "2009-12-31": "5.30500", "2009-09-30": "4.92000", "2009-06-30": "4.54100", "2009-03-31": "3.93200", "2008-12-31": "2.58400", "2008-09-30": "0.54200", "2008-06-30": "0.09400", "2008-03-31": "0.01700"}, "Other Operating Income Or Expenses": {"2020-09-30": "-16.57000", "2020-06-30": "-14.40000", "2020-03-31": "-10.60800", "2019-12-31": "-17.98500", "2019-09-30": "-32.61000", "2019-06-30": "-24.47400", "2019-03-31": "-21.83700", "2018-12-31": "-22.28300", "2018-09-30": "-26.48900", "2018-06-30": "-28.16300", "2018-03-31": "-23.01600", "2017-12-31": "-43.79400", "2017-09-30": "-26.16700", "2017-06-30": "-24.35600", "2017-03-31": "-30.10200", "2016-12-31": "-21.88900", "2016-09-30": "-27.84800", "2016-06-30": "-18.65200", "2016-03-31": "-17.04500", "2015-12-31": "-61.38000", "2015-09-30": "-19.86500", "2015-06-30": "-17.44600", "2015-03-31": "-16.98000", "2014-12-31": "-18.56500", "2014-09-30": "-27.94900", "2014-06-30": "-17.64700", "2014-03-31": "-128.23900", "2013-12-31": "-7.25300", "2013-09-30": "-8.39800", "2013-06-30": "-7.83600", "2013-03-31": "-7.16700", "2012-12-31": "-6.72200", "2012-09-30": "-7.71600", "2012-06-30": "-7.33300", "2012-03-31": "-6.76600", "2011-12-31": "-6.38600", "2011-09-30": "-7.56600", "2011-06-30": "-6.62300", "2011-03-31": "-6.03600", "2010-12-31": "-14.84000", "2010-09-30": "-4.03200", "2010-06-30": "-2.94000", "2010-03-31": "-2.39900", "2009-12-31": "-4.93000", "2009-09-30": "-2.17700", "2009-06-30": "-3.53500", "2009-03-31": "-3.00100", "2008-12-31": "-1.64800", "2008-09-30": "-0.09700", "2008-06-30": "", "2008-03-31": ""}, "Operating Expenses": {"2020-09-30": "171.18200", "2020-06-30": "140.87700", "2020-03-31": "225.06700", "2019-12-31": "249.26290", "2019-09-30": "270.59700", "2019-06-30": "263.01400", "2019-03-31": "249.93600", "2018-12-31": "248.01390", "2018-09-30": "256.83500", "2018-06-30": "263.72300", "2018-03-31": "244.12500", "2017-12-31": "263.34210", "2017-09-30": "249.87500", "2017-06-30": "248.13000", "2017-03-31": "246.59300", "2016-12-31": "229.55510", "2016-09-30": "252.62800", "2016-06-30": "192.99800", "2016-03-31": "180.73500", "2015-12-31": "221.86000", "2015-09-30": "184.14700", "2015-06-30": "182.21000", "2015-03-31": "174.06500", "2014-12-31": "173.18890", "2014-09-30": "189.82900", "2014-06-30": "180.88500", "2014-03-31": "227.66800", "2013-12-31": "74.45200", "2013-09-30": "79.42000", "2013-06-30": "78.45900", "2013-03-31": "72.91600", "2012-12-31": "71.23800", "2012-09-30": "73.72100", "2012-06-30": "74.10700", "2012-03-31": "69.92500", "2011-12-31": "67.39900", "2011-09-30": "68.72400", "2011-06-30": "67.51400", "2011-03-31": "61.27000", "2010-12-31": "56.79100", "2010-09-30": "41.67600", "2010-06-30": "35.43200", "2010-03-31": "27.90800", "2009-12-31": "20.30500", "2009-09-30": "23.71400", "2009-06-30": "20.30600", "2009-03-31": "17.05000", "2008-12-31": "10.39600", "2008-09-30": "1.21100", "2008-06-30": "0.09400", "2008-03-31": "0.01700"}, "Operating Income": {"2020-09-30": "-22.35600", "2020-06-30": "-59.79900", "2020-03-31": "12.94300", "2019-12-31": "40.70810", "2019-09-30": "61.12500", "2019-06-30": "78.10300", "2019-03-31": "53.85100", "2018-12-31": "47.24110", "2018-09-30": "75.36200", "2018-06-30": "80.99100", "2018-03-31": "54.26400", "2017-12-31": "25.72490", "2017-09-30": "75.05100", "2017-06-30": "83.57400", "2017-03-31": "46.33200", "2016-12-31": "52.87590", "2016-09-30": "23.84300", "2016-06-30": "64.63800", "2016-03-31": "43.75200", "2015-12-31": "-8.82700", "2015-09-30": "56.40800", "2015-06-30": "52.16400", "2015-03-31": "36.28700", "2014-12-31": "29.13400", "2014-09-30": "42.05500", "2014-06-30": "51.68300", "2014-03-31": "-90.54700", "2013-12-31": "16.32700", "2013-09-30": "20.81700", "2013-06-30": "26.11300", "2013-03-31": "19.48700", "2012-12-31": "15.49400", "2012-09-30": "19.93200", "2012-06-30": "23.00300", "2012-03-31": "18.16600", "2011-12-31": "11.00300", "2011-09-30": "16.94400", "2011-06-30": "16.87800", "2011-03-31": "10.76800", "2010-12-31": "-13.18100", "2010-09-30": "2.10600", "2010-06-30": "5.53800", "2010-03-31": "3.86500", "2009-12-31": "-8.46700", "2009-09-30": "4.38700", "2009-06-30": "6.27800", "2009-03-31": "1.63300", "2008-12-31": "0.40900", "2008-09-30": "-0.49200", "2008-06-30": "-0.09400", "2008-03-31": "-0.01700"}, "Total Non-Operating Income/Expense": {"2020-09-30": "-18.53100", "2020-06-30": "-18.38600", "2020-03-31": "-15.56600", "2019-12-31": "-15.08100", "2019-09-30": "-14.75900", "2019-06-30": "-15.85700", "2019-03-31": "-15.49400", "2018-12-31": "-12.91600", "2018-09-30": "-13.14000", "2018-06-30": "-13.21000", "2018-03-31": "-11.91900", "2017-12-31": "-27.89300", "2017-09-30": "-12.02400", "2017-06-30": "4.29100", "2017-03-31": "-11.71700", "2016-12-31": "-11.50700", "2016-09-30": "-10.15600", "2016-06-30": "-9.56000", "2016-03-31": "-8.80300", "2015-12-31": "-8.93900", "2015-09-30": "-9.30200", "2015-06-30": "-7.49700", "2015-03-31": "7.89200", "2014-12-31": "-6.32600", "2014-09-30": "-6.34000", "2014-06-30": "-7.33300", "2014-03-31": "-3.52400", "2013-12-31": "7.29500", "2013-09-30": "-2.28700", "2013-06-30": "-2.22900", "2013-03-31": "-2.18500", "2012-12-31": "-2.08100", "2012-09-30": "-1.70900", "2012-06-30": "-1.57900", "2012-03-31": "-1.37600", "2011-12-31": "-1.32800", "2011-09-30": "-1.31000", "2011-06-30": "-1.19800", "2011-03-31": "-0.53500", "2010-12-31": "-0.36400", "2010-09-30": "-0.26300", "2010-06-30": "-0.22000", "2010-03-31": "-0.08400", "2009-12-31": "-0.08800", "2009-09-30": "-0.30200", "2009-06-30": "-0.54500", "2009-03-31": "-0.08300", "2008-12-31": "0.48100", "2008-09-30": "1.48000", "2008-06-30": "0.38800", "2008-03-31": "-0.00300"}, "Pre-Tax Income": {"2020-09-30": "-40.88700", "2020-06-30": "-78.18500", "2020-03-31": "-2.62300", "2019-12-31": "25.62700", "2019-09-30": "46.36600", "2019-06-30": "62.24600", "2019-03-31": "38.35700", "2018-12-31": "34.32500", "2018-09-30": "62.22200", "2018-06-30": "67.78100", "2018-03-31": "42.34500", "2017-12-31": "-2.16800", "2017-09-30": "63.02700", "2017-06-30": "87.86500", "2017-03-31": "34.61500", "2016-12-31": "41.36900", "2016-09-30": "13.68700", "2016-06-30": "55.07800", "2016-03-31": "34.94900", "2015-12-31": "-17.76600", "2015-09-30": "47.10600", "2015-06-30": "44.66700", "2015-03-31": "44.17900", "2014-12-31": "22.80800", "2014-09-30": "35.71500", "2014-06-30": "44.35000", "2014-03-31": "-94.07100", "2013-12-31": "23.62200", "2013-09-30": "18.53000", "2013-06-30": "23.88400", "2013-03-31": "17.30200", "2012-12-31": "13.41300", "2012-09-30": "18.22300", "2012-06-30": "21.42400", "2012-03-31": "16.79000", "2011-12-31": "9.67500", "2011-09-30": "15.63400", "2011-06-30": "15.68000", "2011-03-31": "10.23300", "2010-12-31": "-13.54500", "2010-09-30": "1.84300", "2010-06-30": "5.31800", "2010-03-31": "3.78100", "2009-12-31": "-8.55500", "2009-09-30": "4.08500", "2009-06-30": "5.73300", "2009-03-31": "1.55000", "2008-12-31": "0.89000", "2008-09-30": "0.98800", "2008-06-30": "0.29400", "2008-03-31": "-0.02000"}, "Income Taxes": {"2020-09-30": "0.06100", "2020-06-30": "0.05800", "2020-03-31": "0.14600", "2019-12-31": "0.17400", "2019-09-30": "0.14300", "2019-06-30": "0.15600", "2019-03-31": "0.20600", "2018-12-31": "0.17300", "2018-09-30": "0.10000", "2018-06-30": "0.15100", "2018-03-31": "0.16300", "2017-12-31": "0.13500", "2017-09-30": "0.20300", "2017-06-30": "0.25900", "2017-03-31": "0.25000", "2016-12-31": "-0.18500", "2016-09-30": "-0.00700", "2016-06-30": "0.36000", "2016-03-31": "0.26300", "2015-12-31": "0.02600", "2015-09-30": "0.13800", "2015-06-30": "0.42200", "2015-03-31": "0.31200", "2014-12-31": "0.47400", "2014-09-30": "0.55300", "2014-06-30": "0.55100", "2014-03-31": "0.39100", "2013-12-31": "0.31200", "2013-09-30": "0.36500", "2013-06-30": "0.34900", "2013-03-31": "0.39600", "2012-12-31": "0.28100", "2012-09-30": "0.29600", "2012-06-30": "0.39100", "2012-03-31": "0.19800", "2011-12-31": "", "2011-09-30": "", "2011-06-30": "", "2011-03-31": "", "2010-12-31": "", "2010-09-30": "", "2010-06-30": "", "2010-03-31": "", "2009-12-31": "", "2009-09-30": "", "2009-06-30": "", "2009-03-31": "", "2008-12-31": "", "2008-09-30": "", "2008-06-30": "", "2008-03-31": ""}, "Income After Taxes": {"2020-09-30": "-40.94800", "2020-06-30": "-78.24300", "2020-03-31": "-2.76900", "2019-12-31": "25.45300", "2019-09-30": "46.22300", "2019-06-30": "62.09000", "2019-03-31": "38.15100", "2018-12-31": "34.15200", "2018-09-30": "62.12200", "2018-06-30": "67.63000", "2018-03-31": "42.18200", "2017-12-31": "-2.30300", "2017-09-30": "62.82400", "2017-06-30": "87.60600", "2017-03-31": "34.36500", "2016-12-31": "41.55400", "2016-09-30": "13.69400", "2016-06-30": "54.71800", "2016-03-31": "34.68600", "2015-12-31": "-17.79200", "2015-09-30": "46.96800", "2015-06-30": "44.24500", "2015-03-31": "43.86700", "2014-12-31": "22.33400", "2014-09-30": "35.16200", "2014-06-30": "43.79900", "2014-03-31": "-94.46200", "2013-12-31": "23.31000", "2013-09-30": "18.16500", "2013-06-30": "23.53500", "2013-03-31": "16.90600", "2012-12-31": "13.13200", "2012-09-30": "17.92700", "2012-06-30": "21.03300", "2012-03-31": "16.59200", "2011-12-31": "8.60700", "2011-09-30": "15.63400", "2011-06-30": "15.68000", "2011-03-31": "10.23300", "2010-12-31": "-13.54500", "2010-09-30": "1.84300", "2010-06-30": "5.31800", "2010-03-31": "3.78100", "2009-12-31": "-8.55500", "2009-09-30": "4.08500", "2009-06-30": "5.73300", "2009-03-31": "1.55000", "2008-12-31": "0.89000", "2008-09-30": "0.98800", "2008-06-30": "0.29400", "2008-03-31": "-0.02000"}, "Other Income": {"2020-09-30": "", "2020-06-30": "", "2020-03-31": "", "2019-12-31": "", "2019-09-30": "", "2019-06-30": "", "2019-03-31": "", "2018-12-31": "", "2018-09-30": "", "2018-06-30": "", "2018-03-31": "", "2017-12-31": "", "2017-09-30": "", "2017-06-30": "", "2017-03-31": "", "2016-12-31": "", "2016-09-30": "", "2016-06-30": "", "2016-03-31": "", "2015-12-31": "", "2015-09-30": "", "2015-06-30": "", "2015-03-31": "", "2014-12-31": "", "2014-09-30": "", "2014-06-30": "", "2014-03-31": "", "2013-12-31": "", "2013-09-30": "", "2013-06-30": "", "2013-03-31": "", "2012-12-31": "", "2012-09-30": "", "2012-06-30": "", "2012-03-31": "", "2011-12-31": "", "2011-09-30": "", "2011-06-30": "", "2011-03-31": "", "2010-12-31": "", "2010-09-30": "", "2010-06-30": "", "2010-03-31": "", "2009-12-31": "", "2009-09-30": "", "2009-06-30": "", "2009-03-31": "", "2008-12-31": "", "2008-09-30": "", "2008-06-30": "", "2008-03-31": ""}, "Income From Continuous Operations": {"2020-09-30": "-40.94800", "2020-06-30": "-78.24300", "2020-03-31": "-2.76900", "2019-12-31": "25.45300", "2019-09-30": "46.22300", "2019-06-30": "62.09000", "2019-03-31": "38.15100", "2018-12-31": "34.15200", "2018-09-30": "62.12200", "2018-06-30": "67.63000", "2018-03-31": "42.18200", "2017-12-31": "-2.30300", "2017-09-30": "62.82400", "2017-06-30": "87.60600", "2017-03-31": "34.36500", "2016-12-31": "41.55400", "2016-09-30": "13.69400", "2016-06-30": "54.71800", "2016-03-31": "34.68600", "2015-12-31": "-17.79200", "2015-09-30": "46.96800", "2015-06-30": "44.24500", "2015-03-31": "43.86700", "2014-12-31": "22.33400", "2014-09-30": "35.16200", "2014-06-30": "43.79900", "2014-03-31": "-94.46200", "2013-12-31": "23.31000", "2013-09-30": "18.16500", "2013-06-30": "23.53500", "2013-03-31": "16.90600", "2012-12-31": "13.13200", "2012-09-30": "17.92700", "2012-06-30": "21.03300", "2012-03-31": "16.59200", "2011-12-31": "8.60700", "2011-09-30": "15.63400", "2011-06-30": "15.68000", "2011-03-31": "10.23300", "2010-12-31": "-13.54500", "2010-09-30": "1.84300", "2010-06-30": "5.31800", "2010-03-31": "3.78100", "2009-12-31": "-8.55500", "2009-09-30": "4.08500", "2009-06-30": "5.73300", "2009-03-31": "1.55000", "2008-12-31": "0.89000", "2008-09-30": "0.98800", "2008-06-30": "0.29400", "2008-03-31": "-0.02000"}, "Income From Discontinued Operations": {"2020-09-30": "", "2020-06-30": "", "2020-03-31": "", "2019-12-31": "", "2019-09-30": "", "2019-06-30": "", "2019-03-31": "", "2018-12-31": "", "2018-09-30": "", "2018-06-30": "", "2018-03-31": "", "2017-12-31": "", "2017-09-30": "", "2017-06-30": "", "2017-03-31": "", "2016-12-31": "", "2016-09-30": "", "2016-06-30": "", "2016-03-31": "", "2015-12-31": "", "2015-09-30": "", "2015-06-30": "", "2015-03-31": "", "2014-12-31": "", "2014-09-30": "", "2014-06-30": "", "2014-03-31": "", "2013-12-31": "", "2013-09-30": "", "2013-06-30": "", "2013-03-31": "", "2012-12-31": "0.00000", "2012-09-30": "0.00000", "2012-06-30": "1.52500", "2012-03-31": "5.26700", "2011-12-31": "5.27400", "2011-09-30": "5.12800", "2011-06-30": "4.71600", "2011-03-31": "4.71600", "2010-12-31": "14.14400", "2010-09-30": "4.71600", "2010-06-30": "", "2010-03-31": "", "2009-12-31": "", "2009-09-30": "", "2009-06-30": "", "2009-03-31": "", "2008-12-31": "", "2008-09-30": "", "2008-06-30": "", "2008-03-31": ""}, "Net Income": {"2020-09-30": "-40.94800", "2020-06-30": "-78.24300", "2020-03-31": "-2.76900", "2019-12-31": "25.45300", "2019-09-30": "46.22300", "2019-06-30": "62.09000", "2019-03-31": "38.15100", "2018-12-31": "34.15200", "2018-09-30": "62.12200", "2018-06-30": "67.63000", "2018-03-31": "42.18200", "2017-12-31": "-2.30300", "2017-09-30": "62.82400", "2017-06-30": "87.60600", "2017-03-31": "34.36500", "2016-12-31": "41.55400", "2016-09-30": "13.69400", "2016-06-30": "54.71800", "2016-03-31": "34.68600", "2015-12-31": "-17.79200", "2015-09-30": "46.96800", "2015-06-30": "44.24500", "2015-03-31": "43.86700", "2014-12-31": "22.33400", "2014-09-30": "35.16200", "2014-06-30": "43.79900", "2014-03-31": "-94.46200", "2013-12-31": "56.61600", "2013-09-30": "18.16500", "2013-06-30": "23.53500", "2013-03-31": "16.90600", "2012-12-31": "13.13200", "2012-09-30": "17.92700", "2012-06-30": "22.55800", "2012-03-31": "21.85900", "2011-12-31": "13.88100", "2011-09-30": "20.76200", "2011-06-30": "20.39600", "2011-03-31": "14.94900", "2010-12-31": "0.59900", "2010-09-30": "6.55900", "2010-06-30": "5.31800", "2010-03-31": "3.78100", "2009-12-31": "5.48600", "2009-09-30": "4.08500", "2009-06-30": "5.73300", "2009-03-31": "1.55000", "2008-12-31": "0.89000", "2008-09-30": "0.98800", "2008-06-30": "0.29400", "2008-03-31": "-0.02000"}, "EBITDA": {"2020-09-30": "27.81500", "2020-06-30": "-9.90200", "2020-03-31": "62.46500", "2019-12-31": "90.00210", "2019-09-30": "109.01200", "2019-06-30": "126.21200", "2019-03-31": "101.80100", "2018-12-31": "93.97110", "2018-09-30": "121.53100", "2018-06-30": "126.73400", "2018-03-31": "99.10400", "2017-12-31": "70.45390", "2017-09-30": "119.16100", "2017-06-30": "127.46700", "2017-03-31": "90.09900", "2016-12-31": "96.38790", "2016-09-30": "61.18600", "2016-06-30": "98.46200", "2016-03-31": "77.23600", "2015-12-31": "24.41700", "2015-09-30": "88.75900", "2015-06-30": "83.29900", "2015-03-31": "67.00600", "2014-12-31": "60.83800", "2014-09-30": "73.15000", "2014-06-30": "82.43700", "2014-03-31": "-70.98800", "2013-12-31": "30.28900", "2013-09-30": "34.54900", "2013-06-30": "39.74600", "2013-03-31": "32.98700", "2012-12-31": "28.64000", "2012-09-30": "33.27800", "2012-06-30": "36.38400", "2012-03-31": "31.04100", "2011-12-31": "23.66900", "2011-09-30": "29.49400", "2011-06-30": "29.86700", "2011-03-31": "22.73200", "2010-12-31": "-2.84000", "2010-09-30": "10.08300", "2010-06-30": "12.54800", "2010-03-31": "9.59000", "2009-12-31": "-3.51000", "2009-09-30": "8.99000", "2009-06-30": "10.12700", "2009-03-31": "4.36600", "2008-12-31": "2.42900", "2008-09-30": "-0.22500", "2008-06-30": "-0.09400", "2008-03-31": "-0.01700"}, "EBIT": {"2020-09-30": "-22.35600", "2020-06-30": "-59.79900", "2020-03-31": "12.94300", "2019-12-31": "40.70810", "2019-09-30": "61.12500", "2019-06-30": "78.10300", "2019-03-31": "53.85100", "2018-12-31": "47.24110", "2018-09-30": "75.36200", "2018-06-30": "80.99100", "2018-03-31": "54.26400", "2017-12-31": "25.72490", "2017-09-30": "75.05100", "2017-06-30": "83.57400", "2017-03-31": "46.33200", "2016-12-31": "52.87600", "2016-09-30": "23.84300", "2016-06-30": "64.63800", "2016-03-31": "43.75200", "2015-12-31": "-8.82700", "2015-09-30": "56.40800", "2015-06-30": "52.16400", "2015-03-31": "36.28700", "2014-12-31": "29.13400", "2014-09-30": "42.05500", "2014-06-30": "51.68300", "2014-03-31": "-90.54700", "2013-12-31": "16.32700", "2013-09-30": "20.81700", "2013-06-30": "26.11300", "2013-03-31": "19.48700", "2012-12-31": "15.49400", "2012-09-30": "19.93200", "2012-06-30": "23.00300", "2012-03-31": "18.16600", "2011-12-31": "11.00300", "2011-09-30": "16.94400", "2011-06-30": "16.87800", "2011-03-31": "10.76800", "2010-12-31": "-13.18100", "2010-09-30": "2.10600", "2010-06-30": "5.53800", "2010-03-31": "3.86500", "2009-12-31": "-8.46700", "2009-09-30": "4.38700", "2009-06-30": "6.27800", "2009-03-31": "1.63300", "2008-12-31": "0.40900", "2008-09-30": "-0.49200", "2008-06-30": "-0.09400", "2008-03-31": "-0.01700"}, "Basic Shares Outstanding": {"2020-09-30": "223.29300", "2020-06-30": "223.27800", "2020-03-31": "224.29400", "2019-12-31": "223.91000", "2019-09-30": "223.90100", "2019-06-30": "223.89900", "2019-03-31": "223.93200", "2018-12-31": "229.65900", "2018-09-30": "230.35100", "2018-06-30": "230.34200", "2018-03-31": "230.51500", "2017-12-31": "223.52600", "2017-09-30": "223.05700", "2017-06-30": "223.05200", "2017-03-31": "223.04700", "2016-12-31": "190.85600", "2016-09-30": "190.56300", "2016-06-30": "174.66700", "2016-03-31": "174.66600", "2015-12-31": "180.26100", "2015-09-30": "175.06900", "2015-06-30": "185.35100", "2015-03-31": "186.44600", "2014-12-31": "171.48900", "2014-09-30": "186.91000", "2014-06-30": "186.94500", "2014-03-31": "248.66500", "2013-12-31": "91.30800", "2013-09-30": "182.78400", "2013-06-30": "182.49600", "2013-03-31": "182.39500", "2012-12-31": "182.22200", "2012-09-30": "182.13000", "2012-06-30": "182.11000", "2012-03-31": "182.36100", "2011-12-31": "182.39600", "2011-09-30": "182.76900", "2011-06-30": "182.62100", "2011-03-31": "181.60900", "2010-12-31": "135.82500", "2010-09-30": "144.26400", "2010-06-30": "122.69600", "2010-03-31": "104.76800", "2009-12-31": "66.04100", "2009-09-30": "72.31000", "2009-06-30": "58.32000", "2009-03-31": "45.55400", "2008-12-31": "15.85200", "2008-09-30": "22.58000", "2008-06-30": "6.39200", "2008-03-31": "0.00000"}, "Shares Outstanding": {"2020-09-30": "223.29300", "2020-06-30": "223.27800", "2020-03-31": "224.29400", "2019-12-31": "223.91000", "2019-09-30": "223.90100", "2019-06-30": "223.89900", "2019-03-31": "223.93200", "2018-12-31": "229.65900", "2018-09-30": "230.35100", "2018-06-30": "230.34200", "2018-03-31": "230.51500", "2017-12-31": "223.52600", "2017-09-30": "223.05700", "2017-06-30": "223.05200", "2017-03-31": "223.04700", "2016-12-31": "190.85600", "2016-09-30": "190.56300", "2016-06-30": "174.66700", "2016-03-31": "174.66600", "2015-12-31": "180.26100", "2015-09-30": "175.06900", "2015-06-30": "185.35100", "2015-03-31": "186.44600", "2014-12-31": "171.48900", "2014-09-30": "186.91000", "2014-06-30": "186.94500", "2014-03-31": "248.66500", "2013-12-31": "91.30800", "2013-09-30": "182.78400", "2013-06-30": "182.49600", "2013-03-31": "182.39500", "2012-12-31": "182.22200", "2012-09-30": "182.13000", "2012-06-30": "182.11000", "2012-03-31": "182.36100", "2011-12-31": "182.39600", "2011-09-30": "182.76900", "2011-06-30": "182.62100", "2011-03-31": "181.60900", "2010-12-31": "135.82500", "2010-09-30": "144.26400", "2010-06-30": "122.69600", "2010-03-31": "104.76800", "2009-12-31": "66.04100", "2009-09-30": "72.31000", "2009-06-30": "58.32000", "2009-03-31": "45.55400", "2008-12-31": "15.85200", "2008-09-30": "22.58000", "2008-06-30": "6.39200", "2008-03-31": "0.00000"}, "Basic EPS": {"2020-09-30": "-0.18000", "2020-06-30": "-0.35000", "2020-03-31": "-0.01000", "2019-12-31": "0.11000", "2019-09-30": "0.21000", "2019-06-30": "0.28000", "2019-03-31": "0.17000", "2018-12-31": "0.16000", "2018-09-30": "0.27000", "2018-06-30": "0.29000", "2018-03-31": "0.18000", "2017-12-31": "0.00000", "2017-09-30": "0.28000", "2017-06-30": "0.39000", "2017-03-31": "0.15000", "2016-12-31": "0.18000", "2016-09-30": "0.07000", "2016-06-30": "0.31000", "2016-03-31": "0.20000", "2015-12-31": "-0.10000", "2015-09-30": "0.27000", "2015-06-30": "0.24000", "2015-03-31": "0.24000", "2014-12-31": "", "2014-09-30": "0.19000", "2014-06-30": "0.23000", "2014-03-31": "-0.38000", "2013-12-31": "0.94000", "2013-09-30": "0.10000", "2013-06-30": "0.13000", "2013-03-31": "0.09000", "2012-12-31": "0.07000", "2012-09-30": "0.10000", "2012-06-30": "0.12000", "2012-03-31": "0.12000", "2011-12-31": "0.08000", "2011-09-30": "0.11000", "2011-06-30": "0.11000", "2011-03-31": "0.08000", "2010-12-31": "-0.01000", "2010-09-30": "0.05000", "2010-06-30": "0.04000", "2010-03-31": "0.04000", "2009-12-31": "0.07000", "2009-09-30": "0.06000", "2009-06-30": "0.10000", "2009-03-31": "0.03000", "2008-12-31": "1985.25000", "2008-09-30": "0.04000", "2008-06-30": "0.05000", "2008-03-31": "-1985.20000"}, "EPS - Earnings Per Share": {"2020-09-30": "-0.18000", "2020-06-30": "-0.35000", "2020-03-31": "-0.01000", "2019-12-31": "0.11000", "2019-09-30": "0.21000", "2019-06-30": "0.28000", "2019-03-31": "0.17000", "2018-12-31": "0.16000", "2018-09-30": "0.27000", "2018-06-30": "0.29000", "2018-03-31": "0.18000", "2017-12-31": "0.00000", "2017-09-30": "0.28000", "2017-06-30": "0.39000", "2017-03-31": "0.15000", "2016-12-31": "0.18000", "2016-09-30": "0.07000", "2016-06-30": "0.31000", "2016-03-31": "0.20000", "2015-12-31": "-0.10000", "2015-09-30": "0.27000", "2015-06-30": "0.24000", "2015-03-31": "0.24000", "2014-12-31": "0.00000", "2014-09-30": "0.19000", "2014-06-30": "0.23000", "2014-03-31": "-0.38000", "2013-12-31": "0.94000", "2013-09-30": "0.10000", "2013-06-30": "0.13000", "2013-03-31": "0.09000", "2012-12-31": "0.07000", "2012-09-30": "0.10000", "2012-06-30": "0.12000", "2012-03-31": "0.12000", "2011-12-31": "0.08000", "2011-09-30": "0.11000", "2011-06-30": "0.11000", "2011-03-31": "0.08000", "2010-12-31": "-0.01000", "2010-09-30": "0.05000", "2010-06-30": "0.04000", "2010-03-31": "0.04000", "2009-12-31": "0.07000", "2009-09-30": "0.06000", "2009-06-30": "0.10000", "2009-03-31": "0.03000", "2008-12-31": "1985.25000", "2008-09-30": "0.04000", "2008-06-30": "0.05000", "2008-03-31": "-1985.20000"}}, "balance sheet": {"Cash On Hand": {"2019-12-31": "", "2018-12-31": "", "2017-12-31": "", "2016-12-31": "", "2015-12-31": "", "2014-12-31": "", "2013-12-31": "18.10200", "2012-12-31": "9.02700", "2011-12-31": "30.73300", "2010-12-31": "224.10800", "2009-12-31": "272.91300", "2008-12-31": "75.19300", "2007-12-31": "0.02000"}, "Receivables": {"2019-12-31": "26.92600", "2018-12-31": "29.09100", "2017-12-31": "31.45700", "2016-12-31": "31.46000", "2015-12-31": "24.74300", "2014-12-31": "22.87900", "2013-12-31": "10.42100", "2012-12-31": "10.75100", "2011-12-31": "9.60500", "2010-12-31": "18.98100", "2009-12-31": "7.20900", "2008-12-31": "1.77500", "2007-12-31": ""}, "Inventory": {"2019-12-31": "", "2018-12-31": "", "2017-12-31": "", "2016-12-31": "", "2015-12-31": "", "2014-12-31": "", "2013-12-31": "", "2012-12-31": "", "2011-12-31": "", "2010-12-31": "", "2009-12-31": "", "2008-12-31": "", "2007-12-31": ""}, "Pre-Paid Expenses": {"2019-12-31": "", "2018-12-31": "", "2017-12-31": "", "2016-12-31": "", "2015-12-31": "", "2014-12-31": "", "2013-12-31": "", "2012-12-31": "", "2011-12-31": "", "2010-12-31": "", "2009-12-31": "", "2008-12-31": "", "2007-12-31": ""}, "Other Current Assets": {"2019-12-31": "", "2018-12-31": "", "2017-12-31": "", "2016-12-31": "", "2015-12-31": "", "2014-12-31": "", "2013-12-31": "", "2012-12-31": "", "2011-12-31": "", "2010-12-31": "", "2009-12-31": "", "2008-12-31": "", "2007-12-31": ""}, "Total Current Assets": {"2019-12-31": "26.92600", "2018-12-31": "29.09100", "2017-12-31": "31.45700", "2016-12-31": "31.46000", "2015-12-31": "24.74300", "2014-12-31": "22.87900", "2013-12-31": "28.52300", "2012-12-31": "42.15300", "2011-12-31": "40.33800", "2010-12-31": "243.08900", "2009-12-31": "280.12200", "2008-12-31": "76.96800", "2007-12-31": "0.02000"}, "Property, Plant, And Equipment": {"2019-12-31": "4825.73800", "2018-12-31": "4816.41000", "2017-12-31": "4793.15900", "2016-12-31": "4823.48900", "2015-12-31": "3641.76700", "2014-12-31": "3492.82100", "2013-12-31": "1443.49800", "2012-12-31": "1463.89400", "2011-12-31": "1639.27400", "2010-12-31": "1461.92200", "2009-12-31": "687.50900", "2008-12-31": "346.42300", "2007-12-31": ""}, "Long-Term Investments": {"2019-12-31": "", "2018-12-31": "", "2017-12-31": "", "2016-12-31": "", "2015-12-31": "", "2014-12-31": "", "2013-12-31": "", "2012-12-31": "", "2011-12-31": "", "2010-12-31": "", "2009-12-31": "", "2008-12-31": "", "2007-12-31": ""}, "Goodwill And Intangible Assets": {"2019-12-31": "", "2018-12-31": "", "2017-12-31": "", "2016-12-31": "", "2015-12-31": "", "2014-12-31": "", "2013-12-31": "", "2012-12-31": "", "2011-12-31": "", "2010-12-31": "", "2009-12-31": "", "2008-12-31": "", "2007-12-31": ""}, "Other Long-Term Assets": {"2019-12-31": "89.74700", "2018-12-31": "83.17100", "2017-12-31": "77.72200", "2016-12-31": "124.93400", "2015-12-31": "56.26500", "2014-12-31": "261.10500", "2013-12-31": "19.26000", "2012-12-31": "19.97000", "2011-12-31": "21.35500", "2010-12-31": "40.93100", "2009-12-31": "14.88200", "2008-12-31": "8.22800", "2007-12-31": "0.31700"}, "Total Long-Term Assets": {"2019-12-31": "4915.48500", "2018-12-31": "4899.58100", "2017-12-31": "4870.88100", "2016-12-31": "4948.42300", "2015-12-31": "3698.03200", "2014-12-31": "3753.92600", "2013-12-31": "1462.75800", "2012-12-31": "1483.86400", "2011-12-31": "1660.62900", "2010-12-31": "1502.85300", "2009-12-31": "702.39100", "2008-12-31": "354.65100", "2007-12-31": "0.31700"}, "Total Assets": {"2019-12-31": "4942.41100", "2018-12-31": "4928.67200", "2017-12-31": "4902.33800", "2016-12-31": "4979.88300", "2015-12-31": "3722.77500", "2014-12-31": "3776.80500", "2013-12-31": "1491.28100", "2012-12-31": "1526.01700", "2011-12-31": "1700.96700", "2010-12-31": "1745.94200", "2009-12-31": "982.51300", "2008-12-31": "431.61900", "2007-12-31": "0.33700"}, "Total Current Liabilities": {"2019-12-31": "114.36400", "2018-12-31": "107.42000", "2017-12-31": "109.05700", "2016-12-31": "965.79000", "2015-12-31": "613.85800", "2014-12-31": "246.33800", "2013-12-31": "16.91900", "2012-12-31": "179.88400", "2011-12-31": "137.37700", "2010-12-31": "111.90300", "2009-12-31": "65.10800", "2008-12-31": "41.87900", "2007-12-31": "0.30600"}, "Long Term Debt": {"2019-12-31": "1537.03400", "2018-12-31": "1412.24200", "2017-12-31": "1222.19600", "2016-12-31": "497.02900", "2015-12-31": "461.85900", "2014-12-31": "515.84300", "2013-12-31": "162.55100", "2012-12-31": "", "2011-12-31": "", "2010-12-31": "", "2009-12-31": "", "2008-12-31": "", "2007-12-31": ""}, "Other Non-Current Liabilities": {"2019-12-31": "", "2018-12-31": "", "2017-12-31": "", "2016-12-31": "", "2015-12-31": "", "2014-12-31": "", "2013-12-31": "", "2012-12-31": "", "2011-12-31": "", "2010-12-31": "", "2009-12-31": "", "2008-12-31": "", "2007-12-31": ""}, "Total Long Term Liabilities": {"2019-12-31": "1537.03400", "2018-12-31": "1412.24200", "2017-12-31": "1222.19600", "2016-12-31": "497.02900", "2015-12-31": "461.85900", "2014-12-31": "515.84300", "2013-12-31": "162.55100", "2012-12-31": "", "2011-12-31": "", "2010-12-31": "", "2009-12-31": "", "2008-12-31": "", "2007-12-31": ""}, "Total Liabilities": {"2019-12-31": "1651.39800", "2018-12-31": "1519.66200", "2017-12-31": "1331.25300", "2016-12-31": "1462.81900", "2015-12-31": "1075.71700", "2014-12-31": "762.18100", "2013-12-31": "179.47000", "2012-12-31": "179.88400", "2011-12-31": "137.37700", "2010-12-31": "111.90300", "2009-12-31": "65.10800", "2008-12-31": "41.87900", "2007-12-31": "0.30600"}, "Common Stock Net": {"2019-12-31": "4493.76300", "2018-12-31": "4495.07300", "2017-12-31": "4588.18800", "2016-12-31": "4453.20500", "2015-12-31": "3500.58400", "2014-12-31": "3737.32800", "2013-12-31": "1807.37700", "2012-12-31": "1805.33500", "2011-12-31": "1807.17500", "2010-12-31": "1787.21300", "2009-12-31": "968.71000", "2008-12-31": "400.56900", "2007-12-31": ""}, "Retained Earnings (Accumulated Deficit)": {"2019-12-31": "", "2018-12-31": "", "2017-12-31": "", "2016-12-31": "", "2015-12-31": "", "2014-12-31": "", "2013-12-31": "", "2012-12-31": "", "2011-12-31": "", "2010-12-31": "", "2009-12-31": "", "2008-12-31": "", "2007-12-31": ""}, "Comprehensive Income": {"2019-12-31": "-4.69800", "2018-12-31": "10.00600", "2017-12-31": "9.77800", "2016-12-31": "4.58900", "2015-12-31": "-2.05700", "2014-12-31": "-0.51100", "2013-12-31": "0.00000", "2012-12-31": "", "2011-12-31": "", "2010-12-31": "", "2009-12-31": "", "2008-12-31": "", "2007-12-31": ""}, "Other Share Holders Equity": {"2019-12-31": "-1198.05200", "2018-12-31": "-1096.06900", "2017-12-31": "-1026.88100", "2016-12-31": "-940.73000", "2015-12-31": "-851.46900", "2014-12-31": "-722.19300", "2013-12-31": "-495.61400", "2012-12-31": "-459.25000", "2011-12-31": "-243.63300", "2010-12-31": "-153.22200", "2009-12-31": "-51.35300", "2008-12-31": "-10.87700", "2007-12-31": "-0.01700"}, "Share Holder Equity": {"2019-12-31": "3291.01300", "2018-12-31": "3409.01000", "2017-12-31": "3571.08500", "2016-12-31": "3517.06400", "2015-12-31": "2647.05800", "2014-12-31": "3014.62400", "2013-12-31": "1311.81100", "2012-12-31": "1346.13300", "2011-12-31": "1563.59000", "2010-12-31": "1634.03900", "2009-12-31": "917.40500", "2008-12-31": "389.74000", "2007-12-31": "0.03100"}, "Total Liabilities And Share Holders Equity": {"2019-12-31": "4942.41100", "2018-12-31": "4928.67200", "2017-12-31": "4902.33800", "2016-12-31": "4979.88300", "2015-12-31": "3722.77500", "2014-12-31": "3776.80500", "2013-12-31": "1491.28100", "2012-12-31": "1526.01700", "2011-12-31": "1700.96700", "2010-12-31": "1745.94200", "2009-12-31": "982.51300", "2008-12-31": "431.61900", "2007-12-31": "0.33700"}}, "balance sheet, quarterly": {"Cash On Hand": {"2020-09-30": "27.43500", "2020-06-30": "156.46100", "2020-03-31": "437.26000", "2019-12-31": "", "2019-09-30": "", "2019-06-30": "", "2019-03-31": "", "2018-12-31": "", "2018-09-30": "34.48800", "2018-06-30": "", "2018-03-31": "", "2017-12-31": "", "2017-09-30": "", "2017-06-30": "", "2017-03-31": "", "2016-12-31": "", "2016-09-30": "", "2016-06-30": "21.61400", "2016-03-31": "", "2015-12-31": "", "2015-09-30": "0.10500", "2015-06-30": "", "2015-03-31": "46.90500", "2014-12-31": "", "2014-09-30": "", "2014-06-30": "0.80500", "2014-03-31": "", "2013-12-31": "18.10200", "2013-09-30": "", "2013-06-30": "", "2013-03-31": "", "2012-12-31": "9.02700", "2012-09-30": "19.51300", "2012-06-30": "7.38800", "2012-03-31": "2.84400", "2011-12-31": "30.73300", "2011-09-30": "61.40200", "2011-06-30": "67.69100", "2011-03-31": "117.58000", "2010-12-31": "224.10800", "2010-09-30": "411.47300", "2010-06-30": "358.26100", "2010-03-31": "319.82700", "2009-12-31": "272.91300", "2009-09-30": "114.93400", "2009-06-30": "88.35500", "2009-03-31": "155.76700", "2008-12-31": "75.19300", "2008-09-30": "196.03000", "2008-06-30": "162.57900", "2008-03-31": "0.00960"}, "Receivables": {"2020-09-30": "29.96900", "2020-06-30": "24.92500", "2020-03-31": "22.04000", "2019-12-31": "26.92600", "2019-09-30": "40.47300", "2019-06-30": "52.21400", "2019-03-31": "51.35800", "2018-12-31": "29.09100", "2018-09-30": "47.99100", "2018-06-30": "61.66000", "2018-03-31": "57.24000", "2017-12-31": "31.45700", "2017-09-30": "52.35400", "2017-06-30": "57.67600", "2017-03-31": "57.69200", "2016-12-31": "31.46000", "2016-09-30": "50.97300", "2016-06-30": "45.09300", "2016-03-31": "43.02700", "2015-12-31": "24.74300", "2015-09-30": "38.43600", "2015-06-30": "41.77100", "2015-03-31": "39.33700", "2014-12-31": "22.87900", "2014-09-30": "34.25500", "2014-06-30": "40.66700", "2014-03-31": "37.68500", "2013-12-31": "10.42100", "2013-09-30": "15.85500", "2013-06-30": "18.60700", "2013-03-31": "17.73300", "2012-12-31": "10.75100", "2012-09-30": "15.12100", "2012-06-30": "17.71500", "2012-03-31": "18.73800", "2011-12-31": "9.60500", "2011-09-30": "13.96800", "2011-06-30": "30.13200", "2011-03-31": "27.97500", "2010-12-31": "18.98100", "2010-09-30": "7.09600", "2010-06-30": "6.92700", "2010-03-31": "5.24900", "2009-12-31": "7.20900", "2009-09-30": "3.20300", "2009-06-30": "3.77400", "2009-03-31": "3.29300", "2008-12-31": "1.77500", "2008-09-30": "0.29800", "2008-06-30": "", "2008-03-31": ""}, "Inventory": {"2020-09-30": "", "2020-06-30": "", "2020-03-31": "", "2019-12-31": "", "2019-09-30": "", "2019-06-30": "", "2019-03-31": "", "2018-12-31": "", "2018-09-30": "", "2018-06-30": "", "2018-03-31": "", "2017-12-31": "", "2017-09-30": "", "2017-06-30": "", "2017-03-31": "", "2016-12-31": "", "2016-09-30": "", "2016-06-30": "", "2016-03-31": "", "2015-12-31": "", "2015-09-30": "", "2015-06-30": "", "2015-03-31": "", "2014-12-31": "", "2014-09-30": "", "2014-06-30": "", "2014-03-31": "", "2013-12-31": "", "2013-09-30": "", "2013-06-30": "", "2013-03-31": "", "2012-12-31": "", "2012-09-30": "", "2012-06-30": "", "2012-03-31": "", "2011-12-31": "", "2011-09-30": "", "2011-06-30": "", "2011-03-31": "", "2010-12-31": "", "2010-09-30": "", "2010-06-30": "", "2010-03-31": "", "2009-12-31": "", "2009-09-30": "", "2009-06-30": "", "2009-03-31": "", "2008-12-31": "", "2008-09-30": "", "2008-06-30": "", "2008-03-31": ""}, "Pre-Paid Expenses": {"2020-09-30": "", "2020-06-30": "", "2020-03-31": "", "2019-12-31": "", "2019-09-30": "", "2019-06-30": "", "2019-03-31": "", "2018-12-31": "", "2018-09-30": "", "2018-06-30": "", "2018-03-31": "", "2017-12-31": "", "2017-09-30": "", "2017-06-30": "", "2017-03-31": "", "2016-12-31": "", "2016-09-30": "", "2016-06-30": "", "2016-03-31": "", "2015-12-31": "", "2015-09-30": "", "2015-06-30": "", "2015-03-31": "", "2014-12-31": "", "2014-09-30": "", "2014-06-30": "", "2014-03-31": "", "2013-12-31": "", "2013-09-30": "", "2013-06-30": "", "2013-03-31": "", "2012-12-31": "", "2012-09-30": "", "2012-06-30": "", "2012-03-31": "", "2011-12-31": "", "2011-09-30": "", "2011-06-30": "", "2011-03-31": "", "2010-12-31": "", "2010-09-30": "", "2010-06-30": "", "2010-03-31": "", "2009-12-31": "", "2009-09-30": "", "2009-06-30": "", "2009-03-31": "", "2008-12-31": "", "2008-09-30": "", "2008-06-30": "", "2008-03-31": ""}, "Other Current Assets": {"2020-09-30": "", "2020-06-30": "", "2020-03-31": "", "2019-12-31": "", "2019-09-30": "", "2019-06-30": "", "2019-03-31": "", "2018-12-31": "", "2018-09-30": "", "2018-06-30": "", "2018-03-31": "", "2017-12-31": "", "2017-09-30": "", "2017-06-30": "", "2017-03-31": "", "2016-12-31": "", "2016-09-30": "", "2016-06-30": "", "2016-03-31": "", "2015-12-31": "", "2015-09-30": "", "2015-06-30": "", "2015-03-31": "", "2014-12-31": "", "2014-09-30": "", "2014-06-30": "", "2014-03-31": "", "2013-12-31": "", "2013-09-30": "", "2013-06-30": "", "2013-03-31": "", "2012-12-31": "", "2012-09-30": "", "2012-06-30": "", "2012-03-31": "", "2011-12-31": "", "2011-09-30": "", "2011-06-30": "", "2011-03-31": "", "2010-12-31": "", "2010-09-30": "", "2010-06-30": "", "2010-03-31": "", "2009-12-31": "", "2009-09-30": "", "2009-06-30": "", "2009-03-31": "", "2008-12-31": "", "2008-09-30": "", "2008-06-30": "", "2008-03-31": ""}, "Total Current Assets": {"2020-09-30": "57.40400", "2020-06-30": "181.38600", "2020-03-31": "459.30000", "2019-12-31": "26.92600", "2019-09-30": "40.47300", "2019-06-30": "52.21400", "2019-03-31": "51.35800", "2018-12-31": "29.09100", "2018-09-30": "82.47900", "2018-06-30": "61.66000", "2018-03-31": "57.24000", "2017-12-31": "31.45700", "2017-09-30": "52.35400", "2017-06-30": "57.67600", "2017-03-31": "57.69200", "2016-12-31": "31.46000", "2016-09-30": "50.97300", "2016-06-30": "66.70700", "2016-03-31": "43.02700", "2015-12-31": "24.74300", "2015-09-30": "38.54100", "2015-06-30": "41.77100", "2015-03-31": "86.24200", "2014-12-31": "22.87900", "2014-09-30": "34.25500", "2014-06-30": "41.47200", "2014-03-31": "37.68500", "2013-12-31": "28.52300", "2013-09-30": "33.53000", "2013-06-30": "37.85700", "2013-03-31": "38.55800", "2012-12-31": "42.15300", "2012-09-30": "58.25600", "2012-06-30": "50.57400", "2012-03-31": "21.58200", "2011-12-31": "40.33800", "2011-09-30": "75.37000", "2011-06-30": "97.82300", "2011-03-31": "145.55500", "2010-12-31": "243.08900", "2010-09-30": "418.56900", "2010-06-30": "365.18800", "2010-03-31": "325.07600", "2009-12-31": "280.12200", "2009-09-30": "118.13700", "2009-06-30": "92.12900", "2009-03-31": "159.06000", "2008-12-31": "76.96800", "2008-09-30": "196.32800", "2008-06-30": "162.57900", "2008-03-31": "0.00960"}, "Property, Plant, And Equipment": {"2020-09-30": "4793.94500", "2020-06-30": "4776.03200", "2020-03-31": "4776.69500", "2019-12-31": "4825.73800", "2019-09-30": "4863.87300", "2019-06-30": "4858.10300", "2019-03-31": "4891.50300", "2018-12-31": "4816.41000", "2018-09-30": "4825.05800", "2018-06-30": "4858.21600", "2018-03-31": "4829.77600", "2017-12-31": "4793.15900", "2017-09-30": "4742.59000", "2017-06-30": "4770.88300", "2017-03-31": "4803.50300", "2016-12-31": "4823.48900", "2016-09-30": "4894.21600", "2016-06-30": "3603.69500", "2016-03-31": "3627.29600", "2015-12-31": "3641.76700", "2015-09-30": "3651.48200", "2015-06-30": "3499.68900", "2015-03-31": "3482.03900", "2014-12-31": "3492.82100", "2014-09-30": "3692.33900", "2014-06-30": "3709.27300", "2014-03-31": "3722.26100", "2013-12-31": "1443.49800", "2013-09-30": "1443.02400", "2013-06-30": "1451.13200", "2013-03-31": "1453.10200", "2012-12-31": "1463.89400", "2012-09-30": "1474.33500", "2012-06-30": "1480.16400", "2012-03-31": "1472.38500", "2011-12-31": "1639.27400", "2011-09-30": "1454.86500", "2011-06-30": "1608.34700", "2011-03-31": "1543.34600", "2010-12-31": "1461.92200", "2010-09-30": "1086.79500", "2010-06-30": "907.61000", "2010-03-31": "774.47000", "2009-12-31": "687.50900", "2009-09-30": "686.62000", "2009-06-30": "581.04200", "2009-03-31": "373.35500", "2008-12-31": "346.42300", "2008-09-30": "60.67500", "2008-06-30": "", "2008-03-31": ""}, "Long-Term Investments": {"2020-09-30": "", "2020-06-30": "", "2020-03-31": "", "2019-12-31": "", "2019-09-30": "", "2019-06-30": "", "2019-03-31": "", "2018-12-31": "", "2018-09-30": "", "2018-06-30": "", "2018-03-31": "", "2017-12-31": "", "2017-09-30": "", "2017-06-30": "", "2017-03-31": "", "2016-12-31": "", "2016-09-30": "", "2016-06-30": "", "2016-03-31": "", "2015-12-31": "", "2015-09-30": "", "2015-06-30": "", "2015-03-31": "", "2014-12-31": "", "2014-09-30": "", "2014-06-30": "", "2014-03-31": "", "2013-12-31": "", "2013-09-30": "", "2013-06-30": "", "2013-03-31": "", "2012-12-31": "", "2012-09-30": "", "2012-06-30": "", "2012-03-31": "", "2011-12-31": "", "2011-09-30": "", "2011-06-30": "", "2011-03-31": "", "2010-12-31": "", "2010-09-30": "", "2010-06-30": "", "2010-03-31": "", "2009-12-31": "", "2009-09-30": "", "2009-06-30": "", "2009-03-31": "", "2008-12-31": "", "2008-09-30": "", "2008-06-30": "", "2008-03-31": ""}, "Goodwill And Intangible Assets": {"2020-09-30": "", "2020-06-30": "", "2020-03-31": "", "2019-12-31": "", "2019-09-30": "", "2019-06-30": "", "2019-03-31": "", "2018-12-31": "", "2018-09-30": "", "2018-06-30": "", "2018-03-31": "", "2017-12-31": "", "2017-09-30": "", "2017-06-30": "", "2017-03-31": "", "2016-12-31": "", "2016-09-30": "", "2016-06-30": "", "2016-03-31": "", "2015-12-31": "", "2015-09-30": "", "2015-06-30": "", "2015-03-31": "", "2014-12-31": "", "2014-09-30": "", "2014-06-30": "", "2014-03-31": "", "2013-12-31": "", "2013-09-30": "", "2013-06-30": "", "2013-03-31": "", "2012-12-31": "", "2012-09-30": "", "2012-06-30": "", "2012-03-31": "", "2011-12-31": "", "2011-09-30": "", "2011-06-30": "", "2011-03-31": "", "2010-12-31": "", "2010-09-30": "", "2010-06-30": "", "2010-03-31": "", "2009-12-31": "", "2009-09-30": "", "2009-06-30": "", "2009-03-31": "", "2008-12-31": "", "2008-09-30": "", "2008-06-30": "", "2008-03-31": ""}, "Other Long-Term Assets": {"2020-09-30": "65.07100", "2020-06-30": "64.78100", "2020-03-31": "70.37500", "2019-12-31": "89.74700", "2019-09-30": "86.08100", "2019-06-30": "78.52200", "2019-03-31": "81.52600", "2018-12-31": "83.17100", "2018-09-30": "60.92100", "2018-06-30": "99.00800", "2018-03-31": "86.35500", "2017-12-31": "77.72200", "2017-09-30": "118.94300", "2017-06-30": "76.01500", "2017-03-31": "113.72800", "2016-12-31": "124.93400", "2016-09-30": "73.50400", "2016-06-30": "55.06400", "2016-03-31": "52.75100", "2015-12-31": "56.26500", "2015-09-30": "68.47000", "2015-06-30": "68.93500", "2015-03-31": "66.09200", "2014-12-31": "261.10500", "2014-09-30": "80.60400", "2014-06-30": "80.64500", "2014-03-31": "85.68400", "2013-12-31": "19.26000", "2013-09-30": "20.16200", "2013-06-30": "20.17500", "2013-03-31": "18.84700", "2012-12-31": "19.97000", "2012-09-30": "21.32500", "2012-06-30": "21.54400", "2012-03-31": "182.14600", "2011-12-31": "21.35500", "2011-09-30": "200.14600", "2011-06-30": "42.92200", "2011-03-31": "47.10100", "2010-12-31": "40.93100", "2010-09-30": "39.72000", "2010-06-30": "22.93400", "2010-03-31": "22.08200", "2009-12-31": "14.88200", "2009-09-30": "17.55700", "2009-06-30": "17.10700", "2009-03-31": "11.25000", "2008-12-31": "8.22800", "2008-09-30": "3.44900", "2008-06-30": "0.24200", "2008-03-31": "0.49490"}, "Total Long-Term Assets": {"2020-09-30": "4859.01600", "2020-06-30": "4840.81300", "2020-03-31": "4847.07000", "2019-12-31": "4915.48500", "2019-09-30": "4949.95400", "2019-06-30": "4936.62500", "2019-03-31": "4973.02900", "2018-12-31": "4899.58100", "2018-09-30": "4885.97900", "2018-06-30": "4957.22400", "2018-03-31": "4916.13100", "2017-12-31": "4870.88100", "2017-09-30": "4861.53300", "2017-06-30": "4846.89800", "2017-03-31": "4917.23100", "2016-12-31": "4948.42300", "2016-09-30": "4967.72000", "2016-06-30": "3658.75900", "2016-03-31": "3680.04700", "2015-12-31": "3698.03200", "2015-09-30": "3719.95200", "2015-06-30": "3568.62400", "2015-03-31": "3548.13100", "2014-12-31": "3753.92600", "2014-09-30": "3772.94300", "2014-06-30": "3789.91800", "2014-03-31": "3807.94500", "2013-12-31": "1462.75800", "2013-09-30": "1463.18600", "2013-06-30": "1471.30700", "2013-03-31": "1471.94900", "2012-12-31": "1483.86400", "2012-09-30": "1495.66000", "2012-06-30": "1501.70800", "2012-03-31": "1654.53100", "2011-12-31": "1660.62900", "2011-09-30": "1655.01100", "2011-06-30": "1651.26900", "2011-03-31": "1590.44700", "2010-12-31": "1502.85300", "2010-09-30": "1126.51500", "2010-06-30": "930.54400", "2010-03-31": "796.55200", "2009-12-31": "702.39100", "2009-09-30": "704.17700", "2009-06-30": "598.14900", "2009-03-31": "384.60500", "2008-12-31": "354.65100", "2008-09-30": "64.12400", "2008-06-30": "0.24200", "2008-03-31": "0.49490"}, "Total Assets": {"2020-09-30": "4916.42000", "2020-06-30": "5022.19900", "2020-03-31": "5306.37000", "2019-12-31": "4942.41100", "2019-09-30": "4990.42700", "2019-06-30": "4988.83900", "2019-03-31": "5024.38700", "2018-12-31": "4928.67200", "2018-09-30": "4968.45800", "2018-06-30": "5018.88400", "2018-03-31": "4973.37100", "2017-12-31": "4902.33800", "2017-09-30": "4913.88700", "2017-06-30": "4904.57400", "2017-03-31": "4974.92300", "2016-12-31": "4979.88300", "2016-09-30": "5018.69300", "2016-06-30": "3725.46600", "2016-03-31": "3723.07400", "2015-12-31": "3722.77500", "2015-09-30": "3758.49300", "2015-06-30": "3610.39500", "2015-03-31": "3634.37300", "2014-12-31": "3776.80500", "2014-09-30": "3807.19800", "2014-06-30": "3831.39000", "2014-03-31": "3845.63000", "2013-12-31": "1491.28100", "2013-09-30": "1496.71600", "2013-06-30": "1509.16400", "2013-03-31": "1510.50700", "2012-12-31": "1526.01700", "2012-09-30": "1553.91600", "2012-06-30": "1552.28200", "2012-03-31": "1676.11300", "2011-12-31": "1700.96700", "2011-09-30": "1730.38100", "2011-06-30": "1749.09200", "2011-03-31": "1736.00200", "2010-12-31": "1745.94200", "2010-09-30": "1545.08400", "2010-06-30": "1295.73200", "2010-03-31": "1121.62800", "2009-12-31": "982.51300", "2009-09-30": "822.31400", "2009-06-30": "690.27800", "2009-03-31": "543.66500", "2008-12-31": "431.61900", "2008-09-30": "260.45200", "2008-06-30": "162.82100", "2008-03-31": "0.50450"}, "Total Current Liabilities": {"2020-09-30": "113.54200", "2020-06-30": "108.01200", "2020-03-31": "105.10500", "2019-12-31": "114.36400", "2019-09-30": "107.76300", "2019-06-30": "1473.26300", "2019-03-31": "88.92600", "2018-12-31": "107.42000", "2018-09-30": "1415.99600", "2018-06-30": "964.73100", "2018-03-31": "916.70800", "2017-12-31": "109.05700", "2017-09-30": "977.15500", "2017-06-30": "961.44600", "2017-03-31": "1022.03400", "2016-12-31": "965.79000", "2016-09-30": "1005.88900", "2016-06-30": "703.25600", "2016-03-31": "666.97300", "2015-12-31": "613.85800", "2015-09-30": "581.02500", "2015-06-30": "374.29200", "2015-03-31": "143.38400", "2014-12-31": "246.33800", "2014-09-30": "228.65800", "2014-06-30": "220.66500", "2014-03-31": "188.63700", "2013-12-31": "16.91900", "2013-09-30": "203.72200", "2013-06-30": "196.24500", "2013-03-31": "184.13300", "2012-12-31": "179.88400", "2012-09-30": "184.86700", "2012-06-30": "165.41400", "2012-03-31": "133.34000", "2011-12-31": "137.37700", "2011-09-30": "138.70800", "2011-06-30": "137.22400", "2011-03-31": "116.88500", "2010-12-31": "111.90300", "2010-09-30": "95.58200", "2010-06-30": "64.20100", "2010-03-31": "61.59900", "2009-12-31": "65.10800", "2009-09-30": "65.41200", "2009-06-30": "62.84800", "2009-03-31": "44.08500", "2008-12-31": "41.87900", "2008-09-30": "0.31200", "2008-06-30": "0.05100", "2008-03-31": "0.49310"}, "Long Term Debt": {"2020-09-30": "1727.87400", "2020-06-30": "1801.22800", "2020-03-31": "2006.46100", "2019-12-31": "1537.03400", "2019-09-30": "1555.72800", "2019-06-30": "163.50800", "2019-03-31": "1568.43400", "2018-12-31": "1412.24200", "2018-09-30": "", "2018-06-30": "496.91600", "2018-03-31": "500.18900", "2017-12-31": "1222.19600", "2017-09-30": "432.78300", "2017-06-30": "435.55600", "2017-03-31": "465.04300", "2016-12-31": "497.02900", "2016-09-30": "476.40500", "2016-06-30": "396.64100", "2016-03-31": "427.49500", "2015-12-31": "461.85900", "2015-09-30": "463.74600", "2015-06-30": "489.73900", "2015-03-31": "507.01600", "2014-12-31": "515.84300", "2014-09-30": "521.87800", "2014-06-30": "527.67900", "2014-03-31": "553.43200", "2013-12-31": "162.55100", "2013-09-30": "", "2013-06-30": "", "2013-03-31": "", "2012-12-31": "", "2012-09-30": "", "2012-06-30": "", "2012-03-31": "", "2011-12-31": "", "2011-09-30": "", "2011-06-30": "", "2011-03-31": "", "2010-12-31": "", "2010-09-30": "", "2010-06-30": "", "2010-03-31": "", "2009-12-31": "", "2009-09-30": "", "2009-06-30": "", "2009-03-31": "", "2008-12-31": "", "2008-09-30": "", "2008-06-30": "", "2008-03-31": ""}, "Other Non-Current Liabilities": {"2020-09-30": "", "2020-06-30": "", "2020-03-31": "", "2019-12-31": "", "2019-09-30": "", "2019-06-30": "", "2019-03-31": "", "2018-12-31": "", "2018-09-30": "", "2018-06-30": "", "2018-03-31": "", "2017-12-31": "", "2017-09-30": "", "2017-06-30": "", "2017-03-31": "", "2016-12-31": "", "2016-09-30": "", "2016-06-30": "", "2016-03-31": "", "2015-12-31": "", "2015-09-30": "", "2015-06-30": "", "2015-03-31": "", "2014-12-31": "", "2014-09-30": "", "2014-06-30": "", "2014-03-31": "", "2013-12-31": "", "2013-09-30": "", "2013-06-30": "", "2013-03-31": "", "2012-12-31": "", "2012-09-30": "", "2012-06-30": "", "2012-03-31": "", "2011-12-31": "", "2011-09-30": "", "2011-06-30": "", "2011-03-31": "", "2010-12-31": "", "2010-09-30": "", "2010-06-30": "", "2010-03-31": "", "2009-12-31": "", "2009-09-30": "", "2009-06-30": "", "2009-03-31": "", "2008-12-31": "", "2008-09-30": "", "2008-06-30": "", "2008-03-31": ""}, "Total Long Term Liabilities": {"2020-09-30": "1727.87400", "2020-06-30": "1801.22800", "2020-03-31": "2006.46100", "2019-12-31": "1537.03400", "2019-09-30": "1555.72800", "2019-06-30": "163.50800", "2019-03-31": "1568.43400", "2018-12-31": "1412.24200", "2018-09-30": "", "2018-06-30": "496.91600", "2018-03-31": "500.18900", "2017-12-31": "1222.19600", "2017-09-30": "432.78300", "2017-06-30": "435.55600", "2017-03-31": "465.04300", "2016-12-31": "497.02900", "2016-09-30": "476.40500", "2016-06-30": "396.64100", "2016-03-31": "427.49500", "2015-12-31": "461.85900", "2015-09-30": "463.74600", "2015-06-30": "489.73900", "2015-03-31": "507.01600", "2014-12-31": "515.84300", "2014-09-30": "521.87800", "2014-06-30": "527.67900", "2014-03-31": "553.43200", "2013-12-31": "162.55100", "2013-09-30": "", "2013-06-30": "", "2013-03-31": "", "2012-12-31": "", "2012-09-30": "", "2012-06-30": "", "2012-03-31": "", "2011-12-31": "", "2011-09-30": "", "2011-06-30": "", "2011-03-31": "", "2010-12-31": "", "2010-09-30": "", "2010-06-30": "", "2010-03-31": "", "2009-12-31": "", "2009-09-30": "", "2009-06-30": "", "2009-03-31": "", "2008-12-31": "", "2008-09-30": "", "2008-06-30": "", "2008-03-31": ""}, "Total Liabilities": {"2020-09-30": "1841.41600", "2020-06-30": "1909.24000", "2020-03-31": "2111.56600", "2019-12-31": "1651.39800", "2019-09-30": "1663.49100", "2019-06-30": "1636.77100", "2019-03-31": "1657.36000", "2018-12-31": "1519.66200", "2018-09-30": "1415.99600", "2018-06-30": "1461.64700", "2018-03-31": "1416.89700", "2017-12-31": "1331.25300", "2017-09-30": "1409.93800", "2017-06-30": "1397.00200", "2017-03-31": "1487.07700", "2016-12-31": "1462.81900", "2016-09-30": "1482.29400", "2016-06-30": "1099.89700", "2016-03-31": "1094.46800", "2015-12-31": "1075.71700", "2015-09-30": "1044.77100", "2015-06-30": "864.03100", "2015-03-31": "650.40000", "2014-12-31": "762.18100", "2014-09-30": "750.53600", "2014-06-30": "748.34400", "2014-03-31": "742.06900", "2013-12-31": "179.47000", "2013-09-30": "203.72200", "2013-06-30": "196.24500", "2013-03-31": "184.13300", "2012-12-31": "179.88400", "2012-09-30": "184.86700", "2012-06-30": "165.41400", "2012-03-31": "133.34000", "2011-12-31": "137.37700", "2011-09-30": "138.70800", "2011-06-30": "137.22400", "2011-03-31": "116.88500", "2010-12-31": "111.90300", "2010-09-30": "95.58200", "2010-06-30": "64.20100", "2010-03-31": "61.59900", "2009-12-31": "65.10800", "2009-09-30": "65.41200", "2009-06-30": "62.84800", "2009-03-31": "44.08500", "2008-12-31": "41.87900", "2008-09-30": "0.31200", "2008-06-30": "0.05100", "2008-03-31": "0.49310"}, "Common Stock Net": {"2020-09-30": "4488.28800", "2020-06-30": "4488.03400", "2020-03-31": "4487.44100", "2019-12-31": "4493.76300", "2019-09-30": "4493.59800", "2019-06-30": "4493.59800", "2019-03-31": "4493.36200", "2018-12-31": "4495.07300", "2018-09-30": "4595.20700", "2018-06-30": "4594.70000", "2018-03-31": "4594.24700", "2017-12-31": "4588.18800", "2017-09-30": "4455.39000", "2017-06-30": "4455.19100", "2017-03-31": "4454.99200", "2016-12-31": "4453.20500", "2016-09-30": "4461.58900", "2016-06-30": "3506.61300", "2016-03-31": "3506.51400", "2015-12-31": "3500.58400", "2015-09-30": "3501.25200", "2015-06-30": "3522.42800", "2015-03-31": "3726.50100", "2014-12-31": "3737.32800", "2014-09-30": "3737.32800", "2014-06-30": "3737.32800", "2014-03-31": "3739.03500", "2013-12-31": "1807.37700", "2013-09-30": "1807.23600", "2013-06-30": "1807.38700", "2013-03-31": "1806.51400", "2012-12-31": "1805.33500", "2012-09-30": "1803.56700", "2012-06-30": "1801.53500", "2012-03-31": "1804.60300", "2011-12-31": "1807.17500", "2011-09-30": "1808.98100", "2011-06-30": "1809.74100", "2011-03-31": "1797.25600", "2010-12-31": "1787.21300", "2010-09-30": "1566.11100", "2010-06-30": "1323.31200", "2010-03-31": "1130.36900", "2009-12-31": "968.71000", "2009-09-30": "793.39500", "2009-06-30": "652.87600", "2009-03-31": "518.74800", "2008-12-31": "400.56900", "2008-09-30": "264.52800", "2008-06-30": "163.35900", "2008-03-31": "0.00010"}, "Retained Earnings (Accumulated Deficit)": {"2020-09-30": "", "2020-06-30": "", "2020-03-31": "", "2019-12-31": "", "2019-09-30": "", "2019-06-30": "", "2019-03-31": "", "2018-12-31": "", "2018-09-30": "", "2018-06-30": "", "2018-03-31": "", "2017-12-31": "", "2017-09-30": "", "2017-06-30": "", "2017-03-31": "", "2016-12-31": "", "2016-09-30": "", "2016-06-30": "", "2016-03-31": "", "2015-12-31": "", "2015-09-30": "", "2015-06-30": "", "2015-03-31": "", "2014-12-31": "", "2014-09-30": "", "2014-06-30": "", "2014-03-31": "", "2013-12-31": "", "2013-09-30": "", "2013-06-30": "", "2013-03-31": "", "2012-12-31": "", "2012-09-30": "", "2012-06-30": "", "2012-03-31": "", "2011-12-31": "", "2011-09-30": "", "2011-06-30": "", "2011-03-31": "", "2010-12-31": "", "2010-09-30": "", "2010-06-30": "", "2010-03-31": "", "2009-12-31": "", "2009-09-30": "", "2009-06-30": "", "2009-03-31": "", "2008-12-31": "", "2008-09-30": "", "2008-06-30": "", "2008-03-31": "-0.03670"}, "Comprehensive Income": {"2020-09-30": "-48.32000", "2020-06-30": "-51.05900", "2020-03-31": "-46.86400", "2019-12-31": "-4.69800", "2019-09-30": "-10.35100", "2019-06-30": "-6.15800", "2019-03-31": "3.96200", "2018-12-31": "10.00600", "2018-09-30": "19.46700", "2018-06-30": "17.81000", "2018-03-31": "16.07000", "2017-12-31": "9.77800", "2017-09-30": "5.21800", "2017-06-30": "4.95900", "2017-03-31": "6.13400", "2016-12-31": "4.58900", "2016-09-30": "-9.99100", "2016-06-30": "-14.25200", "2016-03-31": "-8.75100", "2015-12-31": "-2.05700", "2015-09-30": "-6.16300", "2015-06-30": "-0.18500", "2015-03-31": "-0.78500", "2014-12-31": "-0.51100", "2014-09-30": "0.31100", "2014-06-30": "-0.44600", "2014-03-31": "0.46800", "2013-12-31": "", "2013-09-30": "", "2013-06-30": "", "2013-03-31": "", "2012-12-31": "", "2012-09-30": "", "2012-06-30": "", "2012-03-31": "", "2011-12-31": "", "2011-09-30": "", "2011-06-30": "", "2011-03-31": "", "2010-12-31": "", "2010-09-30": "", "2010-06-30": "", "2010-03-31": "", "2009-12-31": "", "2009-09-30": "", "2009-06-30": "", "2009-03-31": "", "2008-12-31": "", "2008-09-30": "", "2008-06-30": "", "2008-03-31": ""}, "Other Share Holders Equity": {"2020-09-30": "-1364.96400", "2020-06-30": "-1324.01600", "2020-03-31": "-1245.77300", "2019-12-31": "-1198.05200", "2019-09-30": "-1156.31100", "2019-06-30": "-1135.37200", "2019-03-31": "-1130.29700", "2018-12-31": "-1096.06900", "2018-09-30": "-1062.21200", "2018-06-30": "-1055.27300", "2018-03-31": "-1053.84300", "2017-12-31": "-1026.88100", "2017-09-30": "-956.65900", "2017-06-30": "-952.57800", "2017-03-31": "-973.28000", "2016-12-31": "-940.73000", "2016-09-30": "-915.19900", "2016-06-30": "-866.79200", "2016-03-31": "-869.15700", "2015-12-31": "-851.46900", "2015-09-30": "-781.36700", "2015-06-30": "-775.87900", "2015-03-31": "-741.74300", "2014-12-31": "-722.19300", "2014-09-30": "-680.97700", "2014-06-30": "-653.83600", "2014-03-31": "-635.94200", "2013-12-31": "-495.61400", "2013-09-30": "-514.29000", "2013-06-30": "-494.51600", "2013-03-31": "-480.18800", "2012-12-31": "-459.25000", "2012-09-30": "-434.56600", "2012-06-30": "-414.71500", "2012-03-31": "-261.87800", "2011-12-31": "-243.63300", "2011-09-30": "-217.35600", "2011-06-30": "-197.92100", "2011-03-31": "-178.18700", "2010-12-31": "-153.22200", "2010-09-30": "-116.65700", "2010-06-30": "-91.82900", "2010-03-31": "-70.38800", "2009-12-31": "-51.35300", "2009-09-30": "-36.54100", "2009-06-30": "-25.49400", "2009-03-31": "-19.21600", "2008-12-31": "-10.87700", "2008-09-30": "-4.43600", "2008-06-30": "-0.63700", "2008-03-31": ""}, "Share Holder Equity": {"2020-09-30": "3075.00400", "2020-06-30": "3112.95900", "2020-03-31": "3194.80400", "2019-12-31": "3291.01300", "2019-09-30": "3326.93600", "2019-06-30": "3352.06800", "2019-03-31": "3367.02700", "2018-12-31": "3409.01000", "2018-09-30": "3552.46200", "2018-06-30": "3557.23700", "2018-03-31": "3556.47400", "2017-12-31": "3571.08500", "2017-09-30": "3503.94900", "2017-06-30": "3507.57200", "2017-03-31": "3487.84600", "2016-12-31": "3517.06400", "2016-09-30": "3536.39900", "2016-06-30": "2625.56900", "2016-03-31": "2628.60600", "2015-12-31": "2647.05800", "2015-09-30": "2713.72200", "2015-06-30": "2746.36400", "2015-03-31": "2983.97300", "2014-12-31": "3014.62400", "2014-09-30": "3056.66200", "2014-06-30": "3083.04600", "2014-03-31": "3103.56100", "2013-12-31": "1311.81100", "2013-09-30": "1292.99400", "2013-06-30": "1312.91900", "2013-03-31": "1326.37400", "2012-12-31": "1346.13300", "2012-09-30": "1369.04900", "2012-06-30": "1386.86800", "2012-03-31": "1542.77300", "2011-12-31": "1563.59000", "2011-09-30": "1591.67300", "2011-06-30": "1611.86800", "2011-03-31": "1619.11700", "2010-12-31": "1634.03900", "2010-09-30": "1449.50200", "2010-06-30": "1231.53100", "2010-03-31": "1060.02900", "2009-12-31": "917.40500", "2009-09-30": "756.90200", "2009-06-30": "627.43000", "2009-03-31": "499.58000", "2008-12-31": "389.74000", "2008-09-30": "260.14000", "2008-06-30": "162.77000", "2008-03-31": "0.01140"}, "Total Liabilities And Share Holders Equity": {"2020-09-30": "4916.42000", "2020-06-30": "5022.19900", "2020-03-31": "5306.37000", "2019-12-31": "4942.41100", "2019-09-30": "4990.42700", "2019-06-30": "4988.83900", "2019-03-31": "5024.38700", "2018-12-31": "4928.67200", "2018-09-30": "4968.45800", "2018-06-30": "5018.88400", "2018-03-31": "4973.37100", "2017-12-31": "4902.33800", "2017-09-30": "4913.88700", "2017-06-30": "4904.57400", "2017-03-31": "4974.92300", "2016-12-31": "4979.88300", "2016-09-30": "5018.69300", "2016-06-30": "3725.46600", "2016-03-31": "3723.07400", "2015-12-31": "3722.77500", "2015-09-30": "3758.49300", "2015-06-30": "3610.39500", "2015-03-31": "3634.37300", "2014-12-31": "3776.80500", "2014-09-30": "3807.19800", "2014-06-30": "3831.39000", "2014-03-31": "3845.63000", "2013-12-31": "1491.28100", "2013-09-30": "1496.71600", "2013-06-30": "1509.16400", "2013-03-31": "1510.50700", "2012-12-31": "1526.01700", "2012-09-30": "1553.91600", "2012-06-30": "1552.28200", "2012-03-31": "1676.11300", "2011-12-31": "1700.96700", "2011-09-30": "1730.38100", "2011-06-30": "1749.09200", "2011-03-31": "1736.00200", "2010-12-31": "1745.94200", "2010-09-30": "1545.08400", "2010-06-30": "1295.73200", "2010-03-31": "1121.62800", "2009-12-31": "982.51300", "2009-09-30": "822.31400", "2009-06-30": "690.27800", "2009-03-31": "543.66500", "2008-12-31": "431.61900", "2008-09-30": "260.45200", "2008-06-30": "162.82100", "2008-03-31": "0.50450"}}, "cash flow statement": {"Net Income/Loss": {"2019-12-31": "171.91700", "2018-12-31": "206.08600", "2017-12-31": "182.49200", "2016-12-31": "144.65200", "2015-12-31": "117.28800", "2014-12-31": "6.83300", "2013-12-31": "115.22200", "2012-12-31": "75.47600", "2011-12-31": "69.98800", "2010-12-31": "16.25700", "2009-12-31": "16.85400", "2008-12-31": "2.15200", "2007-12-31": "0.00000"}, "Total Depreciation And Amortization - Cash Flow": {"2019-12-31": "193.24000", "2018-12-31": "183.48200", "2017-12-31": "176.49900", "2016-12-31": "148.16300", "2015-12-31": "127.44900", "2014-12-31": "113.11200", "2013-12-31": "54.82700", "2012-12-31": "52.74800", "2011-12-31": "50.16900", "2010-12-31": "31.05300", "2009-12-31": "16.14200", "2008-12-31": "2.31300", "2007-12-31": ""}, "Other Non-Cash Items": {"2019-12-31": "5.96600", "2018-12-31": "10.95500", "2017-12-31": "36.70000", "2016-12-31": "12.37100", "2015-12-31": "35.72900", "2014-12-31": "129.23800", "2013-12-31": "-32.99200", "2012-12-31": "-1.67100", "2011-12-31": "-6.15800", "2010-12-31": "-6.10400", "2009-12-31": "-4.61800", "2008-12-31": "", "2007-12-31": ""}, "Total Non-Cash Items": {"2019-12-31": "199.20600", "2018-12-31": "194.43700", "2017-12-31": "213.19900", "2016-12-31": "160.53400", "2015-12-31": "163.17800", "2014-12-31": "242.35000", "2013-12-31": "21.83500", "2012-12-31": "51.07700", "2011-12-31": "44.01100", "2010-12-31": "24.94900", "2009-12-31": "11.52400", "2008-12-31": "2.31300", "2007-12-31": ""}, "Change In Accounts Receivable": {"2019-12-31": "2.22100", "2018-12-31": "2.02700", "2017-12-31": "0.01700", "2016-12-31": "5.16400", "2015-12-31": "-1.82700", "2014-12-31": "1.93100", "2013-12-31": "0.33000", "2012-12-31": "-1.14600", "2011-12-31": "-1.32600", "2010-12-31": "-5.94400", "2009-12-31": "-0.57400", "2008-12-31": "-1.68000", "2007-12-31": ""}, "Change In Inventories": {"2019-12-31": "", "2018-12-31": "", "2017-12-31": "", "2016-12-31": "", "2015-12-31": "", "2014-12-31": "", "2013-12-31": "", "2012-12-31": "", "2011-12-31": "", "2010-12-31": "", "2009-12-31": "", "2008-12-31": "", "2007-12-31": ""}, "Change In Accounts Payable": {"2019-12-31": "9.15100", "2018-12-31": "3.03400", "2017-12-31": "-22.87200", "2016-12-31": "31.59600", "2015-12-31": "3.05700", "2014-12-31": "2.55900", "2013-12-31": "-0.31000", "2012-12-31": "-1.85300", "2011-12-31": "2.75900", "2010-12-31": "1.58500", "2009-12-31": "2.65000", "2008-12-31": "0.19600", "2007-12-31": ""}, "Change In Assets/Liabilities": {"2019-12-31": "-0.82100", "2018-12-31": "-0.77200", "2017-12-31": "11.23500", "2016-12-31": "-10.77500", "2015-12-31": "-0.64400", "2014-12-31": "-1.48600", "2013-12-31": "0.36900", "2012-12-31": "-0.58800", "2011-12-31": "0.61200", "2010-12-31": "1.91100", "2009-12-31": "-1.31700", "2008-12-31": "0.33600", "2007-12-31": ""}, "Total Change In Assets/Liabilities": {"2019-12-31": "10.55100", "2018-12-31": "4.28900", "2017-12-31": "-11.62000", "2016-12-31": "25.98500", "2015-12-31": "0.58600", "2014-12-31": "3.00400", "2013-12-31": "0.38900", "2012-12-31": "-3.58700", "2011-12-31": "2.04500", "2010-12-31": "-2.44800", "2009-12-31": "0.75900", "2008-12-31": "-1.14800", "2007-12-31": ""}, "Cash Flow From Operating Activities": {"2019-12-31": "381.67400", "2018-12-31": "404.81200", "2017-12-31": "384.07100", "2016-12-31": "331.17100", "2015-12-31": "281.05200", "2014-12-31": "252.18700", "2013-12-31": "137.44600", "2012-12-31": "122.96600", "2011-12-31": "116.04400", "2010-12-31": "38.75800", "2009-12-31": "29.13700", "2008-12-31": "3.31700", "2007-12-31": ""}, "Net Change In Property, Plant, And Equipment": {"2019-12-31": "46.32900", "2018-12-31": "-58.87700", "2017-12-31": "6.00600", "2016-12-31": "-55.36800", "2015-12-31": "151.35600", "2014-12-31": "-58.40400", "2013-12-31": "-22.81400", "2012-12-31": "-15.95700", "2011-12-31": "-14.46400", "2010-12-31": "-19.17800", "2009-12-31": "-12.56800", "2008-12-31": "-0.09400", "2007-12-31": ""}, "Net Change In Intangible Assets": {"2019-12-31": "", "2018-12-31": "", "2017-12-31": "", "2016-12-31": "", "2015-12-31": "", "2014-12-31": "", "2013-12-31": "", "2012-12-31": "", "2011-12-31": "", "2010-12-31": "", "2009-12-31": "", "2008-12-31": "", "2007-12-31": ""}, "Net Acquisitions/Divestitures": {"2019-12-31": "-60.65300", "2018-12-31": "-151.28300", "2017-12-31": "-164.26200", "2016-12-31": "-106.83200", "2015-12-31": "-233.64100", "2014-12-31": "", "2013-12-31": "-7.22500", "2012-12-31": "-18.01700", "2011-12-31": "-162.40500", "2010-12-31": "-753.08000", "2009-12-31": "-325.32300", "2008-12-31": "-315.22800", "2007-12-31": ""}, "Net Change In Short-term Investments": {"2019-12-31": "", "2018-12-31": "", "2017-12-31": "", "2016-12-31": "", "2015-12-31": "", "2014-12-31": "", "2013-12-31": "", "2012-12-31": "", "2011-12-31": "", "2010-12-31": "", "2009-12-31": "", "2008-12-31": "", "2007-12-31": ""}, "Net Change In Long-Term Investments": {"2019-12-31": "", "2018-12-31": "", "2017-12-31": "", "2016-12-31": "", "2015-12-31": "", "2014-12-31": "", "2013-12-31": "", "2012-12-31": "", "2011-12-31": "", "2010-12-31": "", "2009-12-31": "", "2008-12-31": "", "2007-12-31": ""}, "Net Change In Investments - Total": {"2019-12-31": "", "2018-12-31": "", "2017-12-31": "", "2016-12-31": "", "2015-12-31": "", "2014-12-31": "", "2013-12-31": "", "2012-12-31": "", "2011-12-31": "", "2010-12-31": "", "2009-12-31": "", "2008-12-31": "", "2007-12-31": ""}, "Investing Activities - Other": {"2019-12-31": "", "2018-12-31": "", "2017-12-31": "", "2016-12-31": "", "2015-12-31": "", "2014-12-31": "", "2013-12-31": "55.48500", "2012-12-31": "139.92500", "2011-12-31": "10.78400", "2010-12-31": "-13.84500", "2009-12-31": "-3.24000", "2008-12-31": "", "2007-12-31": ""}, "Cash Flow From Investing Activities": {"2019-12-31": "-14.32400", "2018-12-31": "-210.16000", "2017-12-31": "-158.25600", "2016-12-31": "-162.20000", "2015-12-31": "-82.28500", "2014-12-31": "-58.40400", "2013-12-31": "25.44600", "2012-12-31": "105.95100", "2011-12-31": "-166.08500", "2010-12-31": "-786.10300", "2009-12-31": "-341.13100", "2008-12-31": "-315.32200", "2007-12-31": ""}, "Net Long-Term Debt": {"2019-12-31": "126.19400", "2018-12-31": "31.33700", "2017-12-31": "75.08000", "2016-12-31": "36.30600", "2015-12-31": "251.78200", "2014-12-31": "66.66900", "2013-12-31": "-3.71300", "2012-12-31": "43.17800", "2011-12-31": "-2.20000", "2010-12-31": "-1.13500", "2009-12-31": "-0.75400", "2008-12-31": "-0.06700", "2007-12-31": ""}, "Net Current Debt": {"2019-12-31": "-217.90000", "2018-12-31": "161.90000", "2017-12-31": "-163.10000", "2016-12-31": "44.10000", "2015-12-31": "23.20000", "2014-12-31": "-37.89000", "2013-12-31": "", "2012-12-31": "", "2011-12-31": "", "2010-12-31": "", "2009-12-31": "", "2008-12-31": "-0.15100", "2007-12-31": ""}, "Debt Issuance/Retirement Net - Total": {"2019-12-31": "-91.70600", "2018-12-31": "193.23700", "2017-12-31": "-88.02000", "2016-12-31": "80.40600", "2015-12-31": "274.98200", "2014-12-31": "28.77900", "2013-12-31": "-3.71300", "2012-12-31": "43.17800", "2011-12-31": "-2.20000", "2010-12-31": "-1.13500", "2009-12-31": "-0.75400", "2008-12-31": "-0.21800", "2007-12-31": ""}, "Net Common Equity Issued/Repurchased": {"2019-12-31": "-4.91200", "2018-12-31": "-101.15200", "2017-12-31": "132.30100", "2016-12-31": "-10.53500", "2015-12-31": "-237.56700", "2014-12-31": "-2.34900", "2013-12-31": "1.92700", "2012-12-31": "-1.98000", "2011-12-31": "19.67500", "2010-12-31": "818.39500", "2009-12-31": "568.09800", "2008-12-31": "400.77900", "2007-12-31": ""}, "Net Total Equity Issued/Repurchased": {"2019-12-31": "-4.91200", "2018-12-31": "-101.15200", "2017-12-31": "132.30100", "2016-12-31": "-10.53500", "2015-12-31": "-237.56700", "2014-12-31": "-2.34900", "2013-12-31": "1.92700", "2012-12-31": "-1.98000", "2011-12-31": "19.67500", "2010-12-31": "818.39500", "2009-12-31": "568.09800", "2008-12-31": "400.77900", "2007-12-31": ""}, "Total Common And Preferred Stock Dividends Paid": {"2019-12-31": "-268.67200", "2018-12-31": "-275.89200", "2017-12-31": "-267.91700", "2016-12-31": "-229.05600", "2015-12-31": "-229.12700", "2014-12-31": "-233.41200", "2013-12-31": "-151.58600", "2012-12-31": "-291.09300", "2011-12-31": "-160.39900", "2010-12-31": "-118.12600", "2009-12-31": "-57.33000", "2008-12-31": "-13.01200", "2007-12-31": ""}, "Financial Activities - Other": {"2019-12-31": "-1.03100", "2018-12-31": "-7.00400", "2017-12-31": "-1.81300", "2016-12-31": "-3.01200", "2015-12-31": "-7.05500", "2014-12-31": "-4.90300", "2013-12-31": "-0.44500", "2012-12-31": "-0.72800", "2011-12-31": "-0.41000", "2010-12-31": "-0.59400", "2009-12-31": "-0.30000", "2008-12-31": "-0.37100", "2007-12-31": ""}, "Cash Flow From Financial Activities": {"2019-12-31": "-366.32100", "2018-12-31": "-190.81100", "2017-12-31": "-225.44900", "2016-12-31": "-162.19700", "2015-12-31": "-198.76700", "2014-12-31": "-211.88500", "2013-12-31": "-153.81700", "2012-12-31": "-250.62300", "2011-12-31": "-143.33400", "2010-12-31": "698.54000", "2009-12-31": "509.71400", "2008-12-31": "387.17800", "2007-12-31": ""}, "Net Cash Flow": {"2019-12-31": "1.02900", "2018-12-31": "3.84100", "2017-12-31": "0.36600", "2016-12-31": "6.77400", "2015-12-31": "", "2014-12-31": "-18.10200", "2013-12-31": "9.07500", "2012-12-31": "-21.70600", "2011-12-31": "-193.37500", "2010-12-31": "-48.80500", "2009-12-31": "197.72000", "2008-12-31": "75.17300", "2007-12-31": ""}, "Stock-Based Compensation": {"2019-12-31": "", "2018-12-31": "", "2017-12-31": "", "2016-12-31": "", "2015-12-31": "", "2014-12-31": "", "2013-12-31": "", "2012-12-31": "", "2011-12-31": "", "2010-12-31": "", "2009-12-31": "", "2008-12-31": "", "2007-12-31": ""}, "Common Stock Dividends Paid": {"2019-12-31": "-268.67200", "2018-12-31": "-275.89200", "2017-12-31": "-267.91700", "2016-12-31": "-229.05600", "2015-12-31": "-229.12700", "2014-12-31": "-233.41200", "2013-12-31": "-151.58600", "2012-12-31": "-291.09300", "2011-12-31": "-160.39900", "2010-12-31": "-118.12600", "2009-12-31": "-57.33000", "2008-12-31": "-13.01200", "2007-12-31": ""}}, "cash flow statement, quarterly": {"Net Income/Loss": {"2020-09-30": -40.948, "2020-06-30": -78.243, "2020-03-31": "-2.76900", "2019-12-31": 25.453, "2019-09-30": 46.223, "2019-06-30": 62.09, "2019-03-31": "38.15100", "2018-12-31": 34.152, "2018-09-30": 62.122, "2018-06-30": 67.63, "2018-03-31": "42.18200", "2017-12-31": -2.303, "2017-09-30": 62.824, "2017-06-30": 87.606, "2017-03-31": "34.36500", "2016-12-31": 41.554, "2016-09-30": 13.694, "2016-06-30": 54.718, "2016-03-31": "34.68600", "2015-12-31": -17.792, "2015-09-30": 46.968, "2015-06-30": 44.245, "2015-03-31": "43.86700", "2014-12-31": 22.334, "2014-09-30": 35.162, "2014-06-30": 43.799, "2014-03-31": "-94.46200", "2013-12-31": 56.616, "2013-09-30": 18.165, "2013-06-30": 23.535, "2013-03-31": "16.90600", "2012-12-31": 13.132, "2012-09-30": 17.927, "2012-06-30": 22.558, "2012-03-31": "21.85900", "2011-12-31": 13.881, "2011-09-30": 20.762, "2011-06-30": 20.396, "2011-03-31": "14.94900", "2010-12-31": 0.599, "2010-09-30": 6.559, "2010-06-30": 5.318, "2010-03-31": "3.78100", "2009-12-31": 5.486, "2009-09-30": 4.085, "2009-06-30": 5.733, "2009-03-31": "1.55000", "2008-12-31": 0.89, "2008-09-30": 0.988, "2008-06-30": 0.294, "2008-03-31": "-0.02000"}, "Total Depreciation And Amortization - Cash Flow": {"2020-09-30": 50.171, "2020-06-30": 49.897, "2020-03-31": "49.52200", "2019-12-31": 49.294, "2019-09-30": 47.887, "2019-06-30": 48.109, "2019-03-31": "47.95000", "2018-12-31": 46.73, "2018-09-30": 46.169, "2018-06-30": 45.743, "2018-03-31": "44.84000", "2017-12-31": 44.729, "2017-09-30": 44.11, "2017-06-30": 43.893, "2017-03-31": "43.76700", "2016-12-31": 43.512, "2016-09-30": 37.343, "2016-06-30": 33.824, "2016-03-31": "33.48400", "2015-12-31": 33.244, "2015-09-30": 32.351, "2015-06-30": 31.135, "2015-03-31": "30.71900", "2014-12-31": 31.704, "2014-09-30": 31.095, "2014-06-30": 30.754, "2014-03-31": "19.55900", "2013-12-31": 13.962, "2013-09-30": 13.732, "2013-06-30": 13.633, "2013-03-31": "13.50000", "2012-12-31": 13.146, "2012-09-30": 13.346, "2012-06-30": 13.381, "2012-03-31": "12.87500", "2011-12-31": 12.666, "2011-09-30": 12.55, "2011-06-30": 12.989, "2011-03-31": "11.96400", "2010-12-31": 10.341, "2010-09-30": 7.977, "2010-06-30": 7.01, "2010-03-31": "5.72500", "2009-12-31": 4.957, "2009-09-30": 4.603, "2009-06-30": 3.849, "2009-03-31": "2.73300", "2008-12-31": 2.02, "2008-09-30": 0.267, "2008-06-30": 0.026, "2008-03-31": ""}, "Other Non-Cash Items": {"2020-09-30": 1.253, "2020-06-30": 7.465, "2020-03-31": "-7.06600", "2019-12-31": -2.364, "2019-09-30": 6.744, "2019-06-30": 1.613, "2019-03-31": "-0.02700", "2018-12-31": 1.83, "2018-09-30": 1.997, "2018-06-30": 5.136, "2018-03-31": "1.99200", "2017-12-31": 39.436, "2017-09-30": 1.912, "2017-06-30": -14.372, "2017-03-31": "9.72400", "2016-12-31": 2.094, "2016-09-30": 7.044, "2016-06-30": 1.658, "2016-03-31": "1.57500", "2015-12-31": 46.089, "2015-09-30": 1.01, "2015-06-30": 1.74, "2015-03-31": "-13.11000", "2014-12-31": 2.372, "2014-09-30": 8.493, "2014-06-30": 1.017, "2014-03-31": "117.35600", "2013-12-31": -33.256, "2013-09-30": 0.049, "2013-06-30": 0.165, "2013-03-31": "0.05000", "2012-12-31": 0.304, "2012-09-30": 0, "2012-06-30": -0.443, "2012-03-31": "-1.53200", "2011-12-31": -1.533, "2011-09-30": -1.532, "2011-06-30": -1.547, "2011-03-31": "-1.54600", "2010-12-31": -1.547, "2010-09-30": -1.546, "2010-06-30": -1.546, "2010-03-31": "-1.46500", "2009-12-31": -1.575, "2009-09-30": -1.574, "2009-06-30": -1.469, "2009-03-31": "", "2008-12-31": 0, "2008-09-30": 0, "2008-06-30": 0, "2008-03-31": ""}, "Total Non-Cash Items": {"2020-09-30": 51.424, "2020-06-30": 57.362, "2020-03-31": "42.45600", "2019-12-31": 46.93, "2019-09-30": 54.631, "2019-06-30": 49.722, "2019-03-31": "47.92300", "2018-12-31": 48.56, "2018-09-30": 48.166, "2018-06-30": 50.879, "2018-03-31": "46.83200", "2017-12-31": 84.165, "2017-09-30": 46.022, "2017-06-30": 29.521, "2017-03-31": "53.49100", "2016-12-31": 45.606, "2016-09-30": 44.387, "2016-06-30": 35.482, "2016-03-31": "35.05900", "2015-12-31": 79.333, "2015-09-30": 33.361, "2015-06-30": 32.875, "2015-03-31": "17.60900", "2014-12-31": 34.076, "2014-09-30": 39.588, "2014-06-30": 31.771, "2014-03-31": "136.91500", "2013-12-31": -19.294, "2013-09-30": 13.781, "2013-06-30": 13.798, "2013-03-31": "13.55000", "2012-12-31": 13.45, "2012-09-30": 13.346, "2012-06-30": 12.938, "2012-03-31": "11.34300", "2011-12-31": 11.133, "2011-09-30": 11.018, "2011-06-30": 11.442, "2011-03-31": "10.41800", "2010-12-31": 8.794, "2010-09-30": 6.431, "2010-06-30": 5.464, "2010-03-31": "4.26000", "2009-12-31": 3.382, "2009-09-30": 3.029, "2009-06-30": 2.38, "2009-03-31": "2.73300", "2008-12-31": 2.02, "2008-09-30": 0.267, "2008-06-30": 0.026, "2008-03-31": ""}, "Change In Accounts Receivable": {"2020-09-30": -5.066, "2020-06-30": -2.857, "2020-03-31": "4.88600", "2019-12-31": 13.577, "2019-09-30": 11.741, "2019-06-30": -0.846, "2019-03-31": "-22.25100", "2018-12-31": 18.9, "2018-09-30": 13.669, "2018-06-30": -4.622, "2018-03-31": "-25.92000", "2017-12-31": 20.9, "2017-09-30": 5.323, "2017-06-30": 0.016, "2017-03-31": "-26.22200", "2016-12-31": 19.514, "2016-09-30": 6, "2016-06-30": -2.066, "2016-03-31": "-18.28400", "2015-12-31": 13.693, "2015-09-30": 3.42, "2015-06-30": -2.482, "2015-03-31": "-16.45800", "2014-12-31": 11.375, "2014-09-30": 6.413, "2014-06-30": -2.982, "2014-03-31": "-12.87500", "2013-12-31": 5.434, "2013-09-30": 2.752, "2013-06-30": -0.874, "2013-03-31": "-6.98200", "2012-12-31": 4.37, "2012-09-30": 2.594, "2012-06-30": 1.023, "2012-03-31": "-9.13300", "2011-12-31": 4.363, "2011-09-30": 2.349, "2011-06-30": -0.618, "2011-03-31": "-7.42000", "2010-12-31": -1.493, "2010-09-30": -0.151, "2010-06-30": -1.665, "2010-03-31": "-2.63500", "2009-12-31": 0.612, "2009-09-30": 0.765, "2009-06-30": -0.448, "2009-03-31": "-1.50300", "2008-12-31": -1.417, "2008-09-30": -0.263, "2008-06-30": 0, "2008-03-31": ""}, "Change In Inventories": {"2020-09-30": 0, "2020-06-30": 0, "2020-03-31": "", "2019-12-31": 0, "2019-09-30": 0, "2019-06-30": 0, "2019-03-31": "", "2018-12-31": 0, "2018-09-30": 0, "2018-06-30": 0, "2018-03-31": "", "2017-12-31": 0, "2017-09-30": 0, "2017-06-30": 0, "2017-03-31": "", "2016-12-31": 0, "2016-09-30": 0, "2016-06-30": 0, "2016-03-31": "", "2015-12-31": 0, "2015-09-30": 0, "2015-06-30": 0, "2015-03-31": "", "2014-12-31": 0, "2014-09-30": 0, "2014-06-30": 0, "2014-03-31": "", "2013-12-31": 0, "2013-09-30": 0, "2013-06-30": 0, "2013-03-31": "", "2012-12-31": 0, "2012-09-30": 0, "2012-06-30": 0, "2012-03-31": "", "2011-12-31": 0, "2011-09-30": 0, "2011-06-30": 0, "2011-03-31": "", "2010-12-31": 0, "2010-09-30": 0, "2010-06-30": 0, "2010-03-31": "", "2009-12-31": 0, "2009-09-30": 0, "2009-06-30": 0, "2009-03-31": "", "2008-12-31": 0, "2008-09-30": 0, "2008-06-30": 0, "2008-03-31": ""}, "Change In Accounts Payable": {"2020-09-30": 9.597, "2020-06-30": 3.654, "2020-03-31": "-11.67000", "2019-12-31": 0.63, "2019-09-30": 14.892, "2019-06-30": -1.136, "2019-03-31": "-5.23500", "2018-12-31": 2.988, "2018-09-30": 6.956, "2018-06-30": 0.836, "2018-03-31": "-7.74600", "2017-12-31": -1.928, "2017-09-30": 9.953, "2017-06-30": 3.917, "2017-03-31": "-34.81400", "2016-12-31": -3.713, "2016-09-30": 36.682, "2016-06-30": 0.404, "2016-03-31": "-1.77700", "2015-12-31": -3.332, "2015-09-30": 6.708, "2015-06-30": 6.212, "2015-03-31": "-6.53100", "2014-12-31": -2.314, "2014-09-30": 6.343, "2014-06-30": 4.047, "2014-03-31": "-5.51700", "2013-12-31": -4.224, "2013-09-30": 3.252, "2013-06-30": 1.465, "2013-03-31": "-0.80300", "2012-12-31": -2.531, "2012-09-30": 2.336, "2012-06-30": 1.433, "2012-03-31": "-3.09100", "2011-12-31": -0.846, "2011-09-30": 2.529, "2011-06-30": 0.605, "2011-03-31": "0.47100", "2010-12-31": -1.299, "2010-09-30": 2.455, "2010-06-30": 2.379, "2010-03-31": "-1.95000", "2009-12-31": -0.628, "2009-09-30": 1.026, "2009-06-30": 2.442, "2009-03-31": "-0.19000", "2008-12-31": 0.161, "2008-09-30": 0.031, "2008-06-30": 0.003, "2008-03-31": "0.00100"}, "Change In Assets/Liabilities": {"2020-09-30": -1.357, "2020-06-30": -0.709, "2020-03-31": "0.43900", "2019-12-31": 3.566, "2019-09-30": -0.041, "2019-06-30": -2.001, "2019-03-31": "-2.34500", "2018-12-31": 3.332, "2018-09-30": -0.401, "2018-06-30": -1.218, "2018-03-31": "-2.48500", "2017-12-31": 3.205, "2017-09-30": 0.972, "2017-06-30": -2.287, "2017-03-31": "9.34500", "2016-12-31": -9.761, "2016-09-30": 0.538, "2016-06-30": -2.672, "2016-03-31": "1.12000", "2015-12-31": 3.988, "2015-09-30": -2.112, "2015-06-30": -0.291, "2015-03-31": "-2.22900", "2014-12-31": 2.6, "2014-09-30": -1.363, "2014-06-30": -1.533, "2014-03-31": "-1.19000", "2013-12-31": 0.892, "2013-09-30": -0.089, "2013-06-30": -1.059, "2013-03-31": "0.62500", "2012-12-31": 0.615, "2012-09-30": -0.364, "2012-06-30": -0.463, "2012-03-31": "-0.37600", "2011-12-31": 1.076, "2011-09-30": -0.573, "2011-06-30": 0.658, "2011-03-31": "-0.54900", "2010-12-31": 1.244, "2010-09-30": -0.041, "2010-06-30": 0.201, "2010-03-31": "0.50700", "2009-12-31": 0.285, "2009-09-30": 0.003, "2009-06-30": -1.219, "2009-03-31": "-0.38600", "2008-12-31": 0.393, "2008-09-30": -0.057, "2008-06-30": 0, "2008-03-31": ""}, "Total Change In Assets/Liabilities": {"2020-09-30": 3.174, "2020-06-30": 0.088, "2020-03-31": "-6.34500", "2019-12-31": 17.773, "2019-09-30": 26.592, "2019-06-30": -3.983, "2019-03-31": "-29.83100", "2018-12-31": 25.22, "2018-09-30": 20.224, "2018-06-30": -5.004, "2018-03-31": "-36.15100", "2017-12-31": 22.177, "2017-09-30": 16.248, "2017-06-30": 1.646, "2017-03-31": "-51.69100", "2016-12-31": 6.04, "2016-09-30": 43.22, "2016-06-30": -4.334, "2016-03-31": "-18.94100", "2015-12-31": 14.349, "2015-09-30": 8.016, "2015-06-30": 3.439, "2015-03-31": "-25.21800", "2014-12-31": 11.661, "2014-09-30": 11.393, "2014-06-30": -0.468, "2014-03-31": "-19.58200", "2013-12-31": 2.102, "2013-09-30": 5.915, "2013-06-30": -0.468, "2013-03-31": "-7.16000", "2012-12-31": 2.454, "2012-09-30": 4.566, "2012-06-30": 1.993, "2012-03-31": "-12.60000", "2011-12-31": 4.593, "2011-09-30": 4.305, "2011-06-30": 0.645, "2011-03-31": "-7.49800", "2010-12-31": -1.548, "2010-09-30": 2.263, "2010-06-30": 0.915, "2010-03-31": "-4.07800", "2009-12-31": 0.269, "2009-09-30": 1.794, "2009-06-30": 0.775, "2009-03-31": "-2.07900", "2008-12-31": -0.863, "2008-09-30": -0.289, "2008-06-30": 0.003, "2008-03-31": "0.00100"}, "Cash Flow From Operating Activities": {"2020-09-30": 13.65, "2020-06-30": -20.793, "2020-03-31": "33.34200", "2019-12-31": 90.156, "2019-09-30": 127.446, "2019-06-30": 107.829, "2019-03-31": "56.24300", "2018-12-31": 107.932, "2018-09-30": 130.512, "2018-06-30": 113.505, "2018-03-31": "52.86300", "2017-12-31": 104.039, "2017-09-30": 125.094, "2017-06-30": 118.773, "2017-03-31": "36.16500", "2016-12-31": 93.2, "2016-09-30": 101.301, "2016-06-30": 85.866, "2016-03-31": "50.80400", "2015-12-31": 75.89, "2015-09-30": 88.345, "2015-06-30": 80.559, "2015-03-31": "36.25800", "2014-12-31": 68.071, "2014-09-30": 86.143, "2014-06-30": 75.102, "2014-03-31": "22.87100", "2013-12-31": 39.424, "2013-09-30": 37.861, "2013-06-30": 36.865, "2013-03-31": "23.29600", "2012-12-31": 29.036, "2012-09-30": 35.839, "2012-06-30": 37.489, "2012-03-31": "20.60200", "2011-12-31": 29.607, "2011-09-30": 36.085, "2011-06-30": 32.483, "2011-03-31": "17.86900", "2010-12-31": 7.845, "2010-09-30": 15.253, "2010-06-30": 11.697, "2010-03-31": "3.96300", "2009-12-31": 9.137, "2009-09-30": 8.908, "2009-06-30": 8.888, "2009-03-31": "2.20400", "2008-12-31": 2.047, "2008-09-30": 0.966, "2008-06-30": 0.323, "2008-03-31": "-0.01900"}, "Net Change In Property, Plant, And Equipment": {"2020-09-30": -6.084, "2020-06-30": -11.279, "2020-03-31": "17.36500", "2019-12-31": 2.908, "2019-09-30": -12.838, "2019-06-30": -17.661, "2019-03-31": "73.92000", "2018-12-31": -16.008, "2018-09-30": -3.79, "2018-06-30": -14.407, "2018-03-31": "-24.67200", "2017-12-31": 19.002, "2017-09-30": 15.87, "2017-06-30": -11.405, "2017-03-31": "-17.46100", "2016-12-31": -10.304, "2016-09-30": -11.187, "2016-06-30": -13.132, "2016-03-31": "-20.74500", "2015-12-31": -21.095, "2015-09-30": -8.847, "2015-06-30": -5.585, "2015-03-31": "186.88300", "2014-12-31": -18.181, "2014-09-30": -18.697, "2014-06-30": -12.056, "2014-03-31": "-9.47000", "2013-12-31": -11.237, "2013-09-30": -4.624, "2013-06-30": -3.955, "2013-03-31": "-2.99800", "2012-12-31": -2.065, "2012-09-30": -3.747, "2012-06-30": -4.975, "2012-03-31": "-5.17000", "2011-12-31": -2.651, "2011-09-30": -0.786, "2011-06-30": -3.034, "2011-03-31": "-7.99300", "2010-12-31": -5.589, "2010-09-30": -3.946, "2010-06-30": -4.384, "2010-03-31": "-5.25900", "2009-12-31": -7.078, "2009-09-30": -2.949, "2009-06-30": -2.208, "2009-03-31": "-0.33300", "2008-12-31": -0.094, "2008-09-30": 0, "2008-06-30": 0, "2008-03-31": ""}, "Net Change In Intangible Assets": {"2020-09-30": 0, "2020-06-30": 0, "2020-03-31": "", "2019-12-31": 0, "2019-09-30": 0, "2019-06-30": 0, "2019-03-31": "", "2018-12-31": 0, "2018-09-30": 0, "2018-06-30": 0, "2018-03-31": "", "2017-12-31": 0, "2017-09-30": 0, "2017-06-30": 0, "2017-03-31": "", "2016-12-31": 0, "2016-09-30": 0, "2016-06-30": 0, "2016-03-31": "", "2015-12-31": 0, "2015-09-30": 0, "2015-06-30": 0, "2015-03-31": "", "2014-12-31": 0, "2014-09-30": 0, "2014-06-30": 0, "2014-03-31": "", "2013-12-31": 0, "2013-09-30": 0, "2013-06-30": 0, "2013-03-31": "", "2012-12-31": 0, "2012-09-30": 0, "2012-06-30": 0, "2012-03-31": "", "2011-12-31": 0, "2011-09-30": 0, "2011-06-30": 0, "2011-03-31": "", "2010-12-31": 0, "2010-09-30": 0, "2010-06-30": 0, "2010-03-31": "", "2009-12-31": 0, "2009-09-30": 0, "2009-06-30": 0, "2009-03-31": "", "2008-12-31": 0, "2008-09-30": 0, "2008-06-30": 0, "2008-03-31": ""}, "Net Acquisitions/Divestitures": {"2020-09-30": -63.423, "2020-06-30": -24.679, "2020-03-31": "", "2019-12-31": -6.717, "2019-09-30": -0.408, "2019-06-30": -0.592, "2019-03-31": "-52.93600", "2018-12-31": -15.557, "2018-09-30": -0.2, "2018-06-30": -73.708, "2018-03-31": "-61.81800", "2017-12-31": -105.658, "2017-09-30": -40.473, "2017-06-30": 0, "2017-03-31": "-18.13100", "2016-12-31": 10.752, "2016-09-30": -117.081, "2016-06-30": -0.364, "2016-03-31": "-0.13900", "2015-12-31": -19.322, "2015-09-30": -171.02, "2015-06-30": -43.299, "2015-03-31": "", "2014-12-31": 0, "2014-09-30": 0, "2014-06-30": 0, "2014-03-31": "", "2013-12-31": 0, "2013-09-30": -0.005, "2013-06-30": -7.22, "2013-03-31": "", "2012-12-31": -0.002, "2012-09-30": -3.183, "2012-06-30": -14.832, "2012-03-31": "", "2011-12-31": -25.819, "2011-09-30": -0.03, "2011-06-30": -50.696, "2011-03-31": "-85.86000", "2010-12-31": -364.629, "2010-09-30": -163.417, "2010-06-30": -134.707, "2010-03-31": "-90.32700", "2009-12-31": -0.162, "2009-09-30": -103.936, "2009-06-30": -195.109, "2009-03-31": "-26.11600", "2008-12-31": -251.122, "2008-09-30": -63.896, "2008-06-30": -0.21, "2008-03-31": ""}, "Net Change In Short-term Investments": {"2020-09-30": 0, "2020-06-30": 0, "2020-03-31": "", "2019-12-31": 0, "2019-09-30": 0, "2019-06-30": 0, "2019-03-31": "", "2018-12-31": 0, "2018-09-30": 0, "2018-06-30": 0, "2018-03-31": "", "2017-12-31": 0, "2017-09-30": 0, "2017-06-30": 0, "2017-03-31": "", "2016-12-31": 0, "2016-09-30": 0, "2016-06-30": 0, "2016-03-31": "", "2015-12-31": 0, "2015-09-30": 0, "2015-06-30": 0, "2015-03-31": "", "2014-12-31": 0, "2014-09-30": 0, "2014-06-30": 0, "2014-03-31": "", "2013-12-31": 0, "2013-09-30": 0, "2013-06-30": 0, "2013-03-31": "", "2012-12-31": 0, "2012-09-30": 0, "2012-06-30": 0, "2012-03-31": "", "2011-12-31": 0, "2011-09-30": 0, "2011-06-30": 0, "2011-03-31": "", "2010-12-31": 0, "2010-09-30": 0, "2010-06-30": 0, "2010-03-31": "", "2009-12-31": 0, "2009-09-30": 0, "2009-06-30": 0, "2009-03-31": "", "2008-12-31": 0, "2008-09-30": 0, "2008-06-30": 0, "2008-03-31": ""}, "Net Change In Long-Term Investments": {"2020-09-30": 0, "2020-06-30": 0, "2020-03-31": "", "2019-12-31": 0, "2019-09-30": 0, "2019-06-30": 0, "2019-03-31": "", "2018-12-31": 0, "2018-09-30": 0, "2018-06-30": 0, "2018-03-31": "", "2017-12-31": 0, "2017-09-30": 0, "2017-06-30": 0, "2017-03-31": "", "2016-12-31": 0, "2016-09-30": 0, "2016-06-30": 0, "2016-03-31": "", "2015-12-31": 0, "2015-09-30": 0, "2015-06-30": 0, "2015-03-31": "", "2014-12-31": 0, "2014-09-30": 0, "2014-06-30": 0, "2014-03-31": "", "2013-12-31": 0, "2013-09-30": 0, "2013-06-30": 0, "2013-03-31": "", "2012-12-31": 0, "2012-09-30": 0, "2012-06-30": 0, "2012-03-31": "", "2011-12-31": 0, "2011-09-30": 0, "2011-06-30": 0, "2011-03-31": "", "2010-12-31": 0, "2010-09-30": 0, "2010-06-30": 0, "2010-03-31": "", "2009-12-31": 0, "2009-09-30": 0, "2009-06-30": 0, "2009-03-31": "", "2008-12-31": 0, "2008-09-30": 0, "2008-06-30": 0, "2008-03-31": ""}, "Net Change In Investments - Total": {"2020-09-30": 0, "2020-06-30": 0, "2020-03-31": "", "2019-12-31": 0, "2019-09-30": 0, "2019-06-30": 0, "2019-03-31": "", "2018-12-31": 0, "2018-09-30": 0, "2018-06-30": 0, "2018-03-31": "", "2017-12-31": 0, "2017-09-30": 0, "2017-06-30": 0, "2017-03-31": "", "2016-12-31": 0, "2016-09-30": 0, "2016-06-30": 0, "2016-03-31": "", "2015-12-31": 0, "2015-09-30": 0, "2015-06-30": 0, "2015-03-31": "", "2014-12-31": 0, "2014-09-30": 0, "2014-06-30": 0, "2014-03-31": "", "2013-12-31": 0, "2013-09-30": 0, "2013-06-30": 0, "2013-03-31": "", "2012-12-31": 0, "2012-09-30": 0, "2012-06-30": 0, "2012-03-31": "", "2011-12-31": 0, "2011-09-30": 0, "2011-06-30": 0, "2011-03-31": "", "2010-12-31": 0, "2010-09-30": 0, "2010-06-30": 0, "2010-03-31": "", "2009-12-31": 0, "2009-09-30": 0, "2009-06-30": 0, "2009-03-31": "", "2008-12-31": 0, "2008-09-30": 0, "2008-06-30": 0, "2008-03-31": ""}, "Investing Activities - Other": {"2020-09-30": 0, "2020-06-30": 0, "2020-03-31": "", "2019-12-31": 0, "2019-09-30": 0, "2019-06-30": 0, "2019-03-31": "", "2018-12-31": 0, "2018-09-30": 0, "2018-06-30": 0, "2018-03-31": "", "2017-12-31": 0, "2017-09-30": -28.531, "2017-06-30": 28.531, "2017-03-31": "", "2016-12-31": 0, "2016-09-30": 0, "2016-06-30": 0, "2016-03-31": "", "2015-12-31": 0, "2015-09-30": 0, "2015-06-30": 0, "2015-03-31": "", "2014-12-31": 0, "2014-09-30": 0, "2014-06-30": 0, "2014-03-31": "", "2013-12-31": 51.113, "2013-09-30": 1.575, "2013-06-30": 1.222, "2013-03-31": "1.57500", "2012-12-31": 1.575, "2012-09-30": 2.094, "2012-06-30": 136.256, "2012-03-31": "", "2011-12-31": 10.784, "2011-09-30": 0, "2011-06-30": 0, "2011-03-31": "", "2010-12-31": -8.406, "2010-09-30": -5.439, "2010-06-30": 0, "2010-03-31": "", "2009-12-31": 0, "2009-09-30": 0, "2009-06-30": 0, "2009-03-31": "-3.24000", "2008-12-31": 0, "2008-09-30": 0, "2008-06-30": 0, "2008-03-31": ""}, "Cash Flow From Investing Activities": {"2020-09-30": -69.507, "2020-06-30": -35.958, "2020-03-31": "17.36500", "2019-12-31": -3.809, "2019-09-30": -13.246, "2019-06-30": -18.253, "2019-03-31": "20.98400", "2018-12-31": -31.565, "2018-09-30": -3.99, "2018-06-30": -88.115, "2018-03-31": "-86.49000", "2017-12-31": -86.656, "2017-09-30": -53.134, "2017-06-30": 17.126, "2017-03-31": "-35.59200", "2016-12-31": 0.448, "2016-09-30": -128.268, "2016-06-30": -13.496, "2016-03-31": "-20.88400", "2015-12-31": -40.417, "2015-09-30": -179.867, "2015-06-30": -48.884, "2015-03-31": "186.88300", "2014-12-31": -18.181, "2014-09-30": -18.697, "2014-06-30": -12.056, "2014-03-31": "-9.47000", "2013-12-31": 39.876, "2013-09-30": -3.054, "2013-06-30": -9.953, "2013-03-31": "-1.42300", "2012-12-31": -0.492, "2012-09-30": -4.836, "2012-06-30": 116.449, "2012-03-31": "-5.17000", "2011-12-31": -17.686, "2011-09-30": -0.816, "2011-06-30": -53.73, "2011-03-31": "-93.85300", "2010-12-31": -378.624, "2010-09-30": -172.802, "2010-06-30": -139.091, "2010-03-31": "-95.58600", "2009-12-31": -7.24, "2009-09-30": -106.885, "2009-06-30": -197.317, "2009-03-31": "-29.68900", "2008-12-31": -251.216, "2008-09-30": -63.896, "2008-06-30": -0.21, "2008-03-31": ""}, "Net Long-Term Debt": {"2020-09-30": -52.353, "2020-06-30": -2.696, "2020-03-31": "95.04600", "2019-12-31": 156.662, "2019-09-30": -78.262, "2019-06-30": -23.791, "2019-03-31": "71.58500", "2018-12-31": -3.336, "2018-09-30": -3.259, "2018-06-30": -3.135, "2018-03-31": "41.06700", "2017-12-31": 27.299, "2017-09-30": 82.371, "2017-06-30": -2.641, "2017-03-31": "-31.94900", "2016-12-31": 20.129, "2016-09-30": 29.058, "2016-06-30": 20.959, "2016-03-31": "-33.84000", "2015-12-31": -21.671, "2015-09-30": 187.31, "2015-06-30": 96.042, "2015-03-31": "-9.89900", "2014-12-31": 96.958, "2014-09-30": -4.023, "2014-06-30": -24.425, "2014-03-31": "-1.84100", "2013-12-31": -0.954, "2013-09-30": -0.917, "2013-06-30": -0.904, "2013-03-31": "-0.93800", "2012-12-31": -2.613, "2012-09-30": 17.053, "2012-06-30": 29.373, "2012-03-31": "-0.63500", "2011-12-31": -0.626, "2011-09-30": -0.599, "2011-06-30": -0.505, "2011-03-31": "-0.47000", "2010-12-31": -0.398, "2010-09-30": -0.271, "2010-06-30": -0.226, "2010-03-31": "-0.24000", "2009-12-31": -0.228, "2009-09-30": -0.215, "2009-06-30": -0.188, "2009-03-31": "-0.12300", "2008-12-31": -0.067, "2008-09-30": 0, "2008-06-30": 0, "2008-03-31": ""}, "Net Current Debt": {"2020-09-30": -20, "2020-06-30": -225.3, "2020-03-31": "374.10000", "2019-12-31": -175.6, "2019-09-30": 33.8, "2019-06-30": 2.3, "2019-03-31": "-78.40000", "2018-12-31": 95.4, "2018-09-30": -45, "2018-06-30": 47.7, "2018-03-31": "63.80000", "2017-12-31": -109.8, "2017-09-30": -84.6, "2017-06-30": -65.3, "2017-03-31": "96.60000", "2016-12-31": -32.1, "2016-09-30": 35.4, "2016-06-30": -16.3, "2016-03-31": "57.10000", "2015-12-31": 39.3, "2015-09-30": -21.8, "2015-06-30": 97.3, "2015-03-31": "-91.60000", "2014-12-31": -83.4, "2014-09-30": -1.8, "2014-06-30": 26.3, "2014-03-31": "21.01000", "2013-12-31": -22, "2013-09-30": 4.2, "2013-06-30": 11.1, "2013-03-31": "6.70000", "2012-12-31": 0, "2012-09-30": 0, "2012-06-30": -13.429, "2012-03-31": "13.42900", "2011-12-31": 0, "2011-09-30": 0, "2011-06-30": 0, "2011-03-31": "", "2010-12-31": 0, "2010-09-30": 0, "2010-06-30": 0, "2010-03-31": "", "2009-12-31": 0, "2009-09-30": 0, "2009-06-30": 0, "2009-03-31": "", "2008-12-31": 0, "2008-09-30": 0, "2008-06-30": -0.201, "2008-03-31": "0.05000"}, "Debt Issuance/Retirement Net - Total": {"2020-09-30": -72.353, "2020-06-30": -227.996, "2020-03-31": "469.14600", "2019-12-31": -18.938, "2019-09-30": -44.462, "2019-06-30": -21.491, "2019-03-31": "-6.81500", "2018-12-31": 92.064, "2018-09-30": -48.259, "2018-06-30": 44.565, "2018-03-31": "104.86700", "2017-12-31": -82.501, "2017-09-30": -2.229, "2017-06-30": -67.941, "2017-03-31": "64.65100", "2016-12-31": -11.971, "2016-09-30": 64.458, "2016-06-30": 4.659, "2016-03-31": "23.26000", "2015-12-31": 17.629, "2015-09-30": 165.51, "2015-06-30": 193.342, "2015-03-31": "-101.49900", "2014-12-31": 13.558, "2014-09-30": -5.823, "2014-06-30": 1.875, "2014-03-31": "19.16900", "2013-12-31": -22.954, "2013-09-30": 3.283, "2013-06-30": 10.196, "2013-03-31": "5.76200", "2012-12-31": -2.613, "2012-09-30": 17.053, "2012-06-30": 15.944, "2012-03-31": "12.79400", "2011-12-31": -0.626, "2011-09-30": -0.599, "2011-06-30": -0.505, "2011-03-31": "-0.47000", "2010-12-31": -0.398, "2010-09-30": -0.271, "2010-06-30": -0.226, "2010-03-31": "-0.24000", "2009-12-31": -0.228, "2009-09-30": -0.215, "2009-06-30": -0.188, "2009-03-31": "-0.12300", "2008-12-31": -0.067, "2008-09-30": 0, "2008-06-30": -0.201, "2008-03-31": "0.05000"}, "Net Common Equity Issued/Repurchased": {"2020-09-30": 0, "2020-06-30": 0, "2020-03-31": "-16.08400", "2019-12-31": -0.086, "2019-09-30": -0.239, "2019-06-30": 0, "2019-03-31": "-4.58700", "2018-12-31": -100.649, "2018-09-30": -0.876, "2018-06-30": 0.822, "2018-03-31": "-0.44900", "2017-12-31": 132.733, "2017-09-30": 0, "2017-06-30": 0, "2017-03-31": "-0.43200", "2016-12-31": -9.715, "2016-09-30": 0, "2016-06-30": 0, "2016-03-31": "-0.82000", "2015-12-31": -0.849, "2015-09-30": -21.296, "2015-06-30": -204.595, "2015-03-31": "-10.82700", "2014-12-31": 0, "2014-09-30": 0, "2014-06-30": -2.349, "2014-03-31": "", "2013-12-31": -19.851, "2013-09-30": 19.841, "2013-06-30": 0.755, "2013-03-31": "1.18200", "2012-12-31": 1.769, "2012-09-30": 2.031, "2012-06-30": 10.221, "2012-03-31": "-16.00100", "2011-12-31": -1.806, "2011-09-30": -0.759, "2011-06-30": 12.302, "2011-03-31": "9.93800", "2010-12-31": 221.191, "2010-09-30": 242.797, "2010-06-30": 192.814, "2010-03-31": "161.59300", "2009-12-31": 175.38, "2009-09-30": 140.517, "2009-06-30": 134.066, "2009-03-31": "118.13500", "2008-12-31": 136.101, "2008-09-30": 101.169, "2008-06-30": 163.55, "2008-03-31": "-0.04100"}, "Net Total Equity Issued/Repurchased": {"2020-09-30": 0, "2020-06-30": 0, "2020-03-31": "-16.08400", "2019-12-31": -0.086, "2019-09-30": -0.239, "2019-06-30": 0, "2019-03-31": "-4.58700", "2018-12-31": -100.649, "2018-09-30": -0.876, "2018-06-30": 0.822, "2018-03-31": "-0.44900", "2017-12-31": 132.733, "2017-09-30": 0, "2017-06-30": 0, "2017-03-31": "-0.43200", "2016-12-31": -9.715, "2016-09-30": 0, "2016-06-30": 0, "2016-03-31": "-0.82000", "2015-12-31": -0.849, "2015-09-30": -21.296, "2015-06-30": -204.595, "2015-03-31": "-10.82700", "2014-12-31": 0, "2014-09-30": 0, "2014-06-30": -2.349, "2014-03-31": "", "2013-12-31": -19.851, "2013-09-30": 19.841, "2013-06-30": 0.755, "2013-03-31": "1.18200", "2012-12-31": 1.769, "2012-09-30": 2.031, "2012-06-30": 10.221, "2012-03-31": "-16.00100", "2011-12-31": -1.806, "2011-09-30": -0.759, "2011-06-30": 12.302, "2011-03-31": "9.93800", "2010-12-31": 221.191, "2010-09-30": 242.797, "2010-06-30": 192.814, "2010-03-31": "161.59300", "2009-12-31": 175.38, "2009-09-30": 140.517, "2009-06-30": 134.066, "2009-03-31": "118.13500", "2008-12-31": 136.101, "2008-09-30": 101.169, "2008-06-30": 163.55, "2008-03-31": "-0.04100"}, "Total Common And Preferred Stock Dividends Paid": {"2020-09-30": 0, "2020-06-30": 0, "2020-03-31": "-67.32400", "2019-12-31": -67.175, "2019-09-30": -67.154, "2019-06-30": -67.155, "2019-03-31": "-67.18800", "2018-12-31": -68.627, "2018-09-30": -68.185, "2018-06-30": -69.936, "2018-03-31": "-69.14400", "2017-12-31": -67.201, "2017-09-30": -66.905, "2017-06-30": -66.903, "2017-03-31": "-66.90800", "2016-12-31": -67.116, "2016-09-30": -57.227, "2016-06-30": -52.353, "2016-03-31": "-52.36000", "2015-12-31": -52.313, "2015-09-30": -52.576, "2015-06-30": -60.821, "2015-03-31": "-63.41700", "2014-12-31": -63.55, "2014-09-30": -62.303, "2014-06-30": -61.693, "2014-03-31": "-45.86600", "2013-12-31": -37.94, "2013-09-30": -37.939, "2013-06-30": -37.863, "2013-03-31": "-37.84400", "2012-12-31": -37.816, "2012-09-30": -37.778, "2012-06-30": -175.395, "2012-03-31": "-40.10400", "2011-12-31": -40.158, "2011-09-30": -40.197, "2011-06-30": -40.13, "2011-03-31": "-39.91400", "2010-12-31": -37.163, "2010-09-30": -31.388, "2010-06-30": -26.759, "2010-03-31": "-22.81600", "2009-12-31": -19.07, "2009-09-30": -15.746, "2009-06-30": -12.625, "2009-03-31": "-9.88900", "2008-12-31": -7.331, "2008-09-30": -4.788, "2008-06-30": -0.893, "2008-03-31": ""}, "Financial Activities - Other": {"2020-09-30": -0.345, "2020-06-30": -1.674, "2020-03-31": "-0.51100", "2019-12-31": -0.774, "2019-09-30": -0.257, "2019-06-30": 0, "2019-03-31": "", "2018-12-31": -0.011, "2018-09-30": -6.993, "2018-06-30": 0, "2018-03-31": "", "2017-12-31": -0.922, "2017-09-30": -0.771, "2017-06-30": -0.12, "2017-03-31": "", "2016-12-31": 1.928, "2016-09-30": -1.878, "2016-06-30": -3.062, "2016-03-31": "", "2015-12-31": -0.045, "2015-09-30": -0.011, "2015-06-30": -6.506, "2015-03-31": "-0.49300", "2014-12-31": 0.102, "2014-09-30": -0.125, "2014-06-30": -0.074, "2014-03-31": "-4.80600", "2013-12-31": 19.547, "2013-09-30": -19.992, "2013-06-30": 0, "2013-03-31": "", "2012-12-31": -0.37, "2012-09-30": -0.184, "2012-06-30": -0.164, "2012-03-31": "-0.01000", "2011-12-31": 0, "2011-09-30": -0.003, "2011-06-30": -0.309, "2011-03-31": "-0.09800", "2010-12-31": -0.216, "2010-09-30": -0.377, "2010-06-30": -0.001, "2010-03-31": "", "2009-12-31": 0, "2009-09-30": 0, "2009-06-30": -0.236, "2009-03-31": "-0.06400", "2008-12-31": -0.371, "2008-09-30": 0, "2008-06-30": 0, "2008-03-31": ""}, "Cash Flow From Financial Activities": {"2020-09-30": -72.698, "2020-06-30": -229.67, "2020-03-31": "385.22700", "2019-12-31": -86.973, "2019-09-30": -112.112, "2019-06-30": -88.646, "2019-03-31": "-78.59000", "2018-12-31": -77.223, "2018-09-30": -124.313, "2018-06-30": -24.549, "2018-03-31": "35.27400", "2017-12-31": -17.891, "2017-09-30": -69.905, "2017-06-30": -134.964, "2017-03-31": "-2.68900", "2016-12-31": -86.874, "2016-09-30": 5.353, "2016-06-30": -50.756, "2016-03-31": "-29.92000", "2015-12-31": -35.578, "2015-09-30": 91.627, "2015-06-30": -78.58, "2015-03-31": "-176.23600", "2014-12-31": -49.89, "2014-09-30": -68.251, "2014-06-30": -62.241, "2014-03-31": "-31.50300", "2013-12-31": -61.198, "2013-09-30": -34.807, "2013-06-30": -26.912, "2013-03-31": "-30.90000", "2012-12-31": -39.03, "2012-09-30": -18.878, "2012-06-30": -149.394, "2012-03-31": "-43.32100", "2011-12-31": -42.59, "2011-09-30": -41.558, "2011-06-30": -28.642, "2011-03-31": "-30.54400", "2010-12-31": 183.414, "2010-09-30": 210.761, "2010-06-30": 165.828, "2010-03-31": "138.53700", "2009-12-31": 156.082, "2009-09-30": 124.556, "2009-06-30": 121.017, "2009-03-31": "108.05900", "2008-12-31": 128.332, "2008-09-30": 96.381, "2008-06-30": 162.456, "2008-03-31": "0.00900"}, "Net Cash Flow": {"2020-09-30": -128.555, "2020-06-30": -286.421, "2020-03-31": "435.93400", "2019-12-31": -0.626, "2019-09-30": 2.088, "2019-06-30": 0.93, "2019-03-31": "-1.36300", "2018-12-31": -0.856, "2018-09-30": 2.209, "2018-06-30": 0.841, "2018-03-31": "1.64700", "2017-12-31": -0.508, "2017-09-30": 2.055, "2017-06-30": 0.935, "2017-03-31": "-2.11600", "2016-12-31": 6.774, "2016-09-30": -21.614, "2016-06-30": 21.614, "2016-03-31": "", "2015-12-31": -0.105, "2015-09-30": 0.105, "2015-06-30": -46.905, "2015-03-31": "46.90500", "2014-12-31": 0, "2014-09-30": -0.805, "2014-06-30": 0.805, "2014-03-31": "-18.10200", "2013-12-31": 18.102, "2013-09-30": 0, "2013-06-30": 0, "2013-03-31": "-9.02700", "2012-12-31": -10.486, "2012-09-30": 12.125, "2012-06-30": 4.544, "2012-03-31": "-27.88900", "2011-12-31": -30.669, "2011-09-30": -6.289, "2011-06-30": -49.889, "2011-03-31": "-106.52800", "2010-12-31": -187.365, "2010-09-30": 53.212, "2010-06-30": 38.434, "2010-03-31": "46.91400", "2009-12-31": 157.979, "2009-09-30": 26.579, "2009-06-30": -67.412, "2009-03-31": "80.57400", "2008-12-31": -120.837, "2008-09-30": 33.451, "2008-06-30": 162.569, "2008-03-31": "-0.01000"}, "Stock-Based Compensation": {"2020-09-30": 0, "2020-06-30": 0, "2020-03-31": "", "2019-12-31": 0, "2019-09-30": 0, "2019-06-30": 0, "2019-03-31": "", "2018-12-31": 0, "2018-09-30": 0, "2018-06-30": 0, "2018-03-31": "", "2017-12-31": 0, "2017-09-30": 0, "2017-06-30": 0, "2017-03-31": "", "2016-12-31": 0, "2016-09-30": 0, "2016-06-30": 0, "2016-03-31": "", "2015-12-31": 0, "2015-09-30": 0, "2015-06-30": 0, "2015-03-31": "", "2014-12-31": 0, "2014-09-30": 0, "2014-06-30": 0, "2014-03-31": "", "2013-12-31": 0, "2013-09-30": 0, "2013-06-30": 0, "2013-03-31": "", "2012-12-31": 0, "2012-09-30": 0, "2012-06-30": 0, "2012-03-31": "", "2011-12-31": 0, "2011-09-30": 0, "2011-06-30": 0, "2011-03-31": "", "2010-12-31": 0, "2010-09-30": 0, "2010-06-30": 0, "2010-03-31": "", "2009-12-31": 0, "2009-09-30": 0, "2009-06-30": 0, "2009-03-31": "", "2008-12-31": 0, "2008-09-30": 0, "2008-06-30": 0, "2008-03-31": ""}, "Common Stock Dividends Paid": {"2020-09-30": 0, "2020-06-30": 0, "2020-03-31": "-67.32400", "2019-12-31": -67.175, "2019-09-30": -67.154, "2019-06-30": -67.155, "2019-03-31": "-67.18800", "2018-12-31": -68.627, "2018-09-30": -68.185, "2018-06-30": -69.936, "2018-03-31": "-69.14400", "2017-12-31": -67.201, "2017-09-30": -66.905, "2017-06-30": -66.903, "2017-03-31": "-66.90800", "2016-12-31": -67.116, "2016-09-30": -57.227, "2016-06-30": -52.353, "2016-03-31": "-52.36000", "2015-12-31": -52.313, "2015-09-30": -52.576, "2015-06-30": -60.821, "2015-03-31": "-63.41700", "2014-12-31": -63.55, "2014-09-30": -62.303, "2014-06-30": -61.693, "2014-03-31": "-45.86600", "2013-12-31": -37.94, "2013-09-30": -37.939, "2013-06-30": -37.863, "2013-03-31": "-37.84400", "2012-12-31": -37.816, "2012-09-30": -37.778, "2012-06-30": -175.395, "2012-03-31": "-40.10400", "2011-12-31": -40.158, "2011-09-30": -40.197, "2011-06-30": -40.13, "2011-03-31": "-39.91400", "2010-12-31": -37.163, "2010-09-30": -31.388, "2010-06-30": -26.759, "2010-03-31": "-22.81600", "2009-12-31": -19.07, "2009-09-30": -15.746, "2009-06-30": -12.625, "2009-03-31": "-9.88900", "2008-12-31": -7.331, "2008-09-30": -4.788, "2008-06-30": -0.893, "2008-03-31": ""}}, "financial ratios": {"Current Ratio": {"2019-12-31": "", "2018-12-31": "", "2017-12-31": "", "2016-12-31": "", "2015-12-31": "", "2014-12-31": "", "2013-12-31": "", "2012-12-31": "", "2011-12-31": "", "2010-12-31": "", "2009-12-31": "", "2008-12-31": "", "2007-12-31": ""}, "Long-term Debt / Capital": {"2019-12-31": "0.31840", "2018-12-31": "0.29290", "2017-12-31": "0.25500", "2016-12-31": "0.12380", "2015-12-31": "0.14860", "2014-12-31": "0.14610", "2013-12-31": "0.11030", "2012-12-31": "", "2011-12-31": "", "2010-12-31": "", "2009-12-31": "", "2008-12-31": "", "2007-12-31": ""}, "Debt/Equity Ratio": {"2019-12-31": "0.46700", "2018-12-31": "0.41430", "2017-12-31": "0.34220", "2016-12-31": "0.38040", "2015-12-31": "0.37710", "2014-12-31": "0.23440", "2013-12-31": "0.12390", "2012-12-31": "0.12390", "2011-12-31": "0.07940", "2010-12-31": "0.06100", "2009-12-31": "0.06400", "2008-12-31": "0.09920", "2007-12-31": ""}, "Gross Margin": {"2019-12-31": "", "2018-12-31": "", "2017-12-31": "", "2016-12-31": "", "2015-12-31": "", "2014-12-31": "", "2013-12-31": "", "2012-12-31": "", "2011-12-31": "", "2010-12-31": "", "2009-12-31": "", "2008-12-31": "", "2007-12-31": ""}, "Operating Margin": {"2019-12-31": "18.45790", "2018-12-31": "20.29490", "2017-12-31": "18.62410", "2016-12-31": "17.78140", "2015-12-31": "15.14300", "2014-12-31": "4.02100", "2013-12-31": "21.32630", "2012-12-31": "20.95130", "2011-12-31": "17.34570", "2010-12-31": "-1.04410", "2009-12-31": "4.49620", "2008-12-31": "-1.68340", "2007-12-31": ""}, "EBIT Margin": {"2019-12-31": "18.45790", "2018-12-31": "20.29490", "2017-12-31": "18.62410", "2016-12-31": "17.78140", "2015-12-31": "15.14300", "2014-12-31": "4.02100", "2013-12-31": "21.32630", "2012-12-31": "20.95130", "2011-12-31": "17.34570", "2010-12-31": "-1.04410", "2009-12-31": "4.49620", "2008-12-31": "-1.68340", "2007-12-31": ""}, "EBITDA Margin": {"2019-12-31": "33.71450", "2018-12-31": "34.73600", "2017-12-31": "32.87370", "2016-12-31": "32.01380", "2015-12-31": "29.33060", "2014-12-31": "18.09150", "2013-12-31": "35.45730", "2012-12-31": "35.37970", "2011-12-31": "32.99910", "2010-12-31": "18.34760", "2009-12-31": "23.44090", "2008-12-31": "18.38770", "2007-12-31": ""}, "Pre-Tax Profit Margin": {"2019-12-31": "13.62680", "2018-12-31": "16.26640", "2017-12-31": "14.80190", "2016-12-31": "13.93660", "2015-12-31": "13.15640", "2014-12-31": "1.09490", "2013-12-31": "21.47940", "2012-12-31": "19.10630", "2011-12-31": "15.98190", "2010-12-31": "-1.62550", "2009-12-31": "3.30140", "2008-12-31": "18.67410", "2007-12-31": ""}, "Net Profit Margin": {"2019-12-31": "13.57310", "2018-12-31": "16.22020", "2017-12-31": "14.73350", "2016-12-31": "13.89520", "2015-12-31": "13.05650", "2014-12-31": "0.85000", "2013-12-31": "29.69710", "2012-12-31": "20.64520", "2011-12-31": "21.83710", "2010-12-31": "10.15210", "2009-12-31": "19.78030", "2008-12-31": "18.67410", "2007-12-31": ""}, "Asset Turnover": {"2019-12-31": "0.25630", "2018-12-31": "0.25780", "2017-12-31": "0.25270", "2016-12-31": "0.20900", "2015-12-31": "0.24130", "2014-12-31": "0.21290", "2013-12-31": "0.26020", "2012-12-31": "0.23960", "2011-12-31": "0.18840", "2010-12-31": "0.09170", "2009-12-31": "0.08670", "2008-12-31": "0.02670", "2007-12-31": ""}, "Inventory Turnover Ratio": {"2019-12-31": "", "2018-12-31": "", "2017-12-31": "", "2016-12-31": "", "2015-12-31": "", "2014-12-31": "", "2013-12-31": "", "2012-12-31": "", "2011-12-31": "", "2010-12-31": "", "2009-12-31": "", "2008-12-31": "", "2007-12-31": ""}, "Receiveable Turnover": {"2019-12-31": "", "2018-12-31": "", "2017-12-31": "", "2016-12-31": "", "2015-12-31": "", "2014-12-31": "", "2013-12-31": "", "2012-12-31": "", "2011-12-31": "", "2010-12-31": "", "2009-12-31": "", "2008-12-31": "", "2007-12-31": ""}, "Days Sales In Receivables": {"2019-12-31": "", "2018-12-31": "", "2017-12-31": "", "2016-12-31": "", "2015-12-31": "", "2014-12-31": "", "2013-12-31": "", "2012-12-31": "", "2011-12-31": "", "2010-12-31": "", "2009-12-31": "", "2008-12-31": "", "2007-12-31": ""}, "ROE - Return On Equity": {"2019-12-31": "5.22380", "2018-12-31": "6.04530", "2017-12-31": "5.11030", "2016-12-31": "4.11290", "2015-12-31": "4.43090", "2014-12-31": "0.22670", "2013-12-31": "6.24470", "2012-12-31": "5.10250", "2011-12-31": "3.20770", "2010-12-31": "-0.15930", "2009-12-31": "0.30660", "2008-12-31": "0.55220", "2007-12-31": ""}, "Return On Tangible Equity": {"2019-12-31": "5.22380", "2018-12-31": "6.04530", "2017-12-31": "5.11030", "2016-12-31": "4.11290", "2015-12-31": "4.43090", "2014-12-31": "0.22670", "2013-12-31": "6.24450", "2012-12-31": "5.10230", "2011-12-31": "3.20760", "2010-12-31": "-0.15930", "2009-12-31": "0.30660", "2008-12-31": "0.55220", "2007-12-31": ""}, "ROA - Return On Assets": {"2019-12-31": "3.47840", "2018-12-31": "4.18140", "2017-12-31": "3.72260", "2016-12-31": "2.90470", "2015-12-31": "3.15060", "2014-12-31": "0.18090", "2013-12-31": "5.49300", "2012-12-31": "4.50090", "2011-12-31": "2.94860", "2010-12-31": "-0.14910", "2009-12-31": "0.28630", "2008-12-31": "0.49860", "2007-12-31": ""}, "ROI - Return On Investment": {"2019-12-31": "3.56080", "2018-12-31": "4.27450", "2017-12-31": "3.80720", "2016-12-31": "3.60360", "2015-12-31": "3.77260", "2014-12-31": "0.19350", "2013-12-31": "5.55600", "2012-12-31": "5.10230", "2011-12-31": "3.20760", "2010-12-31": "-0.15930", "2009-12-31": "0.30660", "2008-12-31": "0.55220", "2007-12-31": ""}, "Book Value Per Share": {"2019-12-31": "14.70110", "2018-12-31": "15.21900", "2017-12-31": "15.52900", "2016-12-31": "15.77600", "2015-12-31": "15.18090", "2014-12-31": "16.12880", "2013-12-31": "7.17680", "2012-12-31": "7.37130", "2011-12-31": "8.54960", "2010-12-31": "9.01420", "2009-12-31": "9.31280", "2008-12-31": "9.50260", "2007-12-31": ""}, "Operating Cash Flow Per Share": {"2019-12-31": -0.0581, "2018-12-31": 0.0445, "2017-12-31": -0.017, "2016-12-31": 0.1761, "2015-12-31": 0.0885, "2014-12-31": -0.0347, "2013-12-31": 0.8305, "2012-12-31": 0.0386, "2011-12-31": 0.3508, "2010-12-31": -0.1558, "2009-12-31": 0.232, "2008-12-31": 0.2092, "2007-12-31": 0}, "Free Cash Flow Per Share": {"2019-12-31": 0.4052, "2018-12-31": -0.2388, "2017-12-31": 0.3, "2016-12-31": -0.9537, "2015-12-31": 1.2688, "2014-12-31": -0.1254, "2013-12-31": 0.6682, "2012-12-31": 0.0303, "2011-12-31": 0.4127, "2010-12-31": -0.1067, "2009-12-31": 0.0476, "2008-12-31": 0.2033, "2007-12-31": 0}}, "financial ratios, quarterly": {"Current Ratio": {"2020-09-30": "", "2020-06-30": "", "2020-03-31": "", "2019-12-31": "", "2019-09-30": "", "2019-06-30": "", "2019-03-31": "", "2018-12-31": "", "2018-09-30": "", "2018-06-30": "", "2018-03-31": "", "2017-12-31": "", "2017-09-30": "", "2017-06-30": "", "2017-03-31": "", "2016-12-31": "", "2016-09-30": "", "2016-06-30": "", "2016-03-31": "", "2015-12-31": "", "2015-09-30": "", "2015-06-30": "", "2015-03-31": "", "2014-12-31": "", "2014-09-30": "", "2014-06-30": "", "2014-03-31": "", "2013-12-31": "", "2013-09-30": "", "2013-06-30": "", "2013-03-31": "", "2012-12-31": "", "2012-09-30": "", "2012-06-30": "", "2012-03-31": "", "2011-12-31": "", "2011-09-30": "", "2011-06-30": "", "2011-03-31": "", "2010-12-31": "", "2010-09-30": "", "2010-06-30": "", "2010-03-31": "", "2009-12-31": "", "2009-09-30": "", "2009-06-30": "", "2009-03-31": "", "2008-12-31": "", "2008-09-30": "", "2008-06-30": "", "2008-03-31": ""}, "Long-term Debt / Capital": {"2020-09-30": "0.35980", "2020-06-30": "0.36650", "2020-03-31": "0.38580", "2019-12-31": "0.31840", "2019-09-30": "0.31860", "2019-06-30": "0.04650", "2019-03-31": "0.31780", "2018-12-31": "0.29290", "2018-09-30": "", "2018-06-30": "0.12260", "2018-03-31": "0.12330", "2017-12-31": "0.25500", "2017-09-30": "0.10990", "2017-06-30": "0.11050", "2017-03-31": "0.11760", "2016-12-31": "0.12380", "2016-09-30": "0.11870", "2016-06-30": "0.13120", "2016-03-31": "0.13990", "2015-12-31": "0.14860", "2015-09-30": "0.14590", "2015-06-30": "0.15130", "2015-03-31": "0.14520", "2014-12-31": "0.14610", "2014-09-30": "0.14580", "2014-06-30": "0.14610", "2014-03-31": "0.15130", "2013-12-31": "0.11030", "2013-09-30": "", "2013-06-30": "", "2013-03-31": "", "2012-12-31": "", "2012-09-30": "", "2012-06-30": "", "2012-03-31": "", "2011-12-31": "", "2011-09-30": "", "2011-06-30": "", "2011-03-31": "", "2010-12-31": "", "2010-09-30": "", "2010-06-30": "", "2010-03-31": "", "2009-12-31": "", "2009-09-30": "", "2009-06-30": "", "2009-03-31": "", "2008-12-31": "", "2008-09-30": "", "2008-06-30": "", "2008-03-31": ""}, "Debt/Equity Ratio": {"2020-09-30": "0.56190", "2020-06-30": "0.57860", "2020-03-31": "0.62800", "2019-12-31": "0.46700", "2019-09-30": "0.46760", "2019-06-30": "0.46180", "2019-03-31": "0.46580", "2018-12-31": "0.41430", "2018-09-30": "0.37160", "2018-06-30": "0.38570", "2018-03-31": "0.37330", "2017-12-31": "0.34220", "2017-09-30": "0.37260", "2017-06-30": "0.37300", "2017-03-31": "0.40220", "2016-12-31": "0.38040", "2016-09-30": "0.38150", "2016-06-30": "0.38950", "2016-03-31": "0.38840", "2015-12-31": "0.37710", "2015-09-30": "0.35530", "2015-06-30": "0.29110", "2015-03-31": "0.20340", "2014-12-31": "0.23440", "2014-09-30": "0.22800", "2014-06-30": "0.22850", "2014-03-31": "0.22680", "2013-12-31": "0.12390", "2013-09-30": "0.14360", "2013-06-30": "0.13900", "2013-03-31": "0.13000", "2012-12-31": "0.12390", "2012-09-30": "0.12380", "2012-06-30": "0.11000", "2012-03-31": "0.08000", "2011-12-31": "0.07940", "2011-09-30": "0.07850", "2011-06-30": "0.07790", "2011-03-31": "0.06450", "2010-12-31": "0.06100", "2010-09-30": "0.05920", "2010-06-30": "0.04710", "2010-03-31": "0.05510", "2009-12-31": "0.06400", "2009-09-30": "0.07790", "2009-06-30": "0.09360", "2009-03-31": "0.08540", "2008-12-31": "0.09920", "2008-09-30": "", "2008-06-30": "", "2008-03-31": "17.56920"}, "Gross Margin": {"2020-09-30": "", "2020-06-30": "", "2020-03-31": "", "2019-12-31": "", "2019-09-30": "", "2019-06-30": "", "2019-03-31": "", "2018-12-31": "", "2018-09-30": "", "2018-06-30": "", "2018-03-31": "", "2017-12-31": "", "2017-09-30": "", "2017-06-30": "", "2017-03-31": "", "2016-12-31": "", "2016-09-30": "", "2016-06-30": "", "2016-03-31": "", "2015-12-31": "", "2015-09-30": "", "2015-06-30": "", "2015-03-31": "", "2014-12-31": "", "2014-09-30": "", "2014-06-30": "", "2014-03-31": "", "2013-12-31": "", "2013-09-30": "", "2013-06-30": "", "2013-03-31": "", "2012-12-31": "", "2012-09-30": "", "2012-06-30": "", "2012-03-31": "", "2011-12-31": "", "2011-09-30": "", "2011-06-30": "", "2011-03-31": "", "2010-12-31": "", "2010-09-30": "", "2010-06-30": "", "2010-03-31": "", "2009-12-31": "", "2009-09-30": "", "2009-06-30": "", "2009-03-31": "", "2008-12-31": "", "2008-09-30": "", "2008-06-30": "", "2008-03-31": ""}, "Operating Margin": {"2020-09-30": "-15.02160", "2020-06-30": "-73.75490", "2020-03-31": "5.43800", "2019-12-31": "14.03870", "2019-09-30": "18.42660", "2019-06-30": "22.89630", "2019-03-31": "17.72660", "2018-12-31": "16.00010", "2018-09-30": "22.68590", "2018-06-30": "23.49510", "2018-03-31": "18.18570", "2017-12-31": "8.89930", "2017-09-30": "23.09790", "2017-06-30": "25.19540", "2017-03-31": "15.81700", "2016-12-31": "18.72170", "2016-09-30": "8.62400", "2016-06-30": "25.08890", "2016-03-31": "19.48980", "2015-12-31": "-4.14350", "2015-09-30": "23.44910", "2015-06-30": "22.25670", "2015-03-31": "17.25060", "2014-12-31": "14.39980", "2014-09-30": "18.13620", "2014-06-30": "22.22280", "2014-03-31": "-66.03440", "2013-12-31": "17.98550", "2013-09-30": "20.76780", "2013-06-30": "24.97130", "2013-03-31": "21.08920", "2012-12-31": "17.86420", "2012-09-30": "21.28280", "2012-06-30": "23.68760", "2012-03-31": "20.62190", "2011-12-31": "14.03410", "2011-09-30": "19.77870", "2011-06-30": "19.99950", "2011-03-31": "14.94770", "2010-12-31": "-30.22480", "2010-09-30": "4.81020", "2010-06-30": "13.51720", "2010-03-31": "12.16440", "2009-12-31": "-71.52380", "2009-09-30": "15.61150", "2009-06-30": "23.61570", "2009-03-31": "8.74060", "2008-12-31": "3.78530", "2008-09-30": "-68.42840", "2008-06-30": "", "2008-03-31": ""}, "EBIT Margin": {"2020-09-30": "-15.02160", "2020-06-30": "-73.75490", "2020-03-31": "5.43800", "2019-12-31": "14.03870", "2019-09-30": "18.42660", "2019-06-30": "22.89630", "2019-03-31": "17.72660", "2018-12-31": "16.00010", "2018-09-30": "22.68590", "2018-06-30": "23.49510", "2018-03-31": "18.18570", "2017-12-31": "8.89930", "2017-09-30": "23.09790", "2017-06-30": "25.19540", "2017-03-31": "15.81700", "2016-12-31": "18.72170", "2016-09-30": "8.62400", "2016-06-30": "25.08890", "2016-03-31": "19.48980", "2015-12-31": "-4.14350", "2015-09-30": "23.44910", "2015-06-30": "22.25670", "2015-03-31": "17.25060", "2014-12-31": "14.39980", "2014-09-30": "18.13620", "2014-06-30": "22.22280", "2014-03-31": "-66.03440", "2013-12-31": "17.98550", "2013-09-30": "20.76780", "2013-06-30": "24.97130", "2013-03-31": "21.08920", "2012-12-31": "17.86430", "2012-09-30": "21.28280", "2012-06-30": "23.68760", "2012-03-31": "20.62190", "2011-12-31": "14.03410", "2011-09-30": "19.77870", "2011-06-30": "19.99950", "2011-03-31": "14.94770", "2010-12-31": "-30.22480", "2010-09-30": "4.81020", "2010-06-30": "13.51720", "2010-03-31": "12.16440", "2009-12-31": "-71.52380", "2009-09-30": "15.61150", "2009-06-30": "23.61570", "2009-03-31": "8.74060", "2008-12-31": "3.78530", "2008-09-30": "-68.42840", "2008-06-30": "", "2008-03-31": ""}, "EBITDA Margin": {"2020-09-30": "", "2020-06-30": "", "2020-03-31": "", "2019-12-31": "", "2019-09-30": "", "2019-06-30": "", "2019-03-31": "", "2018-12-31": "", "2018-09-30": "", "2018-06-30": "", "2018-03-31": "", "2017-12-31": "", "2017-09-30": "", "2017-06-30": "", "2017-03-31": "", "2016-12-31": "", "2016-09-30": "", "2016-06-30": "", "2016-03-31": "", "2015-12-31": "", "2015-09-30": "", "2015-06-30": "", "2015-03-31": "", "2014-12-31": "", "2014-09-30": "", "2014-06-30": "", "2014-03-31": "", "2013-12-31": "", "2013-09-30": "", "2013-06-30": "", "2013-03-31": "", "2012-12-31": "", "2012-09-30": "", "2012-06-30": "", "2012-03-31": "", "2011-12-31": "", "2011-09-30": "", "2011-06-30": "", "2011-03-31": "", "2010-12-31": "", "2010-09-30": "", "2010-06-30": "", "2010-03-31": "", "2009-12-31": "", "2009-09-30": "", "2009-06-30": "", "2009-03-31": "", "2008-12-31": "", "2008-09-30": "", "2008-06-30": "", "2008-03-31": ""}, "Pre-Tax Profit Margin": {"2020-09-30": "-27.47300", "2020-06-30": "-96.43180", "2020-03-31": "-1.10210", "2019-12-31": "8.83780", "2019-09-30": "13.97740", "2019-06-30": "18.24770", "2019-03-31": "12.62630", "2018-12-31": "11.62550", "2018-09-30": "18.73050", "2018-06-30": "19.66300", "2018-03-31": "14.19120", "2017-12-31": "-0.75000", "2017-09-30": "19.39730", "2017-06-30": "26.48900", "2017-03-31": "11.81700", "2016-12-31": "14.64750", "2016-09-30": "4.95060", "2016-06-30": "21.37820", "2016-03-31": "15.56840", "2015-12-31": "-8.33960", "2015-09-30": "19.58220", "2015-06-30": "19.05800", "2015-03-31": "21.00240", "2014-12-31": "11.27310", "2014-09-30": "15.40210", "2014-06-30": "19.06970", "2014-03-31": "-68.60440", "2013-12-31": "26.02140", "2013-09-30": "18.48620", "2013-06-30": "22.83980", "2013-03-31": "18.72450", "2012-12-31": "15.46490", "2012-09-30": "19.45800", "2012-06-30": "22.06160", "2012-03-31": "19.05980", "2011-12-31": "12.34030", "2011-09-30": "18.24950", "2011-06-30": "18.58000", "2011-03-31": "14.20500", "2010-12-31": "-31.05940", "2010-09-30": "4.20950", "2010-06-30": "12.98020", "2010-03-31": "11.90000", "2009-12-31": "-72.26730", "2009-09-30": "14.53690", "2009-06-30": "21.56560", "2009-03-31": "8.29630", "2008-12-31": "8.23690", "2008-09-30": "137.41310", "2008-06-30": "", "2008-03-31": ""}, "Net Profit Margin": {"2020-09-30": "-27.51400", "2020-06-30": "-96.50340", "2020-03-31": "-1.16340", "2019-12-31": "8.77780", "2019-09-30": "13.93430", "2019-06-30": "18.20200", "2019-03-31": "12.55850", "2018-12-31": "11.56700", "2018-09-30": "18.70040", "2018-06-30": "19.61920", "2018-03-31": "14.13660", "2017-12-31": "-0.79670", "2017-09-30": "19.33490", "2017-06-30": "26.41090", "2017-03-31": "11.73170", "2016-12-31": "14.71300", "2016-09-30": "4.95310", "2016-06-30": "21.23850", "2016-03-31": "15.45120", "2015-12-31": "-8.35180", "2015-09-30": "19.52490", "2015-06-30": "18.87800", "2015-03-31": "20.85410", "2014-12-31": "11.03880", "2014-09-30": "15.16360", "2014-06-30": "18.83280", "2014-03-31": "-68.88950", "2013-12-31": "62.36690", "2013-09-30": "18.12210", "2013-06-30": "22.50600", "2013-03-31": "18.29590", "2012-12-31": "15.14090", "2012-09-30": "19.14190", "2012-06-30": "23.22930", "2012-03-31": "24.81410", "2011-12-31": "17.70490", "2011-09-30": "24.23540", "2011-06-30": "24.16820", "2011-03-31": "20.75160", "2010-12-31": "1.37350", "2010-09-30": "14.98100", "2010-06-30": "12.98020", "2010-03-31": "11.90000", "2009-12-31": "46.34230", "2009-09-30": "14.53690", "2009-06-30": "21.56560", "2009-03-31": "8.29630", "2008-12-31": "8.23690", "2008-09-30": "137.41310", "2008-06-30": "", "2008-03-31": ""}, "Asset Turnover": {"2020-09-30": "0.03030", "2020-06-30": "0.01610", "2020-03-31": "0.04490", "2019-12-31": "0.05870", "2019-09-30": "0.06650", "2019-06-30": "0.06840", "2019-03-31": "0.06050", "2018-12-31": "0.05990", "2018-09-30": "0.06690", "2018-06-30": "0.06870", "2018-03-31": "0.06000", "2017-12-31": "0.05900", "2017-09-30": "0.06610", "2017-06-30": "0.06760", "2017-03-31": "0.05890", "2016-12-31": "0.05670", "2016-09-30": "0.05510", "2016-06-30": "0.06920", "2016-03-31": "0.06030", "2015-12-31": "0.05720", "2015-09-30": "0.06400", "2015-06-30": "0.06490", "2015-03-31": "0.05790", "2014-12-31": "0.05360", "2014-09-30": "0.06090", "2014-06-30": "0.06070", "2014-03-31": "0.03570", "2013-12-31": "0.06090", "2013-09-30": "0.06700", "2013-06-30": "0.06930", "2013-03-31": "0.06120", "2012-12-31": "0.05680", "2012-09-30": "0.06030", "2012-06-30": "0.06260", "2012-03-31": "0.05260", "2011-12-31": "0.04610", "2011-09-30": "0.04950", "2011-06-30": "0.04820", "2011-03-31": "0.04150", "2010-12-31": "0.02500", "2010-09-30": "0.02830", "2010-06-30": "0.03160", "2010-03-31": "0.02830", "2009-12-31": "0.01200", "2009-09-30": "0.03420", "2009-06-30": "0.03850", "2009-03-31": "0.03440", "2008-12-31": "0.02500", "2008-09-30": "0.00280", "2008-06-30": "", "2008-03-31": ""}, "Inventory Turnover Ratio": {"2020-09-30": "", "2020-06-30": "", "2020-03-31": "", "2019-12-31": "", "2019-09-30": "", "2019-06-30": "", "2019-03-31": "", "2018-12-31": "", "2018-09-30": "", "2018-06-30": "", "2018-03-31": "", "2017-12-31": "", "2017-09-30": "", "2017-06-30": "", "2017-03-31": "", "2016-12-31": "", "2016-09-30": "", "2016-06-30": "", "2016-03-31": "", "2015-12-31": "", "2015-09-30": "", "2015-06-30": "", "2015-03-31": "", "2014-12-31": "", "2014-09-30": "", "2014-06-30": "", "2014-03-31": "", "2013-12-31": "", "2013-09-30": "", "2013-06-30": "", "2013-03-31": "", "2012-12-31": "", "2012-09-30": "", "2012-06-30": "", "2012-03-31": "", "2011-12-31": "", "2011-09-30": "", "2011-06-30": "", "2011-03-31": "", "2010-12-31": "", "2010-09-30": "", "2010-06-30": "", "2010-03-31": "", "2009-12-31": "", "2009-09-30": "", "2009-06-30": "", "2009-03-31": "", "2008-12-31": "", "2008-09-30": "", "2008-06-30": "", "2008-03-31": ""}, "Receiveable Turnover": {"2020-09-30": "", "2020-06-30": "", "2020-03-31": "", "2019-12-31": "", "2019-09-30": "", "2019-06-30": "", "2019-03-31": "", "2018-12-31": "", "2018-09-30": "", "2018-06-30": "", "2018-03-31": "", "2017-12-31": "", "2017-09-30": "", "2017-06-30": "", "2017-03-31": "", "2016-12-31": "", "2016-09-30": "", "2016-06-30": "", "2016-03-31": "", "2015-12-31": "", "2015-09-30": "", "2015-06-30": "", "2015-03-31": "", "2014-12-31": "", "2014-09-30": "", "2014-06-30": "", "2014-03-31": "", "2013-12-31": "", "2013-09-30": "", "2013-06-30": "", "2013-03-31": "", "2012-12-31": "", "2012-09-30": "", "2012-06-30": "", "2012-03-31": "", "2011-12-31": "", "2011-09-30": "", "2011-06-30": "", "2011-03-31": "", "2010-12-31": "", "2010-09-30": "", "2010-06-30": "", "2010-03-31": "", "2009-12-31": "", "2009-09-30": "", "2009-06-30": "", "2009-03-31": "", "2008-12-31": "", "2008-09-30": "", "2008-06-30": "", "2008-03-31": ""}, "Days Sales In Receivables": {"2020-09-30": "", "2020-06-30": "", "2020-03-31": "", "2019-12-31": "", "2019-09-30": "", "2019-06-30": "", "2019-03-31": "", "2018-12-31": "", "2018-09-30": "", "2018-06-30": "", "2018-03-31": "", "2017-12-31": "", "2017-09-30": "", "2017-06-30": "", "2017-03-31": "", "2016-12-31": "", "2016-09-30": "", "2016-06-30": "", "2016-03-31": "", "2015-12-31": "", "2015-09-30": "", "2015-06-30": "", "2015-03-31": "", "2014-12-31": "", "2014-09-30": "", "2014-06-30": "", "2014-03-31": "", "2013-12-31": "", "2013-09-30": "", "2013-06-30": "", "2013-03-31": "", "2012-12-31": "", "2012-09-30": "", "2012-06-30": "", "2012-03-31": "", "2011-12-31": "", "2011-09-30": "", "2011-06-30": "", "2011-03-31": "", "2010-12-31": "", "2010-09-30": "", "2010-06-30": "", "2010-03-31": "", "2009-12-31": "", "2009-09-30": "", "2009-06-30": "", "2009-03-31": "", "2008-12-31": "", "2008-09-30": "", "2008-06-30": "", "2008-03-31": ""}, "ROE - Return On Equity": {"2020-09-30": "-1.33160", "2020-06-30": "-2.51350", "2020-03-31": "-0.08670", "2019-12-31": "0.77340", "2019-09-30": "1.38940", "2019-06-30": "1.85230", "2019-03-31": "1.13310", "2018-12-31": "1.00180", "2018-09-30": "1.74870", "2018-06-30": "1.90120", "2018-03-31": "1.18610", "2017-12-31": "-0.06450", "2017-09-30": "1.79290", "2017-06-30": "2.49760", "2017-03-31": "0.98530", "2016-12-31": "1.18150", "2016-09-30": "0.38720", "2016-06-30": "2.08400", "2016-03-31": "1.31960", "2015-12-31": "-0.67210", "2015-09-30": "1.73080", "2015-06-30": "1.61100", "2015-03-31": "1.47010", "2014-12-31": "0.74090", "2014-09-30": "1.15030", "2014-06-30": "1.42060", "2014-03-31": "-3.04370", "2013-12-31": "1.77700", "2013-09-30": "1.40490", "2013-06-30": "1.79260", "2013-03-31": "1.27460", "2012-12-31": "0.97560", "2012-09-30": "1.30950", "2012-06-30": "1.51660", "2012-03-31": "1.07550", "2011-12-31": "0.55050", "2011-09-30": "0.98230", "2011-06-30": "0.97280", "2011-03-31": "0.63200", "2010-12-31": "-0.82900", "2010-09-30": "0.12720", "2010-06-30": "0.43180", "2010-03-31": "0.35670", "2009-12-31": "-0.93260", "2009-09-30": "0.53970", "2009-06-30": "0.91380", "2009-03-31": "0.31030", "2008-12-31": "0.22840", "2008-09-30": "0.37990", "2008-06-30": "0.18070", "2008-03-31": "54.66270"}, "Return On Tangible Equity": {"2020-09-30": "-1.33160", "2020-06-30": "-2.51350", "2020-03-31": "-0.08670", "2019-12-31": "0.77340", "2019-09-30": "1.38940", "2019-06-30": "1.85230", "2019-03-31": "1.13310", "2018-12-31": "1.00180", "2018-09-30": "1.74870", "2018-06-30": "1.90120", "2018-03-31": "1.18610", "2017-12-31": "-0.06450", "2017-09-30": "1.79290", "2017-06-30": "2.49760", "2017-03-31": "0.98530", "2016-12-31": "1.18150", "2016-09-30": "0.38720", "2016-06-30": "2.08400", "2016-03-31": "1.31960", "2015-12-31": "-0.67210", "2015-09-30": "1.73080", "2015-06-30": "1.61100", "2015-03-31": "1.47010", "2014-12-31": "0.74090", "2014-09-30": "1.15030", "2014-06-30": "1.42060", "2014-03-31": "-3.04370", "2013-12-31": "1.77690", "2013-09-30": "1.40490", "2013-06-30": "1.79260", "2013-03-31": "1.27460", "2012-12-31": "0.97550", "2012-09-30": "1.30940", "2012-06-30": "1.51660", "2012-03-31": "1.07550", "2011-12-31": "0.55050", "2011-09-30": "0.98220", "2011-06-30": "0.97280", "2011-03-31": "0.63200", "2010-12-31": "-0.82890", "2010-09-30": "0.12710", "2010-06-30": "0.43180", "2010-03-31": "0.35670", "2009-12-31": "-0.93250", "2009-09-30": "0.53970", "2009-06-30": "0.91370", "2009-03-31": "0.31030", "2008-12-31": "0.22840", "2008-09-30": "0.37980", "2008-06-30": "0.18060", "2008-03-31": "-175.25420"}, "ROA - Return On Assets": {"2020-09-30": "-0.83290", "2020-06-30": "-1.55790", "2020-03-31": "-0.05220", "2019-12-31": "0.51500", "2019-09-30": "0.92620", "2019-06-30": "1.24460", "2019-03-31": "0.75930", "2018-12-31": "0.69290", "2018-09-30": "1.25030", "2018-06-30": "1.34750", "2018-03-31": "0.84820", "2017-12-31": "-0.04700", "2017-09-30": "1.27850", "2017-06-30": "1.78620", "2017-03-31": "0.69080", "2016-12-31": "0.83440", "2016-09-30": "0.27290", "2016-06-30": "1.46880", "2016-03-31": "0.93160", "2015-12-31": "-0.47790", "2015-09-30": "1.24970", "2015-06-30": "1.22550", "2015-03-31": "1.20700", "2014-12-31": "0.59130", "2014-09-30": "0.92360", "2014-06-30": "1.14320", "2014-03-31": "-2.45630", "2013-12-31": "1.56310", "2013-09-30": "1.21370", "2013-06-30": "1.55950", "2013-03-31": "1.11920", "2012-12-31": "0.86050", "2012-09-30": "1.15370", "2012-06-30": "1.35500", "2012-03-31": "0.98990", "2011-12-31": "0.50600", "2011-09-30": "0.90350", "2011-06-30": "0.89650", "2011-03-31": "0.58950", "2010-12-31": "-0.77580", "2010-09-30": "0.11930", "2010-06-30": "0.41040", "2010-03-31": "0.33710", "2009-12-31": "-0.87070", "2009-09-30": "0.49680", "2009-06-30": "0.83050", "2009-03-31": "0.28510", "2008-12-31": "0.20620", "2008-09-30": "0.37930", "2008-06-30": "0.18060", "2008-03-31": "-3.96430"}, "ROI - Return On Investment": {"2020-09-30": "-0.85260", "2020-06-30": "-1.59220", "2020-03-31": "-0.05320", "2019-12-31": "0.52720", "2019-09-30": "0.94670", "2019-06-30": "1.76610", "2019-03-31": "0.77300", "2018-12-31": "0.70840", "2018-09-30": "1.74870", "2018-06-30": "1.66820", "2018-03-31": "1.03980", "2017-12-31": "-0.04800", "2017-09-30": "1.59580", "2017-06-30": "2.22170", "2017-03-31": "0.86940", "2016-12-31": "1.03520", "2016-09-30": "0.34130", "2016-06-30": "1.81050", "2016-03-31": "1.13500", "2015-12-31": "-0.57230", "2015-09-30": "1.47820", "2015-06-30": "1.36720", "2015-03-31": "1.25660", "2014-12-31": "0.63260", "2014-09-30": "0.98260", "2014-06-30": "1.21300", "2014-03-31": "-2.58310", "2013-12-31": "1.58100", "2013-09-30": "1.40490", "2013-06-30": "1.79260", "2013-03-31": "1.27460", "2012-12-31": "0.97550", "2012-09-30": "1.30940", "2012-06-30": "1.51660", "2012-03-31": "1.07550", "2011-12-31": "0.55050", "2011-09-30": "0.98220", "2011-06-30": "0.97280", "2011-03-31": "0.63200", "2010-12-31": "-0.82890", "2010-09-30": "0.12710", "2010-06-30": "0.43180", "2010-03-31": "0.35670", "2009-12-31": "-0.93250", "2009-09-30": "0.53970", "2009-06-30": "0.91370", "2009-03-31": "0.31030", "2008-12-31": "0.22840", "2008-09-30": "0.37980", "2008-06-30": "0.18060", "2008-03-31": "-175.25410"}, "Book Value Per Share": {"2020-09-30": "13.77500", "2020-06-30": "13.94550", "2020-03-31": "14.32540", "2019-12-31": "14.70100", "2019-09-30": "14.86200", "2019-06-30": "14.97330", "2019-03-31": "15.04020", "2018-12-31": "15.21900", "2018-09-30": "15.42200", "2018-06-30": "15.44300", "2018-03-31": "15.44010", "2017-12-31": "15.52900", "2017-09-30": "15.70850", "2017-06-30": "15.72510", "2017-03-31": "15.63710", "2016-12-31": "15.77600", "2016-09-30": "15.82950", "2016-06-30": "15.03150", "2016-03-31": "15.04940", "2015-12-31": "15.18090", "2015-09-30": "15.55990", "2015-06-30": "15.63940", "2015-03-31": "8.00760", "2014-12-31": "16.12880", "2014-09-30": "8.17680", "2014-06-30": "8.24740", "2014-03-31": "8.29720", "2013-12-31": "7.17680", "2013-09-30": "7.07390", "2013-06-30": "7.18290", "2013-03-31": "7.25890", "2012-12-31": "7.37130", "2012-09-30": "7.50270", "2012-06-30": "7.60740", "2012-03-31": "8.44910", "2011-12-31": "8.54960", "2011-09-30": "8.69230", "2011-06-30": "8.79510", "2011-03-31": "8.88780", "2010-12-31": "9.01420", "2010-09-30": "9.12180", "2010-06-30": "9.16610", "2010-03-31": "9.22980", "2009-12-31": "9.31280", "2009-09-30": "9.37280", "2009-06-30": "9.43040", "2009-03-31": "9.43140", "2008-12-31": "9.50260", "2008-09-30": "9.55240", "2008-06-30": "9.57190", "2008-03-31": ""}, "Operating Cash Flow Per Share": {"2020-09-30": 0.0611, "2020-06-30": -0.0925, "2020-03-31": "0.14870", "2019-12-31": 0.4026, "2019-09-30": 0.5692, "2019-06-30": 0.4816, "2019-03-31": "0.25120", "2018-12-31": 0.4739, "2018-09-30": 0.5665, "2018-06-30": 0.493, "2018-03-31": "0.22930", "2017-12-31": 0.4628, "2017-09-30": 0.5608, "2017-06-30": 0.5325, "2017-03-31": "0.16210", "2016-12-31": 0.4864, "2016-09-30": 0.4663, "2016-06-30": 0.4916, "2016-03-31": "0.29090", "2015-12-31": 0.3872, "2015-09-30": 0.5417, "2015-06-30": 0.4357, "2015-03-31": "0.19450", "2014-12-31": 0.4855, "2014-09-30": 0.461, "2014-06-30": 0.4321, "2014-03-31": "0.09200", "2013-12-31": 0.969, "2013-09-30": 0.2066, "2013-06-30": 0.202, "2013-03-31": "0.12770", "2012-12-31": 0.1591, "2012-09-30": 0.1967, "2012-06-30": 0.206, "2012-03-31": "0.11300", "2011-12-31": 0.1633, "2011-09-30": 0.1972, "2011-06-30": 0.1773, "2011-03-31": "0.09840", "2010-12-31": 0.0711, "2010-09-30": 0.0867, "2010-06-30": 0.0898, "2010-03-31": "0.03780", "2009-12-31": 0.1646, "2009-09-30": 0.0864, "2009-06-30": 0.1418, "2009-03-31": "0.04840", "2008-12-31": 0.153, "2008-09-30": 0.0086, "2008-06-30": 0.0476, "2008-03-31": ""}, "Free Cash Flow Per Share": {"2020-09-30": 0.0338, "2020-06-30": -0.1426, "2020-03-31": "0.22610", "2019-12-31": 0.4156, "2019-09-30": 0.5118, "2019-06-30": 0.4028, "2019-03-31": "0.58130", "2018-12-31": 0.4036, "2018-09-30": 0.5501, "2018-06-30": 0.4303, "2018-03-31": "0.12230", "2017-12-31": 0.5479, "2017-09-30": 0.632, "2017-06-30": 0.4813, "2017-03-31": "0.08390", "2016-12-31": 0.4328, "2016-09-30": 0.4238, "2016-06-30": 0.4164, "2016-03-31": "0.17210", "2015-12-31": 0.2419, "2015-09-30": 0.5485, "2015-06-30": 0.4116, "2015-03-31": "1.19680", "2014-12-31": 0.3601, "2014-09-30": 0.361, "2014-06-30": 0.355, "2014-03-31": "0.05390", "2013-12-31": 0.7825, "2013-09-30": 0.1813, "2013-06-30": 0.1803, "2013-03-31": "0.11130", "2012-12-31": 0.1477, "2012-09-30": 0.1762, "2012-06-30": 0.1787, "2012-03-31": "0.08460", "2011-12-31": 0.1486, "2011-09-30": 0.193, "2011-06-30": 0.1609, "2011-03-31": "0.05440", "2010-12-31": 0.0241, "2010-09-30": 0.0711, "2010-06-30": 0.0614, "2010-03-31": "-0.01240", "2009-12-31": 0.0502, "2009-09-30": 0.0541, "2009-06-30": 0.1055, "2009-03-31": "0.04110", "2008-12-31": 0.1471, "2008-09-30": 0.0086, "2008-06-30": 0.0476, "2008-03-31": ""}}, "revenue": {"Apple Hospitality REIT Annual Revenue (Millions of US $)": {"2019": "$1,267", "2018": "$1,271", "2017": "$1,239", "2016": "$1,041", "2015": "$898", "2014": "$804", "2013": "$388", "2012": "$366", "2011": "$321", "2010": "$160", "2009": "$85", "2008": "$12", "2007": "$"}, "Apple Hospitality REIT Quarterly Revenue (Millions of US $)": {"2020-09-30": "$149", "2020-06-30": "$81", "2020-03-31": "$238", "2019-12-31": "$290", "2019-09-30": "$332", "2019-06-30": "$341", "2019-03-31": "$304", "2018-12-31": "$295", "2018-09-30": "$332", "2018-06-30": "$345", "2018-03-31": "$298", "2017-12-31": "$289", "2017-09-30": "$325", "2017-06-30": "$332", "2017-03-31": "$293", "2016-12-31": "$282", "2016-09-30": "$276", "2016-06-30": "$258", "2016-03-31": "$224", "2015-12-31": "$213", "2015-09-30": "$241", "2015-06-30": "$234", "2015-03-31": "$210", "2014-12-31": "$202", "2014-09-30": "$232", "2014-06-30": "$233", "2014-03-31": "$137", "2013-12-31": "$91", "2013-09-30": "$100", "2013-06-30": "$105", "2013-03-31": "$92", "2012-12-31": "$87", "2012-09-30": "$94", "2012-06-30": "$97", "2012-03-31": "$88", "2011-12-31": "$78", "2011-09-30": "$86", "2011-06-30": "$84", "2011-03-31": "$72", "2010-12-31": "$44", "2010-09-30": "$44", "2010-06-30": "$41", "2010-03-31": "$32", "2009-12-31": "$12", "2009-09-30": "$28", "2009-06-30": "$27", "2009-03-31": "$19", "2008-12-31": "$11", "2008-09-30": "$1", "2008-06-30": "", "2008-03-31": ""}}, "gross-profit": {"Apple Hospitality REIT Annual Gross Profit (Millions of US $)": {"2019": "$782", "2018": "$785", "2017": "$767", "2016": "$645", "2015": "$556", "2014": "$497", "2013": "$239", "2012": "$226", "2011": "$196", "2010": "$103", "2009": "$55", "2008": "$7", "2007": "$"}, "Apple Hospitality REIT Quarterly Gross Profit (Millions of US $)": {"2020-09-30": "$81", "2020-06-30": "$34", "2020-03-31": "$131", "2019-12-31": "$173", "2019-09-30": "$206", "2019-06-30": "$217", "2019-03-31": "$185", "2018-12-31": "$176", "2018-09-30": "$207", "2018-06-30": "$219", "2018-03-31": "$182", "2017-12-31": "$175", "2017-09-30": "$204", "2017-06-30": "$210", "2017-03-31": "$179", "2016-12-31": "$169", "2016-09-30": "$173", "2016-06-30": "$165", "2016-03-31": "$138", "2015-12-31": "$127", "2015-09-30": "$153", "2015-06-30": "$148", "2015-03-31": "$128", "2014-12-31": "$122", "2014-09-30": "$145", "2014-06-30": "$146", "2014-03-31": "$84", "2013-12-31": "$54", "2013-09-30": "$62", "2013-06-30": "$66", "2013-03-31": "$57", "2012-12-31": "$53", "2012-09-30": "$58", "2012-06-30": "$61", "2012-03-31": "$54", "2011-12-31": "$47", "2011-09-30": "$52", "2011-06-30": "$53", "2011-03-31": "$44", "2010-12-31": "$24", "2010-09-30": "$26", "2010-06-30": "$26", "2010-03-31": "$20", "2009-12-31": "$3", "2009-09-30": "$19", "2009-06-30": "$20", "2009-03-31": "$12", "2008-12-31": "$7", "2008-09-30": "$0", "2008-06-30": "", "2008-03-31": ""}}, "operating-income": {"Apple Hospitality REIT Annual Operating Income (Millions of US $)": {"2019": "$234", "2018": "$258", "2017": "$231", "2016": "$185", "2015": "$136", "2014": "$32", "2013": "$83", "2012": "$77", "2011": "$56", "2010": "$-2", "2009": "$4", "2008": "$-0", "2007": "$"}, "Apple Hospitality REIT Quarterly Operating Income (Millions of US $)": {"2020-09-30": "$-22", "2020-06-30": "$-60", "2020-03-31": "$13", "2019-12-31": "$41", "2019-09-30": "$61", "2019-06-30": "$78", "2019-03-31": "$54", "2018-12-31": "$47", "2018-09-30": "$75", "2018-06-30": "$81", "2018-03-31": "$54", "2017-12-31": "$26", "2017-09-30": "$75", "2017-06-30": "$84", "2017-03-31": "$46", "2016-12-31": "$53", "2016-09-30": "$24", "2016-06-30": "$65", "2016-03-31": "$44", "2015-12-31": "$-9", "2015-09-30": "$56", "2015-06-30": "$52", "2015-03-31": "$36", "2014-12-31": "$29", "2014-09-30": "$42", "2014-06-30": "$52", "2014-03-31": "$-91", "2013-12-31": "$16", "2013-09-30": "$21", "2013-06-30": "$26", "2013-03-31": "$19", "2012-12-31": "$15", "2012-09-30": "$20", "2012-06-30": "$23", "2012-03-31": "$18", "2011-12-31": "$11", "2011-09-30": "$17", "2011-06-30": "$17", "2011-03-31": "$11", "2010-12-31": "$-13", "2010-09-30": "$2", "2010-06-30": "$6", "2010-03-31": "$4", "2009-12-31": "$-8", "2009-09-30": "$4", "2009-06-30": "$6", "2009-03-31": "$2", "2008-12-31": "$0", "2008-09-30": "$-0", "2008-06-30": "$-0", "2008-03-31": "$-0"}}, "ebitda": {"Apple Hospitality REIT Annual EBITDA (Millions of US $)": {"2019": "$427", "2018": "$441", "2017": "$407", "2016": "$333", "2015": "$263", "2014": "$145", "2013": "$138", "2012": "$129", "2011": "$106", "2010": "$29", "2009": "$20", "2008": "$2", "2007": "$"}, "Apple Hospitality REIT Quarterly EBITDA (Millions of US $)": {"2020-09-30": "$28", "2020-06-30": "$-10", "2020-03-31": "$62", "2019-12-31": "$90", "2019-09-30": "$109", "2019-06-30": "$126", "2019-03-31": "$102", "2018-12-31": "$94", "2018-09-30": "$122", "2018-06-30": "$127", "2018-03-31": "$99", "2017-12-31": "$70", "2017-09-30": "$119", "2017-06-30": "$127", "2017-03-31": "$90", "2016-12-31": "$96", "2016-09-30": "$61", "2016-06-30": "$98", "2016-03-31": "$77", "2015-12-31": "$24", "2015-09-30": "$89", "2015-06-30": "$83", "2015-03-31": "$67", "2014-12-31": "$61", "2014-09-30": "$73", "2014-06-30": "$82", "2014-03-31": "$-71", "2013-12-31": "$30", "2013-09-30": "$35", "2013-06-30": "$40", "2013-03-31": "$33", "2012-12-31": "$29", "2012-09-30": "$33", "2012-06-30": "$36", "2012-03-31": "$31", "2011-12-31": "$24", "2011-09-30": "$29", "2011-06-30": "$30", "2011-03-31": "$23", "2010-12-31": "$-3", "2010-09-30": "$10", "2010-06-30": "$13", "2010-03-31": "$10", "2009-12-31": "$-4", "2009-09-30": "$9", "2009-06-30": "$10", "2009-03-31": "$4", "2008-12-31": "$2", "2008-09-30": "$-0", "2008-06-30": "$-0", "2008-03-31": "$-0"}}, "net-income": {"Apple Hospitality REIT Annual Net Income (Millions of US $)": {"2019": "$172", "2018": "$206", "2017": "$182", "2016": "$145", "2015": "$117", "2014": "$7", "2013": "$115", "2012": "$75", "2011": "$70", "2010": "$16", "2009": "$17", "2008": "$2", "2007": "$"}, "Apple Hospitality REIT Quarterly Net Income (Millions of US $)": {"2020-09-30": "$-41", "2020-06-30": "$-78", "2020-03-31": "$-3", "2019-12-31": "$25", "2019-09-30": "$46", "2019-06-30": "$62", "2019-03-31": "$38", "2018-12-31": "$34", "2018-09-30": "$62", "2018-06-30": "$68", "2018-03-31": "$42", "2017-12-31": "$-2", "2017-09-30": "$63", "2017-06-30": "$88", "2017-03-31": "$34", "2016-12-31": "$42", "2016-09-30": "$14", "2016-06-30": "$55", "2016-03-31": "$35", "2015-12-31": "$-18", "2015-09-30": "$47", "2015-06-30": "$44", "2015-03-31": "$44", "2014-12-31": "$22", "2014-09-30": "$35", "2014-06-30": "$44", "2014-03-31": "$-94", "2013-12-31": "$57", "2013-09-30": "$18", "2013-06-30": "$24", "2013-03-31": "$17", "2012-12-31": "$13", "2012-09-30": "$18", "2012-06-30": "$23", "2012-03-31": "$22", "2011-12-31": "$14", "2011-09-30": "$21", "2011-06-30": "$20", "2011-03-31": "$15", "2010-12-31": "$1", "2010-09-30": "$7", "2010-06-30": "$5", "2010-03-31": "$4", "2009-12-31": "$5", "2009-09-30": "$4", "2009-06-30": "$6", "2009-03-31": "$2", "2008-12-31": "$1", "2008-09-30": "$1", "2008-06-30": "$0", "2008-03-31": "$-0"}}, "eps-earnings-per-share-diluted": {"Apple Hospitality REIT Annual EPS": {"2019": "$0.77", "2018": "$0.90", "2017": "$0.82", "2016": "$0.76", "2015": "$0.65", "2014": "$0.04", "2013": "$1.26", "2012": "$0.41", "2011": "$0.38", "2010": "$0.12", "2009": "$0.26", "2008": "$0.14", "2007": "$0.00"}, "Apple Hospitality REIT Quarterly EPS": {"2020-09-30": "$-0.18", "2020-06-30": "$-0.35", "2020-03-31": "$-0.01", "2019-12-31": "$0.11", "2019-09-30": "$0.21", "2019-06-30": "$0.28", "2019-03-31": "$0.17", "2018-12-31": "$0.16", "2018-09-30": "$0.27", "2018-06-30": "$0.29", "2018-03-31": "$0.18", "2017-12-31": "$0.00", "2017-09-30": "$0.28", "2017-06-30": "$0.39", "2017-03-31": "$0.15", "2016-12-31": "$0.18", "2016-09-30": "$0.07", "2016-06-30": "$0.31", "2016-03-31": "$0.20", "2015-12-31": "$-0.10", "2015-09-30": "$0.27", "2015-06-30": "$0.24", "2015-03-31": "$0.24", "2014-12-31": "$0.00", "2014-09-30": "$0.19", "2014-06-30": "$0.23", "2014-03-31": "$-0.38", "2013-12-31": "$0.94", "2013-09-30": "$0.10", "2013-06-30": "$0.13", "2013-03-31": "$0.09", "2012-12-31": "$0.07", "2012-09-30": "$0.10", "2012-06-30": "$0.12", "2012-03-31": "$0.12", "2011-12-31": "$0.08", "2011-09-30": "$0.11", "2011-06-30": "$0.11", "2011-03-31": "$0.08", "2010-12-31": "$-0.01", "2010-09-30": "$0.05", "2010-06-30": "$0.04", "2010-03-31": "$0.04", "2009-12-31": "$0.07", "2009-09-30": "$0.06", "2009-06-30": "$0.10", "2009-03-31": "$0.03", "2008-12-31": "$1,985.25", "2008-09-30": "$0.04", "2008-06-30": "$0.05", "2008-03-31": "$-1,985.20"}}, "shares-outstanding": {"Apple Hospitality REIT Annual Shares Outstanding (Millions of Shares)": {"2019": "224", "2018": "230", "2017": "224", "2016": "191", "2015": "180", "2014": "171", "2013": "91", "2012": "182", "2011": "182", "2010": "136", "2009": "66", "2008": "16", "2007": ""}, "Apple Hospitality REIT Quarterly Shares Outstanding (Millions of Shares)": {"2020-09-30": "223", "2020-06-30": "223", "2020-03-31": "224", "2019-12-31": "224", "2019-09-30": "224", "2019-06-30": "224", "2019-03-31": "224", "2018-12-31": "230", "2018-09-30": "230", "2018-06-30": "230", "2018-03-31": "231", "2017-12-31": "224", "2017-09-30": "223", "2017-06-30": "223", "2017-03-31": "223", "2016-12-31": "191", "2016-09-30": "191", "2016-06-30": "175", "2016-03-31": "175", "2015-12-31": "180", "2015-09-30": "175", "2015-06-30": "185", "2015-03-31": "186", "2014-12-31": "171", "2014-09-30": "187", "2014-06-30": "187", "2014-03-31": "249", "2013-12-31": "91", "2013-09-30": "183", "2013-06-30": "182", "2013-03-31": "182", "2012-12-31": "182", "2012-09-30": "182", "2012-06-30": "182", "2012-03-31": "182", "2011-12-31": "182", "2011-09-30": "183", "2011-06-30": "183", "2011-03-31": "182", "2010-12-31": "136", "2010-09-30": "144", "2010-06-30": "123", "2010-03-31": "105", "2009-12-31": "66", "2009-09-30": "72", "2009-06-30": "58", "2009-03-31": "46", "2008-12-31": "16", "2008-09-30": "23", "2008-06-30": "6", "2008-03-31": "0"}}, "total-assets": {"Apple Hospitality REIT Annual Total Assets (Millions of US $)": {"2019": "$4,942", "2018": "$4,929", "2017": "$4,902", "2016": "$4,980", "2015": "$3,723", "2014": "$3,777", "2013": "$1,491", "2012": "$1,526", "2011": "$1,701", "2010": "$1,746", "2009": "$983", "2008": "$432", "2007": "$0"}, "Apple Hospitality REIT Quarterly Total Assets (Millions of US $)": {"2020-09-30": "$4,916", "2020-06-30": "$5,022", "2020-03-31": "$5,306", "2019-12-31": "$4,942", "2019-09-30": "$4,990", "2019-06-30": "$4,989", "2019-03-31": "$5,024", "2018-12-31": "$4,929", "2018-09-30": "$4,968", "2018-06-30": "$5,019", "2018-03-31": "$4,973", "2017-12-31": "$4,902", "2017-09-30": "$4,914", "2017-06-30": "$4,905", "2017-03-31": "$4,975", "2016-12-31": "$4,980", "2016-09-30": "$5,019", "2016-06-30": "$3,725", "2016-03-31": "$3,723", "2015-12-31": "$3,723", "2015-09-30": "$3,758", "2015-06-30": "$3,610", "2015-03-31": "$3,634", "2014-12-31": "$3,777", "2014-09-30": "$3,807", "2014-06-30": "$3,831", "2014-03-31": "$3,846", "2013-12-31": "$1,491", "2013-09-30": "$1,497", "2013-06-30": "$1,509", "2013-03-31": "$1,511", "2012-12-31": "$1,526", "2012-09-30": "$1,554", "2012-06-30": "$1,552", "2012-03-31": "$1,676", "2011-12-31": "$1,701", "2011-09-30": "$1,730", "2011-06-30": "$1,749", "2011-03-31": "$1,736", "2010-12-31": "$1,746", "2010-09-30": "$1,545", "2010-06-30": "$1,296", "2010-03-31": "$1,122", "2009-12-31": "$983", "2009-09-30": "$822", "2009-06-30": "$690", "2009-03-31": "$544", "2008-12-31": "$432", "2008-09-30": "$260", "2008-06-30": "$163", "2008-03-31": "$1"}}, "cash-on-hand": {"Apple Hospitality REIT Annual Cash on Hand (Millions of US $)": {"2019": "$", "2018": "$", "2017": "$", "2016": "$", "2015": "$", "2014": "$", "2013": "$18", "2012": "$9", "2011": "$31", "2010": "$224", "2009": "$273", "2008": "$75", "2007": "$0"}, "Apple Hospitality REIT Quarterly Cash on Hand (Millions of US $)": {"2020-09-30": "$27", "2020-06-30": "$156", "2020-03-31": "$437", "2019-12-31": "", "2019-09-30": "", "2019-06-30": "", "2019-03-31": "", "2018-12-31": "", "2018-09-30": "$34", "2018-06-30": "", "2018-03-31": "", "2017-12-31": "", "2017-09-30": "", "2017-06-30": "", "2017-03-31": "", "2016-12-31": "", "2016-09-30": "", "2016-06-30": "$22", "2016-03-31": "", "2015-12-31": "", "2015-09-30": "$0", "2015-06-30": "", "2015-03-31": "$47", "2014-12-31": "", "2014-09-30": "", "2014-06-30": "$1", "2014-03-31": "", "2013-12-31": "$18", "2013-09-30": "", "2013-06-30": "", "2013-03-31": "", "2012-12-31": "$9", "2012-09-30": "$20", "2012-06-30": "$7", "2012-03-31": "$3", "2011-12-31": "$31", "2011-09-30": "$61", "2011-06-30": "$68", "2011-03-31": "$118", "2010-12-31": "$224", "2010-09-30": "$411", "2010-06-30": "$358", "2010-03-31": "$320", "2009-12-31": "$273", "2009-09-30": "$115", "2009-06-30": "$88", "2009-03-31": "$156", "2008-12-31": "$75", "2008-09-30": "$196", "2008-06-30": "$163", "2008-03-31": "$0"}}, "long-term-debt": {"Apple Hospitality REIT Annual Long Term Debt (Millions of US $)": {"2019": "$1,537", "2018": "$1,412", "2017": "$1,222", "2016": "$497", "2015": "$462", "2014": "$516", "2013": "$163", "2012": "$", "2011": "$", "2010": "$", "2009": "$", "2008": "$", "2007": "$"}, "Apple Hospitality REIT Quarterly Long Term Debt (Millions of US $)": {"2020-09-30": "$1,728", "2020-06-30": "$1,801", "2020-03-31": "$2,006", "2019-12-31": "$1,537", "2019-09-30": "$1,556", "2019-06-30": "$164", "2019-03-31": "$1,568", "2018-12-31": "$1,412", "2018-09-30": "", "2018-06-30": "$497", "2018-03-31": "$500", "2017-12-31": "$1,222", "2017-09-30": "$433", "2017-06-30": "$436", "2017-03-31": "$465", "2016-12-31": "$497", "2016-09-30": "$476", "2016-06-30": "$397", "2016-03-31": "$427", "2015-12-31": "$462", "2015-09-30": "$464", "2015-06-30": "$490", "2015-03-31": "$507", "2014-12-31": "$516", "2014-09-30": "$522", "2014-06-30": "$528", "2014-03-31": "$553", "2013-12-31": "$163", "2013-09-30": "", "2013-06-30": "", "2013-03-31": "", "2012-12-31": "", "2012-09-30": "", "2012-06-30": "", "2012-03-31": "", "2011-12-31": "", "2011-09-30": "", "2011-06-30": "", "2011-03-31": "", "2010-12-31": "", "2010-09-30": "", "2010-06-30": "", "2010-03-31": "", "2009-12-31": "", "2009-09-30": "", "2009-06-30": "", "2009-03-31": "", "2008-12-31": "", "2008-09-30": "", "2008-06-30": "", "2008-03-31": ""}}, "total-liabilities": {"Apple Hospitality REIT Annual Total Liabilities (Millions of US $)": {"2019": "$1,651", "2018": "$1,520", "2017": "$1,331", "2016": "$1,463", "2015": "$1,076", "2014": "$762", "2013": "$179", "2012": "$180", "2011": "$137", "2010": "$112", "2009": "$65", "2008": "$42", "2007": "$0"}, "Apple Hospitality REIT Quarterly Total Liabilities (Millions of US $)": {"2020-09-30": "$1,841", "2020-06-30": "$1,909", "2020-03-31": "$2,112", "2019-12-31": "$1,651", "2019-09-30": "$1,663", "2019-06-30": "$1,637", "2019-03-31": "$1,657", "2018-12-31": "$1,520", "2018-09-30": "$1,416", "2018-06-30": "$1,462", "2018-03-31": "$1,417", "2017-12-31": "$1,331", "2017-09-30": "$1,410", "2017-06-30": "$1,397", "2017-03-31": "$1,487", "2016-12-31": "$1,463", "2016-09-30": "$1,482", "2016-06-30": "$1,100", "2016-03-31": "$1,094", "2015-12-31": "$1,076", "2015-09-30": "$1,045", "2015-06-30": "$864", "2015-03-31": "$650", "2014-12-31": "$762", "2014-09-30": "$751", "2014-06-30": "$748", "2014-03-31": "$742", "2013-12-31": "$179", "2013-09-30": "$204", "2013-06-30": "$196", "2013-03-31": "$184", "2012-12-31": "$180", "2012-09-30": "$185", "2012-06-30": "$165", "2012-03-31": "$133", "2011-12-31": "$137", "2011-09-30": "$139", "2011-06-30": "$137", "2011-03-31": "$117", "2010-12-31": "$112", "2010-09-30": "$96", "2010-06-30": "$64", "2010-03-31": "$62", "2009-12-31": "$65", "2009-09-30": "$65", "2009-06-30": "$63", "2009-03-31": "$44", "2008-12-31": "$42", "2008-09-30": "$0", "2008-06-30": "$0", "2008-03-31": "$0"}}, "total-share-holder-equity": {"Apple Hospitality REIT Annual Share Holder Equity (Millions of US $)": {"2019": "$3,291", "2018": "$3,409", "2017": "$3,571", "2016": "$3,517", "2015": "$2,647", "2014": "$3,015", "2013": "$1,312", "2012": "$1,346", "2011": "$1,564", "2010": "$1,634", "2009": "$917", "2008": "$390", "2007": "$0"}, "Apple Hospitality REIT Quarterly Share Holder Equity (Millions of US $)": {"2020-09-30": "$3,075", "2020-06-30": "$3,113", "2020-03-31": "$3,195", "2019-12-31": "$3,291", "2019-09-30": "$3,327", "2019-06-30": "$3,352", "2019-03-31": "$3,367", "2018-12-31": "$3,409", "2018-09-30": "$3,552", "2018-06-30": "$3,557", "2018-03-31": "$3,556", "2017-12-31": "$3,571", "2017-09-30": "$3,504", "2017-06-30": "$3,508", "2017-03-31": "$3,488", "2016-12-31": "$3,517", "2016-09-30": "$3,536", "2016-06-30": "$2,626", "2016-03-31": "$2,629", "2015-12-31": "$2,647", "2015-09-30": "$2,714", "2015-06-30": "$2,746", "2015-03-31": "$2,984", "2014-12-31": "$3,015", "2014-09-30": "$3,057", "2014-06-30": "$3,083", "2014-03-31": "$3,104", "2013-12-31": "$1,312", "2013-09-30": "$1,293", "2013-06-30": "$1,313", "2013-03-31": "$1,326", "2012-12-31": "$1,346", "2012-09-30": "$1,369", "2012-06-30": "$1,387", "2012-03-31": "$1,543", "2011-12-31": "$1,564", "2011-09-30": "$1,592", "2011-06-30": "$1,612", "2011-03-31": "$1,619", "2010-12-31": "$1,634", "2010-09-30": "$1,450", "2010-06-30": "$1,232", "2010-03-31": "$1,060", "2009-12-31": "$917", "2009-09-30": "$757", "2009-06-30": "$627", "2009-03-31": "$500", "2008-12-31": "$390", "2008-09-30": "$260", "2008-06-30": "$163", "2008-03-31": "$0"}}, "profit-margins": {"current": "-12.73%"}, "gross margin": {"2020-09-30": "55.28%", "2020-06-30": "57.81%", "2020-03-31": "60.53%", "2019-12-31": "61.64%", "2019-09-30": "61.64%", "2019-06-30": "61.71%", "2019-03-31": "61.68%", "2018-12-31": "61.73%", "2018-09-30": "61.95%", "2018-06-30": "62.05%", "2018-03-31": "61.98%", "2017-12-31": "61.99%", "2017-09-30": "61.85%", "2017-06-30": "61.79%", "2017-03-31": "61.86%", "2016-12-31": "62.02%", "2016-09-30": "62.10%", "2016-06-30": "62.29%", "2016-03-31": "62.06%", "2015-12-31": "61.92%", "2015-09-30": "62.12%", "2015-06-30": "61.85%", "2015-03-31": "61.69%", "2014-12-31": "61.82%", "2014-09-30": "61.90%", "2014-06-30": "61.68%", "2014-03-31": "61.43%", "2013-12-31": "61.60%", "2013-09-30": "61.98%", "2013-06-30": "61.90%", "2013-03-31": "61.89%", "2012-12-31": "61.75%", "2012-09-30": "61.62%", "2012-06-30": "61.32%", "2012-03-31": "61.31%", "2011-12-31": "61.25%", "2011-09-30": "60.49%", "2011-06-30": "60.25%", "2011-03-31": "59.70%", "2010-12-31": "59.63%", "2010-09-30": "58.14%", "2010-06-30": "60.18%", "2010-03-31": "62.63%", "2009-12-31": "62.79%", "2009-09-30": "68.24%", "2009-06-30": "67.24%"}, "operating margin": {"2020-09-30": "-3.69%", "2020-06-30": "5.84%", "2020-03-31": "16.07%", "2019-12-31": "18.47%", "2019-09-30": "18.87%", "2019-06-30": "19.97%", "2019-03-31": "20.14%", "2018-12-31": "20.24%", "2018-09-30": "18.67%", "2018-06-30": "18.77%", "2018-03-31": "19.21%", "2017-12-31": "18.64%", "2017-09-30": "20.94%", "2017-06-30": "17.50%", "2017-03-31": "16.95%", "2016-12-31": "17.88%", "2016-09-30": "12.77%", "2016-06-30": "16.67%", "2016-03-31": "15.68%", "2015-12-31": "15.03%", "2015-09-30": "19.50%", "2015-06-30": "18.11%", "2015-03-31": "18.13%", "2014-12-31": "3.98%", "2014-09-30": "2.74%", "2014-06-30": "-0.36%", "2014-03-31": "-6.47%", "2013-12-31": "21.13%", "2013-09-30": "21.09%", "2013-06-30": "21.16%", "2013-03-31": "20.81%", "2012-12-31": "20.77%", "2012-09-30": "20.17%", "2012-06-30": "19.77%", "2012-03-31": "18.75%", "2011-12-31": "17.50%", "2011-09-30": "11.19%", "2011-06-30": "6.97%", "2011-03-31": "2.99%", "2010-12-31": "-0.62%", "2010-09-30": "3.10%", "2010-06-30": "5.31%", "2010-03-31": "6.06%", "2009-12-31": "4.65%", "2009-09-30": "14.12%", "2009-06-30": "13.79%"}, "ebitda margin": {"2020-09-30": "22.43%", "2020-06-30": "26.67%", "2020-03-31": "32.22%", "2019-12-31": "33.70%", "2019-09-30": "33.88%", "2019-06-30": "34.91%", "2019-03-31": "34.87%", "2018-12-31": "34.80%", "2018-09-30": "33.07%", "2018-06-30": "33.02%", "2018-03-31": "33.36%", "2017-12-31": "32.77%", "2017-09-30": "35.06%", "2017-06-30": "31.61%", "2017-03-31": "31.11%", "2016-12-31": "31.92%", "2016-09-30": "26.78%", "2016-06-30": "30.77%", "2016-03-31": "29.93%", "2015-12-31": "29.29%", "2015-09-30": "33.82%", "2015-06-30": "32.35%", "2015-03-31": "32.27%", "2014-12-31": "18.03%", "2014-09-30": "16.45%", "2014-06-30": "13.55%", "2014-03-31": "7.85%", "2013-12-31": "35.57%", "2013-09-30": "35.68%", "2013-06-30": "35.71%", "2013-03-31": "35.41%", "2012-12-31": "35.25%", "2012-09-30": "34.73%", "2012-06-30": "34.38%", "2012-03-31": "33.93%", "2011-12-31": "33.13%", "2011-09-30": "27.62%", "2011-06-30": "24.59%", "2011-03-31": "21.39%", "2010-12-31": "18.63%", "2010-09-30": "22.48%", "2010-06-30": "24.78%", "2010-03-31": "25.25%", "2009-12-31": "22.09%", "2009-09-30": "29.41%", "2009-06-30": "27.59%"}, "pre tax profit margin": {"2020-09-30": "-12.66%", "2020-06-30": "-0.96%", "2020-03-31": "10.91%", "2019-12-31": "13.58%", "2019-09-30": "14.15%", "2019-06-30": "15.41%", "2019-03-31": "15.83%", "2018-12-31": "16.22%", "2018-09-30": "13.45%", "2018-06-30": "13.60%", "2018-03-31": "15.35%", "2017-12-31": "14.85%", "2017-09-30": "18.43%", "2017-06-30": "15.05%", "2017-03-31": "13.07%", "2016-12-31": "13.94%", "2016-09-30": "8.86%", "2016-06-30": "12.71%", "2016-03-31": "11.95%", "2015-12-31": "13.14%", "2015-09-30": "17.93%", "2015-06-30": "16.86%", "2015-03-31": "16.76%", "2014-12-31": "1.12%", "2014-09-30": "1.44%", "2014-06-30": "-1.25%", "2014-03-31": "-6.24%", "2013-12-31": "21.65%", "2013-09-30": "19.01%", "2013-06-30": "19.05%", "2013-03-31": "18.65%", "2012-12-31": "18.85%", "2012-09-30": "18.49%", "2012-06-30": "18.34%", "2012-03-31": "17.56%", "2011-12-31": "16.25%", "2011-09-30": "9.79%", "2011-06-30": "5.74%", "2011-03-31": "1.49%", "2010-12-31": "-1.86%", "2010-09-30": "1.55%", "2010-06-30": "3.54%", "2010-03-31": "5.05%", "2009-12-31": "3.49%", "2009-09-30": "15.29%", "2009-06-30": "17.24%"}, "net profit margin": {"2020-09-30": "-12.80%", "2020-06-30": "-1.06%", "2020-03-31": "10.82%", "2019-12-31": "13.50%", "2019-09-30": "14.15%", "2019-06-30": "15.41%", "2019-03-31": "15.83%", "2018-12-31": "16.22%", "2018-09-30": "13.45%", "2018-06-30": "13.60%", "2018-03-31": "15.35%", "2017-12-31": "14.77%", "2017-09-30": "18.43%", "2017-06-30": "15.05%", "2017-03-31": "13.07%", "2016-12-31": "14.04%", "2016-09-30": "8.86%", "2016-06-30": "12.71%", "2016-03-31": "11.84%", "2015-12-31": "13.03%", "2015-09-30": "17.70%", "2015-06-30": "16.51%", "2015-03-31": "16.53%", "2014-12-31": "0.87%", "2014-09-30": "6.06%", "2014-06-30": "4.46%", "2014-03-31": "1.15%", "2013-12-31": "29.90%", "2013-09-30": "18.75%", "2013-06-30": "19.05%", "2013-03-31": "19.19%", "2012-12-31": "20.77%", "2012-09-30": "21.57%", "2012-06-30": "22.92%", "2012-03-31": "22.92%", "2011-12-31": "21.88%", "2011-09-30": "19.93%", "2011-06-30": "17.62%", "2011-03-31": "13.93%", "2010-12-31": "10.56%", "2010-09-30": "16.28%", "2010-06-30": "15.93%", "2010-03-31": "19.19%", "2009-12-31": "19.77%", "2009-09-30": "15.29%", "2009-06-30": "17.24%"}, "pe ratio": {"current": "31.17", "2021-02-05": "0.00", "2020-09-30": "0.00", "2020-06-30": "0.00", "2020-03-31": "15.54", "2019-12-31": "20.67", "2019-09-30": "19.69", "2019-06-30": "17.20", "2019-03-31": "17.15", "2018-12-31": "14.66", "2018-09-30": "21.52", "2018-06-30": "21.46", "2018-03-31": "18.17", "2017-12-31": "20.70", "2017-09-30": "15.76", "2017-06-30": "19.47", "2017-03-31": "21.73", "2016-12-31": "20.93", "2016-09-30": "30.62", "2016-06-30": "21.63", "2016-03-31": "24.99"}, "price sales": {"2021-02-05": "3.87", "2020-09-30": "2.84", "2020-06-30": "2.30", "2020-03-31": "1.71", "2019-12-31": "2.81", "2019-09-30": "2.82", "2019-06-30": "2.67", "2019-03-31": "2.70", "2018-12-31": "2.36", "2018-09-30": "2.84", "2018-06-30": "2.87", "2018-03-31": "2.76", "2017-12-31": "3.02", "2017-09-30": "2.77", "2017-06-30": "2.72", "2017-03-31": "2.74", "2016-12-31": "2.83", "2016-09-30": "2.73", "2016-06-30": "2.77", "2016-03-31": "2.99"}, "price book": {"current": "0.95", "2021-02-05": "0.95", "2020-09-30": "0.70", "2020-06-30": "0.69", "2020-03-31": "0.64", "2019-12-31": "1.08", "2019-09-30": "1.07", "2019-06-30": "1.00", "2019-03-31": "1.00", "2018-12-31": "0.86", "2018-09-30": "1.02", "2018-06-30": "1.03", "2018-03-31": "0.99", "2017-12-31": "1.08", "2017-09-30": "1.01", "2017-06-30": "0.99", "2017-03-31": "1.00", "2016-12-31": "1.02", "2016-09-30": "0.93", "2016-06-30": "0.98", "2016-03-31": "1.01", "2015-12-31": "1.00", "2015-09-30": "0.89", "2015-06-30": "0.89"}, "price fcf": {"2021-02-05": "", "2020-09-30": "$0.53", "2020-06-30": "$1.01", "2020-03-31": "$1.56", "2019-12-31": "$1.91", "2019-09-30": "$1.90", "2019-06-30": "$1.94", "2019-03-31": "$1.97", "2018-12-31": "$1.51", "2018-09-30": "$1.65", "2018-06-30": "$1.73", "2018-03-31": "$1.78", "2017-12-31": "$1.75", "2017-09-30": "$1.63", "2017-06-30": "$1.42", "2017-03-31": "$1.36", "2016-12-31": "$1.45", "2016-09-30": "$1.25", "2016-06-30": "$1.38", "2016-03-31": "$2.57"}, "net worth": {"value": "$2.92B"}, "current ratio": {"2020-09-30": "0.51", "2020-06-30": "1.68", "2020-03-31": "4.37", "2019-12-31": "0.24", "2019-09-30": "0.38", "2019-06-30": "0.04", "2019-03-31": "0.58", "2018-12-31": "0.27", "2018-09-30": "0.06", "2018-06-30": "0.06", "2018-03-31": "0.06", "2017-12-31": "0.29", "2017-09-30": "0.05", "2017-06-30": "0.06", "2017-03-31": "0.06", "2016-12-31": "0.03", "2016-09-30": "0.05", "2016-06-30": "0.10", "2016-03-31": "0.07", "2015-12-31": "0.04", "2015-09-30": "0.07", "2015-06-30": "0.11", "2015-03-31": "0.60", "2014-12-31": "0.09", "2014-09-30": "0.15", "2014-06-30": "0.19", "2014-03-31": "0.20", "2013-12-31": "1.69", "2013-09-30": "0.17", "2013-06-30": "0.19", "2013-03-31": "0.21", "2012-12-31": "0.23", "2012-09-30": "0.32", "2012-06-30": "0.31", "2012-03-31": "0.16", "2011-12-31": "0.29", "2011-09-30": "0.54", "2011-06-30": "0.71", "2011-03-31": "1.25", "2010-12-31": "2.17", "2010-09-30": "4.38", "2010-06-30": "5.69", "2010-03-31": "5.28", "2009-12-31": "4.30", "2009-09-30": "1.81", "2009-06-30": "1.47", "2009-03-31": "3.61", "2008-12-31": "1.84", "2008-09-30": "629.26", "2008-06-30": "3187.82", "2008-03-31": "0.02"}, "quick ratio": {"2020-09-30": "0.00", "2020-06-30": "0.00", "2020-03-31": "0.00", "2019-12-31": "0.00", "2019-09-30": "0.00", "2019-06-30": "0.00", "2019-03-31": "0.00", "2018-12-31": "0.00", "2018-09-30": "0.00", "2018-06-30": "0.00", "2018-03-31": "0.00", "2017-12-31": "0.00", "2017-09-30": "0.00", "2017-06-30": "0.00", "2017-03-31": "0.00", "2016-12-31": "0.00", "2016-09-30": "0.00", "2016-06-30": "0.00", "2016-03-31": "0.00", "2015-12-31": "0.00", "2015-09-30": "0.00", "2015-06-30": "0.00", "2015-03-31": "0.00", "2014-12-31": "0.00", "2014-09-30": "0.00", "2014-06-30": "0.00", "2014-03-31": "0.00", "2013-12-31": "0.00", "2013-09-30": "0.00", "2013-06-30": "0.00", "2013-03-31": "0.00", "2012-12-31": "0.00", "2012-09-30": "0.00", "2012-06-30": "0.00", "2012-03-31": "0.00", "2011-12-31": "0.00", "2011-09-30": "0.00", "2011-06-30": "0.00", "2011-03-31": "0.00", "2010-12-31": "0.00", "2010-09-30": "0.00", "2010-06-30": "0.00", "2010-03-31": "0.00", "2009-12-31": "0.00", "2009-09-30": "0.00", "2009-06-30": "0.00", "2009-03-31": "0.00", "2008-12-31": "0.00", "2008-09-30": "0.00", "2008-06-30": "0.00", "2008-03-31": "0.00"}, "debt equity ratio": {"current": "0.56", "2020-09-30": "0.60", "2020-06-30": "0.61", "2020-03-31": "0.66", "2019-12-31": "0.50", "2019-09-30": "0.50", "2019-06-30": "0.49", "2019-03-31": "0.49", "2018-12-31": "0.45", "2018-09-30": "0.40", "2018-06-30": "0.41", "2018-03-31": "0.40", "2017-12-31": "0.37", "2017-09-30": "0.40", "2017-06-30": "0.40", "2017-03-31": "0.43", "2016-12-31": "0.42", "2016-09-30": "0.42", "2016-06-30": "0.42", "2016-03-31": "0.42", "2015-12-31": "0.41", "2015-09-30": "0.39", "2015-06-30": "0.32", "2015-03-31": "0.22", "2014-12-31": "0.25", "2014-09-30": "0.25", "2014-06-30": "0.24", "2014-03-31": "0.24", "2013-12-31": "0.14", "2013-09-30": "0.16", "2013-06-30": "0.15", "2013-03-31": "0.14", "2012-12-31": "0.13", "2012-09-30": "0.14", "2012-06-30": "0.12", "2012-03-31": "0.09", "2011-12-31": "0.09", "2011-09-30": "0.09", "2011-06-30": "0.09", "2011-03-31": "0.07", "2010-12-31": "0.07", "2010-09-30": "0.07", "2010-06-30": "0.05", "2010-03-31": "0.06", "2009-12-31": "0.07", "2009-09-30": "0.09", "2009-06-30": "0.10", "2009-03-31": "0.09", "2008-12-31": "0.11", "2008-09-30": "0.00", "2008-06-30": "0.00", "2008-03-31": "43.25"}, "return on equity": {"2020-09-30": "-3.06%", "2020-06-30": "-0.31%", "2020-03-31": "3.95%", "2019-12-31": "5.13%", "2019-09-30": "5.35%", "2019-06-30": "5.73%", "2019-03-31": "5.82%", "2018-12-31": "5.85%", "2018-09-30": "4.78%", "2018-06-30": "4.82%", "2018-03-31": "5.40%", "2017-12-31": "5.20%", "2017-09-30": "6.48%", "2017-06-30": "5.07%", "2017-03-31": "4.40%", "2016-12-31": "4.74%", "2016-09-30": "3.01%", "2016-06-30": "4.48%", "2016-03-31": "4.02%", "2015-12-31": "4.22%", "2015-09-30": "5.48%", "2015-06-30": "4.91%", "2015-03-31": "4.78%", "2014-12-31": "0.23%", "2014-09-30": "1.59%", "2014-06-30": "1.14%", "2014-03-31": "0.28%", "2013-12-31": "8.85%", "2013-09-30": "5.46%", "2013-06-30": "5.38%", "2013-03-31": "5.23%", "2012-12-31": "5.39%", "2012-09-30": "5.25%", "2012-06-30": "5.26%", "2012-03-31": "4.88%", "2011-12-31": "4.38%", "2011-09-30": "3.53%", "2011-06-30": "2.72%", "2011-03-31": "1.89%", "2010-12-31": "1.26%", "2010-09-30": "1.80%", "2010-06-30": "1.82%", "2010-03-31": "2.26%", "2009-12-31": "2.43%", "2009-09-30": "2.29%", "2009-06-30": "2.25%", "2009-03-31": "1.22%", "2008-12-31": "0.98%"}, "return on assets": {"2020-09-30": "-1.92%", "2020-06-30": "-0.20%", "2020-03-31": "2.57%", "2019-12-31": "3.43%", "2019-09-30": "3.61%", "2019-06-30": "3.94%", "2019-03-31": "4.05%", "2018-12-31": "4.14%", "2018-09-30": "3.42%", "2018-06-30": "3.45%", "2018-03-31": "3.88%", "2017-12-31": "3.72%", "2017-09-30": "4.59%", "2017-06-30": "3.58%", "2017-03-31": "3.10%", "2016-12-31": "3.35%", "2016-09-30": "2.12%", "2016-06-30": "3.19%", "2016-03-31": "2.92%", "2015-12-31": "3.18%", "2015-09-30": "4.25%", "2015-06-30": "3.91%", "2015-03-31": "3.85%", "2014-12-31": "0.18%", "2014-09-30": "1.29%", "2014-06-30": "0.94%", "2014-03-31": "0.24%", "2013-12-31": "7.72%", "2013-09-30": "4.77%", "2013-06-30": "4.72%", "2013-03-31": "4.62%", "2012-12-31": "4.82%", "2012-09-30": "4.75%", "2012-06-30": "4.81%", "2012-03-31": "4.49%", "2011-12-31": "4.05%", "2011-09-30": "3.28%", "2011-06-30": "2.54%", "2011-03-31": "1.77%", "2010-12-31": "1.19%", "2010-09-30": "1.70%", "2010-06-30": "1.70%", "2010-03-31": "2.10%", "2009-12-31": "2.24%", "2009-09-30": "2.09%", "2009-06-30": "2.08%", "2009-03-31": "1.14%", "2008-12-31": "0.93%"}, "return on investments": {"2020-09-30": "-0.57%", "2020-06-30": "1.11%", "2020-03-31": "4.19%", "2019-12-31": "5.15%", "2019-09-30": "5.29%", "2019-06-30": "7.66%", "2019-03-31": "7.44%", "2018-12-31": "7.95%", "2018-09-30": "7.32%", "2018-06-30": "5.61%", "2018-03-31": "5.71%", "2017-12-31": "5.56%", "2017-09-30": "6.51%", "2017-06-30": "5.20%", "2017-03-31": "5.01%", "2016-12-31": "5.27%", "2016-09-30": "3.76%", "2016-06-30": "5.05%", "2016-03-31": "4.55%", "2015-12-31": "4.15%", "2015-09-30": "5.15%", "2015-06-30": "4.60%", "2015-03-31": "4.48%", "2014-12-31": "0.89%", "2014-09-30": "0.62%", "2014-06-30": "-0.09%", "2014-03-31": "-2.18%", "2013-12-31": "22.25%", "2013-09-30": "inf%", "2013-06-30": "inf%", "2013-03-31": "inf%", "2012-12-31": "inf%", "2012-09-30": "inf%", "2012-06-30": "inf%", "2012-03-31": "inf%", "2011-12-31": "inf%", "2011-09-30": "inf%", "2011-06-30": "inf%", "2011-03-31": "inf%", "2010-12-31": "inf%", "2010-09-30": "inf%", "2010-06-30": "inf%", "2010-03-31": "inf%", "2009-12-31": "inf%", "2009-09-30": "inf%", "2009-06-30": "inf%", "2009-03-31": "inf%", "2008-12-31": "nan%"}, "return on tangible equity": {"2020-09-30": "-3.06%", "2020-06-30": "-0.31%", "2020-03-31": "3.95%", "2019-12-31": "5.13%", "2019-09-30": "5.35%", "2019-06-30": "5.73%", "2019-03-31": "5.82%", "2018-12-31": "5.85%", "2018-09-30": "4.78%", "2018-06-30": "4.82%", "2018-03-31": "5.40%", "2017-12-31": "5.20%", "2017-09-30": "6.48%", "2017-06-30": "5.07%", "2017-03-31": "4.40%", "2016-12-31": "4.74%", "2016-09-30": "3.01%", "2016-06-30": "4.48%", "2016-03-31": "4.02%", "2015-12-31": "4.22%", "2015-09-30": "5.48%", "2015-06-30": "4.91%", "2015-03-31": "4.78%", "2014-12-31": "0.23%", "2014-09-30": "1.59%", "2014-06-30": "1.14%", "2014-03-31": "0.28%", "2013-12-31": "8.85%", "2013-09-30": "5.46%", "2013-06-30": "5.38%", "2013-03-31": "5.23%", "2012-12-31": "5.39%", "2012-09-30": "5.25%", "2012-06-30": "5.26%", "2012-03-31": "4.88%", "2011-12-31": "4.38%", "2011-09-30": "3.53%", "2011-06-30": "2.72%", "2011-03-31": "1.89%", "2010-12-31": "1.26%", "2010-09-30": "1.80%", "2010-06-30": "1.82%", "2010-03-31": "2.26%", "2009-12-31": "2.43%", "2009-09-30": "2.29%", "2009-06-30": "2.25%", "2009-03-31": "1.22%", "2008-12-31": "0.98%"}, "dividend yield history": {"last payout": "$0.00", "last yield": "0.00%"}}