{"ticker": "AMAT", "price": {"title": "Applied Materials Historical Annual Stock Price Data", "value": 100.71, "historical": {"2021": {"Average Stock Price": "100.5175", "Year Open": "86.8700", "Year High": "109.2200", "Year Low": "86.8700", "Year Close": "100.7100", "Annual % Change": "16.70%"}, "2020": {"Average Stock Price": "61.8342", "Year Open": "62.2000", "Year High": "89.7500", "Year Low": "37.9900", "Year Close": "86.3000", "Annual % Change": "41.38%"}, "2019": {"Average Stock Price": "46.2484", "Year Open": "33.4800", "Year High": "62.3500", "Year Low": "31.5400", "Year Close": "61.0400", "Annual % Change": "86.44%"}, "2018": {"Average Stock Price": "46.3782", "Year Open": "53.0400", "Year High": "61.6100", "Year Low": "28.9900", "Year Close": "32.7400", "Annual % Change": "-35.95%"}, "2017": {"Average Stock Price": "44.4851", "Year Open": "31.9400", "Year High": "58.8000", "Year Low": "31.9400", "Year Close": "51.1200", "Annual % Change": "58.41%"}, "2016": {"Average Stock Price": "24.7073", "Year Open": "18.4700", "Year High": "33.3300", "Year Low": "15.6400", "Year Close": "32.2700", "Annual % Change": "72.84%"}, "2015": {"Average Stock Price": "19.5843", "Year Open": "24.9600", "Year High": "25.6300", "Year Low": "14.3700", "Year Close": "18.6700", "Annual % Change": "-25.08%"}, "2014": {"Average Stock Price": "20.9005", "Year Open": "17.5500", "Year High": "25.4000", "Year Low": "16.7200", "Year Close": "24.9200", "Annual % Change": "40.95%"}, "2013": {"Average Stock Price": "15.2698", "Year Open": "11.8350", "Year High": "18.1000", "Year Low": "11.5100", "Year Close": "17.6800", "Annual % Change": "54.55%"}, "2012": {"Average Stock Price": "11.4480", "Year Open": "10.7000", "Year High": "13.2100", "Year Low": "10.0050", "Year Close": "11.4400", "Annual % Change": "6.82%"}, "2011": {"Average Stock Price": "13.1107", "Year Open": "14.0600", "Year High": "16.8500", "Year Low": "9.8500", "Year Close": "10.7100", "Annual % Change": "-23.77%"}, "2010": {"Average Stock Price": "12.5904", "Year Open": "14.3000", "Year High": "14.8700", "Year Low": "10.3700", "Year Close": "14.0500", "Annual % Change": "0.79%"}, "2009": {"Average Stock Price": "11.8456", "Year Open": "10.6700", "Year High": "14.0600", "Year Low": "8.3400", "Year Close": "13.9400", "Annual % Change": "37.61%"}, "2008": {"Average Stock Price": "16.7049", "Year Open": "17.4100", "Year High": "21.5300", "Year Low": "8.1400", "Year Close": "10.1300", "Annual % Change": "-42.96%"}, "2007": {"Average Stock Price": "19.4981", "Year Open": "18.4200", "Year High": "22.9600", "Year Low": "17.4600", "Year Close": "17.7600", "Annual % Change": "-3.74%"}, "2006": {"Average Stock Price": "17.5967", "Year Open": "18.3300", "Year High": "20.8200", "Year Low": "14.7600", "Year Close": "18.4500", "Annual % Change": "2.84%"}, "2005": {"Average Stock Price": "16.9786", "Year Open": "16.8200", "Year High": "19.2000", "Year Low": "14.5000", "Year Close": "17.9400", "Annual % Change": "4.91%"}, "2004": {"Average Stock Price": "18.7265", "Year Open": "22.1000", "Year High": "24.6300", "Year Low": "15.6100", "Year Close": "17.1000", "Annual % Change": "-23.80%"}, "2003": {"Average Stock Price": "17.5291", "Year Open": "13.9800", "Year High": "25.6100", "Year Low": "11.6000", "Year Close": "22.4400", "Annual % Change": "72.22%"}, "2002": {"Average Stock Price": "18.8880", "Year Open": "20.8350", "Year High": "27.7600", "Year Low": "10.3500", "Year Close": "13.0300", "Annual % Change": "-35.01%"}, "2001": {"Average Stock Price": "22.2216", "Year Open": "19.7500", "Year High": "29.3650", "Year Low": "13.7500", "Year Close": "20.0500", "Annual % Change": "5.00%"}, "2000": {"Average Stock Price": "37.2340", "Year Open": "31.6250", "Year High": "57.4500", "Year Low": "17.6900", "Year Close": "19.0950", "Annual % Change": "-39.72%"}, "1999": {"Average Stock Price": "18.5114", "Year Open": "11.0775", "Year High": "31.9250", "Year Low": "11.0775", "Year Close": "31.6750", "Annual % Change": "196.79%"}, "1998": {"Average Stock Price": "8.2981", "Year Open": "7.7500", "Year High": "11.3600", "Year Low": "5.5950", "Year Close": "10.6725", "Annual % Change": "41.69%"}, "1997": {"Average Stock Price": "8.5400", "Year Open": "4.4063", "Year High": "13.5000", "Year Low": "4.4063", "Year Close": "7.5325", "Annual % Change": "67.67%"}, "1996": {"Average Stock Price": "4.0768", "Year Open": "5.1725", "Year High": "5.5156", "Year Low": "2.8125", "Year Close": "4.4925", "Annual % Change": "-8.74%"}, "1995": {"Average Stock Price": "4.8989", "Year Open": "2.5156", "Year High": "7.3906", "Year Low": "2.4063", "Year Close": "4.9225", "Annual % Change": "86.42%"}, "1994": {"Average Stock Price": "2.8537", "Year Open": "2.3594", "Year High": "3.2813", "Year Low": "2.3438", "Year Close": "2.6406", "Annual % Change": "9.03%"}, "1993": {"Average Stock Price": "1.7447", "Year Open": "1.0506", "Year High": "2.4531", "Year Low": "1.0506", "Year Close": "2.4219", "Annual % Change": "129.63%"}, "1992": {"Average Stock Price": "0.7469", "Year Open": "0.5234", "Year High": "1.2109", "Year Low": "0.5234", "Year Close": "1.0547", "Annual % Change": "91.49%"}, "1991": {"Average Stock Price": "0.4504", "Year Open": "0.3359", "Year High": "0.5898", "Year Low": "0.3106", "Year Close": "0.5508", "Annual % Change": "63.98%"}, "1990": {"Average Stock Price": "0.4274", "Year Open": "0.4570", "Year High": "0.6309", "Year Low": "0.2598", "Year Close": "0.3359", "Annual % Change": "-24.57%"}, "1989": {"Average Stock Price": "0.4059", "Year Open": "0.3516", "Year High": "0.5117", "Year Low": "0.3477", "Year Close": "0.4453", "Annual % Change": "28.07%"}, "1988": {"Average Stock Price": "0.4025", "Year Open": "0.3125", "Year High": "0.5586", "Year Low": "0.2636", "Year Close": "0.3477", "Annual % Change": "14.11%"}, "1987": {"Average Stock Price": "0.3235", "Year Open": "0.1523", "Year High": "0.5195", "Year Low": "0.1523", "Year Close": "0.3047", "Annual % Change": "105.32%"}, "1986": {"Average Stock Price": "0.1828", "Year Open": "0.1621", "Year High": "0.2559", "Year Low": "0.1250", "Year Close": "0.1484", "Annual % Change": "-8.45%"}, "1985": {"Average Stock Price": "0.1903", "Year Open": "0.2051", "Year High": "0.2793", "Year Low": "0.1406", "Year Close": "0.1621", "Annual % Change": "-23.14%"}}}, "market cap": {"value": "$92.42B"}, "income statement": {"Revenue": {"2020-10-31": "17202.00000", "2019-10-31": "14608.00000", "2018-10-31": "16705.00000", "2017-10-31": "14698.00000", "2016-10-31": "10825.00000", "2015-10-31": "9659.00000", "2014-10-31": "9072.00000", "2013-10-31": "7509.00000", "2012-10-31": "8719.00000", "2011-10-31": "10517.00000", "2010-10-31": "9549.00000", "2009-10-31": "5014.00000", "2008-10-31": "8129.24000", "2007-10-31": "9734.85600", "2006-10-31": "9167.01400", "2005-10-31": "6991.82300"}, "Cost Of Goods Sold": {"2020-10-31": "9510.00000", "2019-10-31": "8222.00000", "2018-10-31": "9188.00000", "2017-10-31": "8086.00000", "2016-10-31": "6314.00000", "2015-10-31": "5707.00000", "2014-10-31": "5229.00000", "2013-10-31": "4518.00000", "2012-10-31": "5406.00000", "2011-10-31": "6157.00000", "2010-10-31": "5834.00000", "2009-10-31": "3583.00000", "2008-10-31": "4686.41200", "2007-10-31": "5242.41300", "2006-10-31": "4875.21200", "2005-10-31": "3905.94900"}, "Gross Profit": {"2020-10-31": "7692.00000", "2019-10-31": "6386.00000", "2018-10-31": "7517.00000", "2017-10-31": "6612.00000", "2016-10-31": "4511.00000", "2015-10-31": "3952.00000", "2014-10-31": "3843.00000", "2013-10-31": "2991.00000", "2012-10-31": "3313.00000", "2011-10-31": "4360.00000", "2010-10-31": "3715.00000", "2009-10-31": "1431.00000", "2008-10-31": "3442.82800", "2007-10-31": "4492.44300", "2006-10-31": "4291.80200", "2005-10-31": "3085.87400"}, "Research And Development Expenses": {"2020-10-31": "2234.00000", "2019-10-31": "2054.00000", "2018-10-31": "2022.00000", "2017-10-31": "1781.00000", "2016-10-31": "1540.00000", "2015-10-31": "1451.00000", "2014-10-31": "1428.00000", "2013-10-31": "1320.00000", "2012-10-31": "1237.00000", "2011-10-31": "1118.00000", "2010-10-31": "1143.00000", "2009-10-31": "934.00000", "2008-10-31": "1104.12200", "2007-10-31": "1142.07300", "2006-10-31": "1152.32600", "2005-10-31": "940.50700"}, "SG&A Expenses": {"2020-10-31": "1093.00000", "2019-10-31": "982.00000", "2018-10-31": "1004.00000", "2017-10-31": "895.00000", "2016-10-31": "819.00000", "2015-10-31": "897.00000", "2014-10-31": "925.00000", "2013-10-31": "891.00000", "2012-10-31": "1076.00000", "2011-10-31": "901.00000", "2010-10-31": "942.00000", "2009-10-31": "735.00000", "2008-10-31": "965.16400", "2007-10-31": "952.44300", "2006-10-31": "906.74200", "2005-10-31": "697.40200"}, "Other Operating Income Or Expenses": {"2020-10-31": "", "2019-10-31": "", "2018-10-31": "", "2017-10-31": "", "2016-10-31": "", "2015-10-31": "89.00000", "2014-10-31": "30.00000", "2013-10-31": "-7.00000", "2012-10-31": "", "2011-10-31": "27.00000", "2010-10-31": "", "2009-10-31": "0.00000", "2008-10-31": "21.83700", "2007-10-31": "", "2006-10-31": "", "2005-10-31": ""}, "Operating Expenses": {"2020-10-31": "12837.00000", "2019-10-31": "11258.00000", "2018-10-31": "12214.00000", "2017-10-31": "10762.00000", "2016-10-31": "8673.00000", "2015-10-31": "7966.00000", "2014-10-31": "7552.00000", "2013-10-31": "7077.00000", "2012-10-31": "8308.00000", "2011-10-31": "8119.00000", "2010-10-31": "8165.00000", "2009-10-31": "5408.00000", "2008-10-31": "6773.81000", "2007-10-31": "7363.35000", "2006-10-31": "7146.39300", "2005-10-31": "5543.85800"}, "Operating Income": {"2020-10-31": "4365.00000", "2019-10-31": "3350.00000", "2018-10-31": "4491.00000", "2017-10-31": "3936.00000", "2016-10-31": "2152.00000", "2015-10-31": "1693.00000", "2014-10-31": "1520.00000", "2013-10-31": "432.00000", "2012-10-31": "411.00000", "2011-10-31": "2398.00000", "2010-10-31": "1384.00000", "2009-10-31": "-394.00000", "2008-10-31": "1355.43100", "2007-10-31": "2371.50600", "2006-10-31": "2020.62100", "2005-10-31": "1447.96500"}, "Total Non-Operating Income/Expense": {"2020-10-31": "-199.00000", "2019-10-31": "-81.00000", "2018-10-31": "-95.00000", "2017-10-31": "-120.00000", "2016-10-31": "-139.00000", "2015-10-31": "-95.00000", "2014-10-31": "-72.00000", "2013-10-31": "-82.00000", "2012-10-31": "-95.00000", "2011-10-31": "-20.00000", "2010-10-31": "3.00000", "2009-10-31": "-92.00000", "2008-10-31": "53.28700", "2007-10-31": "68.14700", "2006-10-31": "146.35000", "2005-10-31": "133.60400"}, "Pre-Tax Income": {"2020-10-31": "4166.00000", "2019-10-31": "3269.00000", "2018-10-31": "4396.00000", "2017-10-31": "3816.00000", "2016-10-31": "2013.00000", "2015-10-31": "1598.00000", "2014-10-31": "1448.00000", "2013-10-31": "350.00000", "2012-10-31": "316.00000", "2011-10-31": "2378.00000", "2010-10-31": "1387.00000", "2009-10-31": "-486.00000", "2008-10-31": "1408.71800", "2007-10-31": "2439.65300", "2006-10-31": "2166.97100", "2005-10-31": "1581.56900"}, "Income Taxes": {"2020-10-31": "547.00000", "2019-10-31": "563.00000", "2018-10-31": "1358.00000", "2017-10-31": "297.00000", "2016-10-31": "292.00000", "2015-10-31": "221.00000", "2014-10-31": "376.00000", "2013-10-31": "94.00000", "2012-10-31": "207.00000", "2011-10-31": "452.00000", "2010-10-31": "449.00000", "2009-10-31": "-181.00000", "2008-10-31": "447.97200", "2007-10-31": "729.45700", "2006-10-31": "650.30800", "2005-10-31": "371.66900"}, "Income After Taxes": {"2020-10-31": "3619.00000", "2019-10-31": "2706.00000", "2018-10-31": "3038.00000", "2017-10-31": "3519.00000", "2016-10-31": "1721.00000", "2015-10-31": "1377.00000", "2014-10-31": "1072.00000", "2013-10-31": "256.00000", "2012-10-31": "109.00000", "2011-10-31": "1926.00000", "2010-10-31": "938.00000", "2009-10-31": "-305.00000", "2008-10-31": "960.74600", "2007-10-31": "1710.19600", "2006-10-31": "1516.66300", "2005-10-31": "1209.90000"}, "Other Income": {"2020-10-31": "", "2019-10-31": "", "2018-10-31": "", "2017-10-31": "", "2016-10-31": "", "2015-10-31": "", "2014-10-31": "", "2013-10-31": "", "2012-10-31": "", "2011-10-31": "", "2010-10-31": "", "2009-10-31": "", "2008-10-31": "", "2007-10-31": "", "2006-10-31": "", "2005-10-31": ""}, "Income From Continuous Operations": {"2020-10-31": "3619.00000", "2019-10-31": "2706.00000", "2018-10-31": "3038.00000", "2017-10-31": "3519.00000", "2016-10-31": "1721.00000", "2015-10-31": "1377.00000", "2014-10-31": "1072.00000", "2013-10-31": "256.00000", "2012-10-31": "109.00000", "2011-10-31": "1926.00000", "2010-10-31": "938.00000", "2009-10-31": "-305.00000", "2008-10-31": "960.74600", "2007-10-31": "1710.19600", "2006-10-31": "1516.66300", "2005-10-31": "1209.90000"}, "Income From Discontinued Operations": {"2020-10-31": "", "2019-10-31": "", "2018-10-31": "", "2017-10-31": "", "2016-10-31": "", "2015-10-31": "", "2014-10-31": "", "2013-10-31": "", "2012-10-31": "", "2011-10-31": "", "2010-10-31": "", "2009-10-31": "", "2008-10-31": "", "2007-10-31": "", "2006-10-31": "", "2005-10-31": ""}, "Net Income": {"2020-10-31": "3619.00000", "2019-10-31": "2706.00000", "2018-10-31": "3038.00000", "2017-10-31": "3519.00000", "2016-10-31": "1721.00000", "2015-10-31": "1377.00000", "2014-10-31": "1072.00000", "2013-10-31": "256.00000", "2012-10-31": "109.00000", "2011-10-31": "1926.00000", "2010-10-31": "938.00000", "2009-10-31": "-305.00000", "2008-10-31": "960.74600", "2007-10-31": "1710.19600", "2006-10-31": "1516.66300", "2005-10-31": "1209.90000"}, "EBITDA": {"2020-10-31": "4741.00000", "2019-10-31": "3713.00000", "2018-10-31": "4948.00000", "2017-10-31": "4343.00000", "2016-10-31": "2541.00000", "2015-10-31": "2064.00000", "2014-10-31": "1895.00000", "2013-10-31": "1120.00000", "2012-10-31": "1254.00000", "2011-10-31": "2644.00000", "2010-10-31": "1689.00000", "2009-10-31": "-103.00000", "2008-10-31": "1675.48200", "2007-10-31": "2639.84000", "2006-10-31": "2291.03400", "2005-10-31": "1748.49400"}, "EBIT": {"2020-10-31": "4365.00000", "2019-10-31": "3350.00000", "2018-10-31": "4491.00000", "2017-10-31": "3936.00000", "2016-10-31": "2152.00000", "2015-10-31": "1693.00000", "2014-10-31": "1520.00000", "2013-10-31": "432.00000", "2012-10-31": "411.00000", "2011-10-31": "2398.00000", "2010-10-31": "1384.00000", "2009-10-31": "-394.00000", "2008-10-31": "1355.43100", "2007-10-31": "2371.50600", "2006-10-31": "2020.62100", "2005-10-31": "1447.96500"}, "Basic Shares Outstanding": {"2020-10-31": "916.00000", "2019-10-31": "937.00000", "2018-10-31": "1013.00000", "2017-10-31": "1073.00000", "2016-10-31": "1107.00000", "2015-10-31": "1214.00000", "2014-10-31": "1215.00000", "2013-10-31": "1202.00000", "2012-10-31": "1266.00000", "2011-10-31": "1319.00000", "2010-10-31": "1340.00000", "2009-10-31": "1333.00000", "2008-10-31": "1354.17600", "2007-10-31": "1406.68500", "2006-10-31": "1551.33900", "2005-10-31": "1645.53100"}, "Shares Outstanding": {"2020-10-31": "923.00000", "2019-10-31": "945.00000", "2018-10-31": "1026.00000", "2017-10-31": "1084.00000", "2016-10-31": "1116.00000", "2015-10-31": "1226.00000", "2014-10-31": "1231.00000", "2013-10-31": "1219.00000", "2012-10-31": "1277.00000", "2011-10-31": "1330.00000", "2010-10-31": "1349.00000", "2009-10-31": "1333.00000", "2008-10-31": "1374.50700", "2007-10-31": "1427.00200", "2006-10-31": "1565.07200", "2005-10-31": "1657.49300"}, "Basic EPS": {"2020-10-31": "3.95000", "2019-10-31": "2.89000", "2018-10-31": "3.00000", "2017-10-31": "3.28000", "2016-10-31": "1.56000", "2015-10-31": "1.13000", "2014-10-31": "0.88000", "2013-10-31": "0.21000", "2012-10-31": "0.09000", "2011-10-31": "1.46000", "2010-10-31": "0.70000", "2009-10-31": "-0.23000", "2008-10-31": "0.71000", "2007-10-31": "1.22000", "2006-10-31": "0.98000", "2005-10-31": "0.74000"}, "EPS - Earnings Per Share": {"2020-10-31": "3.92000", "2019-10-31": "2.86000", "2018-10-31": "2.96000", "2017-10-31": "3.25000", "2016-10-31": "1.54000", "2015-10-31": "1.12000", "2014-10-31": "0.87000", "2013-10-31": "0.21000", "2012-10-31": "0.09000", "2011-10-31": "1.45000", "2010-10-31": "0.70000", "2009-10-31": "-0.23000", "2008-10-31": "0.70000", "2007-10-31": "1.20000", "2006-10-31": "0.97000", "2005-10-31": "0.73000"}}, "income statement, quarterly": {"Revenue": {"2020-10-31": "4688.00000", "2020-07-31": "4395.00000", "2020-04-30": "3957.00000", "2020-01-31": "4162.00000", "2019-10-31": "3754.00000", "2019-07-31": "3562.00000", "2019-04-30": "3539.00000", "2019-01-31": "3753.00000", "2018-10-31": "3759.00000", "2018-07-31": "4162.00000", "2018-04-30": "4579.00000", "2018-01-31": "4205.00000", "2017-10-31": "4130.00000", "2017-07-31": "3744.00000", "2017-04-30": "3546.00000", "2017-01-31": "3278.00000", "2016-10-31": "3297.00000", "2016-07-31": "2821.00000", "2016-04-30": "2450.00000", "2016-01-31": "2257.00000", "2015-10-31": "2368.00000", "2015-07-31": "2490.00000", "2015-04-30": "2442.00000", "2015-01-31": "2359.00000", "2014-10-31": "2264.00000", "2014-07-31": "2265.00000", "2014-04-30": "2353.00000", "2014-01-31": "2190.00000", "2013-10-31": "1988.00000", "2013-07-31": "1975.00000", "2013-04-30": "1973.00000", "2013-01-31": "1573.00000", "2012-10-31": "1646.00000", "2012-07-31": "2343.00000", "2012-04-30": "2541.00000", "2012-01-31": "2189.00000", "2011-10-31": "2182.00000", "2011-07-31": "2787.00000", "2011-04-30": "2862.00000", "2011-01-31": "2686.00000", "2010-10-31": "2886.00000", "2010-07-31": "2518.00000", "2010-04-30": "2296.00000", "2010-01-31": "1849.00000", "2009-10-31": "1526.78700", "2009-07-31": "1133.74000", "2009-04-30": "1020.07700", "2009-01-31": "1333.39600", "2008-10-31": "2043.67700", "2008-07-31": "1848.16800", "2008-04-30": "2149.99800", "2008-01-31": "2087.39700", "2007-10-31": "2367.04400", "2007-07-31": "2560.98400", "2007-04-30": "2529.56100", "2007-01-31": "2277.26700", "2006-10-31": "2518.29200", "2006-07-31": "2543.44300", "2006-04-30": "2247.68600", "2006-01-31": "1857.59200", "2005-10-31": "1718.12000", "2005-07-31": "1631.93800", "2005-04-30": "1861.18900", "2005-01-31": "1780.57600"}, "Cost Of Goods Sold": {"2020-10-31": "2558.00000", "2020-07-31": "2440.00000", "2020-04-30": "2208.00000", "2020-01-31": "2304.00000", "2019-10-31": "2120.00000", "2019-07-31": "2005.00000", "2019-04-30": "2009.00000", "2019-01-31": "2088.00000", "2018-10-31": "2102.00000", "2018-07-31": "2298.00000", "2018-04-30": "2523.00000", "2018-01-31": "2265.00000", "2017-10-31": "2263.00000", "2017-07-31": "2044.00000", "2017-04-30": "1946.00000", "2017-01-31": "1833.00000", "2016-10-31": "1898.00000", "2016-07-31": "1629.00000", "2016-04-30": "1446.00000", "2016-01-31": "1341.00000", "2015-10-31": "1409.00000", "2015-07-31": "1472.00000", "2015-04-30": "1426.00000", "2015-01-31": "1400.00000", "2014-10-31": "1305.00000", "2014-07-31": "1273.00000", "2014-04-30": "1352.00000", "2014-01-31": "1299.00000", "2013-10-31": "1193.00000", "2013-07-31": "1169.00000", "2013-04-30": "1165.00000", "2013-01-31": "991.00000", "2012-10-31": "1060.00000", "2012-07-31": "1413.00000", "2012-04-30": "1530.00000", "2012-01-31": "1403.00000", "2011-10-31": "1331.00000", "2011-07-31": "1603.00000", "2011-04-30": "1673.00000", "2011-01-31": "1550.00000", "2010-10-31": "1669.00000", "2010-07-31": "1658.00000", "2010-04-30": "1369.00000", "2010-01-31": "1138.00000", "2009-10-31": "967.75600", "2009-07-31": "808.86600", "2009-04-30": "864.55800", "2009-01-31": "941.82000", "2008-10-31": "1244.97200", "2008-07-31": "1105.85400", "2008-04-30": "1183.17000", "2008-01-31": "1152.41600", "2007-10-31": "1290.13900", "2007-07-31": "1344.59400", "2007-04-30": "1392.95100", "2007-01-31": "1214.72900", "2006-10-31": "1332.16900", "2006-07-31": "1320.08900", "2006-04-30": "1203.06100", "2006-01-31": "1019.89300", "2005-10-31": "957.99010", "2005-07-31": "914.84900", "2005-04-30": "1042.75900", "2005-01-31": "990.35100"}, "Gross Profit": {"2020-10-31": "2130.00000", "2020-07-31": "1955.00000", "2020-04-30": "1749.00000", "2020-01-31": "1858.00000", "2019-10-31": "1634.00000", "2019-07-31": "1557.00000", "2019-04-30": "1530.00000", "2019-01-31": "1665.00000", "2018-10-31": "1657.00000", "2018-07-31": "1864.00000", "2018-04-30": "2056.00000", "2018-01-31": "1940.00000", "2017-10-31": "1867.00000", "2017-07-31": "1700.00000", "2017-04-30": "1600.00000", "2017-01-31": "1445.00000", "2016-10-31": "1399.00000", "2016-07-31": "1192.00000", "2016-04-30": "1004.00000", "2016-01-31": "916.00000", "2015-10-31": "959.00000", "2015-07-31": "1018.00000", "2015-04-30": "1016.00000", "2015-01-31": "959.00000", "2014-10-31": "959.00000", "2014-07-31": "992.00000", "2014-04-30": "1001.00000", "2014-01-31": "891.00000", "2013-10-31": "795.00000", "2013-07-31": "806.00000", "2013-04-30": "808.00000", "2013-01-31": "582.00000", "2012-10-31": "586.00000", "2012-07-31": "930.00000", "2012-04-30": "1011.00000", "2012-01-31": "786.00000", "2011-10-31": "851.00000", "2011-07-31": "1184.00000", "2011-04-30": "1189.00000", "2011-01-31": "1136.00000", "2010-10-31": "1217.00000", "2010-07-31": "860.00000", "2010-04-30": "927.00000", "2010-01-31": "711.00000", "2009-10-31": "559.03110", "2009-07-31": "324.87400", "2009-04-30": "155.51900", "2009-01-31": "391.57600", "2008-10-31": "798.70510", "2008-07-31": "742.31400", "2008-04-30": "966.82800", "2008-01-31": "934.98100", "2007-10-31": "1076.90500", "2007-07-31": "1216.39000", "2007-04-30": "1136.61000", "2007-01-31": "1062.53800", "2006-10-31": "1186.12300", "2006-07-31": "1223.35400", "2006-04-30": "1044.62500", "2006-01-31": "837.69900", "2005-10-31": "760.13020", "2005-07-31": "717.08900", "2005-04-30": "818.42990", "2005-01-31": "790.22500"}, "Research And Development Expenses": {"2020-10-31": "560.00000", "2020-07-31": "572.00000", "2020-04-30": "550.00000", "2020-01-31": "552.00000", "2019-10-31": "515.00000", "2019-07-31": "515.00000", "2019-04-30": "508.00000", "2019-01-31": "516.00000", "2018-10-31": "519.00000", "2018-07-31": "505.00000", "2018-04-30": "509.00000", "2018-01-31": "489.00000", "2017-10-31": "473.00000", "2017-07-31": "454.00000", "2017-04-30": "437.00000", "2017-01-31": "417.00000", "2016-10-31": "394.00000", "2016-07-31": "386.00000", "2016-04-30": "386.00000", "2016-01-31": "374.00000", "2015-10-31": "363.00000", "2015-07-31": "372.00000", "2015-04-30": "365.00000", "2015-01-31": "351.00000", "2014-10-31": "360.00000", "2014-07-31": "357.00000", "2014-04-30": "355.00000", "2014-01-31": "356.00000", "2013-10-31": "338.00000", "2013-07-31": "334.00000", "2013-04-30": "344.00000", "2013-01-31": "304.00000", "2012-10-31": "303.00000", "2012-07-31": "309.00000", "2012-04-30": "321.00000", "2012-01-31": "304.00000", "2011-10-31": "269.00000", "2011-07-31": "282.00000", "2011-04-30": "297.00000", "2011-01-31": "270.00000", "2010-10-31": "278.00000", "2010-07-31": "290.00000", "2010-04-30": "306.00000", "2010-01-31": "269.00000", "2009-10-31": "234.07300", "2009-07-31": "234.05200", "2009-04-30": "236.33500", "2009-01-31": "229.54000", "2008-10-31": "275.22200", "2008-07-31": "268.55900", "2008-04-30": "287.12200", "2008-01-31": "273.21900", "2007-10-31": "270.87800", "2007-07-31": "292.58400", "2007-04-30": "291.04400", "2007-01-31": "287.56700", "2006-10-31": "299.24010", "2006-07-31": "304.32600", "2006-04-30": "275.88300", "2006-01-31": "272.87700", "2005-10-31": "236.70800", "2005-07-31": "236.44800", "2005-04-30": "225.58900", "2005-01-31": "241.76200"}, "SG&A Expenses": {"2020-10-31": "287.00000", "2020-07-31": "275.00000", "2020-04-30": "267.00000", "2020-01-31": "264.00000", "2019-10-31": "255.00000", "2019-07-31": "240.00000", "2019-04-30": "246.00000", "2019-01-31": "241.00000", "2018-10-31": "247.00000", "2018-07-31": "266.00000", "2018-04-30": "255.00000", "2018-01-31": "236.00000", "2017-10-31": "228.00000", "2017-07-31": "223.00000", "2017-04-30": "223.00000", "2017-01-31": "221.00000", "2016-10-31": "228.00000", "2016-07-31": "210.00000", "2016-04-30": "193.00000", "2016-01-31": "188.00000", "2015-10-31": "173.00000", "2015-07-31": "247.00000", "2015-04-30": "249.00000", "2015-01-31": "228.00000", "2014-10-31": "226.00000", "2014-07-31": "234.00000", "2014-04-30": "236.00000", "2014-01-31": "229.00000", "2013-10-31": "209.00000", "2013-07-31": "208.00000", "2013-04-30": "244.00000", "2013-01-31": "230.00000", "2012-10-31": "237.00000", "2012-07-31": "255.00000", "2012-04-30": "281.00000", "2012-01-31": "303.00000", "2011-10-31": "221.00000", "2011-07-31": "240.00000", "2011-04-30": "219.00000", "2011-01-31": "221.00000", "2010-10-31": "242.00000", "2010-07-31": "252.00000", "2010-04-30": "226.00000", "2010-01-31": "222.00000", "2009-10-31": "155.88100", "2009-07-31": "168.00500", "2009-04-30": "185.75800", "2009-01-31": "225.35600", "2008-10-31": "238.54100", "2008-07-31": "245.28500", "2008-04-30": "241.44500", "2008-01-31": "239.89300", "2007-10-31": "241.89400", "2007-07-31": "250.32800", "2007-04-30": "231.49800", "2007-01-31": "228.72300", "2006-10-31": "250.56400", "2006-07-31": "240.89300", "2006-04-30": "209.24900", "2006-01-31": "206.03600", "2005-10-31": "171.88200", "2005-07-31": "177.94400", "2005-04-30": "181.32300", "2005-01-31": "166.25300"}, "Other Operating Income Or Expenses": {"2020-10-31": "", "2020-07-31": "", "2020-04-30": "", "2020-01-31": "", "2019-10-31": "", "2019-07-31": "", "2019-04-30": "", "2019-01-31": "", "2018-10-31": "", "2018-07-31": "", "2018-04-30": "", "2018-01-31": "", "2017-10-31": "", "2017-07-31": "", "2017-04-30": "", "2017-01-31": "", "2016-10-31": "", "2016-07-31": "", "2016-04-30": "", "2016-01-31": "", "2015-10-31": "", "2015-07-31": "-3.00000", "2015-04-30": "14.00000", "2015-01-31": "78.00000", "2014-10-31": "39.00000", "2014-07-31": "-10.00000", "2014-04-30": "-23.00000", "2014-01-31": "24.00000", "2013-10-31": "", "2013-07-31": "", "2013-04-30": "", "2013-01-31": "", "2012-10-31": "", "2012-07-31": "", "2012-04-30": "", "2012-01-31": "", "2011-10-31": "-1.00000", "2011-07-31": "28.00000", "2011-04-30": "", "2011-01-31": "", "2010-10-31": "", "2010-07-31": "0.00000", "2010-04-30": "", "2010-01-31": "", "2009-10-31": "", "2009-07-31": "", "2009-04-30": "", "2009-01-31": "", "2008-10-31": "120.82900", "2008-07-31": "", "2008-04-30": "-1.02000", "2008-01-31": "-97.97200", "2007-10-31": "", "2007-07-31": "-3.23200", "2007-04-30": "-50.08800", "2007-01-31": "6.55600", "2006-10-31": "", "2006-07-31": "5.29200", "2006-04-30": "3.15600", "2006-01-31": "-429.69400", "2005-10-31": "", "2005-07-31": "", "2005-04-30": "", "2005-01-31": ""}, "Operating Expenses": {"2020-10-31": "3405.00000", "2020-07-31": "3287.00000", "2020-04-30": "3025.00000", "2020-01-31": "3120.00000", "2019-10-31": "2890.00000", "2019-07-31": "2760.00000", "2019-04-30": "2763.00000", "2019-01-31": "2845.00000", "2018-10-31": "2868.00000", "2018-07-31": "3069.00000", "2018-04-30": "3287.00000", "2018-01-31": "2990.00000", "2017-10-31": "2964.00000", "2017-07-31": "2721.00000", "2017-04-30": "2606.00000", "2017-01-31": "2471.00000", "2016-10-31": "2520.00000", "2016-07-31": "2225.00000", "2016-04-30": "2025.00000", "2016-01-31": "1903.00000", "2015-10-31": "1945.00000", "2015-07-31": "2094.00000", "2015-04-30": "2026.00000", "2015-01-31": "1901.00000", "2014-10-31": "1852.00000", "2014-07-31": "1874.00000", "2014-04-30": "1966.00000", "2014-01-31": "1860.00000", "2013-10-31": "1777.00000", "2013-07-31": "1725.00000", "2013-04-30": "2041.00000", "2013-01-31": "1534.00000", "2012-10-31": "2145.00000", "2012-07-31": "2021.00000", "2012-04-30": "2132.00000", "2012-01-31": "2010.00000", "2011-10-31": "1822.00000", "2011-07-31": "2100.00000", "2011-04-30": "2185.00000", "2011-01-31": "2012.00000", "2010-10-31": "2187.00000", "2010-07-31": "2335.00000", "2010-04-30": "1910.00000", "2010-01-31": "1733.00000", "2009-10-31": "1354.22900", "2009-07-31": "1210.92300", "2009-04-30": "1313.36000", "2009-01-31": "1529.48800", "2008-10-31": "1727.21200", "2008-07-31": "1619.83600", "2008-04-30": "1712.24700", "2008-01-31": "1714.51400", "2007-10-31": "1805.95000", "2007-07-31": "1889.12200", "2007-04-30": "1940.53700", "2007-01-31": "1727.74100", "2006-10-31": "1883.46300", "2006-07-31": "1862.66200", "2006-04-30": "1686.61500", "2006-01-31": "1713.65300", "2005-10-31": "1366.58000", "2005-07-31": "1329.24100", "2005-04-30": "1449.67100", "2005-01-31": "1398.36600"}, "Operating Income": {"2020-10-31": "1283.00000", "2020-07-31": "1108.00000", "2020-04-30": "932.00000", "2020-01-31": "1042.00000", "2019-10-31": "864.00000", "2019-07-31": "802.00000", "2019-04-30": "776.00000", "2019-01-31": "908.00000", "2018-10-31": "891.00000", "2018-07-31": "1093.00000", "2018-04-30": "1292.00000", "2018-01-31": "1215.00000", "2017-10-31": "1166.00000", "2017-07-31": "1023.00000", "2017-04-30": "940.00000", "2017-01-31": "807.00000", "2016-10-31": "777.00000", "2016-07-31": "596.00000", "2016-04-30": "425.00000", "2016-01-31": "354.00000", "2015-10-31": "423.00000", "2015-07-31": "396.00000", "2015-04-30": "416.00000", "2015-01-31": "458.00000", "2014-10-31": "412.00000", "2014-07-31": "391.00000", "2014-04-30": "387.00000", "2014-01-31": "330.00000", "2013-10-31": "211.00000", "2013-07-31": "250.00000", "2013-04-30": "-68.00000", "2013-01-31": "39.00000", "2012-10-31": "-499.00000", "2012-07-31": "322.00000", "2012-04-30": "409.00000", "2012-01-31": "179.00000", "2011-10-31": "360.00000", "2011-07-31": "687.00000", "2011-04-30": "677.00000", "2011-01-31": "674.00000", "2010-10-31": "699.00000", "2010-07-31": "183.00000", "2010-04-30": "386.00000", "2010-01-31": "116.00000", "2009-10-31": "172.55770", "2009-07-31": "-77.18300", "2009-04-30": "-293.28280", "2009-01-31": "-196.09190", "2008-10-31": "316.46480", "2008-07-31": "228.33200", "2008-04-30": "437.75100", "2008-01-31": "372.88280", "2007-10-31": "561.09450", "2007-07-31": "671.86180", "2007-04-30": "589.02380", "2007-01-31": "549.52610", "2006-10-31": "634.82950", "2006-07-31": "680.78100", "2006-04-30": "561.07090", "2006-01-31": "143.93910", "2005-10-31": "351.53990", "2005-07-31": "302.69700", "2005-04-30": "411.51790", "2005-01-31": "382.21010"}, "Total Non-Operating Income/Expense": {"2020-10-31": "-40.00000", "2020-07-31": "-68.00000", "2020-04-30": "-54.00000", "2020-01-31": "-37.00000", "2019-10-31": "-24.00000", "2019-07-31": "-20.00000", "2019-04-30": "-17.00000", "2019-01-31": "-20.00000", "2018-10-31": "-16.00000", "2018-07-31": "-16.00000", "2018-04-30": "-31.00000", "2018-01-31": "-32.00000", "2017-10-31": "-7.00000", "2017-07-31": "-45.00000", "2017-04-30": "-32.00000", "2017-01-31": "-36.00000", "2016-10-31": "-37.00000", "2016-07-31": "-32.00000", "2016-04-30": "-30.00000", "2016-01-31": "-40.00000", "2015-10-31": "-26.00000", "2015-07-31": "-21.00000", "2015-04-30": "-27.00000", "2015-01-31": "-21.00000", "2014-10-31": "-14.00000", "2014-07-31": "-21.00000", "2014-04-30": "-22.00000", "2014-01-31": "-15.00000", "2013-10-31": "-17.00000", "2013-07-31": "-22.00000", "2013-04-30": "-22.00000", "2013-01-31": "-21.00000", "2012-10-31": "-33.00000", "2012-07-31": "-20.00000", "2012-04-30": "-22.00000", "2012-01-31": "-20.00000", "2011-10-31": "-17.00000", "2011-07-31": "-18.00000", "2011-04-30": "9.00000", "2011-01-31": "6.00000", "2010-10-31": "4.00000", "2010-07-31": "-5.00000", "2010-04-30": "1.00000", "2010-01-31": "3.00000", "2009-10-31": "1.09300", "2009-07-31": "2.99900", "2009-04-30": "-89.52500", "2009-01-31": "-6.56700", "2008-10-31": "6.22400", "2008-07-31": "14.23200", "2008-04-30": "16.39200", "2008-01-31": "16.43900", "2007-10-31": "18.15100", "2007-07-31": "15.04500", "2007-04-30": "19.25300", "2007-01-31": "15.69800", "2006-10-31": "25.23900", "2006-07-31": "41.73000", "2006-04-30": "39.39500", "2006-01-31": "39.98600", "2005-10-31": "38.97400", "2005-07-31": "36.61000", "2005-04-30": "30.63400", "2005-01-31": "27.38600"}, "Pre-Tax Income": {"2020-10-31": "1243.00000", "2020-07-31": "1040.00000", "2020-04-30": "878.00000", "2020-01-31": "1005.00000", "2019-10-31": "840.00000", "2019-07-31": "782.00000", "2019-04-30": "759.00000", "2019-01-31": "888.00000", "2018-10-31": "875.00000", "2018-07-31": "1077.00000", "2018-04-30": "1261.00000", "2018-01-31": "1183.00000", "2017-10-31": "1159.00000", "2017-07-31": "978.00000", "2017-04-30": "908.00000", "2017-01-31": "771.00000", "2016-10-31": "740.00000", "2016-07-31": "564.00000", "2016-04-30": "395.00000", "2016-01-31": "314.00000", "2015-10-31": "397.00000", "2015-07-31": "375.00000", "2015-04-30": "389.00000", "2015-01-31": "437.00000", "2014-10-31": "398.00000", "2014-07-31": "370.00000", "2014-04-30": "365.00000", "2014-01-31": "315.00000", "2013-10-31": "194.00000", "2013-07-31": "228.00000", "2013-04-30": "-90.00000", "2013-01-31": "18.00000", "2012-10-31": "-532.00000", "2012-07-31": "302.00000", "2012-04-30": "387.00000", "2012-01-31": "159.00000", "2011-10-31": "343.00000", "2011-07-31": "669.00000", "2011-04-30": "686.00000", "2011-01-31": "680.00000", "2010-10-31": "703.00000", "2010-07-31": "178.00000", "2010-04-30": "387.00000", "2010-01-31": "119.00000", "2009-10-31": "173.65100", "2009-07-31": "-74.18400", "2009-04-30": "-382.80800", "2009-01-31": "-202.65900", "2008-10-31": "322.68910", "2008-07-31": "242.56400", "2008-04-30": "454.14300", "2008-01-31": "389.32200", "2007-10-31": "579.24510", "2007-07-31": "686.90700", "2007-04-30": "608.27700", "2007-01-31": "565.22400", "2006-10-31": "660.06900", "2006-07-31": "722.51100", "2006-04-30": "600.46600", "2006-01-31": "183.92500", "2005-10-31": "390.51400", "2005-07-31": "339.30700", "2005-04-30": "442.15200", "2005-01-31": "409.59600"}, "Income Taxes": {"2020-10-31": "112.00000", "2020-07-31": "199.00000", "2020-04-30": "123.00000", "2020-01-31": "113.00000", "2019-10-31": "142.00000", "2019-07-31": "211.00000", "2019-04-30": "93.00000", "2019-01-31": "117.00000", "2018-10-31": "118.00000", "2018-07-31": "61.00000", "2018-04-30": "161.00000", "2018-01-31": "1018.00000", "2017-10-31": "92.00000", "2017-07-31": "53.00000", "2017-04-30": "84.00000", "2017-01-31": "68.00000", "2016-10-31": "130.00000", "2016-07-31": "59.00000", "2016-04-30": "75.00000", "2016-01-31": "28.00000", "2015-10-31": "61.00000", "2015-07-31": "46.00000", "2015-04-30": "25.00000", "2015-01-31": "89.00000", "2014-10-31": "142.00000", "2014-07-31": "69.00000", "2014-04-30": "103.00000", "2014-01-31": "62.00000", "2013-10-31": "11.00000", "2013-07-31": "60.00000", "2013-04-30": "39.00000", "2013-01-31": "-16.00000", "2012-10-31": "-17.00000", "2012-07-31": "84.00000", "2012-04-30": "98.00000", "2012-01-31": "42.00000", "2011-10-31": "-112.00000", "2011-07-31": "193.00000", "2011-04-30": "197.00000", "2011-01-31": "174.00000", "2010-10-31": "235.00000", "2010-07-31": "55.00000", "2010-04-30": "123.00000", "2010-01-31": "36.00000", "2009-10-31": "35.46200", "2009-07-31": "-19.31900", "2009-04-30": "-127.41800", "2009-01-31": "-69.72500", "2008-10-31": "91.59400", "2008-07-31": "77.79600", "2008-04-30": "151.63600", "2008-01-31": "126.94600", "2007-10-31": "157.48390", "2007-07-31": "213.39200", "2007-04-30": "196.83300", "2007-01-31": "161.74800", "2006-10-31": "211.04000", "2006-07-31": "210.47100", "2006-04-30": "187.65200", "2006-01-31": "41.14500", "2005-10-31": "143.80000", "2005-07-31": "-30.28400", "2005-04-30": "137.32200", "2005-01-31": "120.83100"}, "Income After Taxes": {"2020-10-31": "1131.00000", "2020-07-31": "841.00000", "2020-04-30": "755.00000", "2020-01-31": "892.00000", "2019-10-31": "698.00000", "2019-07-31": "571.00000", "2019-04-30": "666.00000", "2019-01-31": "771.00000", "2018-10-31": "757.00000", "2018-07-31": "1016.00000", "2018-04-30": "1100.00000", "2018-01-31": "165.00000", "2017-10-31": "1067.00000", "2017-07-31": "925.00000", "2017-04-30": "824.00000", "2017-01-31": "703.00000", "2016-10-31": "610.00000", "2016-07-31": "505.00000", "2016-04-30": "320.00000", "2016-01-31": "286.00000", "2015-10-31": "336.00000", "2015-07-31": "329.00000", "2015-04-30": "364.00000", "2015-01-31": "348.00000", "2014-10-31": "256.00000", "2014-07-31": "301.00000", "2014-04-30": "262.00000", "2014-01-31": "253.00000", "2013-10-31": "183.00000", "2013-07-31": "168.00000", "2013-04-30": "-129.00000", "2013-01-31": "34.00000", "2012-10-31": "-515.00000", "2012-07-31": "218.00000", "2012-04-30": "289.00000", "2012-01-31": "117.00000", "2011-10-31": "455.00000", "2011-07-31": "476.00000", "2011-04-30": "489.00000", "2011-01-31": "506.00000", "2010-10-31": "468.00000", "2010-07-31": "123.00000", "2010-04-30": "264.00000", "2010-01-31": "83.00000", "2009-10-31": "138.18900", "2009-07-31": "-54.86500", "2009-04-30": "-255.39000", "2009-01-31": "-132.93400", "2008-10-31": "231.09500", "2008-07-31": "164.76800", "2008-04-30": "302.50700", "2008-01-31": "262.37600", "2007-10-31": "421.76100", "2007-07-31": "473.51500", "2007-04-30": "411.44400", "2007-01-31": "403.47600", "2006-10-31": "449.02900", "2006-07-31": "512.04000", "2006-04-30": "412.81400", "2006-01-31": "142.78000", "2005-10-31": "246.71390", "2005-07-31": "369.59100", "2005-04-30": "304.83000", "2005-01-31": "288.76500"}, "Other Income": {"2020-10-31": "", "2020-07-31": "", "2020-04-30": "", "2020-01-31": "", "2019-10-31": "", "2019-07-31": "", "2019-04-30": "", "2019-01-31": "", "2018-10-31": "", "2018-07-31": "", "2018-04-30": "", "2018-01-31": "", "2017-10-31": "", "2017-07-31": "", "2017-04-30": "", "2017-01-31": "", "2016-10-31": "", "2016-07-31": "", "2016-04-30": "", "2016-01-31": "", "2015-10-31": "", "2015-07-31": "", "2015-04-30": "", "2015-01-31": "", "2014-10-31": "", "2014-07-31": "", "2014-04-30": "", "2014-01-31": "", "2013-10-31": "", "2013-07-31": "", "2013-04-30": "", "2013-01-31": "", "2012-10-31": "", "2012-07-31": "", "2012-04-30": "", "2012-01-31": "", "2011-10-31": "", "2011-07-31": "", "2011-04-30": "", "2011-01-31": "", "2010-10-31": "", "2010-07-31": "", "2010-04-30": "", "2010-01-31": "", "2009-10-31": "", "2009-07-31": "", "2009-04-30": "", "2009-01-31": "", "2008-10-31": "", "2008-07-31": "", "2008-04-30": "", "2008-01-31": "", "2007-10-31": "", "2007-07-31": "", "2007-04-30": "", "2007-01-31": "", "2006-10-31": "", "2006-07-31": "", "2006-04-30": "", "2006-01-31": "", "2005-10-31": "", "2005-07-31": "", "2005-04-30": "", "2005-01-31": ""}, "Income From Continuous Operations": {"2020-10-31": "1131.00000", "2020-07-31": "841.00000", "2020-04-30": "755.00000", "2020-01-31": "892.00000", "2019-10-31": "698.00000", "2019-07-31": "571.00000", "2019-04-30": "666.00000", "2019-01-31": "771.00000", "2018-10-31": "757.00000", "2018-07-31": "1016.00000", "2018-04-30": "1100.00000", "2018-01-31": "165.00000", "2017-10-31": "1067.00000", "2017-07-31": "925.00000", "2017-04-30": "824.00000", "2017-01-31": "703.00000", "2016-10-31": "610.00000", "2016-07-31": "505.00000", "2016-04-30": "320.00000", "2016-01-31": "286.00000", "2015-10-31": "336.00000", "2015-07-31": "329.00000", "2015-04-30": "364.00000", "2015-01-31": "348.00000", "2014-10-31": "256.00000", "2014-07-31": "301.00000", "2014-04-30": "262.00000", "2014-01-31": "253.00000", "2013-10-31": "183.00000", "2013-07-31": "168.00000", "2013-04-30": "-129.00000", "2013-01-31": "34.00000", "2012-10-31": "-515.00000", "2012-07-31": "218.00000", "2012-04-30": "289.00000", "2012-01-31": "117.00000", "2011-10-31": "455.00000", "2011-07-31": "476.00000", "2011-04-30": "489.00000", "2011-01-31": "506.00000", "2010-10-31": "468.00000", "2010-07-31": "123.00000", "2010-04-30": "264.00000", "2010-01-31": "83.00000", "2009-10-31": "138.18900", "2009-07-31": "-54.86500", "2009-04-30": "-255.39000", "2009-01-31": "-132.93400", "2008-10-31": "231.09500", "2008-07-31": "164.76800", "2008-04-30": "302.50700", "2008-01-31": "262.37600", "2007-10-31": "421.76100", "2007-07-31": "473.51500", "2007-04-30": "411.44400", "2007-01-31": "403.47600", "2006-10-31": "449.02900", "2006-07-31": "512.04000", "2006-04-30": "412.81400", "2006-01-31": "142.78000", "2005-10-31": "246.71390", "2005-07-31": "369.59100", "2005-04-30": "304.83000", "2005-01-31": "288.76500"}, "Income From Discontinued Operations": {"2020-10-31": "", "2020-07-31": "", "2020-04-30": "", "2020-01-31": "", "2019-10-31": "", "2019-07-31": "", "2019-04-30": "", "2019-01-31": "", "2018-10-31": "", "2018-07-31": "", "2018-04-30": "", "2018-01-31": "", "2017-10-31": "", "2017-07-31": "", "2017-04-30": "", "2017-01-31": "", "2016-10-31": "", "2016-07-31": "", "2016-04-30": "", "2016-01-31": "", "2015-10-31": "", "2015-07-31": "", "2015-04-30": "", "2015-01-31": "", "2014-10-31": "", "2014-07-31": "", "2014-04-30": "", "2014-01-31": "", "2013-10-31": "", "2013-07-31": "", "2013-04-30": "", "2013-01-31": "", "2012-10-31": "", "2012-07-31": "", "2012-04-30": "", "2012-01-31": "", "2011-10-31": "", "2011-07-31": "", "2011-04-30": "", "2011-01-31": "", "2010-10-31": "", "2010-07-31": "", "2010-04-30": "", "2010-01-31": "", "2009-10-31": "", "2009-07-31": "", "2009-04-30": "", "2009-01-31": "", "2008-10-31": "", "2008-07-31": "", "2008-04-30": "", "2008-01-31": "", "2007-10-31": "", "2007-07-31": "", "2007-04-30": "", "2007-01-31": "", "2006-10-31": "", "2006-07-31": "", "2006-04-30": "", "2006-01-31": "", "2005-10-31": "", "2005-07-31": "", "2005-04-30": "", "2005-01-31": ""}, "Net Income": {"2020-10-31": "1131.00000", "2020-07-31": "841.00000", "2020-04-30": "755.00000", "2020-01-31": "892.00000", "2019-10-31": "698.00000", "2019-07-31": "571.00000", "2019-04-30": "666.00000", "2019-01-31": "771.00000", "2018-10-31": "757.00000", "2018-07-31": "1016.00000", "2018-04-30": "1100.00000", "2018-01-31": "165.00000", "2017-10-31": "1067.00000", "2017-07-31": "925.00000", "2017-04-30": "824.00000", "2017-01-31": "703.00000", "2016-10-31": "610.00000", "2016-07-31": "505.00000", "2016-04-30": "320.00000", "2016-01-31": "286.00000", "2015-10-31": "336.00000", "2015-07-31": "329.00000", "2015-04-30": "364.00000", "2015-01-31": "348.00000", "2014-10-31": "256.00000", "2014-07-31": "301.00000", "2014-04-30": "262.00000", "2014-01-31": "253.00000", "2013-10-31": "183.00000", "2013-07-31": "168.00000", "2013-04-30": "-129.00000", "2013-01-31": "34.00000", "2012-10-31": "-515.00000", "2012-07-31": "218.00000", "2012-04-30": "289.00000", "2012-01-31": "117.00000", "2011-10-31": "455.00000", "2011-07-31": "476.00000", "2011-04-30": "489.00000", "2011-01-31": "506.00000", "2010-10-31": "468.00000", "2010-07-31": "123.00000", "2010-04-30": "264.00000", "2010-01-31": "83.00000", "2009-10-31": "138.18900", "2009-07-31": "-54.86500", "2009-04-30": "-255.39000", "2009-01-31": "-132.93400", "2008-10-31": "231.09500", "2008-07-31": "164.76800", "2008-04-30": "302.50700", "2008-01-31": "262.37600", "2007-10-31": "421.76100", "2007-07-31": "473.51500", "2007-04-30": "411.44400", "2007-01-31": "403.47600", "2006-10-31": "449.02900", "2006-07-31": "512.04000", "2006-04-30": "412.81400", "2006-01-31": "142.78000", "2005-10-31": "246.71400", "2005-07-31": "369.59100", "2005-04-30": "304.83000", "2005-01-31": "288.76500"}, "EBITDA": {"2020-10-31": "1380.00000", "2020-07-31": "1202.00000", "2020-04-30": "1023.00000", "2020-01-31": "1136.00000", "2019-10-31": "956.00000", "2019-07-31": "891.00000", "2019-04-30": "870.00000", "2019-01-31": "996.00000", "2018-10-31": "1011.00000", "2018-07-31": "1203.00000", "2018-04-30": "1400.00000", "2018-01-31": "1334.00000", "2017-10-31": "1271.00000", "2017-07-31": "1125.00000", "2017-04-30": "1043.00000", "2017-01-31": "904.00000", "2016-10-31": "877.00000", "2016-07-31": "693.00000", "2016-04-30": "521.00000", "2016-01-31": "450.00000", "2015-10-31": "519.00000", "2015-07-31": "489.00000", "2015-04-30": "506.00000", "2015-01-31": "550.00000", "2014-10-31": "506.00000", "2014-07-31": "484.00000", "2014-04-30": "481.00000", "2014-01-31": "424.00000", "2013-10-31": "309.00000", "2013-07-31": "350.00000", "2013-04-30": "316.00000", "2013-01-31": "145.00000", "2012-10-31": "19.00000", "2012-07-31": "427.00000", "2012-04-30": "517.00000", "2012-01-31": "291.00000", "2011-10-31": "419.00000", "2011-07-31": "746.00000", "2011-04-30": "742.00000", "2011-01-31": "737.00000", "2010-10-31": "768.00000", "2010-07-31": "256.00000", "2010-04-30": "473.00000", "2010-01-31": "192.00000", "2009-10-31": "243.94870", "2009-07-31": "-3.68200", "2009-04-30": "-218.40280", "2009-01-31": "-124.86390", "2008-10-31": "396.47680", "2008-07-31": "314.05000", "2008-04-30": "513.59800", "2008-01-31": "451.35680", "2007-10-31": "642.11850", "2007-07-31": "735.19380", "2007-04-30": "652.09780", "2007-01-31": "610.43010", "2006-10-31": "707.85750", "2006-07-31": "742.65200", "2006-04-30": "626.90890", "2006-01-31": "213.61510", "2005-10-31": "425.85300", "2005-07-31": "375.02400", "2005-04-30": "486.12590", "2005-01-31": "461.49110"}, "EBIT": {"2020-10-31": "1283.00000", "2020-07-31": "1108.00000", "2020-04-30": "932.00000", "2020-01-31": "1042.00000", "2019-10-31": "864.00000", "2019-07-31": "802.00000", "2019-04-30": "776.00000", "2019-01-31": "908.00000", "2018-10-31": "891.00000", "2018-07-31": "1093.00000", "2018-04-30": "1292.00000", "2018-01-31": "1215.00000", "2017-10-31": "1166.00000", "2017-07-31": "1023.00000", "2017-04-30": "940.00000", "2017-01-31": "807.00000", "2016-10-31": "777.00000", "2016-07-31": "596.00000", "2016-04-30": "425.00000", "2016-01-31": "354.00000", "2015-10-31": "423.00000", "2015-07-31": "396.00000", "2015-04-30": "416.00000", "2015-01-31": "458.00000", "2014-10-31": "412.00000", "2014-07-31": "391.00000", "2014-04-30": "387.00000", "2014-01-31": "330.00000", "2013-10-31": "211.00000", "2013-07-31": "250.00000", "2013-04-30": "-68.00000", "2013-01-31": "39.00000", "2012-10-31": "-499.00000", "2012-07-31": "322.00000", "2012-04-30": "409.00000", "2012-01-31": "179.00000", "2011-10-31": "360.00000", "2011-07-31": "687.00000", "2011-04-30": "677.00000", "2011-01-31": "674.00000", "2010-10-31": "699.00000", "2010-07-31": "183.00000", "2010-04-30": "386.00000", "2010-01-31": "116.00000", "2009-10-31": "172.55770", "2009-07-31": "-77.18300", "2009-04-30": "-293.28280", "2009-01-31": "-196.09190", "2008-10-31": "316.46480", "2008-07-31": "228.33200", "2008-04-30": "437.75100", "2008-01-31": "372.88280", "2007-10-31": "561.09460", "2007-07-31": "671.86180", "2007-04-30": "589.02380", "2007-01-31": "549.52610", "2006-10-31": "634.82960", "2006-07-31": "680.78100", "2006-04-30": "561.07090", "2006-01-31": "143.93910", "2005-10-31": "351.54030", "2005-07-31": "302.69700", "2005-04-30": "411.51790", "2005-01-31": "382.21010"}, "Basic Shares Outstanding": {"2020-10-31": "916.00000", "2020-07-31": "915.00000", "2020-04-30": "917.00000", "2020-01-31": "916.00000", "2019-10-31": "937.00000", "2019-07-31": "929.00000", "2019-04-30": "942.00000", "2019-01-31": "957.00000", "2018-10-31": "1013.00000", "2018-07-31": "994.00000", "2018-04-30": "1029.00000", "2018-01-31": "1056.00000", "2017-10-31": "1073.00000", "2017-07-31": "1071.00000", "2017-04-30": "1078.00000", "2017-01-31": "1078.00000", "2016-10-31": "1107.00000", "2016-07-31": "1083.00000", "2016-04-30": "1113.00000", "2016-01-31": "1146.00000", "2015-10-31": "1214.00000", "2015-07-31": "1221.00000", "2015-04-30": "1230.00000", "2015-01-31": "1224.00000", "2014-10-31": "1215.00000", "2014-07-31": "1218.00000", "2014-04-30": "1216.00000", "2014-01-31": "1206.00000", "2013-10-31": "1202.00000", "2013-07-31": "1203.00000", "2013-04-30": "1203.00000", "2013-01-31": "1198.00000", "2012-10-31": "1266.00000", "2012-07-31": "1257.00000", "2012-04-30": "1289.00000", "2012-01-31": "1299.00000", "2011-10-31": "1319.00000", "2011-07-31": "1318.00000", "2011-04-30": "1320.00000", "2011-01-31": "1324.00000", "2010-10-31": "1340.00000", "2010-07-31": "1340.00000", "2010-04-30": "1345.00000", "2010-01-31": "1342.00000", "2009-10-31": "1333.00000", "2009-07-31": "1333.27800", "2009-04-30": "1331.72900", "2009-01-31": "1329.22300", "2008-10-31": "1354.17600", "2008-07-31": "1350.52600", "2008-04-30": "1356.70500", "2008-01-31": "1371.24500", "2007-10-31": "1406.68500", "2007-07-31": "1385.51900", "2007-04-30": "1391.07600", "2007-01-31": "1394.71000", "2006-10-31": "1551.33900", "2006-07-31": "1550.74400", "2006-04-30": "1576.54800", "2006-01-31": "1598.26000", "2005-10-31": "1645.53100", "2005-07-31": "1630.89500", "2005-04-30": "1660.58400", "2005-01-31": "1672.67100"}, "Shares Outstanding": {"2020-10-31": "923.00000", "2020-07-31": "922.00000", "2020-04-30": "923.00000", "2020-01-31": "927.00000", "2019-10-31": "945.00000", "2019-07-31": "937.00000", "2019-04-30": "948.00000", "2019-01-31": "965.00000", "2018-10-31": "1026.00000", "2018-07-31": "1005.00000", "2018-04-30": "1040.00000", "2018-01-31": "1071.00000", "2017-10-31": "1084.00000", "2017-07-31": "1083.00000", "2017-04-30": "1087.00000", "2017-01-31": "1089.00000", "2016-10-31": "1116.00000", "2016-07-31": "1093.00000", "2016-04-30": "1119.00000", "2016-01-31": "1154.00000", "2015-10-31": "1226.00000", "2015-07-31": "1231.00000", "2015-04-30": "1241.00000", "2015-01-31": "1240.00000", "2014-10-31": "1231.00000", "2014-07-31": "1233.00000", "2014-04-30": "1229.00000", "2014-01-31": "1225.00000", "2013-10-31": "1219.00000", "2013-07-31": "1220.00000", "2013-04-30": "1203.00000", "2013-01-31": "1212.00000", "2012-10-31": "1277.00000", "2012-07-31": "1268.00000", "2012-04-30": "1301.00000", "2012-01-31": "1310.00000", "2011-10-31": "1330.00000", "2011-07-31": "1330.00000", "2011-04-30": "1333.00000", "2011-01-31": "1335.00000", "2010-10-31": "1349.00000", "2010-07-31": "1349.00000", "2010-04-30": "1352.00000", "2010-01-31": "1350.00000", "2009-10-31": "1333.00000", "2009-07-31": "1333.27800", "2009-04-30": "1331.72900", "2009-01-31": "1329.22300", "2008-10-31": "1374.50700", "2008-07-31": "1367.55700", "2008-04-30": "1373.31400", "2008-01-31": "1383.88600", "2007-10-31": "1427.00200", "2007-07-31": "1407.26400", "2007-04-30": "1407.25500", "2007-01-31": "1409.01400", "2006-10-31": "1565.07200", "2006-07-31": "1562.61500", "2006-04-30": "1586.40400", "2006-01-31": "1608.16500", "2005-10-31": "1657.49300", "2005-07-31": "1641.81800", "2005-04-30": "1671.82200", "2005-01-31": "1687.14000"}, "Basic EPS": {"2020-10-31": "1.24000", "2020-07-31": "0.92000", "2020-04-30": "0.82000", "2020-01-31": "0.97000", "2019-10-31": "0.76000", "2019-07-31": "0.61000", "2019-04-30": "0.71000", "2019-01-31": "0.81000", "2018-10-31": "0.75000", "2018-07-31": "1.02000", "2018-04-30": "1.07000", "2018-01-31": "0.16000", "2017-10-31": "1.01000", "2017-07-31": "0.86000", "2017-04-30": "0.76000", "2017-01-31": "0.65000", "2016-10-31": "0.55000", "2016-07-31": "0.47000", "2016-04-30": "0.29000", "2016-01-31": "0.25000", "2015-10-31": "0.28000", "2015-07-31": "0.27000", "2015-04-30": "0.30000", "2015-01-31": "0.28000", "2014-10-31": "0.20000", "2014-07-31": "0.25000", "2014-04-30": "0.22000", "2014-01-31": "0.21000", "2013-10-31": "0.15000", "2013-07-31": "0.14000", "2013-04-30": "-0.11000", "2013-01-31": "0.03000", "2012-10-31": "-0.39000", "2012-07-31": "0.17000", "2012-04-30": "0.22000", "2012-01-31": "0.09000", "2011-10-31": "0.35000", "2011-07-31": "0.36000", "2011-04-30": "0.37000", "2011-01-31": "0.38000", "2010-10-31": "0.35000", "2010-07-31": "0.09000", "2010-04-30": "0.20000", "2010-01-31": "0.06000", "2009-10-31": "0.10000", "2009-07-31": "-0.04000", "2009-04-30": "-0.19000", "2009-01-31": "-0.10000", "2008-10-31": "0.18000", "2008-07-31": "0.12000", "2008-04-30": "0.22000", "2008-01-31": "0.19000", "2007-10-31": "0.29000", "2007-07-31": "0.34000", "2007-04-30": "0.30000", "2007-01-31": "0.29000", "2006-10-31": "0.30000", "2006-07-31": "0.33000", "2006-04-30": "0.26000", "2006-01-31": "0.09000", "2005-10-31": "0.16000", "2005-07-31": "0.23000", "2005-04-30": "0.18000", "2005-01-31": "0.17000"}, "EPS - Earnings Per Share": {"2020-10-31": "1.23000", "2020-07-31": "0.91000", "2020-04-30": "0.82000", "2020-01-31": "0.96000", "2019-10-31": "0.75000", "2019-07-31": "0.61000", "2019-04-30": "0.70000", "2019-01-31": "0.80000", "2018-10-31": "0.74000", "2018-07-31": "1.01000", "2018-04-30": "1.06000", "2018-01-31": "0.15000", "2017-10-31": "0.99000", "2017-07-31": "0.85000", "2017-04-30": "0.76000", "2017-01-31": "0.65000", "2016-10-31": "0.54000", "2016-07-31": "0.46000", "2016-04-30": "0.29000", "2016-01-31": "0.25000", "2015-10-31": "0.28000", "2015-07-31": "0.27000", "2015-04-30": "0.29000", "2015-01-31": "0.28000", "2014-10-31": "0.21000", "2014-07-31": "0.24000", "2014-04-30": "0.21000", "2014-01-31": "0.21000", "2013-10-31": "0.15000", "2013-07-31": "0.14000", "2013-04-30": "-0.11000", "2013-01-31": "0.03000", "2012-10-31": "-0.39000", "2012-07-31": "0.17000", "2012-04-30": "0.22000", "2012-01-31": "0.09000", "2011-10-31": "0.34000", "2011-07-31": "0.36000", "2011-04-30": "0.37000", "2011-01-31": "0.38000", "2010-10-31": "0.35000", "2010-07-31": "0.09000", "2010-04-30": "0.20000", "2010-01-31": "0.06000", "2009-10-31": "0.10000", "2009-07-31": "-0.04000", "2009-04-30": "-0.19000", "2009-01-31": "-0.10000", "2008-10-31": "0.17000", "2008-07-31": "0.12000", "2008-04-30": "0.22000", "2008-01-31": "0.19000", "2007-10-31": "0.28000", "2007-07-31": "0.34000", "2007-04-30": "0.29000", "2007-01-31": "0.29000", "2006-10-31": "0.29000", "2006-07-31": "0.33000", "2006-04-30": "0.26000", "2006-01-31": "0.09000", "2005-10-31": "0.15000", "2005-07-31": "0.23000", "2005-04-30": "0.18000", "2005-01-31": "0.17000"}}, "balance sheet": {"Cash On Hand": {"2020-10-31": "5738.00000", "2019-10-31": "3618.00000", "2018-10-31": "4030.00000", "2017-10-31": "7276.00000", "2016-10-31": "3749.00000", "2015-10-31": "4965.00000", "2014-10-31": "3162.00000", "2013-10-31": "1891.00000", "2012-10-31": "1937.00000", "2011-10-31": "6243.00000", "2010-10-31": "2585.00000", "2009-10-31": "2214.73000", "2008-10-31": "2100.66800", "2007-10-31": "2369.57900", "2006-10-31": "1897.33800", "2005-10-31": "3333.29400"}, "Receivables": {"2020-10-31": "2963.00000", "2019-10-31": "2533.00000", "2018-10-31": "2323.00000", "2017-10-31": "2338.00000", "2016-10-31": "2279.00000", "2015-10-31": "1739.00000", "2014-10-31": "1670.00000", "2013-10-31": "1633.00000", "2012-10-31": "1220.00000", "2011-10-31": "1532.00000", "2010-10-31": "1831.00000", "2009-10-31": "1226.25500", "2008-10-31": "1816.63200", "2007-10-31": "2049.42700", "2006-10-31": "2026.19900", "2005-10-31": "1615.50400"}, "Inventory": {"2020-10-31": "3904.00000", "2019-10-31": "3474.00000", "2018-10-31": "3721.00000", "2017-10-31": "2930.00000", "2016-10-31": "2050.00000", "2015-10-31": "1833.00000", "2014-10-31": "1567.00000", "2013-10-31": "1413.00000", "2012-10-31": "1272.00000", "2011-10-31": "1701.00000", "2010-10-31": "1547.00000", "2009-10-31": "1627.45700", "2008-10-31": "1987.01700", "2007-10-31": "1313.23700", "2006-10-31": "1406.77700", "2005-10-31": "1034.09300"}, "Pre-Paid Expenses": {"2020-10-31": "", "2019-10-31": "", "2018-10-31": "", "2017-10-31": "", "2016-10-31": "", "2015-10-31": "", "2014-10-31": "", "2013-10-31": "", "2012-10-31": "", "2011-10-31": "", "2010-10-31": "", "2009-10-31": "", "2008-10-31": "", "2007-10-31": "", "2006-10-31": "", "2005-10-31": ""}, "Other Current Assets": {"2020-10-31": "764.00000", "2019-10-31": "581.00000", "2018-10-31": "530.00000", "2017-10-31": "374.00000", "2016-10-31": "275.00000", "2015-10-31": "724.00000", "2014-10-31": "568.00000", "2013-10-31": "705.00000", "2012-10-31": "673.00000", "2011-10-31": "299.00000", "2010-10-31": "289.00000", "2009-10-31": "264.16900", "2008-10-31": "371.03300", "2007-10-31": "448.87900", "2006-10-31": "295.23200", "2005-10-31": "271.00300"}, "Total Current Assets": {"2020-10-31": "13369.00000", "2019-10-31": "10206.00000", "2018-10-31": "10604.00000", "2017-10-31": "12918.00000", "2016-10-31": "8353.00000", "2015-10-31": "9261.00000", "2014-10-31": "6967.00000", "2013-10-31": "5642.00000", "2012-10-31": "5102.00000", "2011-10-31": "10355.00000", "2010-10-31": "6765.00000", "2009-10-31": "5688.94700", "2008-10-31": "6664.15700", "2007-10-31": "6607.59300", "2006-10-31": "6081.01900", "2005-10-31": "6835.07700"}, "Property, Plant, And Equipment": {"2020-10-31": "1604.00000", "2019-10-31": "1529.00000", "2018-10-31": "1407.00000", "2017-10-31": "1066.00000", "2016-10-31": "937.00000", "2015-10-31": "892.00000", "2014-10-31": "861.00000", "2013-10-31": "850.00000", "2012-10-31": "910.00000", "2011-10-31": "866.00000", "2010-10-31": "963.00000", "2009-10-31": "1090.43300", "2008-10-31": "1094.20000", "2007-10-31": "1051.24200", "2006-10-31": "1024.29400", "2005-10-31": "1275.02400"}, "Long-Term Investments": {"2020-10-31": "1538.00000", "2019-10-31": "1703.00000", "2018-10-31": "1568.00000", "2017-10-31": "1143.00000", "2016-10-31": "929.00000", "2015-10-31": "946.00000", "2014-10-31": "935.00000", "2013-10-31": "1005.00000", "2012-10-31": "1055.00000", "2011-10-31": "931.00000", "2010-10-31": "1307.00000", "2009-10-31": "1052.16500", "2008-10-31": "1446.58900", "2007-10-31": "1477.48500", "2006-10-31": "1459.29200", "2005-10-31": "2651.92700"}, "Goodwill And Intangible Assets": {"2020-10-31": "3619.00000", "2019-10-31": "3555.00000", "2018-10-31": "3581.00000", "2017-10-31": "3780.00000", "2016-10-31": "3891.00000", "2015-10-31": "4064.00000", "2014-10-31": "4255.00000", "2013-10-31": "4397.00000", "2012-10-31": "4873.00000", "2011-10-31": "1546.00000", "2010-10-31": "1623.00000", "2009-10-31": "1477.34800", "2008-10-31": "1563.10200", "2007-10-31": "1379.58800", "2006-10-31": "773.62400", "2005-10-31": "420.07500"}, "Other Long-Term Assets": {"2020-10-31": "", "2019-10-31": "", "2018-10-31": "", "2017-10-31": "", "2016-10-31": "", "2015-10-31": "", "2014-10-31": "", "2013-10-31": "", "2012-10-31": "", "2011-10-31": "", "2010-10-31": "", "2009-10-31": "", "2008-10-31": "", "2007-10-31": "", "2006-10-31": "", "2005-10-31": ""}, "Total Long-Term Assets": {"2020-10-31": "8984.00000", "2019-10-31": "8818.00000", "2018-10-31": "7029.00000", "2017-10-31": "6501.00000", "2016-10-31": "6217.00000", "2015-10-31": "6047.00000", "2014-10-31": "6207.00000", "2013-10-31": "6401.00000", "2012-10-31": "7000.00000", "2011-10-31": "3506.00000", "2010-10-31": "4178.00000", "2009-10-31": "3885.29600", "2008-10-31": "4342.16100", "2007-10-31": "4054.68500", "2006-10-31": "3399.81800", "2005-10-31": "4434.08100"}, "Total Assets": {"2020-10-31": "22353.00000", "2019-10-31": "19024.00000", "2018-10-31": "17633.00000", "2017-10-31": "19419.00000", "2016-10-31": "14570.00000", "2015-10-31": "15308.00000", "2014-10-31": "13174.00000", "2013-10-31": "12043.00000", "2012-10-31": "12102.00000", "2011-10-31": "13861.00000", "2010-10-31": "10943.00000", "2009-10-31": "9574.24300", "2008-10-31": "11006.32000", "2007-10-31": "10662.28000", "2006-10-31": "9480.83700", "2005-10-31": "11269.16000"}, "Total Current Liabilities": {"2020-10-31": "4459.00000", "2019-10-31": "4447.00000", "2018-10-31": "3922.00000", "2017-10-31": "4115.00000", "2016-10-31": "3632.00000", "2015-10-31": "3798.00000", "2014-10-31": "2823.00000", "2013-10-31": "2443.00000", "2012-10-31": "2265.00000", "2011-10-31": "2794.00000", "2010-10-31": "2888.00000", "2009-10-31": "1939.45700", "2008-10-31": "2945.55200", "2007-10-31": "2381.62600", "2006-10-31": "2436.04500", "2005-10-31": "1765.41400"}, "Long Term Debt": {"2020-10-31": "5448.00000", "2019-10-31": "4713.00000", "2018-10-31": "5309.00000", "2017-10-31": "5304.00000", "2016-10-31": "3125.00000", "2015-10-31": "3342.00000", "2014-10-31": "1947.00000", "2013-10-31": "1946.00000", "2012-10-31": "1946.00000", "2011-10-31": "1947.00000", "2010-10-31": "204.00000", "2009-10-31": "200.65400", "2008-10-31": "201.57600", "2007-10-31": "202.28100", "2006-10-31": "204.70800", "2005-10-31": "407.38000"}, "Other Non-Current Liabilities": {"2020-10-31": "1868.00000", "2019-10-31": "1650.00000", "2018-10-31": "1557.00000", "2017-10-31": "651.00000", "2016-10-31": "596.00000", "2015-10-31": "555.00000", "2014-10-31": "536.00000", "2013-10-31": "566.00000", "2012-10-31": "656.00000", "2011-10-31": "216.00000", "2010-10-31": "315.00000", "2009-10-31": "339.52400", "2008-10-31": "310.23200", "2007-10-31": "256.96200", "2006-10-31": "188.68400", "2005-10-31": "167.81400"}, "Total Long Term Liabilities": {"2020-10-31": "7316.00000", "2019-10-31": "6363.00000", "2018-10-31": "6866.00000", "2017-10-31": "5955.00000", "2016-10-31": "3721.00000", "2015-10-31": "3897.00000", "2014-10-31": "2483.00000", "2013-10-31": "2512.00000", "2012-10-31": "2602.00000", "2011-10-31": "2267.00000", "2010-10-31": "519.00000", "2009-10-31": "540.17800", "2008-10-31": "511.80800", "2007-10-31": "459.24300", "2006-10-31": "393.39200", "2005-10-31": "575.19400"}, "Total Liabilities": {"2020-10-31": "11775.00000", "2019-10-31": "10810.00000", "2018-10-31": "10788.00000", "2017-10-31": "10070.00000", "2016-10-31": "7353.00000", "2015-10-31": "7695.00000", "2014-10-31": "5306.00000", "2013-10-31": "4955.00000", "2012-10-31": "4867.00000", "2011-10-31": "5061.00000", "2010-10-31": "3407.00000", "2009-10-31": "2479.63500", "2008-10-31": "3457.36000", "2007-10-31": "2840.86900", "2006-10-31": "2829.43700", "2005-10-31": "2340.60800"}, "Common Stock Net": {"2020-10-31": "9.00000", "2019-10-31": "9.00000", "2018-10-31": "10.00000", "2017-10-31": "11.00000", "2016-10-31": "11.00000", "2015-10-31": "11.00000", "2014-10-31": "12.00000", "2013-10-31": "12.00000", "2012-10-31": "12.00000", "2011-10-31": "13.00000", "2010-10-31": "13.00000", "2009-10-31": "13.40900", "2008-10-31": "13.30800", "2007-10-31": "13.85700", "2006-10-31": "13.91700", "2005-10-31": "16.06700"}, "Retained Earnings (Accumulated Deficit)": {"2020-10-31": "27209.00000", "2019-10-31": "24386.00000", "2018-10-31": "20880.00000", "2017-10-31": "18258.00000", "2016-10-31": "15252.00000", "2015-10-31": "13967.00000", "2014-10-31": "13072.00000", "2013-10-31": "12487.00000", "2012-10-31": "12700.00000", "2011-10-31": "13029.00000", "2010-10-31": "11511.00000", "2009-10-31": "10934.00000", "2008-10-31": "11601.29000", "2007-10-31": "10863.29000", "2006-10-31": "9472.30300", "2005-10-31": "8227.79300"}, "Comprehensive Income": {"2020-10-31": "-299.00000", "2019-10-31": "-180.00000", "2018-10-31": "-125.00000", "2017-10-31": "-64.00000", "2016-10-31": "-115.00000", "2015-10-31": "-92.00000", "2014-10-31": "-76.00000", "2013-10-31": "-38.00000", "2012-10-31": "-61.00000", "2011-10-31": "6.00000", "2010-10-31": "2.00000", "2009-10-31": "-1.68000", "2008-10-31": "-26.57000", "2007-10-31": "11.35300", "2006-10-31": "-19.01000", "2005-10-31": "-37.24800"}, "Other Share Holders Equity": {"2020-10-31": "", "2019-10-31": "", "2018-10-31": "", "2017-10-31": "", "2016-10-31": "", "2015-10-31": "", "2014-10-31": "", "2013-10-31": "", "2012-10-31": "", "2011-10-31": "", "2010-10-31": "", "2009-10-31": "", "2008-10-31": "", "2007-10-31": "", "2006-10-31": "", "2005-10-31": ""}, "Share Holder Equity": {"2020-10-31": "10578.00000", "2019-10-31": "8214.00000", "2018-10-31": "6845.00000", "2017-10-31": "9349.00000", "2016-10-31": "7217.00000", "2015-10-31": "7613.00000", "2014-10-31": "7868.00000", "2013-10-31": "7088.00000", "2012-10-31": "7235.00000", "2011-10-31": "8800.00000", "2010-10-31": "7536.00000", "2009-10-31": "7094.60800", "2008-10-31": "7548.95800", "2007-10-31": "7821.40900", "2006-10-31": "6651.40000", "2005-10-31": "8928.54900"}, "Total Liabilities And Share Holders Equity": {"2020-10-31": "22353.00000", "2019-10-31": "19024.00000", "2018-10-31": "17633.00000", "2017-10-31": "19419.00000", "2016-10-31": "14570.00000", "2015-10-31": "15308.00000", "2014-10-31": "13174.00000", "2013-10-31": "12043.00000", "2012-10-31": "12102.00000", "2011-10-31": "13861.00000", "2010-10-31": "10943.00000", "2009-10-31": "9574.24300", "2008-10-31": "11006.32000", "2007-10-31": "10662.28000", "2006-10-31": "9480.83700", "2005-10-31": "11269.16000"}}, "balance sheet, quarterly": {"Cash On Hand": {"2020-10-31": "5738.00000", "2020-07-31": "4756.00000", "2020-04-30": "5704.00000", "2020-01-31": "3960.00000", "2019-10-31": "3618.00000", "2019-07-31": "3561.00000", "2019-04-30": "3623.00000", "2019-01-31": "3712.00000", "2018-10-31": "4030.00000", "2018-07-31": "3984.00000", "2018-04-30": "5352.00000", "2018-01-31": "7454.00000", "2017-10-31": "7276.00000", "2017-07-31": "7231.00000", "2017-04-30": "6744.00000", "2017-01-31": "4147.00000", "2016-10-31": "3749.00000", "2016-07-31": "3266.00000", "2016-04-30": "2640.00000", "2016-01-31": "3116.00000", "2015-10-31": "4965.00000", "2015-07-31": "2743.00000", "2015-04-30": "3230.00000", "2015-01-31": "3087.00000", "2014-10-31": "3162.00000", "2014-07-31": "2871.00000", "2014-04-30": "2599.00000", "2014-01-31": "2289.00000", "2013-10-31": "1891.00000", "2013-07-31": "1975.00000", "2013-04-30": "1770.00000", "2013-01-31": "1753.00000", "2012-10-31": "1937.00000", "2012-07-31": "2164.00000", "2012-04-30": "2170.00000", "2012-01-31": "1997.00000", "2011-10-31": "6243.00000", "2011-07-31": "5757.00000", "2011-04-30": "3308.00000", "2011-01-31": "2746.00000", "2010-10-31": "2585.00000", "2010-07-31": "2348.13600", "2010-04-30": "2334.86200", "2010-01-31": "2154.17600", "2009-10-31": "2214.73000", "2009-07-31": "2138.65800", "2009-04-30": "2064.36500", "2009-01-31": "1917.39200", "2008-10-31": "2100.66800", "2008-07-31": "2297.67500", "2008-04-30": "2455.35600", "2008-01-31": "1905.55600", "2007-10-31": "2369.57900", "2007-07-31": "2407.93600", "2007-04-30": "2017.79300", "2007-01-31": "2082.82000", "2006-10-31": "1897.33800", "2006-07-31": "2832.77600", "2006-04-30": "3328.77700", "2006-01-31": "5808.13600", "2005-10-31": "3333.29400", "2005-07-31": "6228.44300", "2005-04-30": "6406.86300", "2005-01-31": "6398.21900"}, "Receivables": {"2020-10-31": "2963.00000", "2020-07-31": "2806.00000", "2020-04-30": "2625.00000", "2020-01-31": "2679.00000", "2019-10-31": "2533.00000", "2019-07-31": "2373.00000", "2019-04-30": "2264.00000", "2019-01-31": "2444.00000", "2018-10-31": "2323.00000", "2018-07-31": "2882.00000", "2018-04-30": "2665.00000", "2018-01-31": "2182.00000", "2017-10-31": "2338.00000", "2017-07-31": "2258.00000", "2017-04-30": "2381.00000", "2017-01-31": "2369.00000", "2016-10-31": "2279.00000", "2016-07-31": "1852.00000", "2016-04-30": "1913.00000", "2016-01-31": "1625.00000", "2015-10-31": "1739.00000", "2015-07-31": "1991.00000", "2015-04-30": "1798.00000", "2015-01-31": "1580.00000", "2014-10-31": "1670.00000", "2014-07-31": "1622.00000", "2014-04-30": "1615.00000", "2014-01-31": "1510.00000", "2013-10-31": "1633.00000", "2013-07-31": "1170.00000", "2013-04-30": "1275.00000", "2013-01-31": "1109.00000", "2012-10-31": "1220.00000", "2012-07-31": "1535.00000", "2012-04-30": "1785.00000", "2012-01-31": "1576.00000", "2011-10-31": "1532.00000", "2011-07-31": "1812.00000", "2011-04-30": "2026.00000", "2011-01-31": "1946.00000", "2010-10-31": "1831.00000", "2010-07-31": "1721.49600", "2010-04-30": "1437.74600", "2010-01-31": "1370.12000", "2009-10-31": "1226.25500", "2009-07-31": "1264.10400", "2009-04-30": "1214.79300", "2009-01-31": "1462.03600", "2008-10-31": "1816.63200", "2008-07-31": "1653.93000", "2008-04-30": "1729.48700", "2008-01-31": "2014.50100", "2007-10-31": "2049.42700", "2007-07-31": "2240.29000", "2007-04-30": "2121.81700", "2007-01-31": "2051.60600", "2006-10-31": "2026.19900", "2006-07-31": "2294.31800", "2006-04-30": "1948.87300", "2006-01-31": "1754.54500", "2005-10-31": "1615.50400", "2005-07-31": "1525.13300", "2005-04-30": "1595.40200", "2005-01-31": "1740.87400"}, "Inventory": {"2020-10-31": "3904.00000", "2020-07-31": "3952.00000", "2020-04-30": "3725.00000", "2020-01-31": "3472.00000", "2019-10-31": "3474.00000", "2019-07-31": "3539.00000", "2019-04-30": "3677.00000", "2019-01-31": "3703.00000", "2018-10-31": "3721.00000", "2018-07-31": "3681.00000", "2018-04-30": "3494.00000", "2018-01-31": "3125.00000", "2017-10-31": "2930.00000", "2017-07-31": "2876.00000", "2017-04-30": "2609.00000", "2017-01-31": "2281.00000", "2016-10-31": "2050.00000", "2016-07-31": "2026.00000", "2016-04-30": "1924.00000", "2016-01-31": "1835.00000", "2015-10-31": "1833.00000", "2015-07-31": "1739.00000", "2015-04-30": "1713.00000", "2015-01-31": "1641.00000", "2014-10-31": "1567.00000", "2014-07-31": "1547.00000", "2014-04-30": "1564.00000", "2014-01-31": "1533.00000", "2013-10-31": "1413.00000", "2013-07-31": "1358.00000", "2013-04-30": "1318.00000", "2013-01-31": "1278.00000", "2012-10-31": "1272.00000", "2012-07-31": "1380.00000", "2012-04-30": "1594.00000", "2012-01-31": "1772.00000", "2011-10-31": "1701.00000", "2011-07-31": "1849.00000", "2011-04-30": "1794.00000", "2011-01-31": "1647.00000", "2010-10-31": "1547.00000", "2010-07-31": "1590.05200", "2010-04-30": "1690.44500", "2010-01-31": "1664.26900", "2009-10-31": "1627.45700", "2009-07-31": "1748.50700", "2009-04-30": "1901.02400", "2009-01-31": "2131.09200", "2008-10-31": "1987.01700", "2008-07-31": "1853.31600", "2008-04-30": "1626.23900", "2008-01-31": "1387.51200", "2007-10-31": "1313.23700", "2007-07-31": "1361.87500", "2007-04-30": "1470.60100", "2007-01-31": "1518.88200", "2006-10-31": "1406.77700", "2006-07-31": "1341.91800", "2006-04-30": "1083.37200", "2006-01-31": "1023.17500", "2005-10-31": "1034.09300", "2005-07-31": "1073.72200", "2005-04-30": "1085.57800", "2005-01-31": "1204.18200"}, "Pre-Paid Expenses": {"2020-10-31": "", "2020-07-31": "", "2020-04-30": "", "2020-01-31": "", "2019-10-31": "", "2019-07-31": "", "2019-04-30": "", "2019-01-31": "", "2018-10-31": "", "2018-07-31": "", "2018-04-30": "", "2018-01-31": "", "2017-10-31": "", "2017-07-31": "", "2017-04-30": "", "2017-01-31": "", "2016-10-31": "", "2016-07-31": "", "2016-04-30": "", "2016-01-31": "", "2015-10-31": "", "2015-07-31": "", "2015-04-30": "", "2015-01-31": "", "2014-10-31": "", "2014-07-31": "", "2014-04-30": "", "2014-01-31": "", "2013-10-31": "", "2013-07-31": "", "2013-04-30": "", "2013-01-31": "", "2012-10-31": "", "2012-07-31": "", "2012-04-30": "", "2012-01-31": "", "2011-10-31": "", "2011-07-31": "", "2011-04-30": "", "2011-01-31": "", "2010-10-31": "", "2010-07-31": "", "2010-04-30": "", "2010-01-31": "", "2009-10-31": "", "2009-07-31": "", "2009-04-30": "", "2009-01-31": "", "2008-10-31": "", "2008-07-31": "", "2008-04-30": "", "2008-01-31": "", "2007-10-31": "", "2007-07-31": "", "2007-04-30": "", "2007-01-31": "", "2006-10-31": "", "2006-07-31": "", "2006-04-30": "", "2006-01-31": "", "2005-10-31": "", "2005-07-31": "", "2005-04-30": "", "2005-01-31": ""}, "Other Current Assets": {"2020-10-31": "764.00000", "2020-07-31": "734.00000", "2020-04-30": "681.00000", "2020-01-31": "658.00000", "2019-10-31": "581.00000", "2019-07-31": "569.00000", "2019-04-30": "498.00000", "2019-01-31": "426.00000", "2018-10-31": "530.00000", "2018-07-31": "342.00000", "2018-04-30": "380.00000", "2018-01-31": "268.00000", "2017-10-31": "374.00000", "2017-07-31": "366.00000", "2017-04-30": "284.00000", "2017-01-31": "297.00000", "2016-10-31": "275.00000", "2016-07-31": "255.00000", "2016-04-30": "251.00000", "2016-01-31": "334.00000", "2015-10-31": "724.00000", "2015-07-31": "570.00000", "2015-04-30": "706.00000", "2015-01-31": "625.00000", "2014-10-31": "568.00000", "2014-07-31": "600.00000", "2014-04-30": "623.00000", "2014-01-31": "682.00000", "2013-10-31": "705.00000", "2013-07-31": "734.00000", "2013-04-30": "750.00000", "2013-01-31": "625.00000", "2012-10-31": "673.00000", "2012-07-31": "288.00000", "2012-04-30": "209.00000", "2012-01-31": "240.00000", "2011-10-31": "299.00000", "2011-07-31": "314.00000", "2011-04-30": "271.00000", "2011-01-31": "291.00000", "2010-10-31": "289.00000", "2010-07-31": "314.62200", "2010-04-30": "277.50600", "2010-01-31": "242.71200", "2009-10-31": "264.16900", "2009-07-31": "308.81700", "2009-04-30": "344.59900", "2009-01-31": "366.42800", "2008-10-31": "371.03300", "2008-07-31": "380.78700", "2008-04-30": "345.66900", "2008-01-31": "474.46400", "2007-10-31": "448.87900", "2007-07-31": "320.31500", "2007-04-30": "275.49300", "2007-01-31": "291.13500", "2006-10-31": "295.23200", "2006-07-31": "327.91000", "2006-04-30": "325.74300", "2006-01-31": "287.90600", "2005-10-31": "271.00300", "2005-07-31": "289.80500", "2005-04-30": "255.26300", "2005-01-31": "236.17700"}, "Total Current Assets": {"2020-10-31": "13369.00000", "2020-07-31": "12248.00000", "2020-04-30": "12735.00000", "2020-01-31": "10769.00000", "2019-10-31": "10206.00000", "2019-07-31": "10042.00000", "2019-04-30": "10062.00000", "2019-01-31": "10285.00000", "2018-10-31": "10604.00000", "2018-07-31": "10889.00000", "2018-04-30": "11891.00000", "2018-01-31": "13029.00000", "2017-10-31": "12918.00000", "2017-07-31": "12731.00000", "2017-04-30": "12018.00000", "2017-01-31": "9094.00000", "2016-10-31": "8353.00000", "2016-07-31": "7399.00000", "2016-04-30": "6728.00000", "2016-01-31": "6910.00000", "2015-10-31": "9261.00000", "2015-07-31": "7043.00000", "2015-04-30": "7447.00000", "2015-01-31": "6933.00000", "2014-10-31": "6967.00000", "2014-07-31": "6640.00000", "2014-04-30": "6401.00000", "2014-01-31": "6014.00000", "2013-10-31": "5642.00000", "2013-07-31": "5237.00000", "2013-04-30": "5113.00000", "2013-01-31": "4765.00000", "2012-10-31": "5102.00000", "2012-07-31": "5865.00000", "2012-04-30": "6330.00000", "2012-01-31": "6157.00000", "2011-10-31": "10355.00000", "2011-07-31": "10273.00000", "2011-04-30": "7944.00000", "2011-01-31": "7142.00000", "2010-10-31": "6765.00000", "2010-07-31": "6551.74800", "2010-04-30": "6173.29400", "2010-01-31": "5849.26300", "2009-10-31": "5688.94700", "2009-07-31": "5764.79200", "2009-04-30": "5914.80600", "2009-01-31": "6279.66800", "2008-10-31": "6664.15700", "2008-07-31": "6623.87500", "2008-04-30": "6606.93800", "2008-01-31": "6191.80600", "2007-10-31": "6607.59300", "2007-07-31": "6811.43500", "2007-04-30": "6358.99200", "2007-01-31": "6405.58500", "2006-10-31": "6081.01900", "2006-07-31": "7407.67900", "2006-04-30": "7335.62300", "2006-01-31": "9541.39500", "2005-10-31": "6835.07700", "2005-07-31": "9744.46900", "2005-04-30": "10004.94000", "2005-01-31": "10200.60000"}, "Property, Plant, And Equipment": {"2020-10-31": "1604.00000", "2020-07-31": "1530.00000", "2020-04-30": "1534.00000", "2020-01-31": "1555.00000", "2019-10-31": "1529.00000", "2019-07-31": "1513.00000", "2019-04-30": "1494.00000", "2019-01-31": "1456.00000", "2018-10-31": "1407.00000", "2018-07-31": "1321.00000", "2018-04-30": "1257.00000", "2018-01-31": "1195.00000", "2017-10-31": "1066.00000", "2017-07-31": "996.00000", "2017-04-30": "969.00000", "2017-01-31": "949.00000", "2016-10-31": "937.00000", "2016-07-31": "905.00000", "2016-04-30": "904.00000", "2016-01-31": "908.00000", "2015-10-31": "892.00000", "2015-07-31": "882.00000", "2015-04-30": "887.00000", "2015-01-31": "864.00000", "2014-10-31": "861.00000", "2014-07-31": "849.00000", "2014-04-30": "855.00000", "2014-01-31": "846.00000", "2013-10-31": "850.00000", "2013-07-31": "872.00000", "2013-04-30": "886.00000", "2013-01-31": "900.00000", "2012-10-31": "910.00000", "2012-07-31": "917.00000", "2012-04-30": "939.00000", "2012-01-31": "956.00000", "2011-10-31": "866.00000", "2011-07-31": "854.00000", "2011-04-30": "898.00000", "2011-01-31": "893.00000", "2010-10-31": "963.00000", "2010-07-31": "983.79000", "2010-04-30": "1083.52500", "2010-01-31": "1128.66900", "2009-10-31": "1090.43300", "2009-07-31": "1088.05800", "2009-04-30": "1090.12300", "2009-01-31": "1108.18600", "2008-10-31": "1094.20000", "2008-07-31": "1090.46200", "2008-04-30": "1073.80200", "2008-01-31": "1065.08700", "2007-10-31": "1051.24200", "2007-07-31": "1046.47100", "2007-04-30": "1030.16100", "2007-01-31": "1028.93800", "2006-10-31": "1024.29400", "2006-07-31": "1030.66700", "2006-04-30": "1040.49300", "2006-01-31": "1083.25000", "2005-10-31": "1275.02400", "2005-07-31": "1283.59800", "2005-04-30": "1299.78400", "2005-01-31": "1329.77100"}, "Long-Term Investments": {"2020-10-31": "1538.00000", "2020-07-31": "1538.00000", "2020-04-30": "1678.00000", "2020-01-31": "1713.00000", "2019-10-31": "1703.00000", "2019-07-31": "1650.00000", "2019-04-30": "1609.00000", "2019-01-31": "1588.00000", "2018-10-31": "1568.00000", "2018-07-31": "1613.00000", "2018-04-30": "1214.00000", "2018-01-31": "1203.00000", "2017-10-31": "1143.00000", "2017-07-31": "1059.00000", "2017-04-30": "961.00000", "2017-01-31": "909.00000", "2016-10-31": "929.00000", "2016-07-31": "960.00000", "2016-04-30": "934.00000", "2016-01-31": "996.00000", "2015-10-31": "946.00000", "2015-07-31": "958.00000", "2015-04-30": "936.00000", "2015-01-31": "930.00000", "2014-10-31": "935.00000", "2014-07-31": "957.00000", "2014-04-30": "836.00000", "2014-01-31": "833.00000", "2013-10-31": "1005.00000", "2013-07-31": "1055.00000", "2013-04-30": "1080.00000", "2013-01-31": "1062.00000", "2012-10-31": "1055.00000", "2012-07-31": "1058.00000", "2012-04-30": "1071.00000", "2012-01-31": "955.00000", "2011-10-31": "931.00000", "2011-07-31": "1052.00000", "2011-04-30": "1269.00000", "2011-01-31": "1351.00000", "2010-10-31": "1307.00000", "2010-07-31": "1279.51500", "2010-04-30": "1230.21400", "2010-01-31": "1046.11600", "2009-10-31": "1052.16500", "2009-07-31": "990.16700", "2009-04-30": "1000.70500", "2009-01-31": "1274.72200", "2008-10-31": "1446.58900", "2008-07-31": "1516.03100", "2008-04-30": "1488.21200", "2008-01-31": "1563.29900", "2007-10-31": "1477.48500", "2007-07-31": "1476.43400", "2007-04-30": "1484.25100", "2007-01-31": "1468.43900", "2006-10-31": "1459.29200", "2006-07-31": "2471.78500", "2006-04-30": "2500.97200", "2006-01-31": "", "2005-10-31": "2651.92700", "2005-07-31": "", "2005-04-30": "", "2005-01-31": ""}, "Goodwill And Intangible Assets": {"2020-10-31": "3619.00000", "2020-07-31": "3631.00000", "2020-04-30": "3558.00000", "2020-01-31": "3541.00000", "2019-10-31": "3555.00000", "2019-07-31": "3569.00000", "2019-04-30": "3584.00000", "2019-01-31": "3567.00000", "2018-10-31": "3581.00000", "2018-07-31": "3631.00000", "2018-04-30": "3681.00000", "2018-01-31": "3730.00000", "2017-10-31": "3780.00000", "2017-07-31": "3818.00000", "2017-04-30": "3820.00000", "2017-01-31": "3843.00000", "2016-10-31": "3891.00000", "2016-07-31": "3926.00000", "2016-04-30": "3972.00000", "2016-01-31": "4016.00000", "2015-10-31": "4064.00000", "2015-07-31": "4115.00000", "2015-04-30": "4164.00000", "2015-01-31": "4209.00000", "2014-10-31": "4255.00000", "2014-07-31": "4273.00000", "2014-04-30": "4312.00000", "2014-01-31": "4351.00000", "2013-10-31": "4397.00000", "2013-07-31": "4442.00000", "2013-04-30": "4488.00000", "2013-01-31": "4820.00000", "2012-10-31": "4873.00000", "2012-07-31": "5349.00000", "2012-04-30": "5403.00000", "2012-01-31": "5394.00000", "2011-10-31": "1546.00000", "2011-07-31": "1558.00000", "2011-04-30": "1572.00000", "2011-01-31": "1609.00000", "2010-10-31": "1623.00000", "2010-07-31": "1636.82700", "2010-04-30": "1682.65400", "2010-01-31": "1710.42600", "2009-10-31": "1477.34800", "2009-07-31": "1499.09100", "2009-04-30": "1518.85700", "2009-01-31": "1538.72000", "2008-10-31": "1563.10200", "2008-07-31": "1595.53300", "2008-04-30": "1633.04200", "2008-01-31": "1372.15500", "2007-10-31": "1379.58800", "2007-07-31": "874.87700", "2007-04-30": "884.82800", "2007-01-31": "764.20400", "2006-10-31": "773.62400", "2006-07-31": "759.63800", "2006-04-30": "422.84600", "2006-01-31": "427.89000", "2005-10-31": "420.07500", "2005-07-31": "426.42600", "2005-04-30": "414.08500", "2005-01-31": "420.45000"}, "Other Long-Term Assets": {"2020-10-31": "", "2020-07-31": "", "2020-04-30": "", "2020-01-31": "", "2019-10-31": "", "2019-07-31": "", "2019-04-30": "", "2019-01-31": "", "2018-10-31": "", "2018-07-31": "", "2018-04-30": "", "2018-01-31": "", "2017-10-31": "", "2017-07-31": "", "2017-04-30": "", "2017-01-31": "", "2016-10-31": "", "2016-07-31": "", "2016-04-30": "", "2016-01-31": "", "2015-10-31": "", "2015-07-31": "", "2015-04-30": "", "2015-01-31": "", "2014-10-31": "", "2014-07-31": "", "2014-04-30": "", "2014-01-31": "", "2013-10-31": "", "2013-07-31": "", "2013-04-30": "", "2013-01-31": "", "2012-10-31": "", "2012-07-31": "", "2012-04-30": "", "2012-01-31": "", "2011-10-31": "", "2011-07-31": "", "2011-04-30": "", "2011-01-31": "", "2010-10-31": "", "2010-07-31": "", "2010-04-30": "", "2010-01-31": "", "2009-10-31": "", "2009-07-31": "", "2009-04-30": "", "2009-01-31": "", "2008-10-31": "", "2008-07-31": "", "2008-04-30": "", "2008-01-31": "", "2007-10-31": "", "2007-07-31": "", "2007-04-30": "", "2007-01-31": "", "2006-10-31": "", "2006-07-31": "", "2006-04-30": "", "2006-01-31": "", "2005-10-31": "", "2005-07-31": "", "2005-04-30": "", "2005-01-31": ""}, "Total Long-Term Assets": {"2020-10-31": "8984.00000", "2020-07-31": "8923.00000", "2020-04-30": "9080.00000", "2020-01-31": "8998.00000", "2019-10-31": "8818.00000", "2019-07-31": "8763.00000", "2019-04-30": "8713.00000", "2019-01-31": "8637.00000", "2018-10-31": "7029.00000", "2018-07-31": "6994.00000", "2018-04-30": "6607.00000", "2018-01-31": "6634.00000", "2017-10-31": "6501.00000", "2017-07-31": "6347.00000", "2017-04-30": "6222.00000", "2017-01-31": "6150.00000", "2016-10-31": "6217.00000", "2016-07-31": "6300.00000", "2016-04-30": "6347.00000", "2016-01-31": "6416.00000", "2015-10-31": "6047.00000", "2015-07-31": "6110.00000", "2015-04-30": "6140.00000", "2015-01-31": "6140.00000", "2014-10-31": "6207.00000", "2014-07-31": "6211.00000", "2014-04-30": "6154.00000", "2014-01-31": "6185.00000", "2013-10-31": "6401.00000", "2013-07-31": "6514.00000", "2013-04-30": "6582.00000", "2013-01-31": "6949.00000", "2012-10-31": "7000.00000", "2012-07-31": "7455.00000", "2012-04-30": "7547.00000", "2012-01-31": "7440.00000", "2011-10-31": "3506.00000", "2011-07-31": "3830.00000", "2011-04-30": "4013.00000", "2011-01-31": "4132.00000", "2010-10-31": "4178.00000", "2010-07-31": "4174.40000", "2010-04-30": "4276.45500", "2010-01-31": "4154.57500", "2009-10-31": "3885.29600", "2009-07-31": "3815.48900", "2009-04-30": "3834.29300", "2009-01-31": "4147.93500", "2008-10-31": "4342.16100", "2008-07-31": "4374.56600", "2008-04-30": "4364.01200", "2008-01-31": "4160.68200", "2007-10-31": "4054.68500", "2007-07-31": "3553.94800", "2007-04-30": "3537.23100", "2007-01-31": "3402.41800", "2006-10-31": "3399.81800", "2006-07-31": "4366.17800", "2006-04-30": "4116.13300", "2006-01-31": "1668.51300", "2005-10-31": "4434.08100", "2005-07-31": "1874.18000", "2005-04-30": "1911.21600", "2005-01-31": "1897.95000"}, "Total Assets": {"2020-10-31": "22353.00000", "2020-07-31": "21171.00000", "2020-04-30": "21815.00000", "2020-01-31": "19767.00000", "2019-10-31": "19024.00000", "2019-07-31": "18805.00000", "2019-04-30": "18775.00000", "2019-01-31": "18922.00000", "2018-10-31": "17633.00000", "2018-07-31": "17883.00000", "2018-04-30": "18498.00000", "2018-01-31": "19663.00000", "2017-10-31": "19419.00000", "2017-07-31": "19078.00000", "2017-04-30": "18240.00000", "2017-01-31": "15244.00000", "2016-10-31": "14570.00000", "2016-07-31": "13699.00000", "2016-04-30": "13075.00000", "2016-01-31": "13326.00000", "2015-10-31": "15308.00000", "2015-07-31": "13153.00000", "2015-04-30": "13587.00000", "2015-01-31": "13073.00000", "2014-10-31": "13174.00000", "2014-07-31": "12851.00000", "2014-04-30": "12555.00000", "2014-01-31": "12199.00000", "2013-10-31": "12043.00000", "2013-07-31": "11751.00000", "2013-04-30": "11695.00000", "2013-01-31": "11714.00000", "2012-10-31": "12102.00000", "2012-07-31": "13320.00000", "2012-04-30": "13877.00000", "2012-01-31": "13597.00000", "2011-10-31": "13861.00000", "2011-07-31": "14103.00000", "2011-04-30": "11957.00000", "2011-01-31": "11274.00000", "2010-10-31": "10943.00000", "2010-07-31": "10726.15000", "2010-04-30": "10449.75000", "2010-01-31": "10003.84000", "2009-10-31": "9574.24300", "2009-07-31": "9580.28100", "2009-04-30": "9749.09900", "2009-01-31": "10427.60000", "2008-10-31": "11006.32000", "2008-07-31": "10998.44000", "2008-04-30": "10970.95000", "2008-01-31": "10352.49000", "2007-10-31": "10662.28000", "2007-07-31": "10365.38000", "2007-04-30": "9896.22300", "2007-01-31": "9808.00300", "2006-10-31": "9480.83700", "2006-07-31": "11773.86000", "2006-04-30": "11451.76000", "2006-01-31": "11209.91000", "2005-10-31": "11269.16000", "2005-07-31": "11618.65000", "2005-04-30": "11916.16000", "2005-01-31": "12098.55000"}, "Total Current Liabilities": {"2020-10-31": "4459.00000", "2020-07-31": "4285.00000", "2020-04-30": "4765.00000", "2020-01-31": "4569.00000", "2019-10-31": "4447.00000", "2019-07-31": "3785.00000", "2019-04-30": "3605.00000", "2019-01-31": "3776.00000", "2018-10-31": "3922.00000", "2018-07-31": "4322.00000", "2018-04-30": "4580.00000", "2018-01-31": "4399.00000", "2017-10-31": "4115.00000", "2017-07-31": "4371.00000", "2017-04-30": "4097.00000", "2017-01-31": "3808.00000", "2016-10-31": "3632.00000", "2016-07-31": "2964.00000", "2016-04-30": "2611.00000", "2016-01-31": "2307.00000", "2015-10-31": "3798.00000", "2015-07-31": "3020.00000", "2015-04-30": "2696.00000", "2015-01-31": "2521.00000", "2014-10-31": "2823.00000", "2014-07-31": "2755.00000", "2014-04-30": "2662.00000", "2014-01-31": "2477.00000", "2013-10-31": "2443.00000", "2013-07-31": "2202.00000", "2013-04-30": "2201.00000", "2013-01-31": "1965.00000", "2012-10-31": "2265.00000", "2012-07-31": "2408.00000", "2012-04-30": "2666.00000", "2012-01-31": "2494.00000", "2011-10-31": "2794.00000", "2011-07-31": "3278.00000", "2011-04-30": "3251.00000", "2011-01-31": "2914.00000", "2010-10-31": "2888.00000", "2010-07-31": "2889.47200", "2010-04-30": "2575.82000", "2010-01-31": "2277.94800", "2009-10-31": "1939.45700", "2009-07-31": "2038.98300", "2009-04-30": "2132.83300", "2009-01-31": "2529.73100", "2008-10-31": "2945.55200", "2008-07-31": "2911.37600", "2008-04-30": "2707.42500", "2008-01-31": "2353.47000", "2007-10-31": "2381.62600", "2007-07-31": "2548.76300", "2007-04-30": "2458.05400", "2007-01-31": "2444.19600", "2006-10-31": "2436.04500", "2006-07-31": "2431.80700", "2006-04-30": "2187.52900", "2006-01-31": "1878.50300", "2005-10-31": "1765.41400", "2005-07-31": "1977.31900", "2005-04-30": "2162.08000", "2005-01-31": "2222.35900"}, "Long Term Debt": {"2020-10-31": "5448.00000", "2020-07-31": "5447.00000", "2020-04-30": "6215.00000", "2020-01-31": "4714.00000", "2019-10-31": "4713.00000", "2019-07-31": "5312.00000", "2019-04-30": "5311.00000", "2019-01-31": "5310.00000", "2018-10-31": "5309.00000", "2018-07-31": "5308.00000", "2018-04-30": "5306.00000", "2018-01-31": "5305.00000", "2017-10-31": "5304.00000", "2017-07-31": "5303.00000", "2017-04-30": "5302.00000", "2017-01-31": "3125.00000", "2016-10-31": "3125.00000", "2016-07-31": "3343.00000", "2016-04-30": "3343.00000", "2016-01-31": "3343.00000", "2015-10-31": "3342.00000", "2015-07-31": "1547.00000", "2015-04-30": "1947.00000", "2015-01-31": "1947.00000", "2014-10-31": "1947.00000", "2014-07-31": "1947.00000", "2014-04-30": "1947.00000", "2014-01-31": "1946.00000", "2013-10-31": "1946.00000", "2013-07-31": "1946.00000", "2013-04-30": "1946.00000", "2013-01-31": "1946.00000", "2012-10-31": "1946.00000", "2012-07-31": "1946.00000", "2012-04-30": "1946.00000", "2012-01-31": "1947.00000", "2011-10-31": "1947.00000", "2011-07-31": "1947.00000", "2011-04-30": "204.00000", "2011-01-31": "204.00000", "2010-10-31": "204.00000", "2010-07-31": "204.43800", "2010-04-30": "204.84700", "2010-01-31": "210.54700", "2009-10-31": "200.65400", "2009-07-31": "201.20000", "2009-04-30": "201.16500", "2009-01-31": "201.89500", "2008-10-31": "201.57600", "2008-07-31": "201.92600", "2008-04-30": "202.00000", "2008-01-31": "202.47600", "2007-10-31": "202.28100", "2007-07-31": "204.35400", "2007-04-30": "204.34100", "2007-01-31": "204.69200", "2006-10-31": "204.70800", "2006-07-31": "406.97000", "2006-04-30": "406.90500", "2006-01-31": "407.38000", "2005-10-31": "407.38000", "2005-07-31": "414.29000", "2005-04-30": "414.30200", "2005-01-31": "416.24400"}, "Other Non-Current Liabilities": {"2020-10-31": "1868.00000", "2020-07-31": "1870.00000", "2020-04-30": "1811.00000", "2020-01-31": "1824.00000", "2019-10-31": "1650.00000", "2019-07-31": "1592.00000", "2019-04-30": "1658.00000", "2019-01-31": "1627.00000", "2018-10-31": "1557.00000", "2018-07-31": "1428.00000", "2018-04-30": "1570.00000", "2018-01-31": "1453.00000", "2017-10-31": "651.00000", "2017-07-31": "688.00000", "2017-04-30": "629.00000", "2017-01-31": "624.00000", "2016-10-31": "596.00000", "2016-07-31": "573.00000", "2016-04-30": "556.00000", "2016-01-31": "508.00000", "2015-10-31": "555.00000", "2015-07-31": "609.00000", "2015-04-30": "593.00000", "2015-01-31": "533.00000", "2014-10-31": "536.00000", "2014-07-31": "465.00000", "2014-04-30": "471.00000", "2014-01-31": "535.00000", "2013-10-31": "566.00000", "2013-07-31": "649.00000", "2013-04-30": "650.00000", "2013-01-31": "662.00000", "2012-10-31": "656.00000", "2012-07-31": "241.00000", "2012-04-30": "562.00000", "2012-01-31": "506.00000", "2011-10-31": "216.00000", "2011-07-31": "327.00000", "2011-04-30": "320.00000", "2011-01-31": "317.00000", "2010-10-31": "315.00000", "2010-07-31": "354.09900", "2010-04-30": "348.00100", "2010-01-31": "367.20000", "2009-10-31": "339.52400", "2009-07-31": "326.48900", "2009-04-30": "319.20200", "2009-01-31": "339.30600", "2008-10-31": "310.23200", "2008-07-31": "344.34400", "2008-04-30": "350.72100", "2008-01-31": "337.81100", "2007-10-31": "256.96200", "2007-07-31": "224.12900", "2007-04-30": "196.08800", "2007-01-31": "192.40400", "2006-10-31": "188.68400", "2006-07-31": "269.13600", "2006-04-30": "238.65200", "2006-01-31": "256.44600", "2005-10-31": "167.81400", "2005-07-31": "155.39500", "2005-04-30": "157.83200", "2005-01-31": "160.11200"}, "Total Long Term Liabilities": {"2020-10-31": "7316.00000", "2020-07-31": "7317.00000", "2020-04-30": "8026.00000", "2020-01-31": "6538.00000", "2019-10-31": "6363.00000", "2019-07-31": "6904.00000", "2019-04-30": "6969.00000", "2019-01-31": "6937.00000", "2018-10-31": "6866.00000", "2018-07-31": "6736.00000", "2018-04-30": "6876.00000", "2018-01-31": "6758.00000", "2017-10-31": "5955.00000", "2017-07-31": "5991.00000", "2017-04-30": "5931.00000", "2017-01-31": "3749.00000", "2016-10-31": "3721.00000", "2016-07-31": "3916.00000", "2016-04-30": "3899.00000", "2016-01-31": "3851.00000", "2015-10-31": "3897.00000", "2015-07-31": "2156.00000", "2015-04-30": "2540.00000", "2015-01-31": "2480.00000", "2014-10-31": "2483.00000", "2014-07-31": "2412.00000", "2014-04-30": "2418.00000", "2014-01-31": "2481.00000", "2013-10-31": "2512.00000", "2013-07-31": "2595.00000", "2013-04-30": "2596.00000", "2013-01-31": "2608.00000", "2012-10-31": "2602.00000", "2012-07-31": "2573.00000", "2012-04-30": "2508.00000", "2012-01-31": "2453.00000", "2011-10-31": "2267.00000", "2011-07-31": "2274.00000", "2011-04-30": "524.00000", "2011-01-31": "521.00000", "2010-10-31": "519.00000", "2010-07-31": "558.53700", "2010-04-30": "552.84800", "2010-01-31": "577.74700", "2009-10-31": "540.17800", "2009-07-31": "527.68900", "2009-04-30": "520.36700", "2009-01-31": "541.20100", "2008-10-31": "511.80800", "2008-07-31": "546.27000", "2008-04-30": "552.72100", "2008-01-31": "540.28700", "2007-10-31": "459.24300", "2007-07-31": "428.48300", "2007-04-30": "400.42900", "2007-01-31": "397.09600", "2006-10-31": "393.39200", "2006-07-31": "676.10600", "2006-04-30": "645.55700", "2006-01-31": "663.82600", "2005-10-31": "575.19400", "2005-07-31": "569.68500", "2005-04-30": "572.13400", "2005-01-31": "576.35600"}, "Total Liabilities": {"2020-10-31": "11775.00000", "2020-07-31": "11602.00000", "2020-04-30": "12791.00000", "2020-01-31": "11107.00000", "2019-10-31": "10810.00000", "2019-07-31": "10689.00000", "2019-04-30": "10574.00000", "2019-01-31": "10713.00000", "2018-10-31": "10788.00000", "2018-07-31": "11058.00000", "2018-04-30": "11456.00000", "2018-01-31": "11157.00000", "2017-10-31": "10070.00000", "2017-07-31": "10362.00000", "2017-04-30": "10028.00000", "2017-01-31": "7557.00000", "2016-10-31": "7353.00000", "2016-07-31": "6880.00000", "2016-04-30": "6510.00000", "2016-01-31": "6158.00000", "2015-10-31": "7695.00000", "2015-07-31": "5176.00000", "2015-04-30": "5236.00000", "2015-01-31": "5001.00000", "2014-10-31": "5306.00000", "2014-07-31": "5167.00000", "2014-04-30": "5080.00000", "2014-01-31": "4958.00000", "2013-10-31": "4955.00000", "2013-07-31": "4797.00000", "2013-04-30": "4797.00000", "2013-01-31": "4573.00000", "2012-10-31": "4867.00000", "2012-07-31": "4981.00000", "2012-04-30": "5174.00000", "2012-01-31": "4947.00000", "2011-10-31": "5061.00000", "2011-07-31": "5552.00000", "2011-04-30": "3775.00000", "2011-01-31": "3435.00000", "2010-10-31": "3407.00000", "2010-07-31": "3448.00900", "2010-04-30": "3128.66800", "2010-01-31": "2855.69500", "2009-10-31": "2479.63500", "2009-07-31": "2566.67200", "2009-04-30": "2653.20000", "2009-01-31": "3070.93200", "2008-10-31": "3457.36000", "2008-07-31": "3457.64600", "2008-04-30": "3260.14600", "2008-01-31": "2893.75700", "2007-10-31": "2840.86900", "2007-07-31": "2977.24600", "2007-04-30": "2858.48300", "2007-01-31": "2841.29200", "2006-10-31": "2829.43700", "2006-07-31": "3107.91300", "2006-04-30": "2833.08600", "2006-01-31": "2542.32900", "2005-10-31": "2340.60800", "2005-07-31": "2547.00400", "2005-04-30": "2734.21400", "2005-01-31": "2798.71500"}, "Common Stock Net": {"2020-10-31": "9.00000", "2020-07-31": "9.00000", "2020-04-30": "9.00000", "2020-01-31": "9.00000", "2019-10-31": "9.00000", "2019-07-31": "9.00000", "2019-04-30": "9.00000", "2019-01-31": "9.00000", "2018-10-31": "10.00000", "2018-07-31": "10.00000", "2018-04-30": "10.00000", "2018-01-31": "11.00000", "2017-10-31": "11.00000", "2017-07-31": "11.00000", "2017-04-30": "11.00000", "2017-01-31": "11.00000", "2016-10-31": "11.00000", "2016-07-31": "11.00000", "2016-04-30": "11.00000", "2016-01-31": "11.00000", "2015-10-31": "11.00000", "2015-07-31": "12.00000", "2015-04-30": "12.00000", "2015-01-31": "12.00000", "2014-10-31": "12.00000", "2014-07-31": "12.00000", "2014-04-30": "12.00000", "2014-01-31": "12.00000", "2013-10-31": "12.00000", "2013-07-31": "12.00000", "2013-04-30": "12.00000", "2013-01-31": "12.00000", "2012-10-31": "12.00000", "2012-07-31": "12.00000", "2012-04-30": "13.00000", "2012-01-31": "13.00000", "2011-10-31": "13.00000", "2011-07-31": "13.00000", "2011-04-30": "13.00000", "2011-01-31": "13.00000", "2010-10-31": "13.00000", "2010-07-31": "13.36100", "2010-04-30": "13.43000", "2010-01-31": "13.43300", "2009-10-31": "13.40900", "2009-07-31": "13.33700", "2009-04-30": "13.33000", "2009-01-31": "13.29300", "2008-10-31": "13.30800", "2008-07-31": "13.41700", "2008-04-30": "13.55400", "2008-01-31": "13.53600", "2007-10-31": "13.85700", "2007-07-31": "13.78100", "2007-04-30": "13.82000", "2007-01-31": "13.96900", "2006-10-31": "13.91700", "2006-07-31": "15.33900", "2006-04-30": "15.63800", "2006-01-31": "15.86600", "2005-10-31": "16.06700", "2005-07-31": "16.22500", "2005-04-30": "16.44000", "2005-01-31": "16.67800"}, "Retained Earnings (Accumulated Deficit)": {"2020-10-31": "27209.00000", "2020-07-31": "26278.00000", "2020-04-30": "25638.00000", "2020-01-31": "25085.00000", "2019-10-31": "24386.00000", "2019-07-31": "23880.00000", "2019-04-30": "23502.00000", "2019-01-31": "23032.00000", "2018-10-31": "20880.00000", "2018-07-31": "20191.00000", "2018-04-30": "19216.00000", "2018-01-31": "18288.00000", "2017-10-31": "18258.00000", "2017-07-31": "17383.00000", "2017-04-30": "16564.00000", "2017-01-31": "15847.00000", "2016-10-31": "15252.00000", "2016-07-31": "14750.00000", "2016-04-30": "14353.00000", "2016-01-31": "14142.00000", "2015-10-31": "13967.00000", "2015-07-31": "13747.00000", "2015-04-30": "13538.00000", "2015-01-31": "13297.00000", "2014-10-31": "13072.00000", "2014-07-31": "12938.00000", "2014-04-30": "12759.00000", "2014-01-31": "12619.00000", "2013-10-31": "12487.00000", "2013-07-31": "12425.00000", "2013-04-30": "12378.00000", "2013-01-31": "12626.00000", "2012-10-31": "12700.00000", "2012-07-31": "13323.00000", "2012-04-30": "13217.00000", "2012-01-31": "13043.00000", "2011-10-31": "13029.00000", "2011-07-31": "12678.00000", "2011-04-30": "12308.00000", "2011-01-31": "11925.00000", "2010-10-31": "11511.00000", "2010-07-31": "11135.75000", "2010-04-30": "11106.14000", "2010-01-31": "10936.15000", "2009-10-31": "10934.00000", "2009-07-31": "10896.83000", "2009-04-30": "11031.71000", "2009-01-31": "11386.76000", "2008-10-31": "11601.29000", "2008-07-31": "11350.02000", "2008-04-30": "11265.71000", "2008-01-31": "11044.52000", "2007-10-31": "10863.29000", "2007-07-31": "10525.12000", "2007-04-30": "10134.42000", "2007-01-31": "9805.92700", "2006-10-31": "9472.30300", "2006-07-31": "8692.13500", "2006-04-30": "8657.57500", "2006-01-31": "8322.97800", "2005-10-31": "8227.79300", "2005-07-31": "8078.02600", "2005-04-30": "7757.76500", "2005-01-31": "7452.93500"}, "Comprehensive Income": {"2020-10-31": "-299.00000", "2020-07-31": "-277.00000", "2020-04-30": "-315.00000", "2020-01-31": "-188.00000", "2019-10-31": "-180.00000", "2019-07-31": "-137.00000", "2019-04-30": "-138.00000", "2019-01-31": "-154.00000", "2018-10-31": "-125.00000", "2018-07-31": "-77.00000", "2018-04-30": "-78.00000", "2018-01-31": "-79.00000", "2017-10-31": "-64.00000", "2017-07-31": "-101.00000", "2017-04-30": "-110.00000", "2017-01-31": "-106.00000", "2016-10-31": "-115.00000", "2016-07-31": "-87.00000", "2016-04-30": "-95.00000", "2016-01-31": "-94.00000", "2015-10-31": "-92.00000", "2015-07-31": "-118.00000", "2015-04-30": "-125.00000", "2015-01-31": "-77.00000", "2014-10-31": "-76.00000", "2014-07-31": "-42.00000", "2014-04-30": "-41.00000", "2014-01-31": "-44.00000", "2013-10-31": "-38.00000", "2013-07-31": "-61.00000", "2013-04-30": "-54.00000", "2013-01-31": "-62.00000", "2012-10-31": "-61.00000", "2012-07-31": "-5.00000", "2012-04-30": "7.00000", "2012-01-31": "7.00000", "2011-10-31": "6.00000", "2011-07-31": "-4.00000", "2011-04-30": "1.00000", "2011-01-31": "0.00000", "2010-10-31": "2.00000", "2010-07-31": "6.57000", "2010-04-30": "-0.70300", "2010-01-31": "-0.51100", "2009-10-31": "-1.68000", "2009-07-31": "5.74800", "2009-04-30": "-3.52800", "2009-01-31": "-11.50400", "2008-10-31": "-26.57000", "2008-07-31": "-8.42200", "2008-04-30": "2.56400", "2008-01-31": "17.26400", "2007-10-31": "11.35300", "2007-07-31": "11.75900", "2007-04-30": "-11.47400", "2007-01-31": "-15.29600", "2006-10-31": "-19.01000", "2006-07-31": "-41.53000", "2006-04-30": "-64.67800", "2006-01-31": "-43.08400", "2005-10-31": "-37.24800", "2005-07-31": "-9.67000", "2005-04-30": "6.28400", "2005-01-31": "11.60500"}, "Other Share Holders Equity": {"2020-10-31": "", "2020-07-31": "", "2020-04-30": "", "2020-01-31": "", "2019-10-31": "", "2019-07-31": "", "2019-04-30": "", "2019-01-31": "", "2018-10-31": "", "2018-07-31": "", "2018-04-30": "", "2018-01-31": "", "2017-10-31": "", "2017-07-31": "", "2017-04-30": "", "2017-01-31": "", "2016-10-31": "", "2016-07-31": "", "2016-04-30": "", "2016-01-31": "", "2015-10-31": "", "2015-07-31": "", "2015-04-30": "", "2015-01-31": "", "2014-10-31": "", "2014-07-31": "", "2014-04-30": "", "2014-01-31": "", "2013-10-31": "", "2013-07-31": "", "2013-04-30": "", "2013-01-31": "", "2012-10-31": "", "2012-07-31": "", "2012-04-30": "", "2012-01-31": "", "2011-10-31": "", "2011-07-31": "", "2011-04-30": "", "2011-01-31": "", "2010-10-31": "", "2010-07-31": "", "2010-04-30": "", "2010-01-31": "", "2009-10-31": "", "2009-07-31": "", "2009-04-30": "", "2009-01-31": "", "2008-10-31": "", "2008-07-31": "", "2008-04-30": "", "2008-01-31": "", "2007-10-31": "", "2007-07-31": "", "2007-04-30": "", "2007-01-31": "", "2006-10-31": "", "2006-07-31": "", "2006-04-30": "", "2006-01-31": "", "2005-10-31": "", "2005-07-31": "", "2005-04-30": "", "2005-01-31": ""}, "Share Holder Equity": {"2020-10-31": "10578.00000", "2020-07-31": "9569.00000", "2020-04-30": "9024.00000", "2020-01-31": "8660.00000", "2019-10-31": "8214.00000", "2019-07-31": "8116.00000", "2019-04-30": "8201.00000", "2019-01-31": "8209.00000", "2018-10-31": "6845.00000", "2018-07-31": "6825.00000", "2018-04-30": "7042.00000", "2018-01-31": "8506.00000", "2017-10-31": "9349.00000", "2017-07-31": "8716.00000", "2017-04-30": "8212.00000", "2017-01-31": "7687.00000", "2016-10-31": "7217.00000", "2016-07-31": "6819.00000", "2016-04-30": "6565.00000", "2016-01-31": "7168.00000", "2015-10-31": "7613.00000", "2015-07-31": "7977.00000", "2015-04-30": "8351.00000", "2015-01-31": "8072.00000", "2014-10-31": "7868.00000", "2014-07-31": "7684.00000", "2014-04-30": "7475.00000", "2014-01-31": "7241.00000", "2013-10-31": "7088.00000", "2013-07-31": "6954.00000", "2013-04-30": "6898.00000", "2013-01-31": "7141.00000", "2012-10-31": "7235.00000", "2012-07-31": "8339.00000", "2012-04-30": "8703.00000", "2012-01-31": "8650.00000", "2011-10-31": "8800.00000", "2011-07-31": "8551.00000", "2011-04-30": "8182.00000", "2011-01-31": "7839.00000", "2010-10-31": "7536.00000", "2010-07-31": "7278.13900", "2010-04-30": "7321.08100", "2010-01-31": "7148.14300", "2009-10-31": "7094.60800", "2009-07-31": "7013.60900", "2009-04-30": "7095.89900", "2009-01-31": "7356.67100", "2008-10-31": "7548.95800", "2008-07-31": "7540.79500", "2008-04-30": "7710.80400", "2008-01-31": "7458.73100", "2007-10-31": "7821.40900", "2007-07-31": "7388.13700", "2007-04-30": "7037.74000", "2007-01-31": "6966.71100", "2006-10-31": "6651.40000", "2006-07-31": "8665.94400", "2006-04-30": "8618.67000", "2006-01-31": "8667.57900", "2005-10-31": "8928.54900", "2005-07-31": "9071.64500", "2005-04-30": "9181.94400", "2005-01-31": "9299.83400"}, "Total Liabilities And Share Holders Equity": {"2020-10-31": "22353.00000", "2020-07-31": "21171.00000", "2020-04-30": "21815.00000", "2020-01-31": "19767.00000", "2019-10-31": "19024.00000", "2019-07-31": "18805.00000", "2019-04-30": "18775.00000", "2019-01-31": "18922.00000", "2018-10-31": "17633.00000", "2018-07-31": "17883.00000", "2018-04-30": "18498.00000", "2018-01-31": "19663.00000", "2017-10-31": "19419.00000", "2017-07-31": "19078.00000", "2017-04-30": "18240.00000", "2017-01-31": "15244.00000", "2016-10-31": "14570.00000", "2016-07-31": "13699.00000", "2016-04-30": "13075.00000", "2016-01-31": "13326.00000", "2015-10-31": "15308.00000", "2015-07-31": "13153.00000", "2015-04-30": "13587.00000", "2015-01-31": "13073.00000", "2014-10-31": "13174.00000", "2014-07-31": "12851.00000", "2014-04-30": "12555.00000", "2014-01-31": "12199.00000", "2013-10-31": "12043.00000", "2013-07-31": "11751.00000", "2013-04-30": "11695.00000", "2013-01-31": "11714.00000", "2012-10-31": "12102.00000", "2012-07-31": "13320.00000", "2012-04-30": "13877.00000", "2012-01-31": "13597.00000", "2011-10-31": "13861.00000", "2011-07-31": "14103.00000", "2011-04-30": "11957.00000", "2011-01-31": "11274.00000", "2010-10-31": "10943.00000", "2010-07-31": "10726.15000", "2010-04-30": "10449.75000", "2010-01-31": "10003.84000", "2009-10-31": "9574.24300", "2009-07-31": "9580.28100", "2009-04-30": "9749.09900", "2009-01-31": "10427.60000", "2008-10-31": "11006.32000", "2008-07-31": "10998.44000", "2008-04-30": "10970.95000", "2008-01-31": "10352.49000", "2007-10-31": "10662.28000", "2007-07-31": "10365.38000", "2007-04-30": "9896.22300", "2007-01-31": "9808.00300", "2006-10-31": "9480.83700", "2006-07-31": "11773.86000", "2006-04-30": "11451.76000", "2006-01-31": "11209.91000", "2005-10-31": "11269.16000", "2005-07-31": "11618.65000", "2005-04-30": "11916.16000", "2005-01-31": "12098.55000"}}, "cash flow statement": {"Net Income/Loss": {"2020-10-31": "3619.00000", "2019-10-31": "2706.00000", "2018-10-31": "3038.00000", "2017-10-31": "3519.00000", "2016-10-31": "1721.00000", "2015-10-31": "1377.00000", "2014-10-31": "1072.00000", "2013-10-31": "256.00000", "2012-10-31": "109.00000", "2011-10-31": "1926.00000", "2010-10-31": "938.00000", "2009-10-31": "-305.00000", "2008-10-31": "960.74600", "2007-10-31": "1710.19600", "2006-10-31": "1516.66300", "2005-10-31": "1209.90000"}, "Total Depreciation And Amortization - Cash Flow": {"2020-10-31": "376.00000", "2019-10-31": "363.00000", "2018-10-31": "457.00000", "2017-10-31": "407.00000", "2016-10-31": "389.00000", "2015-10-31": "371.00000", "2014-10-31": "375.00000", "2013-10-31": "688.00000", "2012-10-31": "843.00000", "2011-10-31": "246.00000", "2010-10-31": "305.00000", "2009-10-31": "291.00000", "2008-10-31": "320.05100", "2007-10-31": "268.33400", "2006-10-31": "270.41300", "2005-10-31": "300.52900"}, "Other Non-Cash Items": {"2020-10-31": "447.00000", "2019-10-31": "293.00000", "2018-10-31": "333.00000", "2017-10-31": "199.00000", "2016-10-31": "260.00000", "2015-10-31": "50.00000", "2014-10-31": "218.00000", "2013-10-31": "134.00000", "2012-10-31": "572.00000", "2011-10-31": "252.00000", "2010-10-31": "256.00000", "2009-10-31": "538.00000", "2008-10-31": "202.34200", "2007-10-31": "231.45600", "2006-10-31": "516.64600", "2005-10-31": "166.79300"}, "Total Non-Cash Items": {"2020-10-31": "823.00000", "2019-10-31": "656.00000", "2018-10-31": "790.00000", "2017-10-31": "606.00000", "2016-10-31": "649.00000", "2015-10-31": "421.00000", "2014-10-31": "593.00000", "2013-10-31": "822.00000", "2012-10-31": "1415.00000", "2011-10-31": "498.00000", "2010-10-31": "561.00000", "2009-10-31": "829.00000", "2008-10-31": "522.39300", "2007-10-31": "499.79010", "2006-10-31": "787.05900", "2005-10-31": "467.32200"}, "Change In Accounts Receivable": {"2020-10-31": "-427.00000", "2019-10-31": "-207.00000", "2018-10-31": "16.00000", "2017-10-31": "-37.00000", "2016-10-31": "-542.00000", "2015-10-31": "-61.00000", "2014-10-31": "-21.00000", "2013-10-31": "-404.00000", "2012-10-31": "493.00000", "2011-10-31": "292.00000", "2010-10-31": "-767.00000", "2009-10-31": "587.00000", "2008-10-31": "421.83400", "2007-10-31": "33.40100", "2006-10-31": "-393.02200", "2005-10-31": "86.95900"}, "Change In Inventories": {"2020-10-31": "-421.00000", "2019-10-31": "248.00000", "2018-10-31": "-1014.00000", "2017-10-31": "-809.00000", "2016-10-31": "-216.00000", "2015-10-31": "-266.00000", "2014-10-31": "-154.00000", "2013-10-31": "-141.00000", "2012-10-31": "679.00000", "2011-10-31": "-163.00000", "2010-10-31": "145.00000", "2009-10-31": "360.00000", "2008-10-31": "-638.25600", "2007-10-31": "140.93300", "2006-10-31": "-222.33500", "2005-10-31": "130.92400"}, "Change In Accounts Payable": {"2020-10-31": "", "2019-10-31": "", "2018-10-31": "", "2017-10-31": "", "2016-10-31": "", "2015-10-31": "", "2014-10-31": "", "2013-10-31": "", "2012-10-31": "", "2011-10-31": "", "2010-10-31": "", "2009-10-31": "", "2008-10-31": "", "2007-10-31": "", "2006-10-31": "", "2005-10-31": ""}, "Change In Assets/Liabilities": {"2020-10-31": "-107.00000", "2019-10-31": "47.00000", "2018-10-31": "-99.00000", "2017-10-31": "18.00000", "2016-10-31": "597.00000", "2015-10-31": "-151.00000", "2014-10-31": "89.00000", "2013-10-31": "12.00000", "2012-10-31": "-376.00000", "2011-10-31": "186.00000", "2010-10-31": "115.00000", "2009-10-31": "-249.00000", "2008-10-31": "695.66600", "2007-10-31": "-43.83600", "2006-10-31": "-49.21900", "2005-10-31": "54.32500"}, "Total Change In Assets/Liabilities": {"2020-10-31": "-638.00000", "2019-10-31": "-115.00000", "2018-10-31": "-41.00000", "2017-10-31": "-336.00000", "2016-10-31": "196.00000", "2015-10-31": "-635.00000", "2014-10-31": "135.00000", "2013-10-31": "-455.00000", "2012-10-31": "327.00000", "2011-10-31": "5.00000", "2010-10-31": "224.00000", "2009-10-31": "-191.00000", "2008-10-31": "227.32900", "2007-10-31": "-0.69000", "2006-10-31": "-326.60400", "2005-10-31": "-390.50100"}, "Cash Flow From Operating Activities": {"2020-10-31": "3804.00000", "2019-10-31": "3247.00000", "2018-10-31": "3787.00000", "2017-10-31": "3789.00000", "2016-10-31": "2566.00000", "2015-10-31": "1163.00000", "2014-10-31": "1800.00000", "2013-10-31": "623.00000", "2012-10-31": "1851.00000", "2011-10-31": "2429.00000", "2010-10-31": "1723.00000", "2009-10-31": "333.00000", "2008-10-31": "1710.46800", "2007-10-31": "2209.29600", "2006-10-31": "1977.11800", "2005-10-31": "1286.72100"}, "Net Change In Property, Plant, And Equipment": {"2020-10-31": "-422.00000", "2019-10-31": "-441.00000", "2018-10-31": "-622.00000", "2017-10-31": "-345.00000", "2016-10-31": "-253.00000", "2015-10-31": "-215.00000", "2014-10-31": "-241.00000", "2013-10-31": "-197.00000", "2012-10-31": "-162.00000", "2011-10-31": "-209.00000", "2010-10-31": "-169.00000", "2009-10-31": "-249.00000", "2008-10-31": "-287.90600", "2007-10-31": "-264.78400", "2006-10-31": "-179.48200", "2005-10-31": "-199.65000"}, "Net Change In Intangible Assets": {"2020-10-31": "", "2019-10-31": "", "2018-10-31": "", "2017-10-31": "", "2016-10-31": "", "2015-10-31": "", "2014-10-31": "25.00000", "2013-10-31": "7.00000", "2012-10-31": "0.00000", "2011-10-31": "130.00000", "2010-10-31": "0.00000", "2009-10-31": "0.00000", "2008-10-31": "42.21000", "2007-10-31": "", "2006-10-31": "", "2005-10-31": ""}, "Net Acquisitions/Divestitures": {"2020-10-31": "-107.00000", "2019-10-31": "-28.00000", "2018-10-31": "-6.00000", "2017-10-31": "-68.00000", "2016-10-31": "-16.00000", "2015-10-31": "-4.00000", "2014-10-31": "-12.00000", "2013-10-31": "-1.00000", "2012-10-31": "-4190.00000", "2011-10-31": "", "2010-10-31": "-323.00000", "2009-10-31": "", "2008-10-31": "-235.32400", "2007-10-31": "-599.65300", "2006-10-31": "-339.09300", "2005-10-31": "-101.79300"}, "Net Change In Short-term Investments": {"2020-10-31": "1754.00000", "2019-10-31": "1940.00000", "2018-10-31": "3276.00000", "2017-10-31": "2743.00000", "2016-10-31": "1234.00000", "2015-10-31": "1100.00000", "2014-10-31": "878.00000", "2013-10-31": "1013.00000", "2012-10-31": "1019.00000", "2011-10-31": "1923.00000", "2010-10-31": "1408.00000", "2009-10-31": "1317.00000", "2008-10-31": "5939.50900", "2007-10-31": "3053.64000", "2006-10-31": "6071.15600", "2005-10-31": "6090.47700"}, "Net Change In Long-Term Investments": {"2020-10-31": "-1355.00000", "2019-10-31": "-1914.00000", "2018-10-31": "-2077.00000", "2017-10-31": "-4856.00000", "2016-10-31": "-1390.00000", "2015-10-31": "-1162.00000", "2014-10-31": "-811.00000", "2013-10-31": "-607.00000", "2012-10-31": "-1327.00000", "2011-10-31": "-1137.00000", "2010-10-31": "-1778.00000", "2009-10-31": "-956.00000", "2008-10-31": "-5534.47500", "2007-10-31": "-3203.42700", "2006-10-31": "-3621.66400", "2005-10-31": "-6007.73800"}, "Net Change In Investments - Total": {"2020-10-31": "399.00000", "2019-10-31": "26.00000", "2018-10-31": "1199.00000", "2017-10-31": "-2113.00000", "2016-10-31": "-156.00000", "2015-10-31": "-62.00000", "2014-10-31": "67.00000", "2013-10-31": "406.00000", "2012-10-31": "-308.00000", "2011-10-31": "786.00000", "2010-10-31": "-370.00000", "2009-10-31": "361.00000", "2008-10-31": "405.03370", "2007-10-31": "-149.78710", "2006-10-31": "2449.49200", "2005-10-31": "82.73930"}, "Investing Activities - Other": {"2020-10-31": "", "2019-10-31": "", "2018-10-31": "", "2017-10-31": "", "2016-10-31": "", "2015-10-31": "", "2014-10-31": "", "2013-10-31": "", "2012-10-31": "", "2011-10-31": "", "2010-10-31": "", "2009-10-31": "", "2008-10-31": "", "2007-10-31": "37.61100", "2006-10-31": "18.06900", "2005-10-31": ""}, "Cash Flow From Investing Activities": {"2020-10-31": "-130.00000", "2019-10-31": "-443.00000", "2018-10-31": "571.00000", "2017-10-31": "-2526.00000", "2016-10-31": "-425.00000", "2015-10-31": "-281.00000", "2014-10-31": "-161.00000", "2013-10-31": "215.00000", "2012-10-31": "-4660.00000", "2011-10-31": "707.00000", "2010-10-31": "-862.00000", "2009-10-31": "112.00000", "2008-10-31": "-75.98600", "2007-10-31": "-976.61300", "2006-10-31": "1948.98600", "2005-10-31": "-218.70400"}, "Net Long-Term Debt": {"2020-10-31": "97.00000", "2019-10-31": "", "2018-10-31": "", "2017-10-31": "1971.00000", "2016-10-31": "-1207.00000", "2015-10-31": "2581.00000", "2014-10-31": "", "2013-10-31": "", "2012-10-31": "", "2011-10-31": "1730.00000", "2010-10-31": "-6.00000", "2009-10-31": "-1.00000", "2008-10-31": "", "2007-10-31": "-202.04000", "2006-10-31": "", "2005-10-31": "-48.42500"}, "Net Current Debt": {"2020-10-31": "", "2019-10-31": "", "2018-10-31": "", "2017-10-31": "", "2016-10-31": "", "2015-10-31": "", "2014-10-31": "", "2013-10-31": "", "2012-10-31": "", "2011-10-31": "", "2010-10-31": "", "2009-10-31": "", "2008-10-31": "-2.11700", "2007-10-31": "-0.09900", "2006-10-31": "-7.71000", "2005-10-31": "-13.29000"}, "Debt Issuance/Retirement Net - Total": {"2020-10-31": "97.00000", "2019-10-31": "", "2018-10-31": "", "2017-10-31": "1971.00000", "2016-10-31": "-1207.00000", "2015-10-31": "2581.00000", "2014-10-31": "", "2013-10-31": "", "2012-10-31": "", "2011-10-31": "1730.00000", "2010-10-31": "-6.00000", "2009-10-31": "-1.00000", "2008-10-31": "-2.11700", "2007-10-31": "-202.13900", "2006-10-31": "-7.71000", "2005-10-31": "-61.71500"}, "Net Common Equity Issued/Repurchased": {"2020-10-31": "-475.00000", "2019-10-31": "-2258.00000", "2018-10-31": "-5159.00000", "2017-10-31": "-1075.00000", "2016-10-31": "-1804.00000", "2015-10-31": "-1237.00000", "2014-10-31": "107.00000", "2013-10-31": "-86.00000", "2012-10-31": "-1320.00000", "2011-10-31": "-373.00000", "2010-10-31": "-221.00000", "2009-10-31": "39.00000", "2008-10-31": "-1106.00600", "2007-10-31": "-433.97190", "2006-10-31": "-3820.61900", "2005-10-31": "-1411.39600"}, "Net Total Equity Issued/Repurchased": {"2020-10-31": "-475.00000", "2019-10-31": "-2258.00000", "2018-10-31": "-5159.00000", "2017-10-31": "-1075.00000", "2016-10-31": "-1804.00000", "2015-10-31": "-1237.00000", "2014-10-31": "107.00000", "2013-10-31": "-86.00000", "2012-10-31": "-1320.00000", "2011-10-31": "-373.00000", "2010-10-31": "-221.00000", "2009-10-31": "39.00000", "2008-10-31": "-1106.00600", "2007-10-31": "-433.97190", "2006-10-31": "-3820.61900", "2005-10-31": "-1411.39600"}, "Total Common And Preferred Stock Dividends Paid": {"2020-10-31": "-787.00000", "2019-10-31": "-771.00000", "2018-10-31": "-605.00000", "2017-10-31": "-430.00000", "2016-10-31": "-444.00000", "2015-10-31": "-487.00000", "2014-10-31": "-485.00000", "2013-10-31": "-456.00000", "2012-10-31": "-434.00000", "2011-10-31": "-397.00000", "2010-10-31": "-349.00000", "2009-10-31": "-319.00000", "2008-10-31": "-325.40500", "2007-10-31": "-305.67200", "2006-10-31": "-250.78200", "2005-10-31": "-98.04000"}, "Financial Activities - Other": {"2020-10-31": "-172.00000", "2019-10-31": "-86.00000", "2018-10-31": "-164.00000", "2017-10-31": "-125.00000", "2016-10-31": "-77.00000", "2015-10-31": "56.00000", "2014-10-31": "30.00000", "2013-10-31": "23.00000", "2012-10-31": "", "2011-10-31": "", "2010-10-31": "", "2009-10-31": "", "2008-10-31": "7.49100", "2007-10-31": "49.79400", "2006-10-31": "23.66400", "2005-10-31": ""}, "Cash Flow From Financial Activities": {"2020-10-31": "-1337.00000", "2019-10-31": "-3115.00000", "2018-10-31": "-5928.00000", "2017-10-31": "341.00000", "2016-10-31": "-3532.00000", "2015-10-31": "913.00000", "2014-10-31": "-348.00000", "2013-10-31": "-519.00000", "2012-10-31": "-1754.00000", "2011-10-31": "960.00000", "2010-10-31": "-576.00000", "2009-10-31": "-281.00000", "2008-10-31": "-1426.03700", "2007-10-31": "-891.98900", "2006-10-31": "-4055.44700", "2005-10-31": "-1571.15100"}, "Net Cash Flow": {"2020-10-31": "2337.00000", "2019-10-31": "-311.00000", "2018-10-31": "-1570.00000", "2017-10-31": "1604.00000", "2016-10-31": "-1391.00000", "2015-10-31": "1795.00000", "2014-10-31": "1291.00000", "2013-10-31": "319.00000", "2012-10-31": "-4568.00000", "2011-10-31": "4102.00000", "2010-10-31": "282.00000", "2009-10-31": "165.00000", "2008-10-31": "208.90200", "2007-10-31": "341.25900", "2006-10-31": "-128.87900", "2005-10-31": "-502.95000"}, "Stock-Based Compensation": {"2020-10-31": "307.00000", "2019-10-31": "263.00000", "2018-10-31": "258.00000", "2017-10-31": "220.00000", "2016-10-31": "201.00000", "2015-10-31": "187.00000", "2014-10-31": "177.00000", "2013-10-31": "162.00000", "2012-10-31": "182.00000", "2011-10-31": "146.00000", "2010-10-31": "126.00000", "2009-10-31": "147.00000", "2008-10-31": "178.94300", "2007-10-31": "161.19600", "2006-10-31": "216.26900", "2005-10-31": "0.05500"}, "Common Stock Dividends Paid": {"2020-10-31": "-787.00000", "2019-10-31": "-771.00000", "2018-10-31": "-605.00000", "2017-10-31": "-430.00000", "2016-10-31": "-444.00000", "2015-10-31": "-487.00000", "2014-10-31": "-485.00000", "2013-10-31": "-456.00000", "2012-10-31": "-434.00000", "2011-10-31": "-397.00000", "2010-10-31": "-349.00000", "2009-10-31": "-319.00000", "2008-10-31": "-325.40500", "2007-10-31": "-305.67200", "2006-10-31": "-250.78200", "2005-10-31": "-98.04000"}}, "cash flow statement, quarterly": {"Net Income/Loss": {"2020-10-31": 1131, "2020-07-31": 841, "2020-04-30": 755, "2020-01-31": "892.00000", "2019-10-31": 698, "2019-07-31": 571, "2019-04-30": 666, "2019-01-31": "771.00000", "2018-10-31": 757, "2018-07-31": 1016, "2018-04-30": 1100, "2018-01-31": "165.00000", "2017-10-31": 1067, "2017-07-31": 925, "2017-04-30": 824, "2017-01-31": "703.00000", "2016-10-31": 610, "2016-07-31": 505, "2016-04-30": 320, "2016-01-31": "286.00000", "2015-10-31": 336, "2015-07-31": 329, "2015-04-30": 364, "2015-01-31": "348.00000", "2014-10-31": 256, "2014-07-31": 301, "2014-04-30": 262, "2014-01-31": "253.00000", "2013-10-31": 183, "2013-07-31": 168, "2013-04-30": -129, "2013-01-31": "34.00000", "2012-10-31": -515, "2012-07-31": 218, "2012-04-30": 289, "2012-01-31": "117.00000", "2011-10-31": 455, "2011-07-31": 476, "2011-04-30": 489, "2011-01-31": "506.00000", "2010-10-31": 468, "2010-07-31": 123, "2010-04-30": 264, "2010-01-31": "83.00000", "2009-10-31": 138.189, "2009-07-31": -54.865, "2009-04-30": -255.39, "2009-01-31": "-132.93400", "2008-10-31": 231.095, "2008-07-31": 164.768, "2008-04-30": 302.507, "2008-01-31": "262.37600", "2007-10-31": 421.761, "2007-07-31": 473.515, "2007-04-30": 411.444, "2007-01-31": "403.47600", "2006-10-31": 449.029, "2006-07-31": 512.04, "2006-04-30": 412.814, "2006-01-31": "142.78000", "2005-10-31": 246.714, "2005-07-31": 369.591, "2005-04-30": 304.83, "2005-01-31": "288.76500"}, "Total Depreciation And Amortization - Cash Flow": {"2020-10-31": 97, "2020-07-31": 94, "2020-04-30": 91, "2020-01-31": "94.00000", "2019-10-31": 92, "2019-07-31": 89, "2019-04-30": 94, "2019-01-31": "88.00000", "2018-10-31": 120, "2018-07-31": 110, "2018-04-30": 108, "2018-01-31": "119.00000", "2017-10-31": 105, "2017-07-31": 102, "2017-04-30": 103, "2017-01-31": "97.00000", "2016-10-31": 100, "2016-07-31": 97, "2016-04-30": 96, "2016-01-31": "96.00000", "2015-10-31": 96, "2015-07-31": 93, "2015-04-30": 90, "2015-01-31": "92.00000", "2014-10-31": 94, "2014-07-31": 93, "2014-04-30": 94, "2014-01-31": "94.00000", "2013-10-31": 98, "2013-07-31": 100, "2013-04-30": 384, "2013-01-31": "106.00000", "2012-10-31": 518, "2012-07-31": 105, "2012-04-30": 108, "2012-01-31": "112.00000", "2011-10-31": 59, "2011-07-31": 59, "2011-04-30": 65, "2011-01-31": "63.00000", "2010-10-31": 69, "2010-07-31": 73, "2010-04-30": 87, "2010-01-31": "76.00000", "2009-10-31": 71.391, "2009-07-31": 73.501, "2009-04-30": 74.88, "2009-01-31": "71.22800", "2008-10-31": 80.012, "2008-07-31": 85.718, "2008-04-30": 75.847, "2008-01-31": "78.47400", "2007-10-31": 81.024, "2007-07-31": 63.332, "2007-04-30": 63.074, "2007-01-31": "60.90400", "2006-10-31": 73.028, "2006-07-31": 61.871, "2006-04-30": 65.838, "2006-01-31": "69.67600", "2005-10-31": 74.313, "2005-07-31": 72.327, "2005-04-30": 74.608, "2005-01-31": "79.28100"}, "Other Non-Cash Items": {"2020-10-31": 60, "2020-07-31": 182, "2020-04-30": 67, "2020-01-31": "138.00000", "2019-10-31": 58, "2019-07-31": 65, "2019-04-30": 63, "2019-01-31": "107.00000", "2018-10-31": 42, "2018-07-31": 79, "2018-04-30": 115, "2018-01-31": "97.00000", "2017-10-31": 16, "2017-07-31": 58, "2017-04-30": 37, "2017-01-31": "88.00000", "2016-10-31": 94, "2016-07-31": 69, "2016-04-30": 28, "2016-01-31": "69.00000", "2015-10-31": -126, "2015-07-31": 104, "2015-04-30": 27, "2015-01-31": "45.00000", "2014-10-31": 42, "2014-07-31": 92, "2014-04-30": 71, "2014-01-31": "13.00000", "2013-10-31": 82, "2013-07-31": -2, "2013-04-30": 81, "2013-01-31": "-27.00000", "2012-10-31": 246, "2012-07-31": 177, "2012-04-30": 57, "2012-01-31": "92.00000", "2011-10-31": 283, "2011-07-31": -59, "2011-04-30": 9, "2011-01-31": "19.00000", "2010-10-31": 79, "2010-07-31": 45, "2010-04-30": 22, "2010-01-31": "110.00000", "2009-10-31": -39.904, "2009-07-31": 117.196, "2009-04-30": 235.203, "2009-01-31": "225.50500", "2008-10-31": 31.539, "2008-07-31": 38.888, "2008-04-30": 19.354, "2008-01-31": "112.56100", "2007-10-31": 57.823, "2007-07-31": 49.474, "2007-04-30": 83.71, "2007-01-31": "40.44900", "2006-10-31": 164.095, "2006-07-31": 143.574, "2006-04-30": 34.436, "2006-01-31": "174.54100", "2005-10-31": 170.641, "2005-07-31": 68.484, "2005-04-30": -68.002, "2005-01-31": "-4.33000"}, "Total Non-Cash Items": {"2020-10-31": 157, "2020-07-31": 276, "2020-04-30": 158, "2020-01-31": "232.00000", "2019-10-31": 150, "2019-07-31": 154, "2019-04-30": 157, "2019-01-31": "195.00000", "2018-10-31": 162, "2018-07-31": 189, "2018-04-30": 223, "2018-01-31": "216.00000", "2017-10-31": 121, "2017-07-31": 160, "2017-04-30": 140, "2017-01-31": "185.00000", "2016-10-31": 194, "2016-07-31": 166, "2016-04-30": 124, "2016-01-31": "165.00000", "2015-10-31": -30, "2015-07-31": 197, "2015-04-30": 117, "2015-01-31": "137.00000", "2014-10-31": 136, "2014-07-31": 185, "2014-04-30": 165, "2014-01-31": "107.00000", "2013-10-31": 180, "2013-07-31": 98, "2013-04-30": 465, "2013-01-31": "79.00000", "2012-10-31": 764, "2012-07-31": 282, "2012-04-30": 165, "2012-01-31": "204.00000", "2011-10-31": 342, "2011-07-31": 0, "2011-04-30": 74, "2011-01-31": "82.00000", "2010-10-31": 148, "2010-07-31": 118, "2010-04-30": 109, "2010-01-31": "186.00000", "2009-10-31": 31.4869, "2009-07-31": 190.6971, "2009-04-30": 310.083, "2009-01-31": "296.73300", "2008-10-31": 111.551, "2008-07-31": 124.606, "2008-04-30": 95.201, "2008-01-31": "191.03500", "2007-10-31": 138.8472, "2007-07-31": 112.8059, "2007-04-30": 146.784, "2007-01-31": "101.35300", "2006-10-31": 237.123, "2006-07-31": 205.445, "2006-04-30": 100.274, "2006-01-31": "244.21700", "2005-10-31": 244.954, "2005-07-31": 140.811, "2005-04-30": 6.606, "2005-01-31": "74.95100"}, "Change In Accounts Receivable": {"2020-10-31": -156, "2020-07-31": -179, "2020-04-30": 54, "2020-01-31": "-146.00000", "2019-10-31": -160, "2019-07-31": -107, "2019-04-30": 181, "2019-01-31": "-121.00000", "2018-10-31": 559, "2018-07-31": -217, "2018-04-30": -482, "2018-01-31": "156.00000", "2017-10-31": -63, "2017-07-31": 124, "2017-04-30": -9, "2017-01-31": "-89.00000", "2016-10-31": -430, "2016-07-31": 63, "2016-04-30": -288, "2016-01-31": "113.00000", "2015-10-31": 261, "2015-07-31": -194, "2015-04-30": -218, "2015-01-31": "90.00000", "2014-10-31": -32, "2014-07-31": -7, "2014-04-30": -105, "2014-01-31": "123.00000", "2013-10-31": -455, "2013-07-31": 105, "2013-04-30": -166, "2013-01-31": "112.00000", "2012-10-31": 310, "2012-07-31": 250, "2012-04-30": -214, "2012-01-31": "147.00000", "2011-10-31": 275, "2011-07-31": 102, "2011-04-30": 30, "2011-01-31": "-115.00000", "2010-10-31": -119, "2010-07-31": -283, "2010-04-30": -171, "2010-01-31": "-194.00000", "2009-10-31": -199.319, "2009-07-31": 72.223, "2009-04-30": 345.448, "2009-01-31": "368.64800", "2008-10-31": -112.27, "2008-07-31": 148.274, "2008-04-30": 350.904, "2008-01-31": "34.92600", "2007-10-31": 222.709, "2007-07-31": -118.244, "2007-04-30": -46.714, "2007-01-31": "-24.35000", "2006-10-31": 268.397, "2006-07-31": -330.196, "2006-04-30": -194.328, "2006-01-31": "-136.89500", "2005-10-31": -90.705, "2005-07-31": 68.534, "2005-04-30": 145.382, "2005-01-31": "-36.25200"}, "Change In Inventories": {"2020-10-31": 48, "2020-07-31": -217, "2020-04-30": -254, "2020-01-31": "2.00000", "2019-10-31": 66, "2019-07-31": 138, "2019-04-30": 26, "2019-01-31": "18.00000", "2018-10-31": -155, "2018-07-31": -319, "2018-04-30": -329, "2018-01-31": "-211.00000", "2017-10-31": 16, "2017-07-31": -266, "2017-04-30": -328, "2017-01-31": "-231.00000", "2016-10-31": -24, "2016-07-31": -100, "2016-04-30": -90, "2016-01-31": "-2.00000", "2015-10-31": -94, "2015-07-31": -26, "2015-04-30": -72, "2015-01-31": "-74.00000", "2014-10-31": -21, "2014-07-31": 18, "2014-04-30": -32, "2014-01-31": "-119.00000", "2013-10-31": -56, "2013-07-31": -39, "2013-04-30": -40, "2013-01-31": "-6.00000", "2012-10-31": 108, "2012-07-31": 214, "2012-04-30": 178, "2012-01-31": "179.00000", "2011-10-31": 147, "2011-07-31": -64, "2011-04-30": -146, "2011-01-31": "-100.00000", "2010-10-31": 45, "2010-07-31": 101, "2010-04-30": -26, "2010-01-31": "25.00000", "2009-10-31": 121.49, "2009-07-31": 152.517, "2009-04-30": 230.068, "2009-01-31": "-144.07500", "2008-10-31": -133.701, "2008-07-31": -227.077, "2008-04-30": -203.541, "2008-01-31": "-73.93700", "2007-10-31": 94.602, "2007-07-31": 108.773, "2007-04-30": 48.253, "2007-01-31": "-110.69500", "2006-10-31": -67.361, "2006-07-31": -105.695, "2006-04-30": -60.197, "2006-01-31": "10.91800", "2005-10-31": 39.898, "2005-07-31": 8.122, "2005-04-30": 117.166, "2005-01-31": "-34.26200"}, "Change In Accounts Payable": {"2020-10-31": 0, "2020-07-31": 0, "2020-04-30": 0, "2020-01-31": "", "2019-10-31": 0, "2019-07-31": 0, "2019-04-30": 0, "2019-01-31": "", "2018-10-31": 0, "2018-07-31": 0, "2018-04-30": 0, "2018-01-31": "", "2017-10-31": 0, "2017-07-31": 0, "2017-04-30": 0, "2017-01-31": "", "2016-10-31": 0, "2016-07-31": 0, "2016-04-30": 0, "2016-01-31": "", "2015-10-31": 0, "2015-07-31": 0, "2015-04-30": 0, "2015-01-31": "", "2014-10-31": 0, "2014-07-31": 0, "2014-04-30": 0, "2014-01-31": "", "2013-10-31": 0, "2013-07-31": 0, "2013-04-30": 0, "2013-01-31": "", "2012-10-31": 0, "2012-07-31": 0, "2012-04-30": 0, "2012-01-31": "", "2011-10-31": 0, "2011-07-31": 0, "2011-04-30": 0, "2011-01-31": "", "2010-10-31": 0, "2010-07-31": 0, "2010-04-30": 0, "2010-01-31": "", "2009-10-31": 0, "2009-07-31": 0, "2009-04-30": 0, "2009-01-31": "", "2008-10-31": 0, "2008-07-31": 0, "2008-04-30": 0, "2008-01-31": "", "2007-10-31": 0, "2007-07-31": 0, "2007-04-30": 0, "2007-01-31": "", "2006-10-31": 0, "2006-07-31": 0, "2006-04-30": 0, "2006-01-31": "", "2005-10-31": 0, "2005-07-31": 0, "2005-04-30": 0, "2005-01-31": ""}, "Change In Assets/Liabilities": {"2020-10-31": -62, "2020-07-31": 71, "2020-04-30": -106, "2020-01-31": "-10.00000", "2019-10-31": -114, "2019-07-31": -42, "2019-04-30": -40, "2019-01-31": "243.00000", "2018-10-31": -327, "2018-07-31": -48, "2018-04-30": -184, "2018-01-31": "460.00000", "2017-10-31": -639, "2017-07-31": 259, "2017-04-30": 133, "2017-01-31": "265.00000", "2016-10-31": 144, "2016-07-31": 182, "2016-04-30": 208, "2016-01-31": "63.00000", "2015-10-31": -91, "2015-07-31": 135, "2015-04-30": 51, "2015-01-31": "-246.00000", "2014-10-31": -215, "2014-07-31": 78, "2014-04-30": 132, "2014-01-31": "94.00000", "2013-10-31": -43, "2013-07-31": 68, "2013-04-30": -58, "2013-01-31": "45.00000", "2012-10-31": -192, "2012-07-31": -264, "2012-04-30": 134, "2012-01-31": "-54.00000", "2011-10-31": -296, "2011-07-31": 24, "2011-04-30": 249, "2011-01-31": "209.00000", "2010-10-31": 3, "2010-07-31": 23, "2010-04-30": -41, "2010-01-31": "130.00000", "2009-10-31": -14.133, "2009-07-31": -12.084, "2009-04-30": -97.203, "2009-01-31": "-125.58000", "2008-10-31": 87.531, "2008-07-31": 184.915, "2008-04-30": 392.342, "2008-01-31": "30.87800", "2007-10-31": -18.425, "2007-07-31": -30.462, "2007-04-30": 4.44, "2007-01-31": "0.61100", "2006-10-31": -36.898, "2006-07-31": -5.863, "2006-04-30": -34.974, "2006-01-31": "28.51600", "2005-10-31": 67.476, "2005-07-31": -46.724, "2005-04-30": -43.532, "2005-01-31": "77.10500"}, "Total Change In Assets/Liabilities": {"2020-10-31": 27, "2020-07-31": -250, "2020-04-30": -278, "2020-01-31": "-137.00000", "2019-10-31": -22, "2019-07-31": 62, "2019-04-30": -23, "2019-01-31": "-132.00000", "2018-10-31": 158, "2018-07-31": -572, "2018-04-30": -712, "2018-01-31": "1085.00000", "2017-10-31": -479, "2017-07-31": 292, "2017-04-30": -53, "2017-01-31": "-96.00000", "2016-10-31": 93, "2016-07-31": 310, "2016-04-30": 37, "2016-01-31": "-244.00000", "2015-10-31": 165, "2015-07-31": -192, "2015-04-30": -183, "2015-01-31": "-425.00000", "2014-10-31": 15, "2014-07-31": 98, "2014-04-30": 10, "2014-01-31": "12.00000", "2013-10-31": -344, "2013-07-31": 98, "2013-04-30": -112, "2013-01-31": "-97.00000", "2012-10-31": 162, "2012-07-31": 156, "2012-04-30": 149, "2012-01-31": "-140.00000", "2011-10-31": -96, "2011-07-31": 123, "2011-04-30": 141, "2011-01-31": "-163.00000", "2010-10-31": -91, "2010-07-31": 58, "2010-04-30": 154, "2010-01-31": "103.00000", "2009-10-31": 70.528, "2009-07-31": 57.8811, "2009-04-30": 29.6069, "2009-01-31": "-349.01600", "2008-10-31": -216.329, "2008-07-31": 31.044, "2008-04-30": 476.294, "2008-01-31": "-63.68000", "2007-10-31": 116.79, "2007-07-31": 51.246, "2007-04-30": -45.094, "2007-01-31": "-123.63200", "2006-10-31": -15.54, "2006-07-31": -341.902, "2006-04-30": -1.345, "2006-01-31": "32.18300", "2005-10-31": -254.309, "2005-07-31": -164.672, "2005-04-30": 155.212, "2005-01-31": "-126.73200"}, "Cash Flow From Operating Activities": {"2020-10-31": 1315, "2020-07-31": 867, "2020-04-30": 635, "2020-01-31": "987.00000", "2019-10-31": 826, "2019-07-31": 787, "2019-04-30": 800, "2019-01-31": "834.00000", "2018-10-31": 1077, "2018-07-31": 633, "2018-04-30": 611, "2018-01-31": "1466.00000", "2017-10-31": 709, "2017-07-31": 1377, "2017-04-30": 911, "2017-01-31": "792.00000", "2016-10-31": 897, "2016-07-31": 981, "2016-04-30": 481, "2016-01-31": "207.00000", "2015-10-31": 471, "2015-07-31": 334, "2015-04-30": 298, "2015-01-31": "60.00000", "2014-10-31": 407, "2014-07-31": 584, "2014-04-30": 437, "2014-01-31": "372.00000", "2013-10-31": 19, "2013-07-31": 364, "2013-04-30": 224, "2013-01-31": "16.00000", "2012-10-31": 411, "2012-07-31": 656, "2012-04-30": 603, "2012-01-31": "181.00000", "2011-10-31": 701, "2011-07-31": 599, "2011-04-30": 704, "2011-01-31": "425.00000", "2010-10-31": 525, "2010-07-31": 299, "2010-04-30": 527, "2010-01-31": "372.00000", "2009-10-31": 240.204, "2009-07-31": 193.713, "2009-04-30": 84.3, "2009-01-31": "-185.21700", "2008-10-31": 126.317, "2008-07-31": 320.418, "2008-04-30": 874.002, "2008-01-31": "389.73100", "2007-10-31": 677.398, "2007-07-31": 637.567, "2007-04-30": 513.134, "2007-01-31": "381.19700", "2006-10-31": 670.612, "2006-07-31": 375.583, "2006-04-30": 511.743, "2006-01-31": "419.18000", "2005-10-31": 237.359, "2005-07-31": 345.73, "2005-04-30": 466.648, "2005-01-31": "236.98400"}, "Net Change In Property, Plant, And Equipment": {"2020-10-31": -162, "2020-07-31": -87, "2020-04-30": -71, "2020-01-31": "-102.00000", "2019-10-31": -97, "2019-07-31": -93, "2019-04-30": -118, "2019-01-31": "-133.00000", "2018-10-31": -165, "2018-07-31": -133, "2018-04-30": -121, "2018-01-31": "-203.00000", "2017-10-31": -124, "2017-07-31": -80, "2017-04-30": -77, "2017-01-31": "-64.00000", "2016-10-31": -88, "2016-07-31": -50, "2016-04-30": -47, "2016-01-31": "-68.00000", "2015-10-31": -53, "2015-07-31": -49, "2015-04-30": -64, "2015-01-31": "-49.00000", "2014-10-31": -63, "2014-07-31": -65, "2014-04-30": -65, "2014-01-31": "-48.00000", "2013-10-31": -56, "2013-07-31": -40, "2013-04-30": -52, "2013-01-31": "-49.00000", "2012-10-31": -41, "2012-07-31": -45, "2012-04-30": -39, "2012-01-31": "-37.00000", "2011-10-31": -73, "2011-07-31": -55, "2011-04-30": -57, "2011-01-31": "-24.00000", "2010-10-31": -35, "2010-07-31": -36, "2010-04-30": -45, "2010-01-31": "-53.00000", "2009-10-31": -61.196, "2009-07-31": -59.705, "2009-04-30": -54.781, "2009-01-31": "-73.31800", "2008-10-31": -78.394, "2008-07-31": -71.813, "2008-04-30": -63.555, "2008-01-31": "-74.14400", "2007-10-31": -60.548, "2007-07-31": -72.97, "2007-04-30": -72.365, "2007-01-31": "-58.90100", "2006-10-31": -59.379, "2006-07-31": -39.551, "2006-04-30": -31.731, "2006-01-31": "-48.82100", "2005-10-31": -62.884, "2005-07-31": -59.036, "2005-04-30": -45.415, "2005-01-31": "-32.31500"}, "Net Change In Intangible Assets": {"2020-10-31": 0, "2020-07-31": 0, "2020-04-30": 0, "2020-01-31": "", "2019-10-31": 0, "2019-07-31": 0, "2019-04-30": 0, "2019-01-31": "", "2018-10-31": 0, "2018-07-31": 0, "2018-04-30": 0, "2018-01-31": "", "2017-10-31": 0, "2017-07-31": 0, "2017-04-30": 0, "2017-01-31": "", "2016-10-31": 0, "2016-07-31": 0, "2016-04-30": 0, "2016-01-31": "", "2015-10-31": 0, "2015-07-31": 0, "2015-04-30": 0, "2015-01-31": "", "2014-10-31": 25, "2014-07-31": 0, "2014-04-30": 0, "2014-01-31": "", "2013-10-31": 7, "2013-07-31": 0, "2013-04-30": 0, "2013-01-31": "", "2012-10-31": 0, "2012-07-31": 0, "2012-04-30": 0, "2012-01-31": "", "2011-10-31": 4, "2011-07-31": 87, "2011-04-30": 0, "2011-01-31": "39.00000", "2010-10-31": 0, "2010-07-31": 0, "2010-04-30": 0, "2010-01-31": "", "2009-10-31": 0, "2009-07-31": 0, "2009-04-30": 0, "2009-01-31": "", "2008-10-31": 42.21, "2008-07-31": 0, "2008-04-30": 0, "2008-01-31": "", "2007-10-31": 0, "2007-07-31": 0, "2007-04-30": 0, "2007-01-31": "", "2006-10-31": 0, "2006-07-31": 0, "2006-04-30": 0, "2006-01-31": "", "2005-10-31": 0, "2005-07-31": 0, "2005-04-30": 0, "2005-01-31": ""}, "Net Acquisitions/Divestitures": {"2020-10-31": 0, "2020-07-31": -80, "2020-04-30": -27, "2020-01-31": "", "2019-10-31": 0, "2019-07-31": -5, "2019-04-30": -23, "2019-01-31": "", "2018-10-31": -1, "2018-07-31": 0, "2018-04-30": 0, "2018-01-31": "-5.00000", "2017-10-31": -12, "2017-07-31": -30, "2017-04-30": -26, "2017-01-31": "", "2016-10-31": -11, "2016-07-31": 3, "2016-04-30": -8, "2016-01-31": "", "2015-10-31": -2, "2015-07-31": -2, "2015-04-30": 0, "2015-01-31": "", "2014-10-31": -12, "2014-07-31": 0, "2014-04-30": 0, "2014-01-31": "", "2013-10-31": -1, "2013-07-31": 0, "2013-04-30": 0, "2013-01-31": "", "2012-10-31": -1, "2012-07-31": -3, "2012-04-30": -7, "2012-01-31": "-4179.00000", "2011-10-31": 0, "2011-07-31": 0, "2011-04-30": 0, "2011-01-31": "", "2010-10-31": 0, "2010-07-31": 0, "2010-04-30": 0, "2010-01-31": "-323.00000", "2009-10-31": 0, "2009-07-31": 0, "2009-04-30": 0, "2009-01-31": "", "2008-10-31": 0, "2008-07-31": 0, "2008-04-30": -216.24, "2008-01-31": "-19.08400", "2007-10-31": -462.825, "2007-07-31": -9.151, "2007-04-30": -127.677, "2007-01-31": "", "2006-10-31": -9.767, "2006-07-31": -309.433, "2006-04-30": -1.636, "2006-01-31": "-18.25700", "2005-10-31": 0, "2005-07-31": 0, "2005-04-30": 0, "2005-01-31": "-101.79300"}, "Net Change In Short-term Investments": {"2020-10-31": 366, "2020-07-31": 353, "2020-04-30": 667, "2020-01-31": "368.00000", "2019-10-31": 555, "2019-07-31": 479, "2019-04-30": 442, "2019-01-31": "464.00000", "2018-10-31": 453, "2018-07-31": 391, "2018-04-30": 488, "2018-01-31": "1944.00000", "2017-10-31": 921, "2017-07-31": 935, "2017-04-30": 601, "2017-01-31": "286.00000", "2016-10-31": 553, "2016-07-31": 208, "2016-04-30": 232, "2016-01-31": "241.00000", "2015-10-31": 200, "2015-07-31": 583, "2015-04-30": 177, "2015-01-31": "140.00000", "2014-10-31": 176, "2014-07-31": 181, "2014-04-30": 157, "2014-01-31": "364.00000", "2013-10-31": 276, "2013-07-31": 134, "2013-04-30": 158, "2013-01-31": "445.00000", "2012-10-31": 254, "2012-07-31": 205, "2012-04-30": 247, "2012-01-31": "313.00000", "2011-10-31": 750, "2011-07-31": 269, "2011-04-30": 461, "2011-01-31": "443.00000", "2010-10-31": 441, "2010-07-31": 427, "2010-04-30": 356, "2010-01-31": "184.00000", "2009-10-31": 195.974, "2009-07-31": 195.541, "2009-04-30": 383.796, "2009-01-31": "541.68900", "2008-10-31": 1424.861, "2008-07-31": 1382.654, "2008-04-30": 1093.993, "2008-01-31": "2038.00100", "2007-10-31": 939.038, "2007-07-31": 714.026, "2007-04-30": 670.567, "2007-01-31": "730.00900", "2006-10-31": 2225.076, "2006-07-31": 1279.454, "2006-04-30": 1250.948, "2006-01-31": "1315.67800", "2005-10-31": 3592.8, "2005-07-31": 849.997, "2005-04-30": 1534.055, "2005-01-31": "113.62500"}, "Net Change In Long-Term Investments": {"2020-10-31": -345, "2020-07-31": -178, "2020-04-30": -404, "2020-01-31": "-428.00000", "2019-10-31": -544, "2019-07-31": -543, "2019-04-30": -430, "2019-01-31": "-397.00000", "2018-10-31": -416, "2018-07-31": -932, "2018-04-30": -345, "2018-01-31": "-384.00000", "2017-10-31": -1314, "2017-07-31": -1174, "2017-04-30": -1779, "2017-01-31": "-589.00000", "2016-10-31": -443, "2016-07-31": -483, "2016-04-30": -182, "2016-01-31": "-282.00000", "2015-10-31": -202, "2015-07-31": -616, "2015-04-30": -203, "2015-01-31": "-141.00000", "2014-10-31": -179, "2014-07-31": -308, "2014-04-30": -161, "2014-01-31": "-163.00000", "2013-10-31": -169, "2013-07-31": -128, "2013-04-30": -167, "2013-01-31": "-143.00000", "2012-10-31": -175, "2012-07-31": -438, "2012-04-30": -460, "2012-01-31": "-254.00000", "2011-10-31": -192, "2011-07-31": -49, "2011-04-30": -359, "2011-01-31": "-537.00000", "2010-10-31": -421, "2010-07-31": -528, "2010-04-30": -532, "2010-01-31": "-297.00000", "2009-10-31": -306.583, "2009-07-31": -162.89, "2009-04-30": -259.179, "2009-01-31": "-227.34800", "2008-10-31": -925.63, "2008-07-31": -1231.928, "2008-04-30": -1722.163, "2008-01-31": "-1654.75400", "2007-10-31": -826.636, "2007-07-31": -891.922, "2007-04-30": -756.349, "2007-01-31": "-728.52000", "2006-10-31": -724.8, "2006-07-31": -829.142, "2006-04-30": -994.896, "2006-01-31": "-1072.82600", "2005-10-31": -3611.305, "2005-07-31": -1080.304, "2005-04-30": -1316.129, "2005-01-31": ""}, "Net Change In Investments - Total": {"2020-10-31": 21, "2020-07-31": 175, "2020-04-30": 263, "2020-01-31": "-60.00000", "2019-10-31": 11, "2019-07-31": -64, "2019-04-30": 12, "2019-01-31": "67.00000", "2018-10-31": 37, "2018-07-31": -541, "2018-04-30": 143, "2018-01-31": "1560.00000", "2017-10-31": -393, "2017-07-31": -239, "2017-04-30": -1178, "2017-01-31": "-303.00000", "2016-10-31": 110, "2016-07-31": -275, "2016-04-30": 50, "2016-01-31": "-41.00000", "2015-10-31": -2, "2015-07-31": -33, "2015-04-30": -26, "2015-01-31": "-1.00000", "2014-10-31": -3, "2014-07-31": -127, "2014-04-30": -4, "2014-01-31": "201.00000", "2013-10-31": 107, "2013-07-31": 6, "2013-04-30": -9, "2013-01-31": "302.00000", "2012-10-31": 79, "2012-07-31": -233, "2012-04-30": -213, "2012-01-31": "59.00000", "2011-10-31": 558, "2011-07-31": 220, "2011-04-30": 102, "2011-01-31": "-94.00000", "2010-10-31": 20, "2010-07-31": -101, "2010-04-30": -176, "2010-01-31": "-113.00000", "2009-10-31": -110.609, "2009-07-31": 32.651, "2009-04-30": 124.617, "2009-01-31": "314.34100", "2008-10-31": 499.231, "2008-07-31": 150.7258, "2008-04-30": -628.17, "2008-01-31": "383.24690", "2007-10-31": 112.4019, "2007-07-31": -177.896, "2007-04-30": -85.782, "2007-01-31": "1.48900", "2006-10-31": 1500.2759, "2006-07-31": 450.312, "2006-04-30": 256.0522, "2006-01-31": "242.85190", "2005-10-31": -18.5046, "2005-07-31": -230.3071, "2005-04-30": 217.926, "2005-01-31": "113.62500"}, "Investing Activities - Other": {"2020-10-31": 0, "2020-07-31": 0, "2020-04-30": 0, "2020-01-31": "", "2019-10-31": 0, "2019-07-31": 0, "2019-04-30": 0, "2019-01-31": "", "2018-10-31": 0, "2018-07-31": 0, "2018-04-30": 0, "2018-01-31": "", "2017-10-31": 0, "2017-07-31": 0, "2017-04-30": 0, "2017-01-31": "", "2016-10-31": 0, "2016-07-31": 0, "2016-04-30": 0, "2016-01-31": "", "2015-10-31": 0, "2015-07-31": 0, "2015-04-30": 0, "2015-01-31": "", "2014-10-31": 0, "2014-07-31": 0, "2014-04-30": 0, "2014-01-31": "", "2013-10-31": 0, "2013-07-31": 0, "2013-04-30": 0, "2013-01-31": "", "2012-10-31": 0, "2012-07-31": 0, "2012-04-30": 0, "2012-01-31": "", "2011-10-31": 0, "2011-07-31": 0, "2011-04-30": 0, "2011-01-31": "", "2010-10-31": 0, "2010-07-31": 0, "2010-04-30": 0, "2010-01-31": "", "2009-10-31": 0, "2009-07-31": 0, "2009-04-30": 0, "2009-01-31": "", "2008-10-31": 0, "2008-07-31": 0, "2008-04-30": 0, "2008-01-31": "", "2007-10-31": 14.253, "2007-07-31": 5.631, "2007-04-30": 8.243, "2007-01-31": "9.48400", "2006-10-31": 1.863, "2006-07-31": 16.206, "2006-04-30": 0, "2006-01-31": "", "2005-10-31": 0, "2005-07-31": 0, "2005-04-30": 0, "2005-01-31": ""}, "Cash Flow From Investing Activities": {"2020-10-31": -141, "2020-07-31": 8, "2020-04-30": 165, "2020-01-31": "-162.00000", "2019-10-31": -86, "2019-07-31": -162, "2019-04-30": -129, "2019-01-31": "-66.00000", "2018-10-31": -129, "2018-07-31": -674, "2018-04-30": 22, "2018-01-31": "1352.00000", "2017-10-31": -529, "2017-07-31": -349, "2017-04-30": -1281, "2017-01-31": "-367.00000", "2016-10-31": 11, "2016-07-31": -322, "2016-04-30": -5, "2016-01-31": "-109.00000", "2015-10-31": -57, "2015-07-31": -84, "2015-04-30": -90, "2015-01-31": "-50.00000", "2014-10-31": -53, "2014-07-31": -192, "2014-04-30": -69, "2014-01-31": "153.00000", "2013-10-31": 57, "2013-07-31": -34, "2013-04-30": -61, "2013-01-31": "253.00000", "2012-10-31": 37, "2012-07-31": -281, "2012-04-30": -259, "2012-01-31": "-4157.00000", "2011-10-31": 489, "2011-07-31": 252, "2011-04-30": 45, "2011-01-31": "-79.00000", "2010-10-31": -15, "2010-07-31": -137, "2010-04-30": -221, "2010-01-31": "-489.00000", "2009-10-31": -171.805, "2009-07-31": -27.054, "2009-04-30": 69.836, "2009-01-31": "241.02300", "2008-10-31": 463.047, "2008-07-31": 78.913, "2008-04-30": -907.965, "2008-01-31": "290.01900", "2007-10-31": -396.718, "2007-07-31": -254.386, "2007-04-30": -277.581, "2007-01-31": "-47.92800", "2006-10-31": 1432.993, "2006-07-31": 117.534, "2006-04-30": 222.685, "2006-01-31": "175.77400", "2005-10-31": -81.389, "2005-07-31": -289.343, "2005-04-30": 172.511, "2005-01-31": "-20.48300"}, "Net Long-Term Debt": {"2020-10-31": 0, "2020-07-31": -1401, "2020-04-30": 1498, "2020-01-31": "", "2019-10-31": 0, "2019-07-31": 0, "2019-04-30": 0, "2019-01-31": "", "2018-10-31": 0, "2018-07-31": 0, "2018-04-30": 0, "2018-01-31": "", "2017-10-31": 0, "2017-07-31": -205, "2017-04-30": 2176, "2017-01-31": "", "2016-10-31": 0, "2016-07-31": -2, "2016-04-30": 0, "2016-01-31": "-1205.00000", "2015-10-31": 2581, "2015-07-31": 0, "2015-04-30": 0, "2015-01-31": "", "2014-10-31": 0, "2014-07-31": 0, "2014-04-30": 0, "2014-01-31": "", "2013-10-31": 0, "2013-07-31": 0, "2013-04-30": 0, "2013-01-31": "", "2012-10-31": 0, "2012-07-31": 0, "2012-04-30": 0, "2012-01-31": "", "2011-10-31": -14, "2011-07-31": 1745, "2011-04-30": -1, "2011-01-31": "", "2010-10-31": 0, "2010-07-31": -1, "2010-04-30": -6, "2010-01-31": "1.00000", "2009-10-31": -0.759, "2009-07-31": 0.082, "2009-04-30": -0.833, "2009-01-31": "0.51000", "2008-10-31": 1.854, "2008-07-31": -1.854, "2008-04-30": -0.343, "2008-01-31": "0.34300", "2007-10-31": -202.04, "2007-07-31": 0, "2007-04-30": 0, "2007-01-31": "", "2006-10-31": 0, "2006-07-31": 0, "2006-04-30": 0, "2006-01-31": "", "2005-10-31": -45.501, "2005-07-31": -0.313, "2005-04-30": -2.148, "2005-01-31": "-0.46300"}, "Net Current Debt": {"2020-10-31": 0, "2020-07-31": 0, "2020-04-30": 0, "2020-01-31": "", "2019-10-31": 0, "2019-07-31": 0, "2019-04-30": 0, "2019-01-31": "", "2018-10-31": 0, "2018-07-31": 0, "2018-04-30": 0, "2018-01-31": "", "2017-10-31": 0, "2017-07-31": 0, "2017-04-30": 0, "2017-01-31": "", "2016-10-31": 0, "2016-07-31": 0, "2016-04-30": 0, "2016-01-31": "", "2015-10-31": 0, "2015-07-31": 0, "2015-04-30": 0, "2015-01-31": "", "2014-10-31": 0, "2014-07-31": 0, "2014-04-30": 0, "2014-01-31": "", "2013-10-31": 0, "2013-07-31": 0, "2013-04-30": 0, "2013-01-31": "", "2012-10-31": 0, "2012-07-31": 0, "2012-04-30": 0, "2012-01-31": "", "2011-10-31": 0, "2011-07-31": 0, "2011-04-30": 0, "2011-01-31": "", "2010-10-31": 0, "2010-07-31": 0, "2010-04-30": 0, "2010-01-31": "", "2009-10-31": 0, "2009-07-31": 0, "2009-04-30": 0, "2009-01-31": "", "2008-10-31": -2.117, "2008-07-31": 0.012, "2008-04-30": -0.012, "2008-01-31": "", "2007-10-31": 0.151, "2007-07-31": 0.052, "2007-04-30": -0.302, "2007-01-31": "", "2006-10-31": -2.311, "2006-07-31": 0.038, "2006-04-30": -0.43, "2006-01-31": "-5.00700", "2005-10-31": 0, "2005-07-31": 0, "2005-04-30": 0, "2005-01-31": "-13.29000"}, "Debt Issuance/Retirement Net - Total": {"2020-10-31": 0, "2020-07-31": -1401, "2020-04-30": 1498, "2020-01-31": "", "2019-10-31": 0, "2019-07-31": 0, "2019-04-30": 0, "2019-01-31": "", "2018-10-31": 0, "2018-07-31": 0, "2018-04-30": 0, "2018-01-31": "", "2017-10-31": 0, "2017-07-31": -205, "2017-04-30": 2176, "2017-01-31": "", "2016-10-31": 0, "2016-07-31": -2, "2016-04-30": 0, "2016-01-31": "-1205.00000", "2015-10-31": 2581, "2015-07-31": 0, "2015-04-30": 0, "2015-01-31": "", "2014-10-31": 0, "2014-07-31": 0, "2014-04-30": 0, "2014-01-31": "", "2013-10-31": 0, "2013-07-31": 0, "2013-04-30": 0, "2013-01-31": "", "2012-10-31": 0, "2012-07-31": 0, "2012-04-30": 0, "2012-01-31": "", "2011-10-31": -14, "2011-07-31": 1745, "2011-04-30": -1, "2011-01-31": "", "2010-10-31": 0, "2010-07-31": -1, "2010-04-30": -6, "2010-01-31": "1.00000", "2009-10-31": -0.759, "2009-07-31": 0.082, "2009-04-30": -0.833, "2009-01-31": "0.51000", "2008-10-31": -0.263, "2008-07-31": -1.842, "2008-04-30": -0.355, "2008-01-31": "0.34300", "2007-10-31": -201.889, "2007-07-31": 0.052, "2007-04-30": -0.302, "2007-01-31": "", "2006-10-31": -2.311, "2006-07-31": 0.038, "2006-04-30": -0.43, "2006-01-31": "-5.00700", "2005-10-31": -45.501, "2005-07-31": -0.313, "2005-04-30": -2.148, "2005-01-31": "-13.75300"}, "Net Common Equity Issued/Repurchased": {"2020-10-31": 33, "2020-07-31": -200, "2020-04-30": -123, "2020-01-31": "-185.00000", "2019-10-31": -428, "2019-07-31": -528, "2019-04-30": -552, "2019-01-31": "-750.00000", "2018-10-31": -683, "2018-07-31": -1250, "2018-04-30": -2444, "2018-01-31": "-782.00000", "2017-10-31": -335, "2017-07-31": -374, "2017-04-30": -236, "2017-01-31": "-130.00000", "2016-10-31": -127, "2016-07-31": -196, "2016-04-30": -858, "2016-01-31": "-623.00000", "2015-10-31": -655, "2015-07-31": -624, "2015-04-30": 42, "2015-01-31": "", "2014-10-31": 40, "2014-07-31": 1, "2014-04-30": 56, "2014-01-31": "10.00000", "2013-10-31": -13, "2013-07-31": -10, "2013-04-30": -33, "2013-01-31": "-30.00000", "2012-10-31": -420, "2012-07-31": -545, "2012-04-30": -157, "2012-01-31": "-198.00000", "2011-10-31": -144, "2011-07-31": -20, "2011-04-30": -72, "2011-01-31": "-137.00000", "2010-10-31": -120, "2010-07-31": -98, "2010-04-30": -23, "2010-01-31": "20.00000", "2009-10-31": 32.5, "2009-07-31": 1.773, "2009-04-30": 27.451, "2009-01-31": "-22.72400", "2008-10-31": -240.597, "2008-07-31": -273.888, "2008-04-30": -7.202, "2008-01-31": "-584.31900", "2007-10-31": 61.5811, "2007-07-31": -133.422, "2007-04-30": -305.208, "2007-01-31": "-56.92300", "2006-10-31": -2470.59, "2006-07-31": -489.58, "2006-04-30": -426.504, "2006-01-31": "-433.94500", "2005-10-31": -327.148, "2005-07-31": -414.606, "2005-04-30": -417.399, "2005-01-31": "-252.24300"}, "Net Total Equity Issued/Repurchased": {"2020-10-31": 33, "2020-07-31": -200, "2020-04-30": -123, "2020-01-31": "-185.00000", "2019-10-31": -428, "2019-07-31": -528, "2019-04-30": -552, "2019-01-31": "-750.00000", "2018-10-31": -683, "2018-07-31": -1250, "2018-04-30": -2444, "2018-01-31": "-782.00000", "2017-10-31": -335, "2017-07-31": -374, "2017-04-30": -236, "2017-01-31": "-130.00000", "2016-10-31": -127, "2016-07-31": -196, "2016-04-30": -858, "2016-01-31": "-623.00000", "2015-10-31": -655, "2015-07-31": -624, "2015-04-30": 42, "2015-01-31": "", "2014-10-31": 40, "2014-07-31": 1, "2014-04-30": 56, "2014-01-31": "10.00000", "2013-10-31": -13, "2013-07-31": -10, "2013-04-30": -33, "2013-01-31": "-30.00000", "2012-10-31": -420, "2012-07-31": -545, "2012-04-30": -157, "2012-01-31": "-198.00000", "2011-10-31": -144, "2011-07-31": -20, "2011-04-30": -72, "2011-01-31": "-137.00000", "2010-10-31": -120, "2010-07-31": -98, "2010-04-30": -23, "2010-01-31": "20.00000", "2009-10-31": 32.5, "2009-07-31": 1.773, "2009-04-30": 27.451, "2009-01-31": "-22.72400", "2008-10-31": -240.597, "2008-07-31": -273.888, "2008-04-30": -7.202, "2008-01-31": "-584.31900", "2007-10-31": 61.5811, "2007-07-31": -133.422, "2007-04-30": -305.208, "2007-01-31": "-56.92300", "2006-10-31": -2470.59, "2006-07-31": -489.58, "2006-04-30": -426.504, "2006-01-31": "-433.94500", "2005-10-31": -327.148, "2005-07-31": -414.606, "2005-04-30": -417.399, "2005-01-31": "-252.24300"}, "Total Common And Preferred Stock Dividends Paid": {"2020-10-31": -200, "2020-07-31": -202, "2020-04-30": -193, "2020-01-31": "-192.00000", "2019-10-31": -194, "2019-07-31": -196, "2019-04-30": -189, "2019-01-31": "-192.00000", "2018-10-31": -195, "2018-07-31": -199, "2018-04-30": -105, "2018-01-31": "-106.00000", "2017-10-31": -107, "2017-07-31": -107, "2017-04-30": -108, "2017-01-31": "-108.00000", "2016-10-31": -108, "2016-07-31": -108, "2016-04-30": -113, "2016-01-31": "-115.00000", "2015-10-31": -119, "2015-07-31": -123, "2015-04-30": -123, "2015-01-31": "-122.00000", "2014-10-31": -122, "2014-07-31": -121, "2014-04-30": -122, "2014-01-31": "-120.00000", "2013-10-31": -120, "2013-07-31": -120, "2013-04-30": -108, "2013-01-31": "-108.00000", "2012-10-31": -111, "2012-07-31": -115, "2012-04-30": -104, "2012-01-31": "-104.00000", "2011-10-31": -106, "2011-07-31": -105, "2011-04-30": -93, "2011-01-31": "-93.00000", "2010-10-31": -94, "2010-07-31": -94, "2010-04-30": -80, "2010-01-31": "-81.00000", "2009-10-31": -79.244, "2009-07-31": -80.02, "2009-04-30": -79.974, "2009-01-31": "-79.76200", "2008-10-31": -79.846, "2008-07-31": -81.285, "2008-04-30": -81.206, "2008-01-31": "-83.06800", "2007-10-31": -83.135, "2007-07-31": -83.048, "2007-04-30": -69.875, "2007-01-31": "-69.61400", "2006-10-31": -76.713, "2006-07-31": -78.208, "2006-04-30": -47.625, "2006-01-31": "-48.23600", "2005-10-31": -48.71, "2005-07-31": -49.33, "2005-04-30": 0, "2005-01-31": ""}, "Financial Activities - Other": {"2020-10-31": -6, "2020-07-31": -3, "2020-04-30": -10, "2020-01-31": "-153.00000", "2019-10-31": -3, "2019-07-31": -3, "2019-04-30": -6, "2019-01-31": "-74.00000", "2018-10-31": -4, "2018-07-31": -6, "2018-04-30": -13, "2018-01-31": "-141.00000", "2017-10-31": -6, "2017-07-31": -8, "2017-04-30": -9, "2017-01-31": "-102.00000", "2016-10-31": -95, "2016-07-31": 5, "2016-04-30": 3, "2016-01-31": "10.00000", "2015-10-31": 2, "2015-07-31": 3, "2015-04-30": 12, "2015-01-31": "39.00000", "2014-10-31": 4, "2014-07-31": 1, "2014-04-30": 7, "2014-01-31": "18.00000", "2013-10-31": 23, "2013-07-31": 0, "2013-04-30": 0, "2013-01-31": "", "2012-10-31": -51, "2012-07-31": 51, "2012-04-30": 0, "2012-01-31": "", "2011-10-31": 14, "2011-07-31": -14, "2011-04-30": 0, "2011-01-31": "", "2010-10-31": 0, "2010-07-31": 0, "2010-04-30": 0, "2010-01-31": "", "2009-10-31": 0, "2009-07-31": 0, "2009-04-30": 0, "2009-01-31": "", "2008-10-31": 2.085, "2008-07-31": 0, "2008-04-30": 5.406, "2008-01-31": "", "2007-10-31": 32.804, "2007-07-31": 13.747, "2007-04-30": 3.243, "2007-01-31": "", "2006-10-31": -1.439, "2006-07-31": 6.404, "2006-04-30": 9.512, "2006-01-31": "9.18700", "2005-10-31": 0, "2005-07-31": 0, "2005-04-30": 0, "2005-01-31": ""}, "Cash Flow From Financial Activities": {"2020-10-31": -173, "2020-07-31": -1806, "2020-04-30": 1172, "2020-01-31": "-530.00000", "2019-10-31": -625, "2019-07-31": -727, "2019-04-30": -747, "2019-01-31": "-1016.00000", "2018-10-31": -882, "2018-07-31": -1455, "2018-04-30": -2562, "2018-01-31": "-1029.00000", "2017-10-31": -448, "2017-07-31": -694, "2017-04-30": 1823, "2017-01-31": "-340.00000", "2016-10-31": -330, "2016-07-31": -301, "2016-04-30": -968, "2016-01-31": "-1933.00000", "2015-10-31": 1809, "2015-07-31": -744, "2015-04-30": -69, "2015-01-31": "-83.00000", "2014-10-31": -78, "2014-07-31": -119, "2014-04-30": -59, "2014-01-31": "-92.00000", "2013-10-31": -110, "2013-07-31": -130, "2013-04-30": -141, "2013-01-31": "-138.00000", "2012-10-31": -582, "2012-07-31": -609, "2012-04-30": -261, "2012-01-31": "-302.00000", "2011-10-31": -250, "2011-07-31": 1606, "2011-04-30": -166, "2011-01-31": "-230.00000", "2010-10-31": -214, "2010-07-31": -193, "2010-04-30": -109, "2010-01-31": "-60.00000", "2009-10-31": -47.503, "2009-07-31": -78.165, "2009-04-30": -53.356, "2009-01-31": "-101.97600", "2008-10-31": -318.621, "2008-07-31": -357.015, "2008-04-30": -83.357, "2008-01-31": "-667.04400", "2007-10-31": -190.639, "2007-07-31": -202.671, "2007-04-30": -372.142, "2007-01-31": "-126.53700", "2006-10-31": -2551.053, "2006-07-31": -561.346, "2006-04-30": -465.047, "2006-01-31": "-478.00100", "2005-10-31": -421.359, "2005-07-31": -464.249, "2005-04-30": -419.547, "2005-01-31": "-265.99600"}, "Net Cash Flow": {"2020-10-31": 1001, "2020-07-31": -931, "2020-04-30": 1972, "2020-01-31": "295.00000", "2019-10-31": 115, "2019-07-31": -102, "2019-04-30": -76, "2019-01-31": "-248.00000", "2018-10-31": 66, "2018-07-31": -1496, "2018-04-30": -1929, "2018-01-31": "1789.00000", "2017-10-31": -268, "2017-07-31": 334, "2017-04-30": 1453, "2017-01-31": "85.00000", "2016-10-31": 578, "2016-07-31": 358, "2016-04-30": -492, "2016-01-31": "-1835.00000", "2015-10-31": 2223, "2015-07-31": -493, "2015-04-30": 138, "2015-01-31": "-73.00000", "2014-10-31": 276, "2014-07-31": 273, "2014-04-30": 309, "2014-01-31": "433.00000", "2013-10-31": -34, "2013-07-31": 200, "2013-04-30": 22, "2013-01-31": "131.00000", "2012-10-31": -137, "2012-07-31": -232, "2012-04-30": 80, "2012-01-31": "-4279.00000", "2011-10-31": 942, "2011-07-31": 2460, "2011-04-30": 584, "2011-01-31": "116.00000", "2010-10-31": 294, "2010-07-31": -32, "2010-04-30": 197, "2010-01-31": "-177.00000", "2009-10-31": 21.154, "2009-07-31": 88.494, "2009-04-30": 100.78, "2009-01-31": "-45.42800", "2008-10-31": 271.092, "2008-07-31": 42.273, "2008-04-30": -117.39, "2008-01-31": "12.92700", "2007-10-31": 90.047, "2007-07-31": 180.631, "2007-04-30": -136.571, "2007-01-31": "207.15200", "2006-10-31": -446.994, "2006-07-31": -68.223, "2006-04-30": 269.381, "2006-01-31": "116.95700", "2005-10-31": -265.404, "2005-07-31": -408.003, "2005-04-30": 228.865, "2005-01-31": "-58.40800"}, "Stock-Based Compensation": {"2020-10-31": 73, "2020-07-31": 70, "2020-04-30": 71, "2020-01-31": "93.00000", "2019-10-31": 66, "2019-07-31": 67, "2019-04-30": 65, "2019-01-31": "65.00000", "2018-10-31": 65, "2018-07-31": 64, "2018-04-30": 64, "2018-01-31": "65.00000", "2017-10-31": 58, "2017-07-31": 55, "2017-04-30": 53, "2017-01-31": "54.00000", "2016-10-31": 51, "2016-07-31": 48, "2016-04-30": 48, "2016-01-31": "54.00000", "2015-10-31": 46, "2015-07-31": 46, "2015-04-30": 47, "2015-01-31": "48.00000", "2014-10-31": 45, "2014-07-31": 44, "2014-04-30": 42, "2014-01-31": "46.00000", "2013-10-31": 41, "2013-07-31": 40, "2013-04-30": 39, "2013-01-31": "42.00000", "2012-10-31": 44, "2012-07-31": 42, "2012-04-30": 43, "2012-01-31": "53.00000", "2011-10-31": 36, "2011-07-31": 38, "2011-04-30": 39, "2011-01-31": "33.00000", "2010-10-31": 31, "2010-07-31": 33, "2010-04-30": 28, "2010-01-31": "34.00000", "2009-10-31": 30.886, "2009-07-31": 43.334, "2009-04-30": 39.172, "2009-01-31": "33.60800", "2008-10-31": 43.778, "2008-07-31": 46.121, "2008-04-30": 50.322, "2008-01-31": "38.72200", "2007-10-31": 30.888, "2007-07-31": 47.485, "2007-04-30": 47.922, "2007-01-31": "34.90100", "2006-10-31": 55.553, "2006-07-31": 53.684, "2006-04-30": 55.08, "2006-01-31": "51.95200", "2005-10-31": 0.055, "2005-07-31": 0, "2005-04-30": 0, "2005-01-31": ""}, "Common Stock Dividends Paid": {"2020-10-31": -200, "2020-07-31": -202, "2020-04-30": -193, "2020-01-31": "-192.00000", "2019-10-31": -194, "2019-07-31": -196, "2019-04-30": -189, "2019-01-31": "-192.00000", "2018-10-31": -195, "2018-07-31": -199, "2018-04-30": -105, "2018-01-31": "-106.00000", "2017-10-31": -107, "2017-07-31": -107, "2017-04-30": -108, "2017-01-31": "-108.00000", "2016-10-31": -108, "2016-07-31": -108, "2016-04-30": -113, "2016-01-31": "-115.00000", "2015-10-31": -119, "2015-07-31": -123, "2015-04-30": -123, "2015-01-31": "-122.00000", "2014-10-31": -122, "2014-07-31": -121, "2014-04-30": -122, "2014-01-31": "-120.00000", "2013-10-31": -120, "2013-07-31": -120, "2013-04-30": -108, "2013-01-31": "-108.00000", "2012-10-31": -111, "2012-07-31": -115, "2012-04-30": -104, "2012-01-31": "-104.00000", "2011-10-31": -106, "2011-07-31": -105, "2011-04-30": -93, "2011-01-31": "-93.00000", "2010-10-31": -94, "2010-07-31": -94, "2010-04-30": -80, "2010-01-31": "-81.00000", "2009-10-31": -79.244, "2009-07-31": -80.02, "2009-04-30": -79.974, "2009-01-31": "-79.76200", "2008-10-31": -79.846, "2008-07-31": -81.285, "2008-04-30": -81.206, "2008-01-31": "-83.06800", "2007-10-31": -83.135, "2007-07-31": -83.048, "2007-04-30": -69.875, "2007-01-31": "-69.61400", "2006-10-31": -76.713, "2006-07-31": -78.208, "2006-04-30": -47.625, "2006-01-31": "-48.23600", "2005-10-31": -48.71, "2005-07-31": -49.33, "2005-04-30": 0, "2005-01-31": ""}}, "financial ratios": {"Current Ratio": {"2020-10-31": "2.99820", "2019-10-31": "2.29500", "2018-10-31": "2.70370", "2017-10-31": "3.13920", "2016-10-31": "2.29980", "2015-10-31": "2.43840", "2014-10-31": "2.46790", "2013-10-31": "2.30950", "2012-10-31": "2.25250", "2011-10-31": "3.70620", "2010-10-31": "2.34250", "2009-10-31": "2.93330", "2008-10-31": "2.26240", "2007-10-31": "2.77440", "2006-10-31": "2.49630", "2005-10-31": "3.87170"}, "Long-term Debt / Capital": {"2020-10-31": "0.33990", "2019-10-31": "0.36460", "2018-10-31": "0.43680", "2017-10-31": "0.36200", "2016-10-31": "0.30220", "2015-10-31": "0.30510", "2014-10-31": "0.19840", "2013-10-31": "0.21540", "2012-10-31": "0.21200", "2011-10-31": "0.18120", "2010-10-31": "0.02640", "2009-10-31": "0.02750", "2008-10-31": "0.02600", "2007-10-31": "0.02520", "2006-10-31": "0.02990", "2005-10-31": "0.04360"}, "Debt/Equity Ratio": {"2020-10-31": "0.51500", "2019-10-31": "0.64680", "2018-10-31": "0.77560", "2017-10-31": "0.56730", "2016-10-31": "0.43300", "2015-10-31": "0.59660", "2014-10-31": "0.24750", "2013-10-31": "0.27450", "2012-10-31": "0.26900", "2011-10-31": "0.22130", "2010-10-31": "0.02720", "2009-10-31": "0.02850", "2008-10-31": "0.02680", "2007-10-31": "0.02620", "2006-10-31": "0.06120", "2005-10-31": "0.04650"}, "Gross Margin": {"2020-10-31": "44.71570", "2019-10-31": "43.71580", "2018-10-31": "44.99850", "2017-10-31": "44.98570", "2016-10-31": "41.67210", "2015-10-31": "40.91520", "2014-10-31": "42.36110", "2013-10-31": "39.83220", "2012-10-31": "37.99750", "2011-10-31": "41.45670", "2010-10-31": "38.90460", "2009-10-31": "28.54010", "2008-10-31": "42.35120", "2007-10-31": "46.14800", "2006-10-31": "46.81790", "2005-10-31": "44.13550"}, "Operating Margin": {"2020-10-31": "25.37500", "2019-10-31": "22.93260", "2018-10-31": "26.88420", "2017-10-31": "26.77920", "2016-10-31": "19.87990", "2015-10-31": "17.52770", "2014-10-31": "16.75490", "2013-10-31": "5.75310", "2012-10-31": "4.71380", "2011-10-31": "22.80120", "2010-10-31": "14.49370", "2009-10-31": "-7.85800", "2008-10-31": "16.67350", "2007-10-31": "24.36100", "2006-10-31": "22.04230", "2005-10-31": "20.70940"}, "EBIT Margin": {"2020-10-31": "25.37500", "2019-10-31": "22.93260", "2018-10-31": "26.88420", "2017-10-31": "26.77920", "2016-10-31": "19.87990", "2015-10-31": "17.52770", "2014-10-31": "16.75490", "2013-10-31": "5.75310", "2012-10-31": "4.71380", "2011-10-31": "22.80120", "2010-10-31": "14.49370", "2009-10-31": "-7.85800", "2008-10-31": "16.67350", "2007-10-31": "24.36100", "2006-10-31": "22.04230", "2005-10-31": "20.70940"}, "EBITDA Margin": {"2020-10-31": "27.56080", "2019-10-31": "25.41760", "2018-10-31": "29.61990", "2017-10-31": "29.54820", "2016-10-31": "23.47340", "2015-10-31": "21.36870", "2014-10-31": "20.88850", "2013-10-31": "14.91540", "2012-10-31": "14.38240", "2011-10-31": "25.14030", "2010-10-31": "17.68770", "2009-10-31": "-2.05420", "2008-10-31": "20.61060", "2007-10-31": "27.11740", "2006-10-31": "24.99220", "2005-10-31": "25.00770"}, "Pre-Tax Profit Margin": {"2020-10-31": "24.21810", "2019-10-31": "22.37820", "2018-10-31": "26.31550", "2017-10-31": "25.96270", "2016-10-31": "18.59580", "2015-10-31": "16.54420", "2014-10-31": "15.96120", "2013-10-31": "4.66110", "2012-10-31": "3.62430", "2011-10-31": "22.61100", "2010-10-31": "14.52510", "2009-10-31": "-9.69290", "2008-10-31": "17.32900", "2007-10-31": "25.06100", "2006-10-31": "23.63880", "2005-10-31": "22.62030"}, "Net Profit Margin": {"2020-10-31": "21.03830", "2019-10-31": "18.52410", "2018-10-31": "18.18620", "2017-10-31": "23.94200", "2016-10-31": "15.89840", "2015-10-31": "14.25610", "2014-10-31": "11.81660", "2013-10-31": "3.40920", "2012-10-31": "1.25010", "2011-10-31": "18.31320", "2010-10-31": "9.82300", "2009-10-31": "-6.08300", "2008-10-31": "11.81840", "2007-10-31": "17.56780", "2006-10-31": "16.54480", "2005-10-31": "17.30450"}, "Asset Turnover": {"2020-10-31": "0.76960", "2019-10-31": "0.76790", "2018-10-31": "0.94740", "2017-10-31": "0.75690", "2016-10-31": "0.74300", "2015-10-31": "0.63100", "2014-10-31": "0.68860", "2013-10-31": "0.62350", "2012-10-31": "0.72050", "2011-10-31": "0.75870", "2010-10-31": "0.87260", "2009-10-31": "0.52370", "2008-10-31": "0.73860", "2007-10-31": "0.91300", "2006-10-31": "0.96690", "2005-10-31": "0.62040"}, "Inventory Turnover Ratio": {"2020-10-31": "2.43600", "2019-10-31": "2.36670", "2018-10-31": "2.46920", "2017-10-31": "2.75970", "2016-10-31": "3.08000", "2015-10-31": "3.11350", "2014-10-31": "3.33700", "2013-10-31": "3.19750", "2012-10-31": "4.25000", "2011-10-31": "3.61960", "2010-10-31": "3.77120", "2009-10-31": "2.20160", "2008-10-31": "2.35850", "2007-10-31": "3.99200", "2006-10-31": "3.46550", "2005-10-31": "3.77720"}, "Receiveable Turnover": {"2020-10-31": "5.80560", "2019-10-31": "5.76710", "2018-10-31": "7.19110", "2017-10-31": "6.28660", "2016-10-31": "4.74990", "2015-10-31": "5.55430", "2014-10-31": "5.43230", "2013-10-31": "4.59830", "2012-10-31": "7.14670", "2011-10-31": "6.86490", "2010-10-31": "5.21520", "2009-10-31": "4.08890", "2008-10-31": "4.47490", "2007-10-31": "4.75000", "2006-10-31": "4.52420", "2005-10-31": "4.32800"}, "Days Sales In Receivables": {"2020-10-31": "62.87030", "2019-10-31": "63.29030", "2018-10-31": "50.75700", "2017-10-31": "58.06030", "2016-10-31": "76.84390", "2015-10-31": "65.71440", "2014-10-31": "67.19030", "2013-10-31": "79.37740", "2012-10-31": "51.07240", "2011-10-31": "53.16920", "2010-10-31": "69.98800", "2009-10-31": "89.26670", "2008-10-31": "81.56610", "2007-10-31": "76.84150", "2006-10-31": "80.67650", "2005-10-31": "84.33550"}, "ROE - Return On Equity": {"2020-10-31": "34.21250", "2019-10-31": "32.94380", "2018-10-31": "44.38280", "2017-10-31": "37.64040", "2016-10-31": "23.84650", "2015-10-31": "18.08750", "2014-10-31": "13.62480", "2013-10-31": "3.61170", "2012-10-31": "1.50660", "2011-10-31": "21.88640", "2010-10-31": "12.44690", "2009-10-31": "-4.29900", "2008-10-31": "12.72690", "2007-10-31": "21.86560", "2006-10-31": "22.80220", "2005-10-31": "13.55090"}, "Return On Tangible Equity": {"2020-10-31": "52.00460", "2019-10-31": "58.08110", "2018-10-31": "93.07600", "2017-10-31": "63.18910", "2016-10-31": "51.74380", "2015-10-31": "38.79970", "2014-10-31": "29.67060", "2013-10-31": "9.51320", "2012-10-31": "4.61470", "2011-10-31": "26.55090", "2010-10-31": "15.86340", "2009-10-31": "-5.42970", "2008-10-31": "16.05030", "2007-10-31": "26.54830", "2006-10-31": "25.80340", "2005-10-31": "14.21990"}, "ROA - Return On Assets": {"2020-10-31": "16.19020", "2019-10-31": "14.22410", "2018-10-31": "17.22910", "2017-10-31": "18.12140", "2016-10-31": "11.81190", "2015-10-31": "8.99530", "2014-10-31": "8.13720", "2013-10-31": "2.12570", "2012-10-31": "0.90070", "2011-10-31": "13.89510", "2010-10-31": "8.57170", "2009-10-31": "-3.18560", "2008-10-31": "8.72900", "2007-10-31": "16.03970", "2006-10-31": "15.99710", "2005-10-31": "10.73640"}, "ROI - Return On Investment": {"2020-10-31": "22.58210", "2019-10-31": "20.93290", "2018-10-31": "24.99590", "2017-10-31": "24.01560", "2016-10-31": "16.64090", "2015-10-31": "12.56960", "2014-10-31": "10.92210", "2013-10-31": "2.83370", "2012-10-31": "1.18720", "2011-10-31": "17.92130", "2010-10-31": "12.11890", "2009-10-31": "-4.18080", "2008-10-31": "12.39590", "2007-10-31": "21.31430", "2006-10-31": "22.12130", "2005-10-31": "12.95960"}, "Book Value Per Share": {"2020-10-31": "11.57330", "2019-10-31": "8.96720", "2018-10-31": "7.07860", "2017-10-31": "8.81980", "2016-10-31": "6.69480", "2015-10-31": "6.56290", "2014-10-31": "6.44390", "2013-10-31": "5.88700", "2012-10-31": "6.04430", "2011-10-31": "6.73810", "2010-10-31": "5.67470", "2009-10-31": "5.29090", "2008-10-31": "5.67160", "2007-10-31": "5.64320", "2006-10-31": "4.77920", "2005-10-31": "5.55710"}, "Operating Cash Flow Per Share": {"2020-10-31": 0.6853, "2019-10-31": -0.255, "2018-10-31": 0.1956, "2017-10-31": 1.1961, "2016-10-31": 1.3507, "2015-10-31": -0.5136, "2014-10-31": 0.9511, "2013-10-31": -0.9384, "2012-10-31": -0.3768, "2011-10-31": 0.5491, "2010-10-31": 1.0274, "2009-10-31": -0.9946, "2008-10-31": -0.3038, "2007-10-31": 0.2849, "2006-10-31": 0.487, "2005-10-31": 0.7763}, "Free Cash Flow Per Share": {"2020-10-31": 0.6948, "2019-10-31": -0.1155, "2018-10-31": -0.0923, "2017-10-31": 1.1045, "2016-10-31": 1.2994, "2015-10-31": -0.4933, "2014-10-31": 0.917, "2013-10-31": -0.9731, "2012-10-31": -0.3466, "2011-10-31": 0.5172, "2010-10-31": 1.089, "2009-10-31": -0.972, "2008-10-31": -0.3277, "2007-10-31": 0.2141, "2006-10-31": 0.4927, "2005-10-31": 0.6559}}, "financial ratios, quarterly": {"Current Ratio": {"2020-10-31": "2.99820", "2020-07-31": "2.85830", "2020-04-30": "2.67260", "2020-01-31": "2.35700", "2019-10-31": "2.29500", "2019-07-31": "2.65310", "2019-04-30": "2.79110", "2019-01-31": "2.72380", "2018-10-31": "2.70370", "2018-07-31": "2.51940", "2018-04-30": "2.59630", "2018-01-31": "2.96180", "2017-10-31": "3.13920", "2017-07-31": "2.91260", "2017-04-30": "2.93340", "2017-01-31": "2.38810", "2016-10-31": "2.29980", "2016-07-31": "2.49630", "2016-04-30": "2.57680", "2016-01-31": "2.99520", "2015-10-31": "2.43840", "2015-07-31": "2.33210", "2015-04-30": "2.76220", "2015-01-31": "2.75010", "2014-10-31": "2.46790", "2014-07-31": "2.41020", "2014-04-30": "2.40460", "2014-01-31": "2.42790", "2013-10-31": "2.30950", "2013-07-31": "2.37830", "2013-04-30": "2.32300", "2013-01-31": "2.42490", "2012-10-31": "2.25250", "2012-07-31": "2.43560", "2012-04-30": "2.37430", "2012-01-31": "2.46870", "2011-10-31": "3.70620", "2011-07-31": "3.13390", "2011-04-30": "2.44360", "2011-01-31": "2.45090", "2010-10-31": "2.34250", "2010-07-31": "2.26750", "2010-04-30": "2.39660", "2010-01-31": "2.56780", "2009-10-31": "2.93330", "2009-07-31": "2.82730", "2009-04-30": "2.77320", "2009-01-31": "2.48230", "2008-10-31": "2.26240", "2008-07-31": "2.27520", "2008-04-30": "2.44030", "2008-01-31": "2.63090", "2007-10-31": "2.77440", "2007-07-31": "2.67240", "2007-04-30": "2.58700", "2007-01-31": "2.62070", "2006-10-31": "2.49630", "2006-07-31": "3.04620", "2006-04-30": "3.35340", "2006-01-31": "5.07930", "2005-10-31": "3.87170", "2005-07-31": "4.92810", "2005-04-30": "4.62750", "2005-01-31": "4.59000"}, "Long-term Debt / Capital": {"2020-10-31": "0.33990", "2020-07-31": "0.36270", "2020-04-30": "0.40780", "2020-01-31": "0.35250", "2019-10-31": "0.36460", "2019-07-31": "0.39560", "2019-04-30": "0.39310", "2019-01-31": "0.39280", "2018-10-31": "0.43680", "2018-07-31": "0.43750", "2018-04-30": "0.42970", "2018-01-31": "0.38410", "2017-10-31": "0.36200", "2017-07-31": "0.37830", "2017-04-30": "0.39230", "2017-01-31": "0.28900", "2016-10-31": "0.30220", "2016-07-31": "0.32900", "2016-04-30": "0.33740", "2016-01-31": "0.31800", "2015-10-31": "0.30510", "2015-07-31": "0.16240", "2015-04-30": "0.18910", "2015-01-31": "0.19430", "2014-10-31": "0.19840", "2014-07-31": "0.20220", "2014-04-30": "0.20660", "2014-01-31": "0.21180", "2013-10-31": "0.21540", "2013-07-31": "0.21870", "2013-04-30": "0.22000", "2013-01-31": "0.21420", "2012-10-31": "0.21200", "2012-07-31": "0.18920", "2012-04-30": "0.18270", "2012-01-31": "0.18370", "2011-10-31": "0.18120", "2011-07-31": "0.18550", "2011-04-30": "0.02430", "2011-01-31": "0.02540", "2010-10-31": "0.02640", "2010-07-31": "0.02730", "2010-04-30": "0.02720", "2010-01-31": "0.02860", "2009-10-31": "0.02750", "2009-07-31": "0.02790", "2009-04-30": "0.02760", "2009-01-31": "0.02670", "2008-10-31": "0.02600", "2008-07-31": "0.02610", "2008-04-30": "0.02550", "2008-01-31": "0.02640", "2007-10-31": "0.02520", "2007-07-31": "0.02690", "2007-04-30": "0.02820", "2007-01-31": "0.02850", "2006-10-31": "0.02990", "2006-07-31": "0.04490", "2006-04-30": "0.04510", "2006-01-31": "0.04490", "2005-10-31": "0.04360", "2005-07-31": "0.04370", "2005-04-30": "0.04320", "2005-01-31": "0.04280"}, "Debt/Equity Ratio": {"2020-10-31": "0.51500", "2020-07-31": "0.56920", "2020-04-30": "0.75520", "2020-01-31": "0.61360", "2019-10-31": "0.64680", "2019-07-31": "0.65450", "2019-04-30": "0.64760", "2019-01-31": "0.64690", "2018-10-31": "0.77560", "2018-07-31": "0.77770", "2018-04-30": "0.75350", "2018-01-31": "0.62370", "2017-10-31": "0.56730", "2017-07-31": "0.60840", "2017-04-30": "0.64560", "2017-01-31": "0.40650", "2016-10-31": "0.43300", "2016-07-31": "0.49020", "2016-04-30": "0.50920", "2016-01-31": "0.46640", "2015-10-31": "0.59660", "2015-07-31": "0.19390", "2015-04-30": "0.23310", "2015-01-31": "0.24120", "2014-10-31": "0.24750", "2014-07-31": "0.25340", "2014-04-30": "0.26050", "2014-01-31": "0.26870", "2013-10-31": "0.27450", "2013-07-31": "0.27980", "2013-04-30": "0.28210", "2013-01-31": "0.27250", "2012-10-31": "0.26900", "2012-07-31": "0.23340", "2012-04-30": "0.22370", "2012-01-31": "0.22530", "2011-10-31": "0.22130", "2011-07-31": "0.22770", "2011-04-30": "0.02510", "2011-01-31": "0.02620", "2010-10-31": "0.02720", "2010-07-31": "0.02830", "2010-04-30": "0.02820", "2010-01-31": "0.02980", "2009-10-31": "0.02850", "2009-07-31": "0.02890", "2009-04-30": "0.02850", "2009-01-31": "0.02760", "2008-10-31": "0.02680", "2008-07-31": "0.02690", "2008-04-30": "0.02660", "2008-01-31": "0.02750", "2007-10-31": "0.02620", "2007-07-31": "0.05510", "2007-04-30": "0.05780", "2007-01-31": "0.05850", "2006-10-31": "0.06120", "2006-07-31": "0.04730", "2006-04-30": "0.04750", "2006-01-31": "0.04730", "2005-10-31": "0.04650", "2005-07-31": "0.05080", "2005-04-30": "0.05020", "2005-01-31": "0.04980"}, "Gross Margin": {"2020-10-31": "45.43520", "2020-07-31": "44.48240", "2020-04-30": "44.20020", "2020-01-31": "44.64200", "2019-10-31": "43.52690", "2019-07-31": "43.71140", "2019-04-30": "43.23260", "2019-01-31": "44.36450", "2018-10-31": "44.08090", "2018-07-31": "44.78620", "2018-04-30": "44.90060", "2018-01-31": "46.13560", "2017-10-31": "45.20580", "2017-07-31": "45.40600", "2017-04-30": "45.12130", "2017-01-31": "44.08180", "2016-10-31": "42.43250", "2016-07-31": "42.25450", "2016-04-30": "40.97960", "2016-01-31": "40.58490", "2015-10-31": "40.49830", "2015-07-31": "40.88350", "2015-04-30": "41.60520", "2015-01-31": "40.65280", "2014-10-31": "42.35870", "2014-07-31": "43.79690", "2014-04-30": "42.54140", "2014-01-31": "40.68490", "2013-10-31": "39.98990", "2013-07-31": "40.81010", "2013-04-30": "40.95290", "2013-01-31": "36.99940", "2012-10-31": "35.60150", "2012-07-31": "39.69270", "2012-04-30": "39.78750", "2012-01-31": "35.90680", "2011-10-31": "39.00090", "2011-07-31": "42.48300", "2011-04-30": "41.54440", "2011-01-31": "42.29340", "2010-10-31": "42.16910", "2010-07-31": "34.15410", "2010-04-30": "40.37460", "2010-01-31": "38.45320", "2009-10-31": "36.61490", "2009-07-31": "28.65510", "2009-04-30": "15.24580", "2009-01-31": "29.36680", "2008-10-31": "39.08180", "2008-07-31": "40.16490", "2008-04-30": "44.96880", "2008-01-31": "44.79170", "2007-10-31": "45.49580", "2007-07-31": "47.49700", "2007-04-30": "44.93310", "2007-01-31": "46.65850", "2006-10-31": "47.10030", "2006-07-31": "48.09830", "2006-04-30": "46.47560", "2006-01-31": "45.09600", "2005-10-31": "44.24200", "2005-07-31": "43.94090", "2005-04-30": "43.97350", "2005-01-31": "44.38030"}, "Operating Margin": {"2020-10-31": "27.36780", "2020-07-31": "25.21050", "2020-04-30": "23.55320", "2020-01-31": "25.03600", "2019-10-31": "23.01550", "2019-07-31": "22.51540", "2019-04-30": "21.92710", "2019-01-31": "24.19400", "2018-10-31": "23.70310", "2018-07-31": "26.26140", "2018-04-30": "28.21580", "2018-01-31": "28.89420", "2017-10-31": "28.23250", "2017-07-31": "27.32370", "2017-04-30": "26.50870", "2017-01-31": "24.61870", "2016-10-31": "23.56690", "2016-07-31": "21.12730", "2016-04-30": "17.34690", "2016-01-31": "15.68450", "2015-10-31": "17.86320", "2015-07-31": "15.90360", "2015-04-30": "17.03520", "2015-01-31": "19.41500", "2014-10-31": "18.19790", "2014-07-31": "17.26270", "2014-04-30": "16.44710", "2014-01-31": "15.06850", "2013-10-31": "10.61370", "2013-07-31": "12.65820", "2013-04-30": "-3.44650", "2013-01-31": "2.47930", "2012-10-31": "-30.31590", "2012-07-31": "13.74310", "2012-04-30": "16.09600", "2012-01-31": "8.17730", "2011-10-31": "16.49860", "2011-07-31": "24.65020", "2011-04-30": "23.65480", "2011-01-31": "25.09310", "2010-10-31": "24.22040", "2010-07-31": "7.26770", "2010-04-30": "16.81190", "2010-01-31": "6.27370", "2009-10-31": "11.30200", "2009-07-31": "-6.80780", "2009-04-30": "-28.75110", "2009-01-31": "-14.70620", "2008-10-31": "15.48510", "2008-07-31": "12.35450", "2008-04-30": "20.36050", "2008-01-31": "17.86350", "2007-10-31": "23.70440", "2007-07-31": "26.23450", "2007-04-30": "23.28560", "2007-01-31": "24.13100", "2006-10-31": "25.20870", "2006-07-31": "26.76610", "2006-04-30": "24.96220", "2006-01-31": "7.74870", "2005-10-31": "20.46070", "2005-07-31": "18.54830", "2005-04-30": "22.11050", "2005-01-31": "21.46550"}, "EBIT Margin": {"2020-10-31": "27.36780", "2020-07-31": "25.21050", "2020-04-30": "23.55320", "2020-01-31": "25.03600", "2019-10-31": "23.01550", "2019-07-31": "22.51540", "2019-04-30": "21.92710", "2019-01-31": "24.19400", "2018-10-31": "23.70310", "2018-07-31": "26.26140", "2018-04-30": "28.21580", "2018-01-31": "28.89420", "2017-10-31": "28.23250", "2017-07-31": "27.32370", "2017-04-30": "26.50870", "2017-01-31": "24.61870", "2016-10-31": "23.56690", "2016-07-31": "21.12730", "2016-04-30": "17.34690", "2016-01-31": "15.68450", "2015-10-31": "17.86320", "2015-07-31": "15.90360", "2015-04-30": "17.03520", "2015-01-31": "19.41500", "2014-10-31": "18.19790", "2014-07-31": "17.26270", "2014-04-30": "16.44710", "2014-01-31": "15.06850", "2013-10-31": "10.61370", "2013-07-31": "12.65820", "2013-04-30": "-3.44650", "2013-01-31": "2.47930", "2012-10-31": "-30.31590", "2012-07-31": "13.74310", "2012-04-30": "16.09600", "2012-01-31": "8.17730", "2011-10-31": "16.49860", "2011-07-31": "24.65020", "2011-04-30": "23.65480", "2011-01-31": "25.09310", "2010-10-31": "24.22040", "2010-07-31": "7.26770", "2010-04-30": "16.81190", "2010-01-31": "6.27370", "2009-10-31": "11.30200", "2009-07-31": "-6.80780", "2009-04-30": "-28.75110", "2009-01-31": "-14.70620", "2008-10-31": "15.48510", "2008-07-31": "12.35450", "2008-04-30": "20.36050", "2008-01-31": "17.86350", "2007-10-31": "23.70440", "2007-07-31": "26.23450", "2007-04-30": "23.28560", "2007-01-31": "24.13100", "2006-10-31": "25.20870", "2006-07-31": "26.76610", "2006-04-30": "24.96220", "2006-01-31": "7.74870", "2005-10-31": "20.46080", "2005-07-31": "18.54830", "2005-04-30": "22.11050", "2005-01-31": "21.46550"}, "EBITDA Margin": {"2020-10-31": "", "2020-07-31": "", "2020-04-30": "", "2020-01-31": "", "2019-10-31": "", "2019-07-31": "", "2019-04-30": "", "2019-01-31": "", "2018-10-31": "", "2018-07-31": "", "2018-04-30": "", "2018-01-31": "", "2017-10-31": "", "2017-07-31": "", "2017-04-30": "", "2017-01-31": "", "2016-10-31": "", "2016-07-31": "", "2016-04-30": "", "2016-01-31": "", "2015-10-31": "", "2015-07-31": "", "2015-04-30": "", "2015-01-31": "", "2014-10-31": "", "2014-07-31": "", "2014-04-30": "", "2014-01-31": "", "2013-10-31": "", "2013-07-31": "", "2013-04-30": "", "2013-01-31": "", "2012-10-31": "", "2012-07-31": "", "2012-04-30": "", "2012-01-31": "", "2011-10-31": "", "2011-07-31": "", "2011-04-30": "", "2011-01-31": "", "2010-10-31": "", "2010-07-31": "", "2010-04-30": "", "2010-01-31": "", "2009-10-31": "", "2009-07-31": "", "2009-04-30": "", "2009-01-31": "", "2008-10-31": "", "2008-07-31": "", "2008-04-30": "", "2008-01-31": "", "2007-10-31": "", "2007-07-31": "", "2007-04-30": "", "2007-01-31": "", "2006-10-31": "", "2006-07-31": "", "2006-04-30": "", "2006-01-31": "", "2005-10-31": "", "2005-07-31": "", "2005-04-30": "", "2005-01-31": ""}, "Pre-Tax Profit Margin": {"2020-10-31": "26.51450", "2020-07-31": "23.66330", "2020-04-30": "22.18850", "2020-01-31": "24.14700", "2019-10-31": "22.37610", "2019-07-31": "21.95400", "2019-04-30": "21.44670", "2019-01-31": "23.66110", "2018-10-31": "23.27750", "2018-07-31": "25.87700", "2018-04-30": "27.53880", "2018-01-31": "28.13320", "2017-10-31": "28.06300", "2017-07-31": "26.12180", "2017-04-30": "25.60630", "2017-01-31": "23.52040", "2016-10-31": "22.44470", "2016-07-31": "19.99290", "2016-04-30": "16.12250", "2016-01-31": "13.91230", "2015-10-31": "16.76520", "2015-07-31": "15.06020", "2015-04-30": "15.92960", "2015-01-31": "18.52480", "2014-10-31": "17.57950", "2014-07-31": "16.33550", "2014-04-30": "15.51210", "2014-01-31": "14.38360", "2013-10-31": "9.75860", "2013-07-31": "11.54430", "2013-04-30": "-4.56160", "2013-01-31": "1.14430", "2012-10-31": "-32.32080", "2012-07-31": "12.88950", "2012-04-30": "15.23020", "2012-01-31": "7.26360", "2011-10-31": "15.71950", "2011-07-31": "24.00430", "2011-04-30": "23.96930", "2011-01-31": "25.31650", "2010-10-31": "24.35900", "2010-07-31": "7.06910", "2010-04-30": "16.85540", "2010-01-31": "6.43590", "2009-10-31": "11.37360", "2009-07-31": "-6.54330", "2009-04-30": "-37.52740", "2009-01-31": "-15.19870", "2008-10-31": "15.78960", "2008-07-31": "13.12460", "2008-04-30": "21.12300", "2008-01-31": "18.65110", "2007-10-31": "24.47120", "2007-07-31": "26.82200", "2007-04-30": "24.04670", "2007-01-31": "24.82030", "2006-10-31": "26.21100", "2006-07-31": "28.40680", "2006-04-30": "26.71490", "2006-01-31": "9.90130", "2005-10-31": "22.72910", "2005-07-31": "20.79170", "2005-04-30": "23.75640", "2005-01-31": "23.00360"}, "Net Profit Margin": {"2020-10-31": "24.12540", "2020-07-31": "19.13540", "2020-04-30": "19.08010", "2020-01-31": "21.43200", "2019-10-31": "18.59350", "2019-07-31": "16.03030", "2019-04-30": "18.81890", "2019-01-31": "20.54360", "2018-10-31": "20.13830", "2018-07-31": "24.41130", "2018-04-30": "24.02270", "2018-01-31": "3.92390", "2017-10-31": "25.83540", "2017-07-31": "24.70620", "2017-04-30": "23.23750", "2017-01-31": "21.44600", "2016-10-31": "18.50170", "2016-07-31": "17.90150", "2016-04-30": "13.06120", "2016-01-31": "12.67170", "2015-10-31": "14.18920", "2015-07-31": "13.21290", "2015-04-30": "14.90580", "2015-01-31": "14.75200", "2014-10-31": "11.30740", "2014-07-31": "13.28920", "2014-04-30": "11.13470", "2014-01-31": "11.55250", "2013-10-31": "9.20520", "2013-07-31": "8.50630", "2013-04-30": "-6.53830", "2013-01-31": "2.16150", "2012-10-31": "-31.28800", "2012-07-31": "9.30430", "2012-04-30": "11.37350", "2012-01-31": "5.34490", "2011-10-31": "20.85240", "2011-07-31": "17.07930", "2011-04-30": "17.08600", "2011-01-31": "18.83840", "2010-10-31": "16.21620", "2010-07-31": "4.88480", "2010-04-30": "11.49830", "2010-01-31": "4.48890", "2009-10-31": "9.05100", "2009-07-31": "-4.83930", "2009-04-30": "-25.03630", "2009-01-31": "-9.96960", "2008-10-31": "11.30780", "2008-07-31": "8.91520", "2008-04-30": "14.07010", "2008-01-31": "12.56950", "2007-10-31": "17.81810", "2007-07-31": "18.48960", "2007-04-30": "16.26540", "2007-01-31": "17.71760", "2006-10-31": "17.83070", "2006-07-31": "20.13180", "2006-04-30": "18.36620", "2006-01-31": "7.68630", "2005-10-31": "14.35950", "2005-07-31": "22.64740", "2005-04-30": "16.37820", "2005-01-31": "16.21750"}, "Asset Turnover": {"2020-10-31": "0.20970", "2020-07-31": "0.20760", "2020-04-30": "0.18140", "2020-01-31": "0.21060", "2019-10-31": "0.19730", "2019-07-31": "0.18940", "2019-04-30": "0.18850", "2019-01-31": "0.19830", "2018-10-31": "0.21320", "2018-07-31": "0.23270", "2018-04-30": "0.24750", "2018-01-31": "0.21390", "2017-10-31": "0.21270", "2017-07-31": "0.19620", "2017-04-30": "0.19440", "2017-01-31": "0.21500", "2016-10-31": "0.22630", "2016-07-31": "0.20590", "2016-04-30": "0.18740", "2016-01-31": "0.16940", "2015-10-31": "0.15470", "2015-07-31": "0.18930", "2015-04-30": "0.17970", "2015-01-31": "0.18040", "2014-10-31": "0.17190", "2014-07-31": "0.17630", "2014-04-30": "0.18740", "2014-01-31": "0.17950", "2013-10-31": "0.16510", "2013-07-31": "0.16810", "2013-04-30": "0.16870", "2013-01-31": "0.13430", "2012-10-31": "0.13600", "2012-07-31": "0.17590", "2012-04-30": "0.18310", "2012-01-31": "0.16100", "2011-10-31": "0.15740", "2011-07-31": "0.19760", "2011-04-30": "0.23940", "2011-01-31": "0.23820", "2010-10-31": "0.26370", "2010-07-31": "0.23480", "2010-04-30": "0.21970", "2010-01-31": "0.18480", "2009-10-31": "0.15950", "2009-07-31": "0.11830", "2009-04-30": "0.10460", "2009-01-31": "0.12790", "2008-10-31": "0.18570", "2008-07-31": "0.16800", "2008-04-30": "0.19600", "2008-01-31": "0.20160", "2007-10-31": "0.22200", "2007-07-31": "0.24710", "2007-04-30": "0.25560", "2007-01-31": "0.23220", "2006-10-31": "0.26560", "2006-07-31": "0.21600", "2006-04-30": "0.19630", "2006-01-31": "0.16570", "2005-10-31": "0.15250", "2005-07-31": "0.14050", "2005-04-30": "0.15620", "2005-01-31": "0.14720"}, "Inventory Turnover Ratio": {"2020-10-31": "0.65520", "2020-07-31": "0.61740", "2020-04-30": "0.59280", "2020-01-31": "0.66360", "2019-10-31": "0.61020", "2019-07-31": "0.56650", "2019-04-30": "0.54640", "2019-01-31": "0.56390", "2018-10-31": "0.56490", "2018-07-31": "0.62430", "2018-04-30": "0.72210", "2018-01-31": "0.72480", "2017-10-31": "0.77240", "2017-07-31": "0.71070", "2017-04-30": "0.74590", "2017-01-31": "0.80360", "2016-10-31": "0.92590", "2016-07-31": "0.80400", "2016-04-30": "0.75160", "2016-01-31": "0.73080", "2015-10-31": "0.76870", "2015-07-31": "0.84650", "2015-04-30": "0.83250", "2015-01-31": "0.85310", "2014-10-31": "0.83280", "2014-07-31": "0.82290", "2014-04-30": "0.86450", "2014-01-31": "0.84740", "2013-10-31": "0.84430", "2013-07-31": "0.86080", "2013-04-30": "0.88390", "2013-01-31": "0.77540", "2012-10-31": "0.83330", "2012-07-31": "1.02390", "2012-04-30": "0.95980", "2012-01-31": "0.79180", "2011-10-31": "0.78250", "2011-07-31": "0.86700", "2011-04-30": "0.93260", "2011-01-31": "0.94110", "2010-10-31": "1.07890", "2010-07-31": "1.04270", "2010-04-30": "0.80980", "2010-01-31": "0.68380", "2009-10-31": "0.59460", "2009-07-31": "0.46260", "2009-04-30": "0.45480", "2009-01-31": "0.44190", "2008-10-31": "0.62660", "2008-07-31": "0.59670", "2008-04-30": "0.72750", "2008-01-31": "0.83060", "2007-10-31": "0.98240", "2007-07-31": "0.98730", "2007-04-30": "0.94720", "2007-01-31": "0.79980", "2006-10-31": "0.94700", "2006-07-31": "0.98370", "2006-04-30": "1.11050", "2006-01-31": "0.99680", "2005-10-31": "0.92640", "2005-07-31": "0.85200", "2005-04-30": "0.96060", "2005-01-31": "0.82240"}, "Receiveable Turnover": {"2020-10-31": "1.58220", "2020-07-31": "1.56630", "2020-04-30": "1.50740", "2020-01-31": "1.55360", "2019-10-31": "1.48200", "2019-07-31": "1.50110", "2019-04-30": "1.56320", "2019-01-31": "1.53560", "2018-10-31": "1.61820", "2018-07-31": "1.44410", "2018-04-30": "1.71820", "2018-01-31": "1.92710", "2017-10-31": "1.76650", "2017-07-31": "1.65810", "2017-04-30": "1.48930", "2017-01-31": "1.38370", "2016-10-31": "1.44670", "2016-07-31": "1.52320", "2016-04-30": "1.28070", "2016-01-31": "1.38890", "2015-10-31": "1.36170", "2015-07-31": "1.25060", "2015-04-30": "1.35820", "2015-01-31": "1.49300", "2014-10-31": "1.35570", "2014-07-31": "1.39640", "2014-04-30": "1.45700", "2014-01-31": "1.45030", "2013-10-31": "1.21740", "2013-07-31": "1.68800", "2013-04-30": "1.54750", "2013-01-31": "1.41840", "2012-10-31": "1.34920", "2012-07-31": "1.52640", "2012-04-30": "1.42350", "2012-01-31": "1.38900", "2011-10-31": "1.42430", "2011-07-31": "1.53810", "2011-04-30": "1.41260", "2011-01-31": "1.38030", "2010-10-31": "1.57620", "2010-07-31": "1.46270", "2010-04-30": "1.59690", "2010-01-31": "1.34950", "2009-10-31": "1.24510", "2009-07-31": "0.89690", "2009-04-30": "0.83970", "2009-01-31": "0.91200", "2008-10-31": "1.12500", "2008-07-31": "1.11740", "2008-04-30": "1.24310", "2008-01-31": "1.03620", "2007-10-31": "1.15500", "2007-07-31": "1.14310", "2007-04-30": "1.19220", "2007-01-31": "1.11000", "2006-10-31": "1.24290", "2006-07-31": "1.10860", "2006-04-30": "1.15330", "2006-01-31": "1.05870", "2005-10-31": "1.06350", "2005-07-31": "1.07000", "2005-04-30": "1.16660", "2005-01-31": "1.02280"}, "Days Sales In Receivables": {"2020-10-31": "56.88350", "2020-07-31": "57.46080", "2020-04-30": "59.70430", "2020-01-31": "57.93130", "2019-10-31": "60.72720", "2019-07-31": "59.95790", "2019-04-30": "57.57560", "2019-01-31": "58.60910", "2018-10-31": "55.61850", "2018-07-31": "62.32100", "2018-04-30": "52.38040", "2018-01-31": "46.70160", "2017-10-31": "50.94920", "2017-07-31": "54.27890", "2017-04-30": "60.43150", "2017-01-31": "65.04270", "2016-10-31": "62.21110", "2016-07-31": "59.08540", "2016-04-30": "70.27350", "2016-01-31": "64.79840", "2015-10-31": "66.09380", "2015-07-31": "71.96390", "2015-04-30": "66.26540", "2015-01-31": "60.27980", "2014-10-31": "66.38690", "2014-07-31": "64.45030", "2014-04-30": "61.77220", "2014-01-31": "62.05480", "2013-10-31": "73.92860", "2013-07-31": "53.31650", "2013-04-30": "58.16020", "2013-01-31": "63.45200", "2012-10-31": "66.70720", "2012-07-31": "58.96290", "2012-04-30": "63.22310", "2012-01-31": "64.79670", "2011-10-31": "63.18970", "2011-07-31": "58.51450", "2011-04-30": "63.71070", "2011-01-31": "65.20480", "2010-10-31": "57.09980", "2010-07-31": "61.53080", "2010-04-30": "56.35760", "2010-01-31": "66.69050", "2009-10-31": "72.28440", "2009-07-31": "100.34870", "2009-04-30": "107.17950", "2009-01-31": "98.68280", "2008-10-31": "80.00130", "2008-07-31": "80.54120", "2008-04-30": "72.39720", "2008-01-31": "86.85700", "2007-10-31": "77.92350", "2007-07-31": "78.72990", "2007-04-30": "75.49280", "2007-01-31": "81.08160", "2006-10-31": "72.41330", "2006-07-31": "81.18470", "2006-04-30": "78.03520", "2006-01-31": "85.00740", "2005-10-31": "84.62470", "2005-07-31": "84.10980", "2005-04-30": "77.14760", "2005-01-31": "87.99320"}, "ROE - Return On Equity": {"2020-10-31": "10.69200", "2020-07-31": "8.78880", "2020-04-30": "8.36660", "2020-01-31": "10.30020", "2019-10-31": "8.49770", "2019-07-31": "7.03550", "2019-04-30": "8.12100", "2019-01-31": "9.39210", "2018-10-31": "11.05920", "2018-07-31": "14.88650", "2018-04-30": "15.62060", "2018-01-31": "1.93980", "2017-10-31": "11.41300", "2017-07-31": "10.61270", "2017-04-30": "10.03410", "2017-01-31": "9.14530", "2016-10-31": "8.45230", "2016-07-31": "7.40580", "2016-04-30": "4.87430", "2016-01-31": "3.99000", "2015-10-31": "4.41350", "2015-07-31": "4.12440", "2015-04-30": "4.35880", "2015-01-31": "4.31120", "2014-10-31": "3.25370", "2014-07-31": "3.91720", "2014-04-30": "3.50500", "2014-01-31": "3.49400", "2013-10-31": "2.58180", "2013-07-31": "2.41590", "2013-04-30": "-1.87010", "2013-01-31": "0.47610", "2012-10-31": "-7.11820", "2012-07-31": "2.61420", "2012-04-30": "3.32070", "2012-01-31": "1.35260", "2011-10-31": "5.17050", "2011-07-31": "5.56660", "2011-04-30": "5.97650", "2011-01-31": "6.45490", "2010-10-31": "6.21020", "2010-07-31": "1.69000", "2010-04-30": "3.60600", "2010-01-31": "1.16110", "2009-10-31": "1.94780", "2009-07-31": "-0.78230", "2009-04-30": "-3.59910", "2009-01-31": "-1.80700", "2008-10-31": "3.06130", "2008-07-31": "2.18500", "2008-04-30": "3.92320", "2008-01-31": "3.51770", "2007-10-31": "5.39240", "2007-07-31": "6.40910", "2007-04-30": "5.84630", "2007-01-31": "5.79150", "2006-10-31": "6.75090", "2006-07-31": "5.90860", "2006-04-30": "4.78980", "2006-01-31": "1.64730", "2005-10-31": "2.76320", "2005-07-31": "4.07410", "2005-04-30": "3.31990", "2005-01-31": "3.10510"}, "Return On Tangible Equity": {"2020-10-31": "16.25230", "2020-07-31": "14.16300", "2020-04-30": "13.81270", "2020-01-31": "17.42530", "2019-10-31": "14.98180", "2019-07-31": "12.55770", "2019-04-30": "14.42500", "2019-01-31": "16.60920", "2018-10-31": "23.19240", "2018-07-31": "31.80960", "2018-04-30": "32.72840", "2018-01-31": "3.45480", "2017-10-31": "19.15960", "2017-07-31": "18.88530", "2017-04-30": "18.76140", "2017-01-31": "18.28820", "2016-10-31": "18.34040", "2016-07-31": "17.45590", "2016-04-30": "12.34090", "2016-01-31": "9.07360", "2015-10-31": "9.46750", "2015-07-31": "8.51890", "2015-04-30": "8.69360", "2015-01-31": "9.00850", "2014-10-31": "7.08550", "2014-07-31": "8.82440", "2014-04-30": "8.28330", "2014-01-31": "8.75430", "2013-10-31": "6.80040", "2013-07-31": "6.68790", "2013-04-30": "-5.35270", "2013-01-31": "1.46490", "2012-10-31": "-21.80360", "2012-07-31": "7.29100", "2012-04-30": "8.75760", "2012-01-31": "3.59340", "2011-10-31": "6.27240", "2011-07-31": "6.80680", "2011-04-30": "7.39790", "2011-01-31": "8.12200", "2010-10-31": "7.91480", "2010-07-31": "2.18030", "2010-04-30": "4.68220", "2010-01-31": "1.52640", "2009-10-31": "2.46010", "2009-07-31": "-0.99490", "2009-04-30": "-4.57930", "2009-01-31": "-2.28490", "2008-10-31": "3.86070", "2008-07-31": "2.77140", "2008-04-30": "4.97730", "2008-01-31": "4.31070", "2007-10-31": "6.54720", "2007-07-31": "7.27000", "2007-04-30": "6.68700", "2007-01-31": "6.50500", "2006-10-31": "7.63940", "2006-07-31": "6.47630", "2006-04-30": "5.03690", "2006-01-31": "1.73280", "2005-10-31": "2.89960", "2005-07-31": "4.27510", "2005-04-30": "3.47670", "2005-01-31": "3.25210"}, "ROA - Return On Assets": {"2020-10-31": "5.05970", "2020-07-31": "3.97240", "2020-04-30": "3.46090", "2020-01-31": "4.51260", "2019-10-31": "3.66910", "2019-07-31": "3.03640", "2019-04-30": "3.54730", "2019-01-31": "4.07460", "2018-10-31": "4.29310", "2018-07-31": "5.68140", "2018-04-30": "5.94660", "2018-01-31": "0.83910", "2017-10-31": "5.49460", "2017-07-31": "4.84850", "2017-04-30": "4.51750", "2017-01-31": "4.61170", "2016-10-31": "4.18670", "2016-07-31": "3.68640", "2016-04-30": "2.44740", "2016-01-31": "2.14620", "2015-10-31": "2.19490", "2015-07-31": "2.50130", "2015-04-30": "2.67900", "2015-01-31": "2.66200", "2014-10-31": "1.94320", "2014-07-31": "2.34220", "2014-04-30": "2.08680", "2014-01-31": "2.07390", "2013-10-31": "1.51960", "2013-07-31": "1.42970", "2013-04-30": "-1.10300", "2013-01-31": "0.29030", "2012-10-31": "-4.25550", "2012-07-31": "1.63660", "2012-04-30": "2.08260", "2012-01-31": "0.86050", "2011-10-31": "3.28260", "2011-07-31": "3.37520", "2011-04-30": "4.08970", "2011-01-31": "4.48820", "2010-10-31": "4.27670", "2010-07-31": "1.14670", "2010-04-30": "2.52640", "2010-01-31": "0.82970", "2009-10-31": "1.44330", "2009-07-31": "-0.57270", "2009-04-30": "-2.61960", "2009-01-31": "-1.27480", "2008-10-31": "2.09970", "2008-07-31": "1.49810", "2008-04-30": "2.75730", "2008-01-31": "2.53440", "2007-10-31": "3.95560", "2007-07-31": "4.56820", "2007-04-30": "4.15760", "2007-01-31": "4.11370", "2006-10-31": "4.73620", "2006-07-31": "4.34900", "2006-04-30": "3.60480", "2006-01-31": "1.27370", "2005-10-31": "2.18930", "2005-07-31": "3.18100", "2005-04-30": "2.55810", "2005-01-31": "2.38680"}, "ROI - Return On Investment": {"2020-10-31": "7.05730", "2020-07-31": "5.60070", "2020-04-30": "4.95440", "2020-01-31": "6.66970", "2019-10-31": "5.39960", "2019-07-31": "4.25230", "2019-04-30": "4.92900", "2019-01-31": "5.70310", "2018-10-31": "6.22840", "2018-07-31": "8.37390", "2018-04-30": "8.90830", "2018-01-31": "1.19470", "2017-10-31": "7.28180", "2017-07-31": "6.59820", "2017-04-30": "6.09740", "2017-01-31": "6.50200", "2016-10-31": "5.89830", "2016-07-31": "4.96950", "2016-04-30": "3.22970", "2016-01-31": "2.72100", "2015-10-31": "3.06710", "2015-07-31": "3.45440", "2015-04-30": "3.53470", "2015-01-31": "3.47340", "2014-10-31": "2.60830", "2014-07-31": "3.12530", "2014-04-30": "2.78070", "2014-01-31": "2.75390", "2013-10-31": "2.02570", "2013-07-31": "1.88760", "2013-04-30": "-1.45860", "2013-01-31": "0.37420", "2012-10-31": "-5.60940", "2012-07-31": "2.11960", "2012-04-30": "2.71390", "2012-01-31": "1.10410", "2011-10-31": "4.23370", "2011-07-31": "4.53420", "2011-04-30": "5.83110", "2011-01-31": "6.29120", "2010-10-31": "6.04650", "2010-07-31": "1.64380", "2010-04-30": "3.50790", "2010-01-31": "1.12790", "2009-10-31": "1.89420", "2009-07-31": "-0.76040", "2009-04-30": "-3.49990", "2009-01-31": "-1.75870", "2008-10-31": "2.98170", "2008-07-31": "2.12800", "2008-04-30": "3.82300", "2008-01-31": "3.42470", "2007-10-31": "5.25640", "2007-07-31": "6.23660", "2007-04-30": "5.68130", "2007-01-31": "5.62620", "2006-10-31": "6.54930", "2006-07-31": "5.64360", "2006-04-30": "4.57380", "2006-01-31": "1.57330", "2005-10-31": "2.64260", "2005-07-31": "3.89620", "2005-04-30": "3.17660", "2005-01-31": "2.97200"}, "Book Value Per Share": {"2020-10-31": "11.57330", "2020-07-31": "10.48080", "2020-04-30": "9.84080", "2020-01-31": "9.42330", "2019-10-31": "8.96720", "2019-07-31": "8.78350", "2019-04-30": "8.76180", "2019-01-31": "8.65020", "2018-10-31": "7.07860", "2018-07-31": "6.94300", "2018-04-30": "6.98610", "2018-01-31": "8.10100", "2017-10-31": "8.81980", "2017-07-31": "8.17640", "2017-04-30": "7.63910", "2017-01-31": "7.11760", "2016-10-31": "6.69480", "2016-07-31": "6.30800", "2016-04-30": "6.02850", "2016-01-31": "6.33780", "2015-10-31": "6.56290", "2015-07-31": "6.64200", "2015-04-30": "6.77840", "2015-01-31": "6.56790", "2014-10-31": "6.44390", "2014-07-31": "6.30870", "2014-04-30": "6.14220", "2014-01-31": "5.97940", "2013-10-31": "5.88700", "2013-07-31": "5.78050", "2013-04-30": "5.73880", "2013-01-31": "5.95080", "2012-10-31": "6.04430", "2012-07-31": "6.74130", "2012-04-30": "6.78860", "2012-01-31": "6.70020", "2011-10-31": "6.73810", "2011-07-31": "6.48790", "2011-04-30": "6.20790", "2011-01-31": "5.94310", "2010-10-31": "5.67470", "2010-07-31": "5.44740", "2010-04-30": "5.45140", "2010-01-31": "5.32140", "2009-10-31": "5.29090", "2009-07-31": "5.25870", "2009-04-30": "5.32310", "2009-01-31": "5.53400", "2008-10-31": "5.67160", "2008-07-31": "5.62050", "2008-04-30": "5.68880", "2008-01-31": "5.51020", "2007-10-31": "5.64320", "2007-07-31": "5.36110", "2007-04-30": "5.09260", "2007-01-31": "4.98740", "2006-10-31": "4.77920", "2006-07-31": "5.64960", "2006-04-30": "5.51140", "2006-01-31": "5.46310", "2005-10-31": "5.55710", "2005-07-31": "5.59120", "2005-04-30": "5.58530", "2005-01-31": "5.57600"}, "Operating Cash Flow Per Share": {"2020-10-31": 1.4217, "2020-07-31": 0.9423, "2020-04-30": 0.6926, "2020-01-31": "1.06470", "2019-10-31": 0.8522, "2019-07-31": 0.8602, "2019-04-30": 0.8594, "2019-01-31": "0.86420", "2018-10-31": 0.9945, "2018-07-31": 0.6994, "2018-04-30": 0.6283, "2018-01-31": "1.36880", "2017-10-31": 0.6514, "2017-07-31": 1.2773, "2017-04-30": 0.8394, "2017-01-31": "0.72730", "2016-10-31": 0.7723, "2016-07-31": 0.9122, "2016-04-30": 0.4354, "2016-01-31": "0.17940", "2015-10-31": 0.3865, "2015-07-31": 0.2736, "2015-04-30": 0.2401, "2015-01-31": "0.04840", "2014-10-31": 0.3324, "2014-07-31": 0.4715, "2014-04-30": 0.3546, "2014-01-31": "0.30370", "2013-10-31": 0.016, "2013-07-31": 0.2956, "2013-04-30": 0.1863, "2013-01-31": "0.01320", "2012-10-31": 0.3139, "2012-07-31": 0.533, "2012-04-30": 0.4644, "2012-01-31": "0.13820", "2011-10-31": 0.5271, "2011-07-31": 0.4522, "2011-04-30": 0.5286, "2011-01-31": "0.31840", "2010-10-31": 0.3891, "2010-07-31": 0.2232, "2010-04-30": 0.3893, "2010-01-31": "0.27560", "2009-10-31": 0.1802, "2009-07-31": 0.1454, "2009-04-30": 0.0635, "2009-01-31": "-0.13930", "2008-10-31": 0.086, "2008-07-31": 0.2382, "2008-04-30": 0.6386, "2008-01-31": "0.28160", "2007-10-31": 0.4596, "2007-07-31": 0.4531, "2007-04-30": 0.365, "2007-01-31": "0.27050", "2006-10-31": 0.4272, "2006-07-31": 0.2493, "2006-04-30": 0.3261, "2006-01-31": "0.26070", "2005-10-31": 0.1372, "2005-07-31": 0.2182, "2005-04-30": 0.2804, "2005-01-31": "0.14050"}, "Free Cash Flow Per Share": {"2020-10-31": 1.2465, "2020-07-31": 0.8477, "2020-04-30": 0.6152, "2020-01-31": "0.95470", "2019-10-31": 0.7527, "2019-07-31": 0.7577, "2019-04-30": 0.7325, "2019-01-31": "0.72640", "2018-10-31": 0.843, "2018-07-31": 0.5562, "2018-04-30": 0.5063, "2018-01-31": "1.17930", "2017-10-31": 0.5372, "2017-07-31": 1.2029, "2017-04-30": 0.7685, "2017-01-31": "0.66850", "2016-10-31": 0.6966, "2016-07-31": 0.8639, "2016-04-30": 0.3916, "2016-01-31": "0.12050", "2015-10-31": 0.3427, "2015-07-31": 0.2331, "2015-04-30": 0.1885, "2015-01-31": "0.00890", "2014-10-31": 0.2811, "2014-07-31": 0.4191, "2014-04-30": 0.3018, "2014-01-31": "0.26450", "2013-10-31": -0.03, "2013-07-31": 0.264, "2013-04-30": 0.1427, "2013-01-31": "-0.02720", "2012-10-31": 0.2824, "2012-07-31": 0.496, "2012-04-30": 0.4343, "2012-01-31": "0.10990", "2011-10-31": 0.4722, "2011-07-31": 0.4108, "2011-04-30": 0.4858, "2011-01-31": "0.30040", "2010-10-31": 0.3633, "2010-07-31": 0.1962, "2010-04-30": 0.3562, "2010-01-31": "0.23630", "2009-10-31": 0.1343, "2009-07-31": 0.1007, "2009-04-30": 0.0225, "2009-01-31": "-0.19450", "2008-10-31": 0.0298, "2008-07-31": 0.1853, "2008-04-30": 0.5919, "2008-01-31": "0.22800", "2007-10-31": 0.4193, "2007-07-31": 0.4012, "2007-04-30": 0.3135, "2007-01-31": "0.22870", "2006-10-31": 0.3894, "2006-07-31": 0.2232, "2006-04-30": 0.3057, "2006-01-31": "0.23030", "2005-10-31": 0.1001, "2005-07-31": 0.1814, "2005-04-30": 0.2531, "2005-01-31": "0.12130"}}, "revenue": {"Applied Materials Annual Revenue (Millions of US $)": {"2020": "$17,202", "2019": "$14,608", "2018": "$16,705", "2017": "$14,698", "2016": "$10,825", "2015": "$9,659", "2014": "$9,072", "2013": "$7,509", "2012": "$8,719", "2011": "$10,517", "2010": "$9,549", "2009": "$5,014", "2008": "$8,129", "2007": "$9,735", "2006": "$9,167", "2005": "$6,992"}, "Applied Materials Quarterly Revenue (Millions of US $)": {"2020-10-31": "$4,688", "2020-07-31": "$4,395", "2020-04-30": "$3,957", "2020-01-31": "$4,162", "2019-10-31": "$3,754", "2019-07-31": "$3,562", "2019-04-30": "$3,539", "2019-01-31": "$3,753", "2018-10-31": "$3,759", "2018-07-31": "$4,162", "2018-04-30": "$4,579", "2018-01-31": "$4,205", "2017-10-31": "$4,130", "2017-07-31": "$3,744", "2017-04-30": "$3,546", "2017-01-31": "$3,278", "2016-10-31": "$3,297", "2016-07-31": "$2,821", "2016-04-30": "$2,450", "2016-01-31": "$2,257", "2015-10-31": "$2,368", "2015-07-31": "$2,490", "2015-04-30": "$2,442", "2015-01-31": "$2,359", "2014-10-31": "$2,264", "2014-07-31": "$2,265", "2014-04-30": "$2,353", "2014-01-31": "$2,190", "2013-10-31": "$1,988", "2013-07-31": "$1,975", "2013-04-30": "$1,973", "2013-01-31": "$1,573", "2012-10-31": "$1,646", "2012-07-31": "$2,343", "2012-04-30": "$2,541", "2012-01-31": "$2,189", "2011-10-31": "$2,182", "2011-07-31": "$2,787", "2011-04-30": "$2,862", "2011-01-31": "$2,686", "2010-10-31": "$2,886", "2010-07-31": "$2,518", "2010-04-30": "$2,296", "2010-01-31": "$1,849", "2009-10-31": "$1,527", "2009-07-31": "$1,134", "2009-04-30": "$1,020", "2009-01-31": "$1,333", "2008-10-31": "$2,044", "2008-07-31": "$1,848", "2008-04-30": "$2,150", "2008-01-31": "$2,087", "2007-10-31": "$2,367", "2007-07-31": "$2,561", "2007-04-30": "$2,530", "2007-01-31": "$2,277", "2006-10-31": "$2,518", "2006-07-31": "$2,543", "2006-04-30": "$2,248", "2006-01-31": "$1,858", "2005-10-31": "$1,718", "2005-07-31": "$1,632", "2005-04-30": "$1,861", "2005-01-31": "$1,781"}}, "gross-profit": {"Applied Materials Annual Gross Profit (Millions of US $)": {"2020": "$7,692", "2019": "$6,386", "2018": "$7,517", "2017": "$6,612", "2016": "$4,511", "2015": "$3,952", "2014": "$3,843", "2013": "$2,991", "2012": "$3,313", "2011": "$4,360", "2010": "$3,715", "2009": "$1,431", "2008": "$3,443", "2007": "$4,492", "2006": "$4,292", "2005": "$3,086"}, "Applied Materials Quarterly Gross Profit (Millions of US $)": {"2020-10-31": "$2,130", "2020-07-31": "$1,955", "2020-04-30": "$1,749", "2020-01-31": "$1,858", "2019-10-31": "$1,634", "2019-07-31": "$1,557", "2019-04-30": "$1,530", "2019-01-31": "$1,665", "2018-10-31": "$1,657", "2018-07-31": "$1,864", "2018-04-30": "$2,056", "2018-01-31": "$1,940", "2017-10-31": "$1,867", "2017-07-31": "$1,700", "2017-04-30": "$1,600", "2017-01-31": "$1,445", "2016-10-31": "$1,399", "2016-07-31": "$1,192", "2016-04-30": "$1,004", "2016-01-31": "$916", "2015-10-31": "$959", "2015-07-31": "$1,018", "2015-04-30": "$1,016", "2015-01-31": "$959", "2014-10-31": "$959", "2014-07-31": "$992", "2014-04-30": "$1,001", "2014-01-31": "$891", "2013-10-31": "$795", "2013-07-31": "$806", "2013-04-30": "$808", "2013-01-31": "$582", "2012-10-31": "$586", "2012-07-31": "$930", "2012-04-30": "$1,011", "2012-01-31": "$786", "2011-10-31": "$851", "2011-07-31": "$1,184", "2011-04-30": "$1,189", "2011-01-31": "$1,136", "2010-10-31": "$1,217", "2010-07-31": "$860", "2010-04-30": "$927", "2010-01-31": "$711", "2009-10-31": "$559", "2009-07-31": "$325", "2009-04-30": "$156", "2009-01-31": "$392", "2008-10-31": "$799", "2008-07-31": "$742", "2008-04-30": "$967", "2008-01-31": "$935", "2007-10-31": "$1,077", "2007-07-31": "$1,216", "2007-04-30": "$1,137", "2007-01-31": "$1,063", "2006-10-31": "$1,186", "2006-07-31": "$1,223", "2006-04-30": "$1,045", "2006-01-31": "$838", "2005-10-31": "$760", "2005-07-31": "$717", "2005-04-30": "$818", "2005-01-31": "$790"}}, "operating-income": {"Applied Materials Annual Operating Income (Millions of US $)": {"2020": "$4,365", "2019": "$3,350", "2018": "$4,491", "2017": "$3,936", "2016": "$2,152", "2015": "$1,693", "2014": "$1,520", "2013": "$432", "2012": "$411", "2011": "$2,398", "2010": "$1,384", "2009": "$-394", "2008": "$1,355", "2007": "$2,372", "2006": "$2,021", "2005": "$1,448"}, "Applied Materials Quarterly Operating Income (Millions of US $)": {"2020-10-31": "$1,283", "2020-07-31": "$1,108", "2020-04-30": "$932", "2020-01-31": "$1,042", "2019-10-31": "$864", "2019-07-31": "$802", "2019-04-30": "$776", "2019-01-31": "$908", "2018-10-31": "$891", "2018-07-31": "$1,093", "2018-04-30": "$1,292", "2018-01-31": "$1,215", "2017-10-31": "$1,166", "2017-07-31": "$1,023", "2017-04-30": "$940", "2017-01-31": "$807", "2016-10-31": "$777", "2016-07-31": "$596", "2016-04-30": "$425", "2016-01-31": "$354", "2015-10-31": "$423", "2015-07-31": "$396", "2015-04-30": "$416", "2015-01-31": "$458", "2014-10-31": "$412", "2014-07-31": "$391", "2014-04-30": "$387", "2014-01-31": "$330", "2013-10-31": "$211", "2013-07-31": "$250", "2013-04-30": "$-68", "2013-01-31": "$39", "2012-10-31": "$-499", "2012-07-31": "$322", "2012-04-30": "$409", "2012-01-31": "$179", "2011-10-31": "$360", "2011-07-31": "$687", "2011-04-30": "$677", "2011-01-31": "$674", "2010-10-31": "$699", "2010-07-31": "$183", "2010-04-30": "$386", "2010-01-31": "$116", "2009-10-31": "$173", "2009-07-31": "$-77", "2009-04-30": "$-293", "2009-01-31": "$-196", "2008-10-31": "$316", "2008-07-31": "$228", "2008-04-30": "$438", "2008-01-31": "$373", "2007-10-31": "$561", "2007-07-31": "$672", "2007-04-30": "$589", "2007-01-31": "$550", "2006-10-31": "$635", "2006-07-31": "$681", "2006-04-30": "$561", "2006-01-31": "$144", "2005-10-31": "$352", "2005-07-31": "$303", "2005-04-30": "$412", "2005-01-31": "$382"}}, "ebitda": {"Applied Materials Annual EBITDA (Millions of US $)": {"2020": "$4,741", "2019": "$3,713", "2018": "$4,948", "2017": "$4,343", "2016": "$2,541", "2015": "$2,064", "2014": "$1,895", "2013": "$1,120", "2012": "$1,254", "2011": "$2,644", "2010": "$1,689", "2009": "$-103", "2008": "$1,675", "2007": "$2,640", "2006": "$2,291", "2005": "$1,748"}, "Applied Materials Quarterly EBITDA (Millions of US $)": {"2020-10-31": "$1,380", "2020-07-31": "$1,202", "2020-04-30": "$1,023", "2020-01-31": "$1,136", "2019-10-31": "$956", "2019-07-31": "$891", "2019-04-30": "$870", "2019-01-31": "$996", "2018-10-31": "$1,011", "2018-07-31": "$1,203", "2018-04-30": "$1,400", "2018-01-31": "$1,334", "2017-10-31": "$1,271", "2017-07-31": "$1,125", "2017-04-30": "$1,043", "2017-01-31": "$904", "2016-10-31": "$877", "2016-07-31": "$693", "2016-04-30": "$521", "2016-01-31": "$450", "2015-10-31": "$519", "2015-07-31": "$489", "2015-04-30": "$506", "2015-01-31": "$550", "2014-10-31": "$506", "2014-07-31": "$484", "2014-04-30": "$481", "2014-01-31": "$424", "2013-10-31": "$309", "2013-07-31": "$350", "2013-04-30": "$316", "2013-01-31": "$145", "2012-10-31": "$19", "2012-07-31": "$427", "2012-04-30": "$517", "2012-01-31": "$291", "2011-10-31": "$419", "2011-07-31": "$746", "2011-04-30": "$742", "2011-01-31": "$737", "2010-10-31": "$768", "2010-07-31": "$256", "2010-04-30": "$473", "2010-01-31": "$192", "2009-10-31": "$244", "2009-07-31": "$-4", "2009-04-30": "$-218", "2009-01-31": "$-125", "2008-10-31": "$396", "2008-07-31": "$314", "2008-04-30": "$514", "2008-01-31": "$451", "2007-10-31": "$642", "2007-07-31": "$735", "2007-04-30": "$652", "2007-01-31": "$610", "2006-10-31": "$708", "2006-07-31": "$743", "2006-04-30": "$627", "2006-01-31": "$214", "2005-10-31": "$426", "2005-07-31": "$375", "2005-04-30": "$486", "2005-01-31": "$461"}}, "net-income": {"Applied Materials Annual Net Income (Millions of US $)": {"2020": "$3,619", "2019": "$2,706", "2018": "$3,038", "2017": "$3,519", "2016": "$1,721", "2015": "$1,377", "2014": "$1,072", "2013": "$256", "2012": "$109", "2011": "$1,926", "2010": "$938", "2009": "$-305", "2008": "$961", "2007": "$1,710", "2006": "$1,517", "2005": "$1,210"}, "Applied Materials Quarterly Net Income (Millions of US $)": {"2020-10-31": "$1,131", "2020-07-31": "$841", "2020-04-30": "$755", "2020-01-31": "$892", "2019-10-31": "$698", "2019-07-31": "$571", "2019-04-30": "$666", "2019-01-31": "$771", "2018-10-31": "$757", "2018-07-31": "$1,016", "2018-04-30": "$1,100", "2018-01-31": "$165", "2017-10-31": "$1,067", "2017-07-31": "$925", "2017-04-30": "$824", "2017-01-31": "$703", "2016-10-31": "$610", "2016-07-31": "$505", "2016-04-30": "$320", "2016-01-31": "$286", "2015-10-31": "$336", "2015-07-31": "$329", "2015-04-30": "$364", "2015-01-31": "$348", "2014-10-31": "$256", "2014-07-31": "$301", "2014-04-30": "$262", "2014-01-31": "$253", "2013-10-31": "$183", "2013-07-31": "$168", "2013-04-30": "$-129", "2013-01-31": "$34", "2012-10-31": "$-515", "2012-07-31": "$218", "2012-04-30": "$289", "2012-01-31": "$117", "2011-10-31": "$455", "2011-07-31": "$476", "2011-04-30": "$489", "2011-01-31": "$506", "2010-10-31": "$468", "2010-07-31": "$123", "2010-04-30": "$264", "2010-01-31": "$83", "2009-10-31": "$138", "2009-07-31": "$-55", "2009-04-30": "$-255", "2009-01-31": "$-133", "2008-10-31": "$231", "2008-07-31": "$165", "2008-04-30": "$303", "2008-01-31": "$262", "2007-10-31": "$422", "2007-07-31": "$474", "2007-04-30": "$411", "2007-01-31": "$403", "2006-10-31": "$449", "2006-07-31": "$512", "2006-04-30": "$413", "2006-01-31": "$143", "2005-10-31": "$247", "2005-07-31": "$370", "2005-04-30": "$305", "2005-01-31": "$289"}}, "eps-earnings-per-share-diluted": {"Applied Materials Annual EPS": {"2020": "$3.92", "2019": "$2.86", "2018": "$2.96", "2017": "$3.25", "2016": "$1.54", "2015": "$1.12", "2014": "$0.87", "2013": "$0.21", "2012": "$0.09", "2011": "$1.45", "2010": "$0.70", "2009": "$-0.23", "2008": "$0.70", "2007": "$1.20", "2006": "$0.97", "2005": "$0.73"}, "Applied Materials Quarterly EPS": {"2020-10-31": "$1.23", "2020-07-31": "$0.91", "2020-04-30": "$0.82", "2020-01-31": "$0.96", "2019-10-31": "$0.75", "2019-07-31": "$0.61", "2019-04-30": "$0.70", "2019-01-31": "$0.80", "2018-10-31": "$0.74", "2018-07-31": "$1.01", "2018-04-30": "$1.06", "2018-01-31": "$0.15", "2017-10-31": "$0.99", "2017-07-31": "$0.85", "2017-04-30": "$0.76", "2017-01-31": "$0.65", "2016-10-31": "$0.54", "2016-07-31": "$0.46", "2016-04-30": "$0.29", "2016-01-31": "$0.25", "2015-10-31": "$0.28", "2015-07-31": "$0.27", "2015-04-30": "$0.29", "2015-01-31": "$0.28", "2014-10-31": "$0.21", "2014-07-31": "$0.24", "2014-04-30": "$0.21", "2014-01-31": "$0.21", "2013-10-31": "$0.15", "2013-07-31": "$0.14", "2013-04-30": "$-0.11", "2013-01-31": "$0.03", "2012-10-31": "$-0.39", "2012-07-31": "$0.17", "2012-04-30": "$0.22", "2012-01-31": "$0.09", "2011-10-31": "$0.34", "2011-07-31": "$0.36", "2011-04-30": "$0.37", "2011-01-31": "$0.38", "2010-10-31": "$0.35", "2010-07-31": "$0.09", "2010-04-30": "$0.20", "2010-01-31": "$0.06", "2009-10-31": "$0.10", "2009-07-31": "$-0.04", "2009-04-30": "$-0.19", "2009-01-31": "$-0.10", "2008-10-31": "$0.17", "2008-07-31": "$0.12", "2008-04-30": "$0.22", "2008-01-31": "$0.19", "2007-10-31": "$0.28", "2007-07-31": "$0.34", "2007-04-30": "$0.29", "2007-01-31": "$0.29", "2006-10-31": "$0.29", "2006-07-31": "$0.33", "2006-04-30": "$0.26", "2006-01-31": "$0.09", "2005-10-31": "$0.15", "2005-07-31": "$0.23", "2005-04-30": "$0.18", "2005-01-31": "$0.17"}}, "shares-outstanding": {"Applied Materials Annual Shares Outstanding (Millions of Shares)": {"2020": "923", "2019": "945", "2018": "1,026", "2017": "1,084", "2016": "1,116", "2015": "1,226", "2014": "1,231", "2013": "1,219", "2012": "1,277", "2011": "1,330", "2010": "1,349", "2009": "1,333", "2008": "1,375", "2007": "1,427", "2006": "1,565", "2005": "1,657"}, "Applied Materials Quarterly Shares Outstanding (Millions of Shares)": {"2020-10-31": "923", "2020-07-31": "922", "2020-04-30": "923", "2020-01-31": "927", "2019-10-31": "945", "2019-07-31": "937", "2019-04-30": "948", "2019-01-31": "965", "2018-10-31": "1,026", "2018-07-31": "1,005", "2018-04-30": "1,040", "2018-01-31": "1,071", "2017-10-31": "1,084", "2017-07-31": "1,083", "2017-04-30": "1,087", "2017-01-31": "1,089", "2016-10-31": "1,116", "2016-07-31": "1,093", "2016-04-30": "1,119", "2016-01-31": "1,154", "2015-10-31": "1,226", "2015-07-31": "1,231", "2015-04-30": "1,241", "2015-01-31": "1,240", "2014-10-31": "1,231", "2014-07-31": "1,233", "2014-04-30": "1,229", "2014-01-31": "1,225", "2013-10-31": "1,219", "2013-07-31": "1,220", "2013-04-30": "1,203", "2013-01-31": "1,212", "2012-10-31": "1,277", "2012-07-31": "1,268", "2012-04-30": "1,301", "2012-01-31": "1,310", "2011-10-31": "1,330", "2011-07-31": "1,330", "2011-04-30": "1,333", "2011-01-31": "1,335", "2010-10-31": "1,349", "2010-07-31": "1,349", "2010-04-30": "1,352", "2010-01-31": "1,350", "2009-10-31": "1,333", "2009-07-31": "1,333", "2009-04-30": "1,332", "2009-01-31": "1,329", "2008-10-31": "1,375", "2008-07-31": "1,368", "2008-04-30": "1,373", "2008-01-31": "1,384", "2007-10-31": "1,427", "2007-07-31": "1,407", "2007-04-30": "1,407", "2007-01-31": "1,409", "2006-10-31": "1,565", "2006-07-31": "1,563", "2006-04-30": "1,586", "2006-01-31": "1,608", "2005-10-31": "1,657", "2005-07-31": "1,642", "2005-04-30": "1,672", "2005-01-31": "1,687"}}, "total-assets": {"Applied Materials Annual Total Assets (Millions of US $)": {"2020": "$22,353", "2019": "$19,024", "2018": "$17,633", "2017": "$19,419", "2016": "$14,570", "2015": "$15,308", "2014": "$13,174", "2013": "$12,043", "2012": "$12,102", "2011": "$13,861", "2010": "$10,943", "2009": "$9,574", "2008": "$11,006", "2007": "$10,662", "2006": "$9,481", "2005": "$11,269"}, "Applied Materials Quarterly Total Assets (Millions of US $)": {"2020-10-31": "$22,353", "2020-07-31": "$21,171", "2020-04-30": "$21,815", "2020-01-31": "$19,767", "2019-10-31": "$19,024", "2019-07-31": "$18,805", "2019-04-30": "$18,775", "2019-01-31": "$18,922", "2018-10-31": "$17,633", "2018-07-31": "$17,883", "2018-04-30": "$18,498", "2018-01-31": "$19,663", "2017-10-31": "$19,419", "2017-07-31": "$19,078", "2017-04-30": "$18,240", "2017-01-31": "$15,244", "2016-10-31": "$14,570", "2016-07-31": "$13,699", "2016-04-30": "$13,075", "2016-01-31": "$13,326", "2015-10-31": "$15,308", "2015-07-31": "$13,153", "2015-04-30": "$13,587", "2015-01-31": "$13,073", "2014-10-31": "$13,174", "2014-07-31": "$12,851", "2014-04-30": "$12,555", "2014-01-31": "$12,199", "2013-10-31": "$12,043", "2013-07-31": "$11,751", "2013-04-30": "$11,695", "2013-01-31": "$11,714", "2012-10-31": "$12,102", "2012-07-31": "$13,320", "2012-04-30": "$13,877", "2012-01-31": "$13,597", "2011-10-31": "$13,861", "2011-07-31": "$14,103", "2011-04-30": "$11,957", "2011-01-31": "$11,274", "2010-10-31": "$10,943", "2010-07-31": "$10,726", "2010-04-30": "$10,450", "2010-01-31": "$10,004", "2009-10-31": "$9,574", "2009-07-31": "$9,580", "2009-04-30": "$9,749", "2009-01-31": "$10,428", "2008-10-31": "$11,006", "2008-07-31": "$10,998", "2008-04-30": "$10,971", "2008-01-31": "$10,352", "2007-10-31": "$10,662", "2007-07-31": "$10,365", "2007-04-30": "$9,896", "2007-01-31": "$9,808", "2006-10-31": "$9,481", "2006-07-31": "$11,774", "2006-04-30": "$11,452", "2006-01-31": "$11,210", "2005-10-31": "$11,269", "2005-07-31": "$11,619", "2005-04-30": "$11,916", "2005-01-31": "$12,099"}}, "cash-on-hand": {"Applied Materials Annual Cash on Hand (Millions of US $)": {"2020": "$5,738", "2019": "$3,618", "2018": "$4,030", "2017": "$7,276", "2016": "$3,749", "2015": "$4,965", "2014": "$3,162", "2013": "$1,891", "2012": "$1,937", "2011": "$6,243", "2010": "$2,585", "2009": "$2,215", "2008": "$2,101", "2007": "$2,370", "2006": "$1,897", "2005": "$3,333"}, "Applied Materials Quarterly Cash on Hand (Millions of US $)": {"2020-10-31": "$5,738", "2020-07-31": "$4,756", "2020-04-30": "$5,704", "2020-01-31": "$3,960", "2019-10-31": "$3,618", "2019-07-31": "$3,561", "2019-04-30": "$3,623", "2019-01-31": "$3,712", "2018-10-31": "$4,030", "2018-07-31": "$3,984", "2018-04-30": "$5,352", "2018-01-31": "$7,454", "2017-10-31": "$7,276", "2017-07-31": "$7,231", "2017-04-30": "$6,744", "2017-01-31": "$4,147", "2016-10-31": "$3,749", "2016-07-31": "$3,266", "2016-04-30": "$2,640", "2016-01-31": "$3,116", "2015-10-31": "$4,965", "2015-07-31": "$2,743", "2015-04-30": "$3,230", "2015-01-31": "$3,087", "2014-10-31": "$3,162", "2014-07-31": "$2,871", "2014-04-30": "$2,599", "2014-01-31": "$2,289", "2013-10-31": "$1,891", "2013-07-31": "$1,975", "2013-04-30": "$1,770", "2013-01-31": "$1,753", "2012-10-31": "$1,937", "2012-07-31": "$2,164", "2012-04-30": "$2,170", "2012-01-31": "$1,997", "2011-10-31": "$6,243", "2011-07-31": "$5,757", "2011-04-30": "$3,308", "2011-01-31": "$2,746", "2010-10-31": "$2,585", "2010-07-31": "$2,348", "2010-04-30": "$2,335", "2010-01-31": "$2,154", "2009-10-31": "$2,215", "2009-07-31": "$2,139", "2009-04-30": "$2,064", "2009-01-31": "$1,917", "2008-10-31": "$2,101", "2008-07-31": "$2,298", "2008-04-30": "$2,455", "2008-01-31": "$1,906", "2007-10-31": "$2,370", "2007-07-31": "$2,408", "2007-04-30": "$2,018", "2007-01-31": "$2,083", "2006-10-31": "$1,897", "2006-07-31": "$2,833", "2006-04-30": "$3,329", "2006-01-31": "$5,808", "2005-10-31": "$3,333", "2005-07-31": "$6,228", "2005-04-30": "$6,407", "2005-01-31": "$6,398"}}, "long-term-debt": {"Applied Materials Annual Long Term Debt (Millions of US $)": {"2020": "$5,448", "2019": "$4,713", "2018": "$5,309", "2017": "$5,304", "2016": "$3,125", "2015": "$3,342", "2014": "$1,947", "2013": "$1,946", "2012": "$1,946", "2011": "$1,947", "2010": "$204", "2009": "$201", "2008": "$202", "2007": "$202", "2006": "$205", "2005": "$407"}, "Applied Materials Quarterly Long Term Debt (Millions of US $)": {"2020-10-31": "$5,448", "2020-07-31": "$5,447", "2020-04-30": "$6,215", "2020-01-31": "$4,714", "2019-10-31": "$4,713", "2019-07-31": "$5,312", "2019-04-30": "$5,311", "2019-01-31": "$5,310", "2018-10-31": "$5,309", "2018-07-31": "$5,308", "2018-04-30": "$5,306", "2018-01-31": "$5,305", "2017-10-31": "$5,304", "2017-07-31": "$5,303", "2017-04-30": "$5,302", "2017-01-31": "$3,125", "2016-10-31": "$3,125", "2016-07-31": "$3,343", "2016-04-30": "$3,343", "2016-01-31": "$3,343", "2015-10-31": "$3,342", "2015-07-31": "$1,547", "2015-04-30": "$1,947", "2015-01-31": "$1,947", "2014-10-31": "$1,947", "2014-07-31": "$1,947", "2014-04-30": "$1,947", "2014-01-31": "$1,946", "2013-10-31": "$1,946", "2013-07-31": "$1,946", "2013-04-30": "$1,946", "2013-01-31": "$1,946", "2012-10-31": "$1,946", "2012-07-31": "$1,946", "2012-04-30": "$1,946", "2012-01-31": "$1,947", "2011-10-31": "$1,947", "2011-07-31": "$1,947", "2011-04-30": "$204", "2011-01-31": "$204", "2010-10-31": "$204", "2010-07-31": "$204", "2010-04-30": "$205", "2010-01-31": "$211", "2009-10-31": "$201", "2009-07-31": "$201", "2009-04-30": "$201", "2009-01-31": "$202", "2008-10-31": "$202", "2008-07-31": "$202", "2008-04-30": "$202", "2008-01-31": "$202", "2007-10-31": "$202", "2007-07-31": "$204", "2007-04-30": "$204", "2007-01-31": "$205", "2006-10-31": "$205", "2006-07-31": "$407", "2006-04-30": "$407", "2006-01-31": "$407", "2005-10-31": "$407", "2005-07-31": "$414", "2005-04-30": "$414", "2005-01-31": "$416"}}, "total-liabilities": {"Applied Materials Annual Total Liabilities (Millions of US $)": {"2020": "$11,775", "2019": "$10,810", "2018": "$10,788", "2017": "$10,070", "2016": "$7,353", "2015": "$7,695", "2014": "$5,306", "2013": "$4,955", "2012": "$4,867", "2011": "$5,061", "2010": "$3,407", "2009": "$2,480", "2008": "$3,457", "2007": "$2,841", "2006": "$2,829", "2005": "$2,341"}, "Applied Materials Quarterly Total Liabilities (Millions of US $)": {"2020-10-31": "$11,775", "2020-07-31": "$11,602", "2020-04-30": "$12,791", "2020-01-31": "$11,107", "2019-10-31": "$10,810", "2019-07-31": "$10,689", "2019-04-30": "$10,574", "2019-01-31": "$10,713", "2018-10-31": "$10,788", "2018-07-31": "$11,058", "2018-04-30": "$11,456", "2018-01-31": "$11,157", "2017-10-31": "$10,070", "2017-07-31": "$10,362", "2017-04-30": "$10,028", "2017-01-31": "$7,557", "2016-10-31": "$7,353", "2016-07-31": "$6,880", "2016-04-30": "$6,510", "2016-01-31": "$6,158", "2015-10-31": "$7,695", "2015-07-31": "$5,176", "2015-04-30": "$5,236", "2015-01-31": "$5,001", "2014-10-31": "$5,306", "2014-07-31": "$5,167", "2014-04-30": "$5,080", "2014-01-31": "$4,958", "2013-10-31": "$4,955", "2013-07-31": "$4,797", "2013-04-30": "$4,797", "2013-01-31": "$4,573", "2012-10-31": "$4,867", "2012-07-31": "$4,981", "2012-04-30": "$5,174", "2012-01-31": "$4,947", "2011-10-31": "$5,061", "2011-07-31": "$5,552", "2011-04-30": "$3,775", "2011-01-31": "$3,435", "2010-10-31": "$3,407", "2010-07-31": "$3,448", "2010-04-30": "$3,129", "2010-01-31": "$2,856", "2009-10-31": "$2,480", "2009-07-31": "$2,567", "2009-04-30": "$2,653", "2009-01-31": "$3,071", "2008-10-31": "$3,457", "2008-07-31": "$3,458", "2008-04-30": "$3,260", "2008-01-31": "$2,894", "2007-10-31": "$2,841", "2007-07-31": "$2,977", "2007-04-30": "$2,858", "2007-01-31": "$2,841", "2006-10-31": "$2,829", "2006-07-31": "$3,108", "2006-04-30": "$2,833", "2006-01-31": "$2,542", "2005-10-31": "$2,341", "2005-07-31": "$2,547", "2005-04-30": "$2,734", "2005-01-31": "$2,799"}}, "total-share-holder-equity": {"Applied Materials Annual Share Holder Equity (Millions of US $)": {"2020": "$10,578", "2019": "$8,214", "2018": "$6,845", "2017": "$9,349", "2016": "$7,217", "2015": "$7,613", "2014": "$7,868", "2013": "$7,088", "2012": "$7,235", "2011": "$8,800", "2010": "$7,536", "2009": "$7,095", "2008": "$7,549", "2007": "$7,821", "2006": "$6,651", "2005": "$8,929"}, "Applied Materials Quarterly Share Holder Equity (Millions of US $)": {"2020-10-31": "$10,578", "2020-07-31": "$9,569", "2020-04-30": "$9,024", "2020-01-31": "$8,660", "2019-10-31": "$8,214", "2019-07-31": "$8,116", "2019-04-30": "$8,201", "2019-01-31": "$8,209", "2018-10-31": "$6,845", "2018-07-31": "$6,825", "2018-04-30": "$7,042", "2018-01-31": "$8,506", "2017-10-31": "$9,349", "2017-07-31": "$8,716", "2017-04-30": "$8,212", "2017-01-31": "$7,687", "2016-10-31": "$7,217", "2016-07-31": "$6,819", "2016-04-30": "$6,565", "2016-01-31": "$7,168", "2015-10-31": "$7,613", "2015-07-31": "$7,977", "2015-04-30": "$8,351", "2015-01-31": "$8,072", "2014-10-31": "$7,868", "2014-07-31": "$7,684", "2014-04-30": "$7,475", "2014-01-31": "$7,241", "2013-10-31": "$7,088", "2013-07-31": "$6,954", "2013-04-30": "$6,898", "2013-01-31": "$7,141", "2012-10-31": "$7,235", "2012-07-31": "$8,339", "2012-04-30": "$8,703", "2012-01-31": "$8,650", "2011-10-31": "$8,800", "2011-07-31": "$8,551", "2011-04-30": "$8,182", "2011-01-31": "$7,839", "2010-10-31": "$7,536", "2010-07-31": "$7,278", "2010-04-30": "$7,321", "2010-01-31": "$7,148", "2009-10-31": "$7,095", "2009-07-31": "$7,014", "2009-04-30": "$7,096", "2009-01-31": "$7,357", "2008-10-31": "$7,549", "2008-07-31": "$7,541", "2008-04-30": "$7,711", "2008-01-31": "$7,459", "2007-10-31": "$7,821", "2007-07-31": "$7,388", "2007-04-30": "$7,038", "2007-01-31": "$6,967", "2006-10-31": "$6,651", "2006-07-31": "$8,666", "2006-04-30": "$8,619", "2006-01-31": "$8,668", "2005-10-31": "$8,929", "2005-07-31": "$9,072", "2005-04-30": "$9,182", "2005-01-31": "$9,300"}}, "profit-margins": {"current": "21.04%"}, "gross margin": {"2020-10-31": "44.72%", "2020-07-31": "44.23%", "2020-04-30": "44.04%", "2020-01-31": "43.81%", "2019-10-31": "43.72%", "2019-07-31": "43.86%", "2019-04-30": "44.15%", "2019-01-31": "44.56%", "2018-10-31": "45.00%", "2018-07-31": "45.25%", "2018-04-30": "45.40%", "2018-01-31": "45.48%", "2017-10-31": "44.99%", "2017-07-31": "44.31%", "2017-04-30": "43.55%", "2017-01-31": "42.55%", "2016-10-31": "41.67%", "2016-07-31": "41.14%", "2016-04-30": "40.74%", "2016-01-31": "40.90%", "2015-10-31": "40.92%", "2015-07-31": "41.36%", "2015-04-30": "42.08%", "2015-01-31": "42.32%", "2014-10-31": "42.36%", "2014-07-31": "41.83%", "2014-04-30": "41.07%", "2014-01-31": "40.61%", "2013-10-31": "39.83%", "2013-07-31": "38.82%", "2013-04-30": "38.57%", "2013-01-31": "38.37%", "2012-10-31": "38.00%", "2012-07-31": "38.66%", "2012-04-30": "39.51%", "2012-01-31": "40.02%", "2011-10-31": "41.46%", "2011-07-31": "42.12%", "2011-04-30": "40.19%", "2011-01-31": "39.86%", "2010-10-31": "38.90%", "2010-07-31": "37.33%", "2010-04-30": "37.06%", "2010-01-31": "31.66%", "2009-10-31": "28.56%", "2009-07-31": "30.23%", "2009-04-30": "33.45%", "2009-01-31": "39.32%", "2008-10-31": "42.35%", "2008-07-31": "44.03%", "2008-04-30": "45.77%", "2008-01-31": "45.73%", "2007-10-31": "46.15%", "2007-07-31": "46.55%", "2007-04-30": "46.71%", "2007-01-31": "47.12%", "2006-10-31": "46.82%", "2006-07-31": "46.21%", "2006-04-30": "45.06%", "2006-01-31": "44.32%", "2005-10-31": "44.12%"}, "operating margin": {"2020-10-31": "25.37%", "2020-07-31": "24.26%", "2020-04-30": "23.58%", "2020-01-31": "23.20%", "2019-10-31": "22.93%", "2019-07-31": "23.11%", "2019-04-30": "24.11%", "2019-01-31": "25.74%", "2018-10-31": "26.88%", "2018-07-31": "27.91%", "2018-04-30": "28.19%", "2018-01-31": "27.80%", "2017-10-31": "26.78%", "2017-07-31": "25.58%", "2017-04-30": "24.11%", "2017-01-31": "21.99%", "2016-10-31": "19.88%", "2016-07-31": "18.17%", "2016-04-30": "16.71%", "2016-01-31": "16.63%", "2015-10-31": "17.53%", "2015-07-31": "17.60%", "2015-04-30": "17.97%", "2015-01-31": "17.83%", "2014-10-31": "16.75%", "2014-07-31": "15.00%", "2014-04-30": "13.85%", "2014-01-31": "8.90%", "2013-10-31": "5.75%", "2013-07-31": "-3.88%", "2013-04-30": "-2.73%", "2013-01-31": "3.34%", "2012-10-31": "4.71%", "2012-07-31": "13.72%", "2012-04-30": "16.86%", "2012-01-31": "18.99%", "2011-10-31": "22.80%", "2011-07-31": "24.39%", "2011-04-30": "20.39%", "2011-01-31": "18.70%", "2010-10-31": "14.49%", "2010-07-31": "10.48%", "2010-04-30": "8.79%", "2010-01-31": "-1.46%", "2009-10-31": "-7.84%", "2009-07-31": "-4.52%", "2009-04-30": "0.88%", "2009-01-31": "10.66%", "2008-10-31": "16.67%", "2008-07-31": "18.93%", "2008-04-30": "22.30%", "2008-01-31": "23.00%", "2007-10-31": "24.37%", "2007-07-31": "24.74%", "2007-04-30": "24.88%", "2007-01-31": "25.32%", "2006-10-31": "22.05%", "2006-07-31": "20.77%", "2006-04-30": "18.24%", "2006-01-31": "17.13%", "2005-10-31": "20.72%"}, "ebitda margin": {"2020-10-31": "27.56%", "2020-07-31": "26.54%", "2020-04-30": "25.95%", "2020-01-31": "25.66%", "2019-10-31": "25.42%", "2019-07-31": "25.79%", "2019-04-30": "26.82%", "2019-01-31": "28.36%", "2018-10-31": "29.62%", "2018-07-31": "30.50%", "2018-04-30": "30.80%", "2018-01-31": "30.55%", "2017-10-31": "29.55%", "2017-07-31": "28.48%", "2017-04-30": "27.18%", "2017-01-31": "25.28%", "2016-10-31": "23.47%", "2016-07-31": "22.06%", "2016-04-30": "20.69%", "2016-01-31": "20.55%", "2015-10-31": "21.37%", "2015-07-31": "21.47%", "2015-04-30": "21.93%", "2015-01-31": "21.87%", "2014-10-31": "20.89%", "2014-07-31": "19.30%", "2014-04-30": "18.39%", "2014-01-31": "17.22%", "2013-10-31": "14.92%", "2013-07-31": "11.58%", "2013-04-30": "12.04%", "2013-01-31": "13.67%", "2012-10-31": "14.38%", "2012-07-31": "17.87%", "2012-04-30": "20.34%", "2012-01-31": "21.94%", "2011-10-31": "25.14%", "2011-07-31": "26.67%", "2011-04-30": "22.85%", "2011-01-31": "21.51%", "2010-10-31": "17.69%", "2010-07-31": "14.22%", "2010-04-30": "13.30%", "2010-01-31": "3.87%", "2009-10-31": "-2.05%", "2009-07-31": "0.89%", "2009-04-30": "5.88%", "2009-01-31": "14.90%", "2008-10-31": "20.61%", "2008-07-31": "22.73%", "2008-04-30": "25.55%", "2008-01-31": "25.98%", "2007-10-31": "27.11%", "2007-07-31": "27.36%", "2007-04-30": "27.49%", "2007-01-31": "28.04%", "2006-10-31": "25.00%", "2006-07-31": "24.02%", "2006-04-30": "22.02%", "2006-01-31": "21.23%", "2005-10-31": "25.00%"}, "pre tax profit margin": {"2020-10-31": "24.22%", "2020-07-31": "23.13%", "2020-04-30": "22.71%", "2020-01-31": "22.55%", "2019-10-31": "22.38%", "2019-07-31": "22.61%", "2019-04-30": "23.66%", "2019-01-31": "25.23%", "2018-10-31": "26.32%", "2018-07-31": "27.41%", "2018-04-30": "27.50%", "2018-01-31": "27.06%", "2017-10-31": "25.96%", "2017-07-31": "24.50%", "2017-04-30": "23.05%", "2017-01-31": "20.85%", "2016-10-31": "18.60%", "2016-07-31": "16.88%", "2016-04-30": "15.48%", "2016-01-31": "15.43%", "2015-10-31": "16.54%", "2015-07-31": "16.73%", "2015-04-30": "17.08%", "2015-01-31": "16.99%", "2014-10-31": "15.96%", "2014-07-31": "14.14%", "2014-04-30": "12.96%", "2014-01-31": "7.96%", "2013-10-31": "4.66%", "2013-07-31": "-5.25%", "2013-04-30": "-4.01%", "2013-01-31": "2.16%", "2012-10-31": "3.62%", "2012-07-31": "12.87%", "2012-04-30": "16.06%", "2012-01-31": "18.53%", "2011-10-31": "22.61%", "2011-07-31": "24.40%", "2011-04-30": "20.52%", "2011-01-31": "18.76%", "2010-10-31": "14.53%", "2010-07-31": "10.48%", "2010-04-30": "8.90%", "2010-01-31": "-2.97%", "2009-10-31": "-9.69%", "2009-07-31": "-6.09%", "2009-04-30": "-0.32%", "2009-01-31": "11.08%", "2008-10-31": "17.33%", "2008-07-31": "19.70%", "2008-04-30": "23.01%", "2008-01-31": "23.71%", "2007-10-31": "25.05%", "2007-07-31": "25.49%", "2007-04-30": "25.90%", "2007-01-31": "26.58%", "2006-10-31": "23.64%", "2006-07-31": "22.68%", "2006-04-30": "20.31%", "2006-01-31": "19.18%", "2005-10-31": "22.63%"}, "net profit margin": {"2020-10-31": "21.04%", "2020-07-31": "19.58%", "2020-04-30": "18.89%", "2020-01-31": "18.83%", "2019-10-31": "18.52%", "2019-07-31": "18.92%", "2019-04-30": "21.10%", "2019-01-31": "22.42%", "2018-10-31": "18.19%", "2018-07-31": "19.61%", "2018-04-30": "19.55%", "2018-01-31": "19.08%", "2017-10-31": "23.94%", "2017-07-31": "22.08%", "2017-04-30": "20.41%", "2017-01-31": "18.05%", "2016-10-31": "15.90%", "2016-07-31": "14.62%", "2016-04-30": "13.29%", "2016-01-31": "13.76%", "2015-10-31": "14.26%", "2015-07-31": "13.57%", "2015-04-30": "13.60%", "2015-01-31": "12.63%", "2014-10-31": "11.82%", "2014-07-31": "11.36%", "2014-04-30": "10.18%", "2014-01-31": "5.85%", "2013-10-31": "3.41%", "2013-07-31": "-6.17%", "2013-04-30": "-5.20%", "2013-01-31": "0.32%", "2012-10-31": "1.25%", "2012-07-31": "11.66%", "2012-04-30": "13.78%", "2012-01-31": "15.34%", "2011-10-31": "18.31%", "2011-07-31": "17.28%", "2011-04-30": "14.48%", "2011-01-31": "13.10%", "2010-10-31": "9.82%", "2010-07-31": "7.42%", "2010-04-30": "6.32%", "2010-01-31": "-1.61%", "2009-10-31": "-6.08%", "2009-07-31": "-3.83%", "2009-04-30": "0.13%", "2009-01-31": "7.67%", "2008-10-31": "11.82%", "2008-07-31": "13.63%", "2008-04-30": "15.94%", "2008-01-31": "16.44%", "2007-10-31": "17.57%", "2007-07-31": "17.57%", "2007-04-30": "17.99%", "2007-01-31": "18.54%", "2006-10-31": "16.55%", "2006-07-31": "15.72%", "2006-04-30": "15.73%", "2006-01-31": "15.07%", "2005-10-31": "17.32%"}, "pe ratio": {"current": "24.09", "2021-02-05": "25.69", "2020-10-31": "15.07", "2020-07-31": "18.58", "2020-04-30": "15.66", "2020-01-31": "18.95", "2019-10-31": "18.66", "2019-07-31": "16.11", "2019-04-30": "12.06", "2019-01-31": "9.59", "2018-10-31": "9.66", "2018-07-31": "14.13", "2018-04-30": "15.92", "2018-01-31": "19.30", "2017-10-31": "16.94", "2017-07-31": "14.92", "2017-04-30": "15.84", "2017-01-31": "16.51", "2016-10-31": "17.56", "2016-07-31": "19.28", "2016-04-30": "17.56", "2016-01-31": "15.06", "2015-10-31": "13.84", "2015-07-31": "14.91", "2015-04-30": "17.40", "2015-01-31": "21.67", "2014-10-31": "22.51", "2014-07-31": "23.36", "2014-04-30": "24.11", "2014-01-31": "38.53", "2013-10-31": "75.51", "2013-07-31": "0.00", "2013-04-30": "0.00", "2013-01-31": "0.00", "2012-10-31": "152.51", "2012-07-31": "11.38", "2012-04-30": "10.08", "2012-01-31": "8.93", "2011-10-31": "7.12", "2011-07-31": "7.02", "2011-04-30": "10.91", "2011-01-31": "12.67", "2010-10-31": "14.45", "2010-07-31": "21.34", "2010-04-30": "34.86", "2010-01-31": "0.00", "2009-10-31": "0.00", "2009-07-31": "0.00", "2009-04-30": "0.00", "2009-01-31": "18.04", "2008-10-31": "14.47", "2008-07-31": "16.32", "2008-04-30": "13.86", "2008-01-31": "12.44", "2007-10-31": "12.33", "2007-07-31": "13.96", "2007-04-30": "12.24", "2007-01-31": "11.54", "2006-10-31": "13.59"}, "price sales": {"2021-02-05": "5.41", "2020-10-31": "3.17", "2020-07-31": "3.65", "2020-04-30": "2.97", "2020-01-31": "3.58", "2019-10-31": "3.47", "2019-07-31": "3.20", "2019-04-30": "2.78", "2019-01-31": "2.35", "2018-10-31": "1.96", "2018-07-31": "2.86", "2018-04-30": "3.04", "2018-01-31": "3.54", "2017-10-31": "3.97", "2017-07-31": "3.32", "2017-04-30": "3.26", "2017-01-31": "3.01", "2016-10-31": "2.83", "2016-07-31": "2.85", "2016-04-30": "2.36", "2016-01-31": "2.08", "2015-10-31": "1.98", "2015-07-31": "2.06", "2015-04-30": "2.40", "2015-01-31": "2.78", "2014-10-31": "2.71", "2014-07-31": "2.64", "2014-04-30": "2.46", "2014-01-31": "2.25", "2013-10-31": "2.56", "2013-07-31": "2.46", "2013-04-30": "2.09", "2013-01-31": "1.76", "2012-10-31": "1.35", "2012-07-31": "1.31", "2012-04-30": "1.38", "2012-01-31": "1.37", "2011-10-31": "1.31", "2011-07-31": "1.22", "2011-04-30": "1.59", "2011-01-31": "1.67", "2010-10-31": "1.43", "2010-07-31": "1.58", "2010-04-30": "2.20", "2010-01-31": "2.37", "2009-10-31": "2.60", "2009-07-31": "2.68", "2009-04-30": "2.10", "2009-01-31": "1.37", "2008-10-31": "1.71", "2008-07-31": "2.23", "2008-04-30": "2.22", "2008-01-31": "2.05", "2007-10-31": "2.18", "2007-07-31": "2.49", "2007-04-30": "2.23", "2007-01-31": "2.17", "2006-10-31": "2.29"}, "price book": {"current": "8.70", "2021-02-05": "8.70", "2020-10-31": "5.10", "2020-07-31": "6.10", "2020-04-30": "5.00", "2020-01-31": "6.07", "2019-10-31": "5.95", "2019-07-31": "5.50", "2019-04-30": "4.90", "2019-01-31": "4.38", "2018-10-31": "4.48", "2018-07-31": "6.72", "2018-04-30": "6.79", "2018-01-31": "6.31", "2017-10-31": "6.09", "2017-07-31": "5.15", "2017-04-30": "5.04", "2017-01-31": "4.55", "2016-10-31": "4.09", "2016-07-31": "3.91", "2016-04-30": "3.17", "2016-01-31": "2.59", "2015-10-31": "2.36", "2015-07-31": "2.40", "2015-04-30": "2.67", "2015-01-31": "3.17", "2014-10-31": "3.11", "2014-07-31": "3.00", "2014-04-30": "2.79", "2014-01-31": "2.51", "2013-10-31": "2.69", "2013-07-31": "2.49", "2013-04-30": "2.22", "2013-01-31": "1.89", "2012-10-31": "1.51", "2012-07-31": "1.38", "2012-04-30": "1.50", "2012-01-31": "1.55", "2011-10-31": "1.53", "2011-07-31": "1.58", "2011-04-30": "2.09", "2011-01-31": "2.17", "2010-10-31": "1.78", "2010-07-31": "1.76", "2010-04-30": "2.05", "2010-01-31": "1.84", "2009-10-31": "1.85", "2009-07-31": "2.09", "2009-04-30": "1.82", "2009-01-31": "1.34", "2008-10-31": "1.79", "2008-07-31": "2.41", "2008-04-30": "2.56", "2008-01-31": "2.53", "2007-10-31": "2.67", "2007-07-31": "3.18", "2007-04-30": "2.91", "2007-01-31": "2.73", "2006-10-31": "2.79", "2006-07-31": "2.13", "2006-04-30": "2.48", "2006-01-31": "2.65"}, "price fcf": {"2021-02-05": "", "2020-10-31": "$3.66", "2020-07-31": "$3.17", "2020-04-30": "$3.08", "2020-01-31": "$3.20", "2019-10-31": "$2.97", "2019-07-31": "$3.06", "2019-04-30": "$2.86", "2019-01-31": "$2.63", "2018-10-31": "$3.08", "2018-07-31": "$2.78", "2018-04-30": "$3.43", "2018-01-31": "$3.69", "2017-10-31": "$3.18", "2017-07-31": "$3.34", "2017-04-30": "$3.00", "2017-01-31": "$2.62", "2016-10-31": "$2.07", "2016-07-31": "$1.72", "2016-04-30": "$1.09", "2016-01-31": "$0.88", "2015-10-31": "$0.77", "2015-07-31": "$0.71", "2015-04-30": "$0.90", "2015-01-31": "$1.01", "2014-10-31": "$1.27", "2014-07-31": "$0.96", "2014-04-30": "$0.80", "2014-01-31": "$0.64", "2013-10-31": "$0.35", "2013-07-31": "$0.66", "2013-04-30": "$0.89", "2013-01-31": "$1.19", "2012-10-31": "$1.32", "2012-07-31": "$1.51", "2012-04-30": "$1.43", "2012-01-31": "$1.48", "2011-10-31": "$1.67", "2011-07-31": "$1.56", "2011-04-30": "$1.35", "2011-01-31": "$1.22", "2010-10-31": "$1.15", "2010-07-31": "$0.92", "2010-04-30": "$0.83", "2010-01-31": "$0.49", "2009-10-31": "$0.06", "2009-07-31": "$-0.04", "2009-04-30": "$0.04", "2009-01-31": "$0.61", "2008-10-31": "$1.04", "2008-07-31": "$1.42", "2008-04-30": "$1.64", "2008-01-31": "$1.36", "2007-10-31": "$1.36", "2007-07-31": "$1.33", "2007-04-30": "$1.15", "2007-01-31": "$1.15", "2006-10-31": "$1.15"}, "net worth": {"value": "$92.42B"}, "current ratio": {"current": "3.00", "2020-10-31": "3.00", "2020-07-31": "2.86", "2020-04-30": "2.67", "2020-01-31": "2.36", "2019-10-31": "2.30", "2019-07-31": "2.65", "2019-04-30": "2.79", "2019-01-31": "2.72", "2018-10-31": "2.70", "2018-07-31": "2.52", "2018-04-30": "2.60", "2018-01-31": "2.96", "2017-10-31": "3.14", "2017-07-31": "2.91", "2017-04-30": "2.93", "2017-01-31": "2.39", "2016-10-31": "2.30", "2016-07-31": "2.50", "2016-04-30": "2.58", "2016-01-31": "3.00", "2015-10-31": "2.44", "2015-07-31": "2.33", "2015-04-30": "2.76", "2015-01-31": "2.75", "2014-10-31": "2.47", "2014-07-31": "2.41", "2014-04-30": "2.41", "2014-01-31": "2.43", "2013-10-31": "2.31", "2013-07-31": "2.38", "2013-04-30": "2.32", "2013-01-31": "2.43", "2012-10-31": "2.25", "2012-07-31": "2.44", "2012-04-30": "2.37", "2012-01-31": "2.47", "2011-10-31": "3.71", "2011-07-31": "3.13", "2011-04-30": "2.44", "2011-01-31": "2.45", "2010-10-31": "2.34", "2010-07-31": "2.27", "2010-04-30": "2.40", "2010-01-31": "2.57", "2009-10-31": "2.93", "2009-07-31": "2.83", "2009-04-30": "2.77", "2009-01-31": "2.48", "2008-10-31": "2.26", "2008-07-31": "2.28", "2008-04-30": "2.44", "2008-01-31": "2.63", "2007-10-31": "2.77", "2007-07-31": "2.67", "2007-04-30": "2.59", "2007-01-31": "2.62", "2006-10-31": "2.50", "2006-07-31": "3.05", "2006-04-30": "3.35", "2006-01-31": "5.08", "2005-10-31": "3.87", "2005-07-31": "4.93", "2005-04-30": "4.63", "2005-01-31": "4.59"}, "quick ratio": {"2020-10-31": "2.12", "2020-07-31": "1.94", "2020-04-30": "1.89", "2020-01-31": "1.60", "2019-10-31": "1.51", "2019-07-31": "1.72", "2019-04-30": "1.77", "2019-01-31": "1.74", "2018-10-31": "1.76", "2018-07-31": "1.67", "2018-04-30": "1.83", "2018-01-31": "2.25", "2017-10-31": "2.43", "2017-07-31": "2.26", "2017-04-30": "2.30", "2017-01-31": "1.79", "2016-10-31": "1.74", "2016-07-31": "1.81", "2016-04-30": "1.84", "2016-01-31": "2.20", "2015-10-31": "1.96", "2015-07-31": "1.76", "2015-04-30": "2.13", "2015-01-31": "2.10", "2014-10-31": "1.91", "2014-07-31": "1.85", "2014-04-30": "1.82", "2014-01-31": "1.81", "2013-10-31": "1.73", "2013-07-31": "1.76", "2013-04-30": "1.72", "2013-01-31": "1.78", "2012-10-31": "1.69", "2012-07-31": "1.86", "2012-04-30": "1.78", "2012-01-31": "1.76", "2011-10-31": "3.10", "2011-07-31": "2.57", "2011-04-30": "1.89", "2011-01-31": "1.89", "2010-10-31": "1.81", "2010-07-31": "1.72", "2010-04-30": "1.74", "2010-01-31": "1.84", "2009-10-31": "2.09", "2009-07-31": "1.97", "2009-04-30": "1.88", "2009-01-31": "1.64", "2008-10-31": "1.59", "2008-07-31": "1.64", "2008-04-30": "1.84", "2008-01-31": "2.04", "2007-10-31": "2.22", "2007-07-31": "2.14", "2007-04-30": "1.99", "2007-01-31": "2.00", "2006-10-31": "1.92", "2006-07-31": "2.49", "2006-04-30": "2.86", "2006-01-31": "4.54", "2005-10-31": "3.29", "2005-07-31": "4.39", "2005-04-30": "4.13", "2005-01-31": "4.05"}, "debt equity ratio": {"current": "0.52", "2020-10-31": "1.11", "2020-07-31": "1.21", "2020-04-30": "1.42", "2020-01-31": "1.28", "2019-10-31": "1.32", "2019-07-31": "1.32", "2019-04-30": "1.29", "2019-01-31": "1.31", "2018-10-31": "1.58", "2018-07-31": "1.62", "2018-04-30": "1.63", "2018-01-31": "1.31", "2017-10-31": "1.08", "2017-07-31": "1.19", "2017-04-30": "1.22", "2017-01-31": "0.98", "2016-10-31": "1.02", "2016-07-31": "1.01", "2016-04-30": "0.99", "2016-01-31": "0.86", "2015-10-31": "1.01", "2015-07-31": "0.65", "2015-04-30": "0.63", "2015-01-31": "0.62", "2014-10-31": "0.67", "2014-07-31": "0.67", "2014-04-30": "0.68", "2014-01-31": "0.69", "2013-10-31": "0.70", "2013-07-31": "0.69", "2013-04-30": "0.70", "2013-01-31": "0.64", "2012-10-31": "0.67", "2012-07-31": "0.60", "2012-04-30": "0.60", "2012-01-31": "0.57", "2011-10-31": "0.58", "2011-07-31": "0.65", "2011-04-30": "0.46", "2011-01-31": "0.44", "2010-10-31": "0.45", "2010-07-31": "0.47", "2010-04-30": "0.43", "2010-01-31": "0.40", "2009-10-31": "0.35", "2009-07-31": "0.37", "2009-04-30": "0.37", "2009-01-31": "0.42", "2008-10-31": "0.46", "2008-07-31": "0.46", "2008-04-30": "0.42", "2008-01-31": "0.39", "2007-10-31": "0.36", "2007-07-31": "0.40", "2007-04-30": "0.41", "2007-01-31": "0.41", "2006-10-31": "0.43", "2006-07-31": "0.36", "2006-04-30": "0.33", "2006-01-31": "0.29", "2005-10-31": "0.26", "2005-07-31": "0.28", "2005-04-30": "0.30", "2005-01-31": "0.30"}, "return on equity": {"2020-10-31": "38.26%", "2020-07-31": "35.93%", "2020-04-30": "34.29%", "2020-01-31": "34.07%", "2019-10-31": "33.06%", "2019-07-31": "35.26%", "2019-04-30": "42.69%", "2019-01-31": "50.40%", "2018-10-31": "41.59%", "2018-07-31": "42.22%", "2018-04-30": "38.76%", "2018-01-31": "34.28%", "2017-10-31": "41.44%", "2017-07-31": "38.48%", "2017-04-30": "35.30%", "2017-01-31": "30.23%", "2016-10-31": "24.79%", "2016-07-31": "20.55%", "2016-04-30": "17.34%", "2016-01-31": "16.91%", "2015-10-31": "17.21%", "2015-07-31": "16.08%", "2015-04-30": "15.87%", "2015-01-31": "15.01%", "2014-10-31": "14.17%", "2014-07-31": "13.55%", "2014-04-30": "12.05%", "2014-01-31": "6.74%", "2013-10-31": "3.65%", "2013-07-31": "-6.26%", "2013-04-30": "-5.29%", "2013-01-31": "0.33%", "2012-10-31": "1.32%", "2012-07-31": "12.51%", "2012-04-30": "15.41%", "2012-01-31": "17.99%", "2011-10-31": "23.09%", "2011-07-31": "24.16%", "2011-04-30": "20.57%", "2011-01-31": "18.16%", "2010-10-31": "12.81%", "2010-07-31": "8.43%", "2010-04-30": "6.02%", "2010-01-31": "-1.26%", "2009-10-31": "-4.27%", "2009-07-31": "-2.92%", "2009-04-30": "0.11%", "2009-01-31": "7.51%", "2008-10-31": "12.70%", "2008-07-31": "15.09%", "2008-04-30": "19.24%", "2008-01-31": "21.13%", "2007-10-31": "23.41%", "2007-07-31": "24.78%", "2007-04-30": "24.21%", "2007-01-31": "23.00%", "2006-10-31": "18.61%", "2006-07-31": "15.08%", "2006-04-30": "13.30%", "2006-01-31": "11.88%", "2005-10-31": "13.28%"}, "return on assets": {"2020-10-31": "17.01%", "2020-07-31": "15.58%", "2020-04-30": "14.69%", "2020-01-31": "14.81%", "2019-10-31": "14.33%", "2019-07-31": "14.92%", "2019-04-30": "17.54%", "2019-01-31": "19.98%", "2018-10-31": "16.49%", "2018-07-31": "17.75%", "2018-04-30": "16.99%", "2018-01-31": "15.61%", "2017-10-31": "19.56%", "2017-07-31": "18.24%", "2017-04-30": "17.11%", "2017-01-31": "15.11%", "2016-10-31": "12.59%", "2016-07-31": "10.45%", "2016-04-30": "9.27%", "2016-01-31": "9.50%", "2015-10-31": "9.99%", "2015-07-31": "9.79%", "2015-04-30": "9.63%", "2015-01-31": "9.04%", "2014-10-31": "8.44%", "2014-07-31": "8.05%", "2014-04-30": "7.14%", "2014-01-31": "3.98%", "2013-10-31": "2.17%", "2013-07-31": "-3.74%", "2013-04-30": "-3.21%", "2013-01-31": "0.20%", "2012-10-31": "0.82%", "2012-07-31": "7.90%", "2012-04-30": "9.65%", "2012-01-31": "11.49%", "2011-10-31": "15.05%", "2011-07-31": "16.07%", "2011-04-30": "14.13%", "2011-01-31": "12.55%", "2010-10-31": "8.91%", "2010-07-31": "5.97%", "2010-04-30": "4.34%", "2010-01-31": "-0.92%", "2009-10-31": "-3.10%", "2009-07-31": "-2.08%", "2009-04-30": "0.08%", "2009-01-31": "5.22%", "2008-10-31": "8.87%", "2008-07-31": "10.72%", "2008-04-30": "13.80%", "2008-01-31": "15.21%", "2007-10-31": "16.79%", "2007-07-31": "17.57%", "2007-04-30": "17.33%", "2007-01-31": "16.72%", "2006-10-31": "13.82%", "2006-07-31": "11.51%", "2006-04-30": "10.30%", "2006-01-31": "9.26%", "2005-10-31": "10.33%"}, "return on investments": {"2020-10-31": "29.27%", "2020-07-31": "27.91%", "2020-04-30": "26.49%", "2020-01-31": "26.18%", "2019-10-31": "25.10%", "2019-07-31": "25.67%", "2019-04-30": "28.59%", "2019-01-31": "33.37%", "2018-10-31": "35.61%", "2018-07-31": "36.01%", "2018-04-30": "34.26%", "2018-01-31": "31.03%", "2017-10-31": "29.71%", "2017-07-31": "29.14%", "2017-04-30": "27.84%", "2017-01-31": "25.28%", "2016-10-31": "21.03%", "2016-07-31": "17.32%", "2016-04-30": "15.63%", "2016-01-31": "15.39%", "2015-10-31": "16.60%", "2015-07-31": "16.97%", "2015-04-30": "16.87%", "2015-01-31": "16.95%", "2014-10-31": "15.98%", "2014-07-31": "14.15%", "2014-04-30": "12.89%", "2014-01-31": "8.04%", "2013-10-31": "4.82%", "2013-07-31": "-3.09%", "2013-04-30": "-2.20%", "2013-01-31": "2.77%", "2012-10-31": "4.04%", "2012-07-31": "12.02%", "2012-04-30": "15.39%", "2012-01-31": "18.92%", "2011-10-31": "25.46%", "2011-07-31": "31.58%", "2011-04-30": "28.22%", "2011-01-31": "25.23%", "2010-10-31": "18.39%", "2010-07-31": "11.57%", "2010-04-30": "8.14%", "2010-01-31": "-1.11%", "2009-10-31": "-5.35%", "2009-07-31": "-3.35%", "2009-04-30": "0.72%", "2009-01-31": "10.15%", "2008-10-31": "17.45%", "2008-07-31": "20.42%", "2008-04-30": "26.21%", "2008-01-31": "28.77%", "2007-10-31": "31.60%", "2007-07-31": "33.90%", "2007-04-30": "32.36%", "2007-01-31": "30.22%", "2006-10-31": "23.76%", "2006-07-31": "19.04%", "2006-04-30": "14.73%", "2006-01-31": "12.92%", "2005-10-31": "15.20%"}, "return on tangible equity": {"2020-10-31": "61.65%", "2020-07-31": "60.16%", "2020-04-30": "58.94%", "2020-01-31": "59.70%", "2019-10-31": "58.62%", "2019-07-31": "64.79%", "2019-04-30": "81.69%", "2019-01-31": "100.80%", "2018-10-31": "83.26%", "2018-07-31": "79.24%", "2018-04-30": "70.03%", "2018-01-31": "60.73%", "2017-10-31": "75.26%", "2017-07-31": "74.41%", "2017-04-30": "73.11%", "2017-01-31": "67.57%", "2016-10-31": "57.54%", "2016-07-31": "47.49%", "2016-04-30": "38.64%", "2016-01-31": "35.66%", "2015-10-31": "35.63%", "2015-07-31": "33.42%", "2015-04-30": "33.67%", "2015-01-31": "33.22%", "2014-10-31": "32.79%", "2014-07-31": "32.88%", "2014-04-30": "30.77%", "2014-01-31": "18.09%", "2013-10-31": "10.31%", "2013-07-31": "-18.41%", "2013-04-30": "-15.55%", "2013-01-31": "0.95%", "2012-10-31": "3.66%", "2012-07-31": "25.69%", "2012-04-30": "25.71%", "2012-01-31": "25.50%", "2011-10-31": "28.44%", "2011-07-31": "30.13%", "2011-04-30": "26.01%", "2011-01-31": "23.24%", "2010-10-31": "16.58%", "2010-07-31": "10.89%", "2010-04-30": "7.74%", "2010-01-31": "-1.61%", "2009-10-31": "-5.42%", "2009-07-31": "-3.70%", "2009-04-30": "0.14%", "2009-01-31": "9.50%", "2008-10-31": "15.95%", "2008-07-31": "18.77%", "2008-04-30": "23.26%", "2008-01-31": "24.91%", "2007-10-31": "27.02%", "2007-07-31": "28.08%", "2007-04-30": "27.16%", "2007-01-31": "25.22%", "2006-10-31": "20.08%", "2006-07-31": "16.01%", "2006-04-30": "13.97%", "2006-01-31": "12.47%", "2005-10-31": "13.92%"}, "dividend yield history": {"last payout": "$0.88", "last yield": "0.87%"}}