{"ticker": "ATR", "price": {"title": "AptarGroup Historical Annual Stock Price Data", "value": 140.66, "historical": {"2021": {"Average Stock Price": "137.4296", "Year Open": "134.0000", "Year High": "140.6600", "Year Low": "132.9700", "Year Close": "140.6600", "Annual % Change": "2.75%"}, "2020": {"Average Stock Price": "114.0315", "Year Open": "113.6800", "Year High": "136.8900", "Year Low": "83.9300", "Year Close": "136.8900", "Annual % Change": "18.40%"}, "2019": {"Average Stock Price": "112.3157", "Year Open": "90.1800", "Year High": "125.9200", "Year Low": "89.0900", "Year Close": "115.6200", "Annual % Change": "22.91%"}, "2018": {"Average Stock Price": "96.5295", "Year Open": "87.0100", "Year High": "111.9700", "Year Low": "81.3800", "Year Close": "94.0700", "Annual % Change": "9.03%"}, "2017": {"Average Stock Price": "82.3408", "Year Open": "73.0200", "Year High": "90.0900", "Year Low": "71.6400", "Year Close": "86.2800", "Annual % Change": "17.47%"}, "2016": {"Average Stock Price": "75.8801", "Year Open": "72.0800", "Year High": "80.4600", "Year Low": "66.7000", "Year Close": "73.4500", "Annual % Change": "1.10%"}, "2015": {"Average Stock Price": "66.7399", "Year Open": "66.6500", "Year High": "75.7200", "Year Low": "61.3800", "Year Close": "72.6500", "Annual % Change": "8.69%"}, "2014": {"Average Stock Price": "64.6370", "Year Open": "67.1300", "Year High": "68.3800", "Year Low": "56.1800", "Year Close": "66.8400", "Annual % Change": "-1.43%"}, "2013": {"Average Stock Price": "58.1616", "Year Open": "48.7600", "Year High": "67.8100", "Year Low": "48.7600", "Year Close": "67.8100", "Annual % Change": "42.10%"}, "2012": {"Average Stock Price": "51.3860", "Year Open": "52.2800", "Year High": "55.2600", "Year Low": "45.8000", "Year Close": "47.7200", "Annual % Change": "-8.53%"}, "2011": {"Average Stock Price": "49.5720", "Year Open": "48.1200", "Year High": "54.3400", "Year Low": "42.7900", "Year Close": "52.1700", "Annual % Change": "9.67%"}, "2010": {"Average Stock Price": "41.8902", "Year Open": "36.2400", "Year High": "48.2200", "Year Low": "35.0300", "Year Close": "47.5700", "Annual % Change": "33.10%"}, "2009": {"Average Stock Price": "33.3241", "Year Open": "35.8200", "Year High": "38.8900", "Year Low": "25.3000", "Year Close": "35.7400", "Annual % Change": "1.42%"}, "2008": {"Average Stock Price": "38.1653", "Year Open": "39.9600", "Year High": "46.1600", "Year Low": "26.4900", "Year Close": "35.2400", "Annual % Change": "-13.86%"}, "2007": {"Average Stock Price": "36.6975", "Year Open": "29.7500", "Year High": "44.7000", "Year Low": "29.1000", "Year Close": "40.9100", "Annual % Change": "38.58%"}, "2006": {"Average Stock Price": "26.8403", "Year Open": "26.2500", "Year High": "30.8800", "Year Low": "23.6450", "Year Close": "29.5200", "Annual % Change": "13.10%"}, "2005": {"Average Stock Price": "25.3156", "Year Open": "26.4750", "Year High": "27.5000", "Year Low": "23.7150", "Year Close": "26.1000", "Annual % Change": "-1.10%"}, "2004": {"Average Stock Price": "21.7253", "Year Open": "19.2800", "Year High": "27.2150", "Year Low": "18.6900", "Year Close": "26.3900", "Annual % Change": "35.33%"}, "2003": {"Average Stock Price": "17.3559", "Year Open": "15.6000", "Year High": "19.7400", "Year Low": "13.2550", "Year Close": "19.5000", "Annual % Change": "24.84%"}, "2002": {"Average Stock Price": "15.9280", "Year Open": "17.4750", "Year High": "19.3500", "Year Low": "12.5600", "Year Close": "15.6200", "Annual % Change": "-10.82%"}, "2001": {"Average Stock Price": "16.0415", "Year Open": "14.3750", "Year High": "18.4500", "Year Low": "13.6900", "Year Close": "17.5150", "Annual % Change": "19.23%"}, "2000": {"Average Stock Price": "12.5350", "Year Open": "11.8750", "Year High": "15.0000", "Year Low": "9.9400", "Year Close": "14.6900", "Annual % Change": "16.91%"}, "1999": {"Average Stock Price": "13.6049", "Year Open": "13.9700", "Year High": "15.4050", "Year Low": "11.3750", "Year Close": "12.5650", "Annual % Change": "-10.44%"}, "1998": {"Average Stock Price": "14.3391", "Year Open": "13.7825", "Year High": "16.4700", "Year Low": "10.1250", "Year Close": "14.0300", "Annual % Change": "1.12%"}, "1997": {"Average Stock Price": "11.6488", "Year Open": "8.7500", "Year High": "14.6875", "Year Low": "8.2200", "Year Close": "13.8750", "Annual % Change": "57.45%"}, "1996": {"Average Stock Price": "8.9442", "Year Open": "9.3125", "Year High": "10.7188", "Year Low": "7.5938", "Year Close": "8.8125", "Annual % Change": "-5.70%"}, "1995": {"Average Stock Price": "7.8056", "Year Open": "7.0000", "Year High": "9.4375", "Year Low": "6.1575", "Year Close": "9.3450", "Annual % Change": "30.56%"}, "1994": {"Average Stock Price": "5.9818", "Year Open": "5.1575", "Year High": "7.1875", "Year Low": "5.0625", "Year Close": "7.1575", "Annual % Change": "37.98%"}}}, "market cap": {"value": "$9.1B"}, "income statement": {"Revenue": {"2019-12-31": "2859.73200", "2018-12-31": "2764.76100", "2017-12-31": "2469.28300", "2016-12-31": "2330.93400", "2015-12-31": "2317.14900", "2014-12-31": "2597.80900", "2013-12-31": "2520.01300", "2012-12-31": "2331.03600", "2011-12-31": "2337.18300", "2010-12-31": "2076.71900", "2009-12-31": "1841.61600", "2008-12-31": "2071.68500", "2007-12-31": "1892.16700", "2006-12-31": "1601.38500", "2005-12-31": "1380.00900"}, "Cost Of Goods Sold": {"2019-12-31": "1818.39800", "2018-12-31": "1812.96100", "2017-12-31": "1603.07000", "2016-12-31": "1496.17400", "2015-12-31": "1502.65000", "2014-12-31": "1755.26600", "2013-12-31": "1708.93600", "2012-12-31": "1590.36500", "2011-12-31": "1568.28600", "2010-12-31": "1378.79200", "2009-12-31": "1225.67000", "2008-12-31": "1411.27500", "2007-12-31": "1283.77300", "2006-12-31": "1086.26900", "2005-12-31": "927.58500"}, "Gross Profit": {"2019-12-31": "1041.33400", "2018-12-31": "951.79990", "2017-12-31": "866.21300", "2016-12-31": "834.76010", "2015-12-31": "814.49890", "2014-12-31": "842.54310", "2013-12-31": "811.07690", "2012-12-31": "740.67090", "2011-12-31": "768.89710", "2010-12-31": "697.92700", "2009-12-31": "615.94590", "2008-12-31": "660.41000", "2007-12-31": "608.39400", "2006-12-31": "515.11600", "2005-12-31": "452.42400"}, "Research And Development Expenses": {"2019-12-31": "", "2018-12-31": "", "2017-12-31": "", "2016-12-31": "", "2015-12-31": "", "2014-12-31": "", "2013-12-31": "", "2012-12-31": "", "2011-12-31": "", "2010-12-31": "", "2009-12-31": "", "2008-12-31": "", "2007-12-31": "", "2006-12-31": "", "2005-12-31": ""}, "SG&A Expenses": {"2019-12-31": "454.61700", "2018-12-31": "429.95500", "2017-12-31": "387.42400", "2016-12-31": "366.26900", "2015-12-31": "351.46100", "2014-12-31": "383.90900", "2013-12-31": "364.74700", "2012-12-31": "341.63400", "2011-12-31": "347.62900", "2010-12-31": "296.86100", "2009-12-31": "276.98900", "2008-12-31": "295.09400", "2007-12-31": "272.07700", "2006-12-31": "238.90700", "2005-12-31": "203.38900"}, "Other Operating Income Or Expenses": {"2019-12-31": "", "2018-12-31": "", "2017-12-31": "", "2016-12-31": "", "2015-12-31": "", "2014-12-31": "", "2013-12-31": "", "2012-12-31": "", "2011-12-31": "", "2010-12-31": "", "2009-12-31": "", "2008-12-31": "", "2007-12-31": "", "2006-12-31": "", "2005-12-31": ""}, "Operating Expenses": {"2019-12-31": "2488.03900", "2018-12-31": "2478.49200", "2017-12-31": "2145.79600", "2016-12-31": "2017.24500", "2015-12-31": "1993.00400", "2014-12-31": "2291.39300", "2013-12-31": "2235.43900", "2012-12-31": "2072.12300", "2011-12-31": "2050.08700", "2010-12-31": "1808.70500", "2009-12-31": "1643.23500", "2008-12-31": "1837.51400", "2007-12-31": "1679.31600", "2006-12-31": "1439.78200", "2005-12-31": "1230.21600"}, "Operating Income": {"2019-12-31": "371.69310", "2018-12-31": "286.26880", "2017-12-31": "323.48710", "2016-12-31": "313.68910", "2015-12-31": "324.14500", "2014-12-31": "306.41600", "2013-12-31": "284.57370", "2012-12-31": "258.91280", "2011-12-31": "287.09620", "2010-12-31": "268.01400", "2009-12-31": "198.38090", "2008-12-31": "234.17100", "2007-12-31": "212.85100", "2006-12-31": "161.60300", "2005-12-31": "149.79300"}, "Total Non-Operating Income/Expense": {"2019-12-31": "-29.62400", "2018-12-31": "-20.24900", "2017-12-31": "-28.66200", "2016-12-31": "-33.19200", "2015-12-31": "-29.57400", "2014-12-31": "-20.11500", "2013-12-31": "-20.19100", "2012-12-31": "-17.54000", "2011-12-31": "-12.15400", "2010-12-31": "-13.62900", "2009-12-31": "-14.32300", "2008-12-31": "-7.44500", "2007-12-31": "-10.77000", "2006-12-31": "-13.29700", "2005-12-31": "-7.84000"}, "Pre-Tax Income": {"2019-12-31": "342.06900", "2018-12-31": "266.02000", "2017-12-31": "294.82500", "2016-12-31": "280.49700", "2015-12-31": "294.57100", "2014-12-31": "286.30100", "2013-12-31": "264.38300", "2012-12-31": "241.37300", "2011-12-31": "274.94200", "2010-12-31": "254.38500", "2009-12-31": "184.05800", "2008-12-31": "226.72600", "2007-12-31": "202.08100", "2006-12-31": "148.30600", "2005-12-31": "141.95300"}, "Income Taxes": {"2019-12-31": "99.84200", "2018-12-31": "71.25400", "2017-12-31": "74.79600", "2016-12-31": "74.89300", "2015-12-31": "95.27600", "2014-12-31": "94.67700", "2013-12-31": "92.45700", "2012-12-31": "78.95300", "2011-12-31": "91.31200", "2010-12-31": "80.79600", "2009-12-31": "59.46100", "2008-12-31": "73.22500", "2007-12-31": "62.60700", "2006-12-31": "45.41000", "2005-12-31": "41.91900"}, "Income After Taxes": {"2019-12-31": "242.22700", "2018-12-31": "194.76600", "2017-12-31": "220.02900", "2016-12-31": "205.60400", "2015-12-31": "199.29500", "2014-12-31": "191.62400", "2013-12-31": "171.92600", "2012-12-31": "162.42000", "2011-12-31": "183.63000", "2010-12-31": "173.58900", "2009-12-31": "124.59700", "2008-12-31": "153.50100", "2007-12-31": "139.47400", "2006-12-31": "102.89600", "2005-12-31": "100.03400"}, "Other Income": {"2019-12-31": "", "2018-12-31": "", "2017-12-31": "", "2016-12-31": "", "2015-12-31": "", "2014-12-31": "", "2013-12-31": "", "2012-12-31": "", "2011-12-31": "", "2010-12-31": "", "2009-12-31": "", "2008-12-31": "", "2007-12-31": "", "2006-12-31": "", "2005-12-31": ""}, "Income From Continuous Operations": {"2019-12-31": "242.22700", "2018-12-31": "194.76600", "2017-12-31": "220.02900", "2016-12-31": "205.60400", "2015-12-31": "199.29500", "2014-12-31": "191.62400", "2013-12-31": "171.92600", "2012-12-31": "162.42000", "2011-12-31": "183.63000", "2010-12-31": "173.58900", "2009-12-31": "124.59700", "2008-12-31": "153.50100", "2007-12-31": "139.47400", "2006-12-31": "102.89600", "2005-12-31": "100.03400"}, "Income From Discontinued Operations": {"2019-12-31": "", "2018-12-31": "", "2017-12-31": "", "2016-12-31": "", "2015-12-31": "", "2014-12-31": "", "2013-12-31": "", "2012-12-31": "", "2011-12-31": "", "2010-12-31": "", "2009-12-31": "", "2008-12-31": "", "2007-12-31": "2.23200", "2006-12-31": "", "2005-12-31": ""}, "Net Income": {"2019-12-31": "242.20200", "2018-12-31": "194.74500", "2017-12-31": "220.03000", "2016-12-31": "205.59000", "2015-12-31": "199.34800", "2014-12-31": "191.65800", "2013-12-31": "171.99400", "2012-12-31": "162.61200", "2011-12-31": "183.68300", "2010-12-31": "173.48100", "2009-12-31": "124.62300", "2008-12-31": "153.49500", "2007-12-31": "141.73900", "2006-12-31": "102.89600", "2005-12-31": "100.03400"}, "EBITDA": {"2019-12-31": "566.24510", "2018-12-31": "458.01580", "2017-12-31": "476.58110", "2016-12-31": "468.49110", "2015-12-31": "463.03800", "2014-12-31": "458.63400", "2013-12-31": "434.52970", "2012-12-31": "395.93480", "2011-12-31": "421.33920", "2010-12-31": "400.97300", "2009-12-31": "331.39390", "2008-12-31": "365.31600", "2007-12-31": "336.31700", "2006-12-31": "276.20900", "2005-12-31": "249.03500"}, "EBIT": {"2019-12-31": "371.69310", "2018-12-31": "286.26880", "2017-12-31": "323.48710", "2016-12-31": "313.68910", "2015-12-31": "324.14500", "2014-12-31": "306.41600", "2013-12-31": "284.57370", "2012-12-31": "258.91280", "2011-12-31": "287.09620", "2010-12-31": "268.01400", "2009-12-31": "198.38090", "2008-12-31": "234.17100", "2007-12-31": "212.85100", "2006-12-31": "161.60300", "2005-12-31": "149.79300"}, "Basic Shares Outstanding": {"2019-12-31": "63.57400", "2018-12-31": "62.43700", "2017-12-31": "62.43500", "2016-12-31": "62.80400", "2015-12-31": "62.58500", "2014-12-31": "65.00900", "2013-12-31": "66.09000", "2012-12-31": "66.39200", "2011-12-31": "66.55300", "2010-12-31": "67.34400", "2009-12-31": "67.64300", "2008-12-31": "68.76900", "2007-12-31": "68.76900", "2006-12-31": "69.65400", "2005-12-31": "70.37600"}, "Shares Outstanding": {"2019-12-31": "66.15000", "2018-12-31": "64.95800", "2017-12-31": "64.59600", "2016-12-31": "64.84900", "2015-12-31": "64.49200", "2014-12-31": "67.29200", "2013-12-31": "68.20800", "2012-12-31": "68.39500", "2011-12-31": "69.27400", "2010-12-31": "69.81500", "2009-12-31": "69.78500", "2008-12-31": "71.52300", "2007-12-31": "71.52300", "2006-12-31": "71.74400", "2005-12-31": "72.35400"}, "Basic EPS": {"2019-12-31": "3.81000", "2018-12-31": "3.12000", "2017-12-31": "3.52000", "2016-12-31": "3.27000", "2015-12-31": "3.19000", "2014-12-31": "2.95000", "2013-12-31": "2.60000", "2012-12-31": "2.45000", "2011-12-31": "2.76000", "2010-12-31": "2.58000", "2009-12-31": "1.84000", "2008-12-31": "2.26000", "2007-12-31": "2.06000", "2006-12-31": "1.48000", "2005-12-31": "1.42000"}, "EPS - Earnings Per Share": {"2019-12-31": "3.66000", "2018-12-31": "3.00000", "2017-12-31": "3.41000", "2016-12-31": "3.17000", "2015-12-31": "3.09000", "2014-12-31": "2.85000", "2013-12-31": "2.52000", "2012-12-31": "2.38000", "2011-12-31": "2.65000", "2010-12-31": "2.48000", "2009-12-31": "1.79000", "2008-12-31": "2.18000", "2007-12-31": "1.98000", "2006-12-31": "1.43000", "2005-12-31": "1.39000"}}, "income statement, quarterly": {"Revenue": {"2020-09-30": "759.15300", "2020-06-30": "699.30500", "2020-03-31": "721.55300", "2019-12-31": "671.33280", "2019-09-30": "701.27800", "2019-06-30": "742.66100", "2019-03-31": "744.46000", "2018-12-31": "685.02800", "2018-09-30": "665.77500", "2018-06-30": "710.60800", "2018-03-31": "703.35000", "2017-12-31": "625.89510", "2017-09-30": "624.32600", "2017-06-30": "617.74600", "2017-03-31": "601.31600", "2016-12-31": "538.86800", "2016-09-30": "589.72900", "2016-06-30": "619.99900", "2016-03-31": "582.33800", "2015-12-31": "546.77290", "2015-09-30": "586.29000", "2015-06-30": "594.27500", "2015-03-31": "589.81100", "2014-12-31": "599.18510", "2014-09-30": "651.94200", "2014-06-30": "670.63100", "2014-03-31": "676.05100", "2013-12-31": "637.29500", "2013-09-30": "623.64400", "2013-06-30": "641.44100", "2013-03-31": "617.63300", "2012-12-31": "571.43680", "2012-09-30": "589.59800", "2012-06-30": "577.50300", "2012-03-31": "592.49800", "2011-12-31": "544.54010", "2011-09-30": "601.19600", "2011-06-30": "614.92900", "2011-03-31": "576.51800", "2010-12-31": "530.79000", "2010-09-30": "517.53700", "2010-06-30": "522.92300", "2010-03-31": "505.46900", "2009-12-31": "495.62400", "2009-09-30": "473.66800", "2009-06-30": "440.50800", "2009-03-31": "431.81600", "2008-12-31": "455.92820", "2008-09-30": "532.18000", "2008-06-30": "551.31900", "2008-03-31": "532.25800", "2007-12-31": "483.75800", "2007-09-30": "485.69200", "2007-06-30": "472.87600", "2007-03-31": "449.84100", "2006-12-31": "422.38700", "2006-09-30": "404.90500", "2006-06-30": "398.62500", "2006-03-31": "375.46800", "2005-12-31": "338.81410", "2005-09-30": "341.08400", "2005-06-30": "356.11200", "2005-03-31": "343.99900"}, "Cost Of Goods Sold": {"2020-09-30": "479.67200", "2020-06-30": "441.70200", "2020-03-31": "451.25600", "2019-12-31": "435.58790", "2019-09-30": "444.23700", "2019-06-30": "469.44100", "2019-03-31": "469.13200", "2018-12-31": "457.51600", "2018-09-30": "435.37900", "2018-06-30": "464.24400", "2018-03-31": "455.82200", "2017-12-31": "410.94090", "2017-09-30": "407.78100", "2017-06-30": "399.66400", "2017-03-31": "384.68400", "2016-12-31": "351.06690", "2016-09-30": "381.04100", "2016-06-30": "389.86300", "2016-03-31": "374.20300", "2015-12-31": "359.96910", "2015-09-30": "381.42400", "2015-06-30": "375.27800", "2015-03-31": "385.97900", "2014-12-31": "407.28390", "2014-09-30": "443.52000", "2014-06-30": "451.05100", "2014-03-31": "453.41100", "2013-12-31": "435.08800", "2013-09-30": "424.01100", "2013-06-30": "431.35100", "2013-03-31": "418.48600", "2012-12-31": "391.70200", "2012-09-30": "407.36800", "2012-06-30": "390.22500", "2012-03-31": "401.07000", "2011-12-31": "369.36710", "2011-09-30": "406.76800", "2011-06-30": "409.48100", "2011-03-31": "382.67000", "2010-12-31": "359.92190", "2010-09-30": "342.53900", "2010-06-30": "345.17500", "2010-03-31": "331.15600", "2009-12-31": "326.44810", "2009-09-30": "320.67500", "2009-06-30": "288.82600", "2009-03-31": "289.72100", "2008-12-31": "308.95010", "2008-09-30": "366.63700", "2008-06-30": "372.90800", "2008-03-31": "362.78000", "2007-12-31": "334.48000", "2007-09-30": "330.43800", "2007-06-30": "318.59500", "2007-03-31": "300.26000", "2006-12-31": "289.44810", "2006-09-30": "274.51700", "2006-06-30": "268.51800", "2006-03-31": "253.78600", "2005-12-31": "227.72400", "2005-09-30": "228.74200", "2005-06-30": "238.64100", "2005-03-31": "232.47800"}, "Gross Profit": {"2020-09-30": "279.48100", "2020-06-30": "257.60300", "2020-03-31": "270.29700", "2019-12-31": "235.74500", "2019-09-30": "257.04100", "2019-06-30": "273.22000", "2019-03-31": "275.32800", "2018-12-31": "227.51190", "2018-09-30": "230.39600", "2018-06-30": "246.36400", "2018-03-31": "247.52800", "2017-12-31": "214.95410", "2017-09-30": "216.54500", "2017-06-30": "218.08200", "2017-03-31": "216.63200", "2016-12-31": "187.80110", "2016-09-30": "208.68800", "2016-06-30": "230.13600", "2016-03-31": "208.13500", "2015-12-31": "186.80380", "2015-09-30": "204.86600", "2015-06-30": "218.99700", "2015-03-31": "203.83200", "2014-12-31": "191.90110", "2014-09-30": "208.42200", "2014-06-30": "219.58000", "2014-03-31": "222.64000", "2013-12-31": "202.20690", "2013-09-30": "199.63300", "2013-06-30": "210.09000", "2013-03-31": "199.14700", "2012-12-31": "179.73490", "2012-09-30": "182.23000", "2012-06-30": "187.27800", "2012-03-31": "191.42800", "2011-12-31": "175.17300", "2011-09-30": "194.42800", "2011-06-30": "205.44800", "2011-03-31": "193.84800", "2010-12-31": "170.86810", "2010-09-30": "174.99800", "2010-06-30": "177.74800", "2010-03-31": "174.31300", "2009-12-31": "169.17590", "2009-09-30": "152.99300", "2009-06-30": "151.68200", "2009-03-31": "142.09500", "2008-12-31": "146.97810", "2008-09-30": "165.54300", "2008-06-30": "178.41100", "2008-03-31": "169.47800", "2007-12-31": "149.27800", "2007-09-30": "155.25400", "2007-06-30": "154.28100", "2007-03-31": "149.58100", "2006-12-31": "132.93890", "2006-09-30": "130.38800", "2006-06-30": "130.10700", "2006-03-31": "121.68200", "2005-12-31": "111.09000", "2005-09-30": "112.34200", "2005-06-30": "117.47100", "2005-03-31": "111.52100"}, "Research And Development Expenses": {"2020-09-30": "", "2020-06-30": "", "2020-03-31": "", "2019-12-31": "", "2019-09-30": "", "2019-06-30": "", "2019-03-31": "", "2018-12-31": "", "2018-09-30": "", "2018-06-30": "", "2018-03-31": "", "2017-12-31": "", "2017-09-30": "", "2017-06-30": "", "2017-03-31": "", "2016-12-31": "", "2016-09-30": "", "2016-06-30": "", "2016-03-31": "", "2015-12-31": "", "2015-09-30": "", "2015-06-30": "", "2015-03-31": "", "2014-12-31": "", "2014-09-30": "", "2014-06-30": "", "2014-03-31": "", "2013-12-31": "", "2013-09-30": "", "2013-06-30": "", "2013-03-31": "", "2012-12-31": "", "2012-09-30": "", "2012-06-30": "", "2012-03-31": "", "2011-12-31": "", "2011-09-30": "", "2011-06-30": "", "2011-03-31": "", "2010-12-31": "", "2010-09-30": "", "2010-06-30": "", "2010-03-31": "", "2009-12-31": "", "2009-09-30": "", "2009-06-30": "", "2009-03-31": "", "2008-12-31": "", "2008-09-30": "", "2008-06-30": "", "2008-03-31": "", "2007-12-31": "", "2007-09-30": "", "2007-06-30": "", "2007-03-31": "", "2006-12-31": "", "2006-09-30": "", "2006-06-30": "", "2006-03-31": "", "2005-12-31": "", "2005-09-30": "", "2005-06-30": "", "2005-03-31": ""}, "SG&A Expenses": {"2020-09-30": "121.85000", "2020-06-30": "123.36500", "2020-03-31": "126.19200", "2019-12-31": "108.09100", "2019-09-30": "111.55900", "2019-06-30": "113.75200", "2019-03-31": "121.21500", "2018-12-31": "106.80900", "2018-09-30": "103.57400", "2018-06-30": "107.11100", "2018-03-31": "112.46100", "2017-12-31": "95.15000", "2017-09-30": "95.53600", "2017-06-30": "95.45600", "2017-03-31": "101.28200", "2016-12-31": "80.42800", "2016-09-30": "86.69500", "2016-06-30": "96.13100", "2016-03-31": "103.01500", "2015-12-31": "84.59200", "2015-09-30": "81.37000", "2015-06-30": "89.31200", "2015-03-31": "96.18700", "2014-12-31": "89.10000", "2014-09-30": "91.64900", "2014-06-30": "96.48600", "2014-03-31": "106.67400", "2013-12-31": "95.41200", "2013-09-30": "86.91700", "2013-06-30": "88.11100", "2013-03-31": "94.30700", "2012-12-31": "85.20100", "2012-09-30": "80.09400", "2012-06-30": "87.84000", "2012-03-31": "88.49900", "2011-12-31": "80.14400", "2011-09-30": "86.71600", "2011-06-30": "90.29000", "2011-03-31": "90.47900", "2010-12-31": "75.84700", "2010-09-30": "71.10500", "2010-06-30": "71.21300", "2010-03-31": "78.69600", "2009-12-31": "72.01800", "2009-09-30": "64.37000", "2009-06-30": "69.16300", "2009-03-31": "71.43800", "2008-12-31": "63.29100", "2008-09-30": "72.52800", "2008-06-30": "77.45100", "2008-03-31": "81.82400", "2007-12-31": "66.77400", "2007-09-30": "65.77300", "2007-06-30": "65.80500", "2007-03-31": "73.72500", "2006-12-31": "61.04400", "2006-09-30": "57.40600", "2006-06-30": "58.08700", "2006-03-31": "62.37000", "2005-12-31": "51.07600", "2005-09-30": "49.61300", "2005-06-30": "51.06000", "2005-03-31": "51.64000"}, "Other Operating Income Or Expenses": {"2020-09-30": "", "2020-06-30": "", "2020-03-31": "", "2019-12-31": "", "2019-09-30": "", "2019-06-30": "", "2019-03-31": "", "2018-12-31": "", "2018-09-30": "", "2018-06-30": "", "2018-03-31": "", "2017-12-31": "", "2017-09-30": "", "2017-06-30": "", "2017-03-31": "", "2016-12-31": "", "2016-09-30": "", "2016-06-30": "", "2016-03-31": "", "2015-12-31": "", "2015-09-30": "", "2015-06-30": "", "2015-03-31": "", "2014-12-31": "", "2014-09-30": "", "2014-06-30": "", "2014-03-31": "", "2013-12-31": "", "2013-09-30": "", "2013-06-30": "", "2013-03-31": "", "2012-12-31": "", "2012-09-30": "", "2012-06-30": "", "2012-03-31": "", "2011-12-31": "", "2011-09-30": "", "2011-06-30": "", "2011-03-31": "", "2010-12-31": "", "2010-09-30": "", "2010-06-30": "", "2010-03-31": "", "2009-12-31": "", "2009-09-30": "", "2009-06-30": "", "2009-03-31": "", "2008-12-31": "", "2008-09-30": "", "2008-06-30": "", "2008-03-31": "", "2007-12-31": "", "2007-09-30": "", "2007-06-30": "", "2007-03-31": "", "2006-12-31": "", "2006-09-30": "", "2006-06-30": "", "2006-03-31": "", "2005-12-31": "", "2005-09-30": "", "2005-06-30": "", "2005-03-31": ""}, "Operating Expenses": {"2020-09-30": "660.11600", "2020-06-30": "628.82700", "2020-03-31": "633.09300", "2019-12-31": "596.84290", "2019-09-30": "611.03300", "2019-06-30": "632.79700", "2019-03-31": "647.36600", "2018-12-31": "628.76620", "2018-09-30": "604.66200", "2018-06-30": "629.67000", "2018-03-31": "615.39400", "2017-12-31": "546.73280", "2017-09-30": "543.40400", "2017-06-30": "532.36200", "2017-03-31": "523.29700", "2016-12-31": "470.35310", "2016-09-30": "507.40300", "2016-06-30": "526.38400", "2016-03-31": "513.10500", "2015-12-31": "479.78990", "2015-09-30": "498.23300", "2015-06-30": "498.75500", "2015-03-31": "516.22600", "2014-12-31": "534.73120", "2014-09-30": "573.32700", "2014-06-30": "586.00300", "2014-03-31": "597.33200", "2013-12-31": "571.49120", "2013-09-30": "550.33000", "2013-06-30": "560.58700", "2013-03-31": "553.03100", "2012-12-31": "516.84300", "2012-09-30": "522.71000", "2012-06-30": "510.44700", "2012-03-31": "522.12300", "2011-12-31": "481.65890", "2011-09-30": "526.98900", "2011-06-30": "534.68500", "2011-03-31": "506.75400", "2010-12-31": "469.56290", "2010-09-30": "446.42800", "2010-06-30": "448.87100", "2010-03-31": "443.84300", "2009-12-31": "438.72610", "2009-09-30": "420.73000", "2009-06-30": "392.51900", "2009-03-31": "391.26000", "2008-12-31": "403.52210", "2008-09-30": "471.70200", "2008-06-30": "484.73100", "2008-03-31": "477.55900", "2007-12-31": "432.47400", "2007-09-30": "428.27600", "2007-06-30": "415.34400", "2007-03-31": "403.22200", "2006-12-31": "381.59510", "2006-09-30": "360.26300", "2006-06-30": "354.85500", "2006-03-31": "343.06900", "2005-12-31": "303.24300", "2005-09-30": "302.34000", "2005-06-30": "314.98300", "2005-03-31": "309.65000"}, "Operating Income": {"2020-09-30": "99.03710", "2020-06-30": "70.47800", "2020-03-31": "88.46000", "2019-12-31": "74.48990", "2019-09-30": "90.24510", "2019-06-30": "109.86400", "2019-03-31": "97.09410", "2018-12-31": "56.26180", "2018-09-30": "61.11300", "2018-06-30": "80.93800", "2018-03-31": "87.95600", "2017-12-31": "79.16230", "2017-09-30": "80.92200", "2017-06-30": "85.38400", "2017-03-31": "78.01900", "2016-12-31": "68.51500", "2016-09-30": "82.32600", "2016-06-30": "93.61510", "2016-03-31": "69.23300", "2015-12-31": "66.98300", "2015-09-30": "88.05700", "2015-06-30": "95.52000", "2015-03-31": "73.58500", "2014-12-31": "64.45390", "2014-09-30": "78.61510", "2014-06-30": "84.62800", "2014-03-31": "78.71900", "2013-12-31": "65.80380", "2013-09-30": "73.31400", "2013-06-30": "80.85390", "2013-03-31": "64.60200", "2012-12-31": "54.59380", "2012-09-30": "66.88800", "2012-06-30": "67.05600", "2012-03-31": "70.37490", "2011-12-31": "62.88120", "2011-09-30": "74.20700", "2011-06-30": "80.24400", "2011-03-31": "69.76400", "2010-12-31": "61.22720", "2010-09-30": "71.10900", "2010-06-30": "74.05200", "2010-03-31": "61.62600", "2009-12-31": "56.89790", "2009-09-30": "52.93800", "2009-06-30": "47.98900", "2009-03-31": "40.55600", "2008-12-31": "52.40610", "2008-09-30": "60.47800", "2008-06-30": "66.58800", "2008-03-31": "54.69900", "2007-12-31": "51.28400", "2007-09-30": "57.41600", "2007-06-30": "57.53200", "2007-03-31": "46.61900", "2006-12-31": "40.79190", "2006-09-30": "44.64200", "2006-06-30": "43.77000", "2006-03-31": "32.39900", "2005-12-31": "35.57100", "2005-09-30": "38.74400", "2005-06-30": "41.12900", "2005-03-31": "34.34900"}, "Total Non-Operating Income/Expense": {"2020-09-30": "-9.89800", "2020-06-30": "-9.81000", "2020-03-31": "-10.42400", "2019-12-31": "-6.79400", "2019-09-30": "-7.97200", "2019-06-30": "-7.76300", "2019-03-31": "-7.09500", "2018-12-31": "2.70100", "2018-09-30": "-10.17100", "2018-06-30": "-6.04000", "2018-03-31": "-6.73900", "2017-12-31": "-2.90300", "2017-09-30": "-11.40400", "2017-06-30": "-5.81600", "2017-03-31": "-8.53900", "2016-12-31": "-7.22200", "2016-09-30": "-7.32500", "2016-06-30": "-9.25700", "2016-03-31": "-9.38800", "2015-12-31": "-5.23900", "2015-09-30": "-8.68000", "2015-06-30": "-9.76500", "2015-03-31": "-5.89000", "2014-12-31": "-5.65500", "2014-09-30": "-4.49900", "2014-06-30": "-4.92200", "2014-03-31": "-5.03900", "2013-12-31": "-5.41900", "2013-09-30": "-4.98800", "2013-06-30": "-4.58400", "2013-03-31": "-5.20000", "2012-12-31": "-5.06500", "2012-09-30": "-3.86200", "2012-06-30": "-4.51500", "2012-03-31": "-4.09800", "2011-12-31": "-2.34800", "2011-09-30": "-2.96900", "2011-06-30": "-3.34800", "2011-03-31": "-3.48900", "2010-12-31": "-2.69600", "2010-09-30": "-2.96300", "2010-06-30": "-4.26200", "2010-03-31": "-3.70800", "2009-12-31": "-3.11900", "2009-09-30": "-3.35700", "2009-06-30": "-5.55600", "2009-03-31": "-2.29100", "2008-12-31": "-2.67200", "2008-09-30": "-2.22700", "2008-06-30": "-0.54100", "2008-03-31": "-2.00500", "2007-12-31": "-0.94400", "2007-09-30": "-2.82500", "2007-06-30": "-3.56400", "2007-03-31": "-3.43700", "2006-12-31": "-3.03600", "2006-09-30": "-3.47100", "2006-06-30": "-3.43800", "2006-03-31": "-3.35200", "2005-12-31": "-1.84000", "2005-09-30": "-1.86600", "2005-06-30": "-2.23800", "2005-03-31": "-1.89600"}, "Pre-Tax Income": {"2020-09-30": "89.13900", "2020-06-30": "60.66800", "2020-03-31": "78.03600", "2019-12-31": "67.69600", "2019-09-30": "82.27300", "2019-06-30": "102.10100", "2019-03-31": "89.99900", "2018-12-31": "58.96300", "2018-09-30": "50.94200", "2018-06-30": "74.89800", "2018-03-31": "81.21700", "2017-12-31": "76.25900", "2017-09-30": "69.51800", "2017-06-30": "79.56800", "2017-03-31": "69.48000", "2016-12-31": "61.29300", "2016-09-30": "75.00100", "2016-06-30": "84.35800", "2016-03-31": "59.84500", "2015-12-31": "61.74400", "2015-09-30": "79.37700", "2015-06-30": "85.75500", "2015-03-31": "67.69500", "2014-12-31": "58.79900", "2014-09-30": "74.11600", "2014-06-30": "79.70600", "2014-03-31": "73.68000", "2013-12-31": "60.38500", "2013-09-30": "68.32600", "2013-06-30": "76.27000", "2013-03-31": "59.40200", "2012-12-31": "49.52900", "2012-09-30": "63.02600", "2012-06-30": "62.54100", "2012-03-31": "66.27700", "2011-12-31": "60.53300", "2011-09-30": "71.23800", "2011-06-30": "76.89600", "2011-03-31": "66.27500", "2010-12-31": "58.53100", "2010-09-30": "68.14600", "2010-06-30": "69.79000", "2010-03-31": "57.91800", "2009-12-31": "53.77900", "2009-09-30": "49.58100", "2009-06-30": "42.43300", "2009-03-31": "38.26500", "2008-12-31": "49.73400", "2008-09-30": "58.25100", "2008-06-30": "66.04700", "2008-03-31": "52.69400", "2007-12-31": "50.34000", "2007-09-30": "54.59100", "2007-06-30": "53.96800", "2007-03-31": "43.18200", "2006-12-31": "37.75600", "2006-09-30": "41.17100", "2006-06-30": "40.33200", "2006-03-31": "29.04700", "2005-12-31": "33.73100", "2005-09-30": "36.87800", "2005-06-30": "38.89100", "2005-03-31": "32.45300"}, "Income Taxes": {"2020-09-30": "25.40400", "2020-06-30": "18.80800", "2020-03-31": "22.78600", "2019-12-31": "19.15800", "2019-09-30": "25.50400", "2019-06-30": "28.18000", "2019-03-31": "27.00000", "2018-12-31": "18.28800", "2018-09-30": "11.92000", "2018-06-30": "19.11700", "2018-03-31": "21.92900", "2017-12-31": "26.75300", "2017-09-30": "15.98900", "2017-06-30": "14.37900", "2017-03-31": "17.67500", "2016-12-31": "11.70600", "2016-09-30": "21.90100", "2016-06-30": "25.30700", "2016-03-31": "15.97900", "2015-12-31": "18.35100", "2015-09-30": "26.11500", "2015-06-30": "28.21400", "2015-03-31": "22.59600", "2014-12-31": "17.28700", "2014-09-30": "25.49600", "2014-06-30": "26.62200", "2014-03-31": "25.27200", "2013-12-31": "23.54900", "2013-09-30": "23.09400", "2013-06-30": "26.39000", "2013-03-31": "19.42400", "2012-12-31": "14.67500", "2012-09-30": "20.92500", "2012-06-30": "20.88900", "2012-03-31": "22.46400", "2011-12-31": "21.90100", "2011-09-30": "21.99500", "2011-06-30": "25.60900", "2011-03-31": "21.80700", "2010-12-31": "17.81700", "2010-09-30": "21.12500", "2010-06-30": "23.03100", "2010-03-31": "18.82300", "2009-12-31": "17.71500", "2009-09-30": "16.11400", "2009-06-30": "13.96100", "2009-03-31": "11.67100", "2008-12-31": "18.08200", "2008-09-30": "18.55700", "2008-06-30": "20.77100", "2008-03-31": "15.81500", "2007-12-31": "16.80900", "2007-09-30": "15.19600", "2007-06-30": "17.00000", "2007-03-31": "13.60200", "2006-12-31": "10.58100", "2006-09-30": "12.92800", "2006-06-30": "12.66400", "2006-03-31": "9.23700", "2005-12-31": "10.01900", "2005-09-30": "11.94800", "2005-06-30": "9.56700", "2005-03-31": "10.38500"}, "Income After Taxes": {"2020-09-30": "63.73500", "2020-06-30": "41.86000", "2020-03-31": "55.25000", "2019-12-31": "48.53800", "2019-09-30": "56.76900", "2019-06-30": "73.92100", "2019-03-31": "62.99900", "2018-12-31": "40.67500", "2018-09-30": "39.02200", "2018-06-30": "55.78100", "2018-03-31": "59.28800", "2017-12-31": "49.50600", "2017-09-30": "53.52900", "2017-06-30": "65.18900", "2017-03-31": "51.80500", "2016-12-31": "49.58700", "2016-09-30": "53.10000", "2016-06-30": "59.05100", "2016-03-31": "43.86600", "2015-12-31": "43.39300", "2015-09-30": "53.26200", "2015-06-30": "57.54100", "2015-03-31": "45.09900", "2014-12-31": "41.51200", "2014-09-30": "48.62000", "2014-06-30": "53.08400", "2014-03-31": "48.40800", "2013-12-31": "36.83600", "2013-09-30": "45.23200", "2013-06-30": "49.88000", "2013-03-31": "39.97800", "2012-12-31": "34.85400", "2012-09-30": "42.10100", "2012-06-30": "41.65200", "2012-03-31": "43.81300", "2011-12-31": "38.63200", "2011-09-30": "49.24300", "2011-06-30": "51.28700", "2011-03-31": "44.46800", "2010-12-31": "40.71400", "2010-09-30": "47.02100", "2010-06-30": "46.75900", "2010-03-31": "39.09500", "2009-12-31": "36.06400", "2009-09-30": "33.46700", "2009-06-30": "28.47200", "2009-03-31": "26.59400", "2008-12-31": "31.65200", "2008-09-30": "39.69400", "2008-06-30": "45.27600", "2008-03-31": "36.87900", "2007-12-31": "33.53100", "2007-09-30": "39.39500", "2007-06-30": "36.96800", "2007-03-31": "29.58000", "2006-12-31": "27.17500", "2006-09-30": "28.24300", "2006-06-30": "27.66800", "2006-03-31": "19.81000", "2005-12-31": "23.71200", "2005-09-30": "24.93000", "2005-06-30": "29.32400", "2005-03-31": "22.06800"}, "Other Income": {"2020-09-30": "", "2020-06-30": "", "2020-03-31": "", "2019-12-31": "", "2019-09-30": "", "2019-06-30": "", "2019-03-31": "", "2018-12-31": "", "2018-09-30": "", "2018-06-30": "", "2018-03-31": "", "2017-12-31": "", "2017-09-30": "", "2017-06-30": "", "2017-03-31": "", "2016-12-31": "", "2016-09-30": "", "2016-06-30": "", "2016-03-31": "", "2015-12-31": "", "2015-09-30": "", "2015-06-30": "", "2015-03-31": "", "2014-12-31": "", "2014-09-30": "", "2014-06-30": "", "2014-03-31": "", "2013-12-31": "", "2013-09-30": "", "2013-06-30": "", "2013-03-31": "", "2012-12-31": "", "2012-09-30": "", "2012-06-30": "", "2012-03-31": "", "2011-12-31": "", "2011-09-30": "", "2011-06-30": "", "2011-03-31": "", "2010-12-31": "", "2010-09-30": "", "2010-06-30": "", "2010-03-31": "", "2009-12-31": "", "2009-09-30": "", "2009-06-30": "", "2009-03-31": "", "2008-12-31": "", "2008-09-30": "", "2008-06-30": "", "2008-03-31": "", "2007-12-31": "", "2007-09-30": "", "2007-06-30": "", "2007-03-31": "", "2006-12-31": "", "2006-09-30": "", "2006-06-30": "", "2006-03-31": "", "2005-12-31": "", "2005-09-30": "", "2005-06-30": "", "2005-03-31": ""}, "Income From Continuous Operations": {"2020-09-30": "63.73500", "2020-06-30": "41.86000", "2020-03-31": "55.25000", "2019-12-31": "48.53800", "2019-09-30": "56.76900", "2019-06-30": "73.92100", "2019-03-31": "62.99900", "2018-12-31": "40.67500", "2018-09-30": "39.02200", "2018-06-30": "55.78100", "2018-03-31": "59.28800", "2017-12-31": "49.50600", "2017-09-30": "53.52900", "2017-06-30": "65.18900", "2017-03-31": "51.80500", "2016-12-31": "49.58700", "2016-09-30": "53.10000", "2016-06-30": "59.05100", "2016-03-31": "43.86600", "2015-12-31": "43.39300", "2015-09-30": "53.26200", "2015-06-30": "57.54100", "2015-03-31": "45.09900", "2014-12-31": "41.51200", "2014-09-30": "48.62000", "2014-06-30": "53.08400", "2014-03-31": "48.40800", "2013-12-31": "36.83600", "2013-09-30": "45.23200", "2013-06-30": "49.88000", "2013-03-31": "39.97800", "2012-12-31": "34.85400", "2012-09-30": "42.10100", "2012-06-30": "41.65200", "2012-03-31": "43.81300", "2011-12-31": "38.63200", "2011-09-30": "49.24300", "2011-06-30": "51.28700", "2011-03-31": "44.46800", "2010-12-31": "40.71400", "2010-09-30": "47.02100", "2010-06-30": "46.75900", "2010-03-31": "39.09500", "2009-12-31": "36.06400", "2009-09-30": "33.46700", "2009-06-30": "28.47200", "2009-03-31": "26.59400", "2008-12-31": "31.65200", "2008-09-30": "39.69400", "2008-06-30": "45.27600", "2008-03-31": "36.87900", "2007-12-31": "33.53100", "2007-09-30": "39.39500", "2007-06-30": "36.96800", "2007-03-31": "29.58000", "2006-12-31": "27.17500", "2006-09-30": "28.24300", "2006-06-30": "27.66800", "2006-03-31": "19.81000", "2005-12-31": "23.71200", "2005-09-30": "24.93000", "2005-06-30": "29.32400", "2005-03-31": "22.06800"}, "Income From Discontinued Operations": {"2020-09-30": "", "2020-06-30": "", "2020-03-31": "", "2019-12-31": "", "2019-09-30": "", "2019-06-30": "", "2019-03-31": "", "2018-12-31": "", "2018-09-30": "", "2018-06-30": "", "2018-03-31": "", "2017-12-31": "", "2017-09-30": "", "2017-06-30": "", "2017-03-31": "", "2016-12-31": "", "2016-09-30": "", "2016-06-30": "", "2016-03-31": "", "2015-12-31": "", "2015-09-30": "", "2015-06-30": "", "2015-03-31": "", "2014-12-31": "", "2014-09-30": "", "2014-06-30": "", "2014-03-31": "", "2013-12-31": "", "2013-09-30": "", "2013-06-30": "", "2013-03-31": "", "2012-12-31": "", "2012-09-30": "", "2012-06-30": "", "2012-03-31": "", "2011-12-31": "", "2011-09-30": "", "2011-06-30": "", "2011-03-31": "", "2010-12-31": "", "2010-09-30": "", "2010-06-30": "", "2010-03-31": "", "2009-12-31": "", "2009-09-30": "", "2009-06-30": "", "2009-03-31": "", "2008-12-31": "", "2008-09-30": "", "2008-06-30": "", "2008-03-31": "", "2007-12-31": "", "2007-09-30": "", "2007-06-30": "", "2007-03-31": "", "2006-12-31": "", "2006-09-30": "", "2006-06-30": "", "2006-03-31": "", "2005-12-31": "", "2005-09-30": "", "2005-06-30": "", "2005-03-31": ""}, "Net Income": {"2020-09-30": "63.71600", "2020-06-30": "41.83900", "2020-03-31": "55.25300", "2019-12-31": "48.53300", "2019-09-30": "56.75000", "2019-06-30": "73.91500", "2019-03-31": "63.00400", "2018-12-31": "40.67400", "2018-09-30": "38.99600", "2018-06-30": "55.77500", "2018-03-31": "59.30000", "2017-12-31": "49.51300", "2017-09-30": "53.52300", "2017-06-30": "65.17400", "2017-03-31": "51.82000", "2016-12-31": "49.58100", "2016-09-30": "53.09800", "2016-06-30": "59.04800", "2016-03-31": "43.86300", "2015-12-31": "43.39100", "2015-09-30": "53.24700", "2015-06-30": "57.53900", "2015-03-31": "45.17100", "2014-12-31": "41.59800", "2014-09-30": "48.59500", "2014-06-30": "53.07600", "2014-03-31": "48.38900", "2013-12-31": "36.89900", "2013-09-30": "45.26400", "2013-06-30": "49.80200", "2013-03-31": "40.02900", "2012-12-31": "34.99000", "2012-09-30": "42.12700", "2012-06-30": "41.68600", "2012-03-31": "43.80900", "2011-12-31": "38.62000", "2011-09-30": "49.29700", "2011-06-30": "51.28900", "2011-03-31": "44.47700", "2010-12-31": "40.78100", "2010-09-30": "46.98300", "2010-06-30": "46.69500", "2010-03-31": "39.02200", "2009-12-31": "36.00000", "2009-09-30": "33.49800", "2009-06-30": "28.46000", "2009-03-31": "26.66500", "2008-12-31": "31.67000", "2008-09-30": "39.65100", "2008-06-30": "45.27300", "2008-03-31": "36.90100", "2007-12-31": "35.79600", "2007-09-30": "39.39500", "2007-06-30": "36.96800", "2007-03-31": "29.58000", "2006-12-31": "27.17500", "2006-09-30": "28.24300", "2006-06-30": "27.66800", "2006-03-31": "19.81000", "2005-12-31": "23.71200", "2005-09-30": "24.93000", "2005-06-30": "29.32400", "2005-03-31": "22.06800"}, "EBITDA": {"2020-09-30": "154.21600", "2020-06-30": "126.90700", "2020-03-31": "139.26600", "2019-12-31": "124.46790", "2019-09-30": "139.46310", "2019-06-30": "157.73100", "2019-03-31": "144.58310", "2018-12-31": "104.87580", "2018-09-30": "102.97000", "2018-06-30": "121.03900", "2018-03-31": "129.13100", "2017-12-31": "117.59630", "2017-09-30": "121.00900", "2017-06-30": "122.62600", "2017-03-31": "115.35000", "2016-12-31": "107.37300", "2016-09-30": "121.99300", "2016-06-30": "134.00510", "2016-03-31": "105.12000", "2015-12-31": "102.21200", "2015-09-30": "123.49600", "2015-06-30": "129.68500", "2015-03-31": "107.64500", "2014-12-31": "102.80090", "2014-09-30": "116.77310", "2014-06-30": "123.09400", "2014-03-31": "115.96600", "2013-12-31": "103.75280", "2013-09-30": "110.53600", "2013-06-30": "119.46790", "2013-03-31": "100.77300", "2012-12-31": "91.21680", "2012-09-30": "102.13600", "2012-06-30": "99.65300", "2012-03-31": "102.92890", "2011-12-31": "95.10020", "2011-09-30": "107.71200", "2011-06-30": "115.15800", "2011-03-31": "103.36900", "2010-12-31": "95.30920", "2010-09-30": "103.51190", "2010-06-30": "106.53500", "2010-03-31": "95.61700", "2009-12-31": "95.32090", "2009-09-30": "85.99200", "2009-06-30": "79.42300", "2009-03-31": "70.65800", "2008-12-31": "83.68710", "2008-09-30": "93.01500", "2008-06-30": "100.96000", "2008-03-31": "87.65400", "2007-12-31": "82.50400", "2007-09-30": "89.48100", "2007-06-30": "88.47600", "2007-03-31": "75.85600", "2006-12-31": "71.89490", "2006-09-30": "72.98200", "2006-06-30": "72.02000", "2006-03-31": "59.31200", "2005-12-31": "60.01400", "2005-09-30": "62.72900", "2005-06-30": "66.41100", "2005-03-31": "59.88100"}, "EBIT": {"2020-09-30": "99.03710", "2020-06-30": "70.47800", "2020-03-31": "88.46000", "2019-12-31": "74.49000", "2019-09-30": "90.24510", "2019-06-30": "109.86400", "2019-03-31": "97.09410", "2018-12-31": "56.26180", "2018-09-30": "61.11300", "2018-06-30": "80.93800", "2018-03-31": "87.95600", "2017-12-31": "79.16210", "2017-09-30": "80.92200", "2017-06-30": "85.38400", "2017-03-31": "78.01900", "2016-12-31": "68.51500", "2016-09-30": "82.32600", "2016-06-30": "93.61510", "2016-03-31": "69.23300", "2015-12-31": "66.98310", "2015-09-30": "88.05700", "2015-06-30": "95.52000", "2015-03-31": "73.58500", "2014-12-31": "64.45400", "2014-09-30": "78.61510", "2014-06-30": "84.62800", "2014-03-31": "78.71900", "2013-12-31": "65.80380", "2013-09-30": "73.31400", "2013-06-30": "80.85390", "2013-03-31": "64.60200", "2012-12-31": "54.59390", "2012-09-30": "66.88800", "2012-06-30": "67.05600", "2012-03-31": "70.37490", "2011-12-31": "62.88120", "2011-09-30": "74.20700", "2011-06-30": "80.24400", "2011-03-31": "69.76400", "2010-12-31": "61.22710", "2010-09-30": "71.10900", "2010-06-30": "74.05200", "2010-03-31": "61.62600", "2009-12-31": "56.89790", "2009-09-30": "52.93800", "2009-06-30": "47.98900", "2009-03-31": "40.55600", "2008-12-31": "52.40600", "2008-09-30": "60.47800", "2008-06-30": "66.58800", "2008-03-31": "54.69900", "2007-12-31": "51.28400", "2007-09-30": "57.41600", "2007-06-30": "57.53200", "2007-03-31": "46.61900", "2006-12-31": "40.79210", "2006-09-30": "44.64200", "2006-06-30": "43.77000", "2006-03-31": "32.39900", "2005-12-31": "35.57100", "2005-09-30": "38.74400", "2005-06-30": "41.12900", "2005-03-31": "34.34900"}, "Basic Shares Outstanding": {"2020-09-30": "64.56200", "2020-06-30": "64.26200", "2020-03-31": "64.00900", "2019-12-31": "63.57400", "2019-09-30": "64.01000", "2019-06-30": "63.47100", "2019-03-31": "62.96400", "2018-12-31": "62.43700", "2018-09-30": "62.37800", "2018-06-30": "62.40200", "2018-03-31": "62.12800", "2017-12-31": "62.43500", "2017-09-30": "62.59200", "2017-06-30": "62.63100", "2017-03-31": "62.35500", "2016-12-31": "62.80400", "2016-09-30": "62.85800", "2016-06-30": "63.05300", "2016-03-31": "62.72200", "2015-12-31": "62.58500", "2015-09-30": "62.88600", "2015-06-30": "62.69700", "2015-03-31": "62.29200", "2014-12-31": "65.00900", "2014-09-30": "64.88600", "2014-06-30": "65.32800", "2014-03-31": "65.46800", "2013-12-31": "66.09000", "2013-09-30": "66.09200", "2013-06-30": "66.42000", "2013-03-31": "66.15500", "2012-12-31": "66.39200", "2012-09-30": "66.54100", "2012-06-30": "66.58000", "2012-03-31": "66.19600", "2011-12-31": "66.55300", "2011-09-30": "66.38100", "2011-06-30": "66.93900", "2011-03-31": "66.92600", "2010-12-31": "67.34400", "2010-09-30": "67.21300", "2010-06-30": "67.63000", "2010-03-31": "67.57600", "2009-12-31": "67.64300", "2009-09-30": "67.69100", "2009-06-30": "67.70500", "2009-03-31": "67.67700", "2008-12-31": "68.76900", "2008-09-30": "67.67000", "2008-06-30": "68.03800", "2008-03-31": "68.16800", "2007-12-31": "68.76900", "2007-09-30": "68.48800", "2007-06-30": "69.03700", "2007-03-31": "69.18800", "2006-12-31": "69.65400", "2006-09-30": "69.29200", "2006-06-30": "70.07800", "2006-03-31": "70.15000", "2005-12-31": "70.37600", "2005-09-30": "69.97600", "2005-06-30": "70.45200", "2005-03-31": "71.27800"}, "Shares Outstanding": {"2020-09-30": "66.92200", "2020-06-30": "66.38400", "2020-03-31": "66.11100", "2019-12-31": "66.15000", "2019-09-30": "66.70200", "2019-06-30": "66.23200", "2019-03-31": "65.34900", "2018-12-31": "64.95800", "2018-09-30": "65.12900", "2018-06-30": "64.85000", "2018-03-31": "64.41400", "2017-12-31": "64.59600", "2017-09-30": "64.82100", "2017-06-30": "64.82800", "2017-03-31": "64.23400", "2016-12-31": "64.84900", "2016-09-30": "64.69000", "2016-06-30": "64.78500", "2016-03-31": "65.06300", "2015-12-31": "64.49200", "2015-09-30": "64.45400", "2015-06-30": "64.27600", "2015-03-31": "64.49400", "2014-12-31": "67.29200", "2014-09-30": "66.84500", "2014-06-30": "67.43800", "2014-03-31": "68.23200", "2013-12-31": "68.20800", "2013-09-30": "67.98600", "2013-06-30": "68.10600", "2013-03-31": "68.29600", "2012-12-31": "68.39500", "2012-09-30": "68.35300", "2012-06-30": "68.75800", "2012-03-31": "68.78500", "2011-12-31": "69.27400", "2011-09-30": "68.67700", "2011-06-30": "69.43800", "2011-03-31": "69.91400", "2010-12-31": "69.81500", "2010-09-30": "69.37400", "2010-06-30": "69.68200", "2010-03-31": "70.00700", "2009-12-31": "69.78500", "2009-09-30": "69.48900", "2009-06-30": "69.29300", "2009-03-31": "69.51900", "2008-12-31": "71.52300", "2008-09-30": "69.93700", "2008-06-30": "70.56300", "2008-03-31": "71.07200", "2007-12-31": "71.52300", "2007-09-30": "70.90900", "2007-06-30": "71.44300", "2007-03-31": "71.82400", "2006-12-31": "71.74400", "2006-09-30": "70.87800", "2006-06-30": "71.72200", "2006-03-31": "72.49200", "2005-12-31": "72.35400", "2005-09-30": "72.02000", "2005-06-30": "72.64200", "2005-03-31": "73.54600"}, "Basic EPS": {"2020-09-30": "0.99000", "2020-06-30": "0.65000", "2020-03-31": "0.86000", "2019-12-31": "0.76000", "2019-09-30": "0.89000", "2019-06-30": "1.16000", "2019-03-31": "1.00000", "2018-12-31": "0.65000", "2018-09-30": "0.63000", "2018-06-30": "0.89000", "2018-03-31": "0.95000", "2017-12-31": "0.79000", "2017-09-30": "0.86000", "2017-06-30": "1.04000", "2017-03-31": "0.83000", "2016-12-31": "0.79000", "2016-09-30": "0.84000", "2016-06-30": "0.94000", "2016-03-31": "0.70000", "2015-12-31": "0.69000", "2015-09-30": "0.85000", "2015-06-30": "0.92000", "2015-03-31": "0.73000", "2014-12-31": "0.65000", "2014-09-30": "0.75000", "2014-06-30": "0.81000", "2014-03-31": "0.74000", "2013-12-31": "0.56000", "2013-09-30": "0.68000", "2013-06-30": "0.75000", "2013-03-31": "0.61000", "2012-12-31": "0.53000", "2012-09-30": "0.63000", "2012-06-30": "0.63000", "2012-03-31": "0.66000", "2011-12-31": "0.59000", "2011-09-30": "0.74000", "2011-06-30": "0.77000", "2011-03-31": "0.66000", "2010-12-31": "0.61000", "2010-09-30": "0.70000", "2010-06-30": "0.69000", "2010-03-31": "0.58000", "2009-12-31": "0.54000", "2009-09-30": "0.49000", "2009-06-30": "0.42000", "2009-03-31": "0.39000", "2008-12-31": "0.46000", "2008-09-30": "0.59000", "2008-06-30": "0.67000", "2008-03-31": "0.54000", "2007-12-31": "0.51000", "2007-09-30": "0.58000", "2007-06-30": "0.54000", "2007-03-31": "0.43000", "2006-12-31": "0.40000", "2006-09-30": "0.41000", "2006-06-30": "0.39000", "2006-03-31": "0.28000", "2005-12-31": "0.34000", "2005-09-30": "0.35500", "2005-06-30": "0.41500", "2005-03-31": "0.31000"}, "EPS - Earnings Per Share": {"2020-09-30": "0.95000", "2020-06-30": "0.63000", "2020-03-31": "0.84000", "2019-12-31": "0.73000", "2019-09-30": "0.85000", "2019-06-30": "1.12000", "2019-03-31": "0.96000", "2018-12-31": "0.62000", "2018-09-30": "0.60000", "2018-06-30": "0.86000", "2018-03-31": "0.92000", "2017-12-31": "0.76000", "2017-09-30": "0.83000", "2017-06-30": "1.01000", "2017-03-31": "0.81000", "2016-12-31": "0.77000", "2016-09-30": "0.82000", "2016-06-30": "0.91000", "2016-03-31": "0.67000", "2015-12-31": "0.66000", "2015-09-30": "0.83000", "2015-06-30": "0.90000", "2015-03-31": "0.70000", "2014-12-31": "0.62000", "2014-09-30": "0.73000", "2014-06-30": "0.79000", "2014-03-31": "0.71000", "2013-12-31": "0.53000", "2013-09-30": "0.67000", "2013-06-30": "0.73000", "2013-03-31": "0.59000", "2012-12-31": "0.51000", "2012-09-30": "0.62000", "2012-06-30": "0.61000", "2012-03-31": "0.64000", "2011-12-31": "0.55000", "2011-09-30": "0.72000", "2011-06-30": "0.74000", "2011-03-31": "0.64000", "2010-12-31": "0.57000", "2010-09-30": "0.68000", "2010-06-30": "0.67000", "2010-03-31": "0.56000", "2009-12-31": "0.52000", "2009-09-30": "0.48000", "2009-06-30": "0.41000", "2009-03-31": "0.38000", "2008-12-31": "0.45000", "2008-09-30": "0.57000", "2008-06-30": "0.64000", "2008-03-31": "0.52000", "2007-12-31": "0.49000", "2007-09-30": "0.56000", "2007-06-30": "0.52000", "2007-03-31": "0.41000", "2006-12-31": "0.36500", "2006-09-30": "0.40000", "2006-06-30": "0.39000", "2006-03-31": "0.27500", "2005-12-31": "0.34000", "2005-09-30": "0.34500", "2005-06-30": "0.40500", "2005-03-31": "0.30000"}}, "balance sheet": {"Cash On Hand": {"2019-12-31": "241.97000", "2018-12-31": "261.82300", "2017-12-31": "712.64000", "2016-12-31": "466.28700", "2015-12-31": "519.71700", "2014-12-31": "399.76200", "2013-12-31": "309.86100", "2012-12-31": "229.75500", "2011-12-31": "377.61600", "2010-12-31": "376.42700", "2009-12-31": "332.96400", "2008-12-31": "192.07200", "2007-12-31": "313.73900", "2006-12-31": "170.57600", "2005-12-31": "117.63500"}, "Receivables": {"2019-12-31": "558.42800", "2018-12-31": "569.63000", "2017-12-31": "510.42600", "2016-12-31": "433.12700", "2015-12-31": "391.57100", "2014-12-31": "406.97600", "2013-12-31": "438.22100", "2012-12-31": "396.78800", "2011-12-31": "389.02000", "2010-12-31": "357.11000", "2009-12-31": "319.78700", "2008-12-31": "343.93700", "2007-12-31": "360.73600", "2006-12-31": "320.96900", "2005-12-31": "260.17500"}, "Inventory": {"2019-12-31": "375.79500", "2018-12-31": "381.11000", "2017-12-31": "337.21600", "2016-12-31": "296.91400", "2015-12-31": "294.91200", "2014-12-31": "311.07200", "2013-12-31": "353.15900", "2012-12-31": "321.88500", "2011-12-31": "285.15500", "2010-12-31": "272.25500", "2009-12-31": "230.80700", "2008-12-31": "244.77500", "2007-12-31": "272.55600", "2006-12-31": "226.45500", "2005-12-31": "184.24100"}, "Pre-Paid Expenses": {"2019-12-31": "115.04800", "2018-12-31": "118.24500", "2017-12-31": "109.79100", "2016-12-31": "73.84200", "2015-12-31": "88.79400", "2014-12-31": "96.12800", "2013-12-31": "97.17000", "2012-12-31": "90.50500", "2011-12-31": "92.15900", "2010-12-31": "58.19100", "2009-12-31": "59.93300", "2008-12-31": "78.96500", "2007-12-31": "56.41400", "2006-12-31": "44.82000", "2005-12-31": "43.24000"}, "Other Current Assets": {"2019-12-31": "", "2018-12-31": "", "2017-12-31": "", "2016-12-31": "", "2015-12-31": "", "2014-12-31": "", "2013-12-31": "", "2012-12-31": "", "2011-12-31": "", "2010-12-31": "", "2009-12-31": "", "2008-12-31": "", "2007-12-31": "", "2006-12-31": "", "2005-12-31": ""}, "Total Current Assets": {"2019-12-31": "1291.24100", "2018-12-31": "1330.80800", "2017-12-31": "1670.07300", "2016-12-31": "1270.17000", "2015-12-31": "1294.99400", "2014-12-31": "1213.93800", "2013-12-31": "1198.41100", "2012-12-31": "1038.93300", "2011-12-31": "1143.95000", "2010-12-31": "1063.98300", "2009-12-31": "943.49100", "2008-12-31": "859.74900", "2007-12-31": "1003.44500", "2006-12-31": "762.82000", "2005-12-31": "605.29100"}, "Property, Plant, And Equipment": {"2019-12-31": "1087.67800", "2018-12-31": "991.61300", "2017-12-31": "867.90600", "2016-12-31": "784.32100", "2015-12-31": "765.38300", "2014-12-31": "811.65500", "2013-12-31": "864.66200", "2012-12-31": "848.23300", "2011-12-31": "754.71500", "2010-12-31": "724.98400", "2009-12-31": "764.06800", "2008-12-31": "720.88200", "2007-12-31": "656.50800", "2006-12-31": "591.07700", "2005-12-31": "536.82000"}, "Long-Term Investments": {"2019-12-31": "8.39600", "2018-12-31": "25.44800", "2017-12-31": "9.44400", "2016-12-31": "4.24100", "2015-12-31": "4.59000", "2014-12-31": "5.76000", "2013-12-31": "8.24300", "2012-12-31": "3.69300", "2011-12-31": "3.81200", "2010-12-31": "0.85300", "2009-12-31": "0.89800", "2008-12-31": "0.71200", "2007-12-31": "4.08500", "2006-12-31": "3.38800", "2005-12-31": "5.05000"}, "Goodwill And Intangible Assets": {"2019-12-31": "1054.54500", "2018-12-31": "966.99900", "2017-12-31": "539.34700", "2016-12-31": "502.01100", "2015-12-31": "341.76900", "2014-12-31": "369.78600", "2013-12-31": "408.81600", "2012-12-31": "403.51200", "2011-12-31": "238.06300", "2010-12-31": "232.27100", "2009-12-31": "239.66600", "2008-12-31": "241.10200", "2007-12-31": "240.48200", "2006-12-31": "227.70200", "2005-12-31": "201.69000"}, "Other Long-Term Assets": {"2019-12-31": "47.88200", "2018-12-31": "62.86700", "2017-12-31": "51.05300", "2016-12-31": "46.04200", "2015-12-31": "30.30900", "2014-12-31": "36.05100", "2013-12-31": "17.63000", "2012-12-31": "30.04100", "2011-12-31": "18.75500", "2010-12-31": "10.62700", "2009-12-31": "8.07000", "2008-12-31": "9.37700", "2007-12-31": "7.43000", "2006-12-31": "7.02500", "2005-12-31": "8.46800"}, "Total Long-Term Assets": {"2019-12-31": "2270.87800", "2018-12-31": "2046.92700", "2017-12-31": "1467.75000", "2016-12-31": "1336.61500", "2015-12-31": "1142.05100", "2014-12-31": "1223.25200", "2013-12-31": "1299.35100", "2012-12-31": "1285.47900", "2011-12-31": "1015.34500", "2010-12-31": "968.73500", "2009-12-31": "1012.70200", "2008-12-31": "972.07300", "2007-12-31": "908.50500", "2006-12-31": "829.19200", "2005-12-31": "752.02800"}, "Total Assets": {"2019-12-31": "3562.11900", "2018-12-31": "3377.73500", "2017-12-31": "3137.82300", "2016-12-31": "2606.78500", "2015-12-31": "2437.04500", "2014-12-31": "2437.19000", "2013-12-31": "2497.76200", "2012-12-31": "2324.41200", "2011-12-31": "2159.29500", "2010-12-31": "2032.71800", "2009-12-31": "1956.19300", "2008-12-31": "1831.82200", "2007-12-31": "1911.95000", "2006-12-31": "1592.01200", "2005-12-31": "1357.31900"}, "Total Current Liabilities": {"2019-12-31": "683.27500", "2018-12-31": "689.17000", "2017-12-31": "527.74800", "2016-12-31": "542.95500", "2015-12-31": "411.89500", "2014-12-31": "604.73800", "2013-12-31": "542.82100", "2012-12-31": "455.32300", "2011-12-31": "518.84900", "2010-12-31": "423.32200", "2009-12-31": "417.31500", "2008-12-31": "375.02700", "2007-12-31": "565.18900", "2006-12-31": "400.18500", "2005-12-31": "320.76200"}, "Long Term Debt": {"2019-12-31": "1085.45300", "2018-12-31": "1125.99300", "2017-12-31": "1191.14600", "2016-12-31": "772.73700", "2015-12-31": "760.84800", "2014-12-31": "588.89200", "2013-12-31": "354.81400", "2012-12-31": "352.86000", "2011-12-31": "254.91000", "2010-12-31": "258.77300", "2009-12-31": "209.61600", "2008-12-31": "226.88800", "2007-12-31": "146.71100", "2006-12-31": "168.87700", "2005-12-31": "144.54100"}, "Other Non-Current Liabilities": {"2019-12-31": "", "2018-12-31": "", "2017-12-31": "", "2016-12-31": "", "2015-12-31": "", "2014-12-31": "", "2013-12-31": "", "2012-12-31": "", "2011-12-31": "", "2010-12-31": "", "2009-12-31": "", "2008-12-31": "", "2007-12-31": "", "2006-12-31": "", "2005-12-31": ""}, "Total Long Term Liabilities": {"2019-12-31": "1306.59200", "2018-12-31": "1265.69400", "2017-12-31": "1298.02700", "2016-12-31": "889.58800", "2015-12-31": "875.44400", "2014-12-31": "728.53600", "2013-12-31": "474.63300", "2012-12-31": "488.59100", "2011-12-31": "349.87400", "2010-12-31": "329.62200", "2009-12-31": "285.24200", "2008-12-31": "324.99700", "2007-12-31": "227.74300", "2006-12-31": "245.42700", "2005-12-31": "227.16900"}, "Total Liabilities": {"2019-12-31": "1989.86700", "2018-12-31": "1954.86400", "2017-12-31": "1825.77500", "2016-12-31": "1432.54300", "2015-12-31": "1287.33900", "2014-12-31": "1333.27400", "2013-12-31": "1017.45400", "2012-12-31": "943.91400", "2011-12-31": "868.72300", "2010-12-31": "752.94400", "2009-12-31": "702.55700", "2008-12-31": "700.02400", "2007-12-31": "792.93200", "2006-12-31": "645.61200", "2005-12-31": "547.93100"}, "Common Stock Net": {"2019-12-31": "0.68600", "2018-12-31": "0.67300", "2017-12-31": "0.66700", "2016-12-31": "0.66000", "2015-12-31": "0.66700", "2014-12-31": "0.86200", "2013-12-31": "0.85300", "2012-12-31": "0.84000", "2011-12-31": "0.82700", "2010-12-31": "0.81700", "2009-12-31": "0.80600", "2008-12-31": "0.80100", "2007-12-31": "0.79400", "2006-12-31": "0.39200", "2005-12-31": "0.38600"}, "Retained Earnings (Accumulated Deficit)": {"2019-12-31": "1523.82000", "2018-12-31": "1371.82600", "2017-12-31": "1301.14700", "2016-12-31": "1197.23400", "2015-12-31": "1185.68100", "2014-12-31": "1740.00500", "2013-12-31": "1619.41900", "2012-12-31": "1513.55800", "2011-12-31": "1409.38800", "2010-12-31": "1279.01300", "2009-12-31": "1150.01700", "2008-12-31": "1065.99800", "2007-12-31": "950.56600", "2006-12-31": "844.92100", "2005-12-31": "771.30400"}, "Comprehensive Income": {"2019-12-31": "-341.94800", "2018-12-31": "-310.50400", "2017-12-31": "-253.30200", "2016-12-31": "-319.70900", "2015-12-31": "-262.34700", "2014-12-31": "-110.04500", "2013-12-31": "109.75100", "2012-12-31": "60.68300", "2011-12-31": "60.31800", "2010-12-31": "123.76600", "2009-12-31": "186.09900", "2008-12-31": "139.30000", "2007-12-31": "214.29400", "2006-12-31": "109.50500", "2005-12-31": "24.28900"}, "Other Share Holders Equity": {"2019-12-31": "", "2018-12-31": "", "2017-12-31": "", "2016-12-31": "", "2015-12-31": "", "2014-12-31": "", "2013-12-31": "", "2012-12-31": "", "2011-12-31": "", "2010-12-31": "", "2009-12-31": "", "2008-12-31": "", "2007-12-31": "", "2006-12-31": "", "2005-12-31": ""}, "Share Holder Equity": {"2019-12-31": "1572.25200", "2018-12-31": "1422.87100", "2017-12-31": "1312.04800", "2016-12-31": "1174.24200", "2015-12-31": "1149.70600", "2014-12-31": "1103.91600", "2013-12-31": "1480.30800", "2012-12-31": "1380.49800", "2011-12-31": "1290.57200", "2010-12-31": "1279.77400", "2009-12-31": "1253.63600", "2008-12-31": "1131.79800", "2007-12-31": "1119.01800", "2006-12-31": "946.40000", "2005-12-31": "809.38800"}, "Total Liabilities And Share Holders Equity": {"2019-12-31": "3562.11900", "2018-12-31": "3377.73500", "2017-12-31": "3137.82300", "2016-12-31": "2606.78500", "2015-12-31": "2437.04500", "2014-12-31": "2437.19000", "2013-12-31": "2497.76200", "2012-12-31": "2324.41200", "2011-12-31": "2159.29500", "2010-12-31": "2032.71800", "2009-12-31": "1956.19300", "2008-12-31": "1831.82200", "2007-12-31": "1911.95000", "2006-12-31": "1592.01200", "2005-12-31": "1357.31900"}}, "balance sheet, quarterly": {"Cash On Hand": {"2020-09-30": "226.54600", "2020-06-30": "247.65600", "2020-03-31": "410.84000", "2019-12-31": "241.97000", "2019-09-30": "270.57700", "2019-06-30": "302.95000", "2019-03-31": "217.37700", "2018-12-31": "261.82300", "2018-09-30": "291.38200", "2018-06-30": "718.09100", "2018-03-31": "741.06200", "2017-12-31": "712.64000", "2017-09-30": "1018.66600", "2017-06-30": "336.91500", "2017-03-31": "284.72700", "2016-12-31": "466.28700", "2016-09-30": "432.73700", "2016-06-30": "361.66400", "2016-03-31": "385.97200", "2015-12-31": "519.71700", "2015-09-30": "501.11200", "2015-06-30": "458.70700", "2015-03-31": "385.69300", "2014-12-31": "399.76200", "2014-09-30": "347.39400", "2014-06-30": "341.28800", "2014-03-31": "317.17700", "2013-12-31": "309.86100", "2013-09-30": "247.85100", "2013-06-30": "189.99000", "2013-03-31": "225.10400", "2012-12-31": "229.75500", "2012-09-30": "174.28700", "2012-06-30": "300.87300", "2012-03-31": "329.80500", "2011-12-31": "377.61600", "2011-09-30": "371.42900", "2011-06-30": "341.32400", "2011-03-31": "397.13700", "2010-12-31": "376.42700", "2010-09-30": "328.22500", "2010-06-30": "247.26800", "2010-03-31": "337.80700", "2009-12-31": "332.96400", "2009-09-30": "294.85100", "2009-06-30": "249.07600", "2009-03-31": "203.88200", "2008-12-31": "192.07200", "2008-09-30": "301.18000", "2008-06-30": "296.62900", "2008-03-31": "335.21600", "2007-12-31": "313.73900", "2007-09-30": "270.07300", "2007-06-30": "195.22300", "2007-03-31": "181.24700", "2006-12-31": "170.57600", "2006-09-30": "168.24400", "2006-06-30": "121.89700", "2006-03-31": "120.21000", "2005-12-31": "117.63500", "2005-09-30": "164.59600", "2005-06-30": "123.52600", "2005-03-31": "144.86100"}, "Receivables": {"2020-09-30": "593.41800", "2020-06-30": "575.65500", "2020-03-31": "602.02700", "2019-12-31": "558.42800", "2019-09-30": "552.28900", "2019-06-30": "599.59700", "2019-03-31": "599.56100", "2018-12-31": "569.63000", "2018-09-30": "580.45000", "2018-06-30": "583.49600", "2018-03-31": "586.59200", "2017-12-31": "510.42600", "2017-09-30": "510.14400", "2017-06-30": "499.69700", "2017-03-31": "474.95700", "2016-12-31": "433.12700", "2016-09-30": "463.47200", "2016-06-30": "488.59100", "2016-03-31": "483.85000", "2015-12-31": "391.57100", "2015-09-30": "422.89500", "2015-06-30": "435.44800", "2015-03-31": "421.56000", "2014-12-31": "406.97600", "2014-09-30": "468.18200", "2014-06-30": "509.32400", "2014-03-31": "505.50500", "2013-12-31": "438.22100", "2013-09-30": "439.01600", "2013-06-30": "455.93500", "2013-03-31": "441.28400", "2012-12-31": "396.78800", "2012-09-30": "422.51400", "2012-06-30": "421.73500", "2012-03-31": "440.82000", "2011-12-31": "389.02000", "2011-09-30": "400.45100", "2011-06-30": "455.08800", "2011-03-31": "430.10800", "2010-12-31": "357.11000", "2010-09-30": "368.08600", "2010-06-30": "354.18700", "2010-03-31": "352.39400", "2009-12-31": "319.78700", "2009-09-30": "325.39200", "2009-06-30": "315.61400", "2009-03-31": "308.22200", "2008-12-31": "343.93700", "2008-09-30": "383.23400", "2008-06-30": "435.05600", "2008-03-31": "419.54600", "2007-12-31": "360.73600", "2007-09-30": "380.18700", "2007-06-30": "380.14400", "2007-03-31": "362.33800", "2006-12-31": "320.96900", "2006-09-30": "310.36000", "2006-06-30": "318.29000", "2006-03-31": "289.31900", "2005-12-31": "260.17500", "2005-09-30": "258.91600", "2005-06-30": "277.97100", "2005-03-31": "274.61900"}, "Inventory": {"2020-09-30": "375.17700", "2020-06-30": "381.93900", "2020-03-31": "371.85900", "2019-12-31": "375.79500", "2019-09-30": "383.49100", "2019-06-30": "399.31900", "2019-03-31": "390.40300", "2018-12-31": "381.11000", "2018-09-30": "394.26400", "2018-06-30": "343.17000", "2018-03-31": "347.79100", "2017-12-31": "337.21600", "2017-09-30": "323.40400", "2017-06-30": "320.08200", "2017-03-31": "309.59200", "2016-12-31": "296.91400", "2016-09-30": "322.02800", "2016-06-30": "325.72400", "2016-03-31": "315.19900", "2015-12-31": "294.91200", "2015-09-30": "310.84400", "2015-06-30": "315.17800", "2015-03-31": "284.57900", "2014-12-31": "311.07200", "2014-09-30": "340.95200", "2014-06-30": "371.74700", "2014-03-31": "358.70900", "2013-12-31": "353.15900", "2013-09-30": "349.69000", "2013-06-30": "337.62500", "2013-03-31": "326.24800", "2012-12-31": "321.88500", "2012-09-30": "310.49600", "2012-06-30": "299.32100", "2012-03-31": "300.80800", "2011-12-31": "285.15500", "2011-09-30": "297.43000", "2011-06-30": "325.74500", "2011-03-31": "301.86500", "2010-12-31": "272.25500", "2010-09-30": "269.95300", "2010-06-30": "237.34300", "2010-03-31": "235.99000", "2009-12-31": "230.80700", "2009-09-30": "229.87100", "2009-06-30": "232.55400", "2009-03-31": "221.25400", "2008-12-31": "244.77500", "2008-09-30": "260.84500", "2008-06-30": "298.86100", "2008-03-31": "293.58700", "2007-12-31": "272.55600", "2007-09-30": "263.42600", "2007-06-30": "258.46400", "2007-03-31": "243.50200", "2006-12-31": "226.45500", "2006-09-30": "215.27000", "2006-06-30": "208.57600", "2006-03-31": "193.24500", "2005-12-31": "184.24100", "2005-09-30": "183.00200", "2005-06-30": "186.51600", "2005-03-31": "191.86300"}, "Pre-Paid Expenses": {"2020-09-30": "132.05500", "2020-06-30": "138.32100", "2020-03-31": "129.92600", "2019-12-31": "115.04800", "2019-09-30": "118.37100", "2019-06-30": "116.67500", "2019-03-31": "122.10400", "2018-12-31": "118.24500", "2018-09-30": "118.61300", "2018-06-30": "104.99800", "2018-03-31": "117.67800", "2017-12-31": "109.79100", "2017-09-30": "89.18100", "2017-06-30": "87.77500", "2017-03-31": "87.45800", "2016-12-31": "73.84200", "2016-09-30": "83.97400", "2016-06-30": "89.26400", "2016-03-31": "86.07400", "2015-12-31": "88.79400", "2015-09-30": "97.65100", "2015-06-30": "102.25800", "2015-03-31": "103.49400", "2014-12-31": "96.12800", "2014-09-30": "102.64400", "2014-06-30": "104.57600", "2014-03-31": "97.65100", "2013-12-31": "97.17000", "2013-09-30": "109.09100", "2013-06-30": "101.07000", "2013-03-31": "98.76200", "2012-12-31": "90.50500", "2012-09-30": "91.30900", "2012-06-30": "88.19800", "2012-03-31": "105.69000", "2011-12-31": "92.15900", "2011-09-30": "87.17000", "2011-06-30": "82.85300", "2011-03-31": "72.52100", "2010-12-31": "58.19100", "2010-09-30": "74.68000", "2010-06-30": "65.21100", "2010-03-31": "67.40500", "2009-12-31": "59.93300", "2009-09-30": "66.11900", "2009-06-30": "67.21400", "2009-03-31": "73.35600", "2008-12-31": "78.96500", "2008-09-30": "65.02600", "2008-06-30": "64.90700", "2008-03-31": "66.63600", "2007-12-31": "56.41400", "2007-09-30": "64.28000", "2007-06-30": "60.50000", "2007-03-31": "56.63000", "2006-12-31": "44.82000", "2006-09-30": "52.22800", "2006-06-30": "51.87100", "2006-03-31": "49.67100", "2005-12-31": "43.24000", "2005-09-30": "27.00500", "2005-06-30": "31.46900", "2005-03-31": "34.02900"}, "Other Current Assets": {"2020-09-30": "", "2020-06-30": "", "2020-03-31": "", "2019-12-31": "", "2019-09-30": "", "2019-06-30": "", "2019-03-31": "", "2018-12-31": "", "2018-09-30": "", "2018-06-30": "", "2018-03-31": "", "2017-12-31": "", "2017-09-30": "", "2017-06-30": "", "2017-03-31": "", "2016-12-31": "", "2016-09-30": "", "2016-06-30": "", "2016-03-31": "", "2015-12-31": "", "2015-09-30": "", "2015-06-30": "", "2015-03-31": "", "2014-12-31": "", "2014-09-30": "", "2014-06-30": "", "2014-03-31": "", "2013-12-31": "", "2013-09-30": "", "2013-06-30": "", "2013-03-31": "", "2012-12-31": "", "2012-09-30": "", "2012-06-30": "", "2012-03-31": "", "2011-12-31": "", "2011-09-30": "", "2011-06-30": "", "2011-03-31": "", "2010-12-31": "", "2010-09-30": "", "2010-06-30": "", "2010-03-31": "", "2009-12-31": "", "2009-09-30": "", "2009-06-30": "", "2009-03-31": "", "2008-12-31": "", "2008-09-30": "", "2008-06-30": "", "2008-03-31": "", "2007-12-31": "", "2007-09-30": "", "2007-06-30": "", "2007-03-31": "", "2006-12-31": "", "2006-09-30": "", "2006-06-30": "", "2006-03-31": "", "2005-12-31": "", "2005-09-30": "", "2005-06-30": "", "2005-03-31": ""}, "Total Current Assets": {"2020-09-30": "1327.19600", "2020-06-30": "1343.57100", "2020-03-31": "1514.65200", "2019-12-31": "1291.24100", "2019-09-30": "1324.72800", "2019-06-30": "1418.54100", "2019-03-31": "1329.44500", "2018-12-31": "1330.80800", "2018-09-30": "1384.70900", "2018-06-30": "1749.75500", "2018-03-31": "1793.12300", "2017-12-31": "1670.07300", "2017-09-30": "1941.39500", "2017-06-30": "1244.46900", "2017-03-31": "1156.73400", "2016-12-31": "1270.17000", "2016-09-30": "1302.21100", "2016-06-30": "1265.24300", "2016-03-31": "1271.09500", "2015-12-31": "1294.99400", "2015-09-30": "1332.50200", "2015-06-30": "1311.59100", "2015-03-31": "1195.32600", "2014-12-31": "1213.93800", "2014-09-30": "1259.17200", "2014-06-30": "1326.93500", "2014-03-31": "1279.04200", "2013-12-31": "1198.41100", "2013-09-30": "1145.64800", "2013-06-30": "1084.62000", "2013-03-31": "1091.39800", "2012-12-31": "1038.93300", "2012-09-30": "998.60600", "2012-06-30": "1110.12700", "2012-03-31": "1177.12300", "2011-12-31": "1143.95000", "2011-09-30": "1156.48000", "2011-06-30": "1205.01000", "2011-03-31": "1201.63100", "2010-12-31": "1063.98300", "2010-09-30": "1040.94400", "2010-06-30": "904.00900", "2010-03-31": "993.59600", "2009-12-31": "943.49100", "2009-09-30": "916.23300", "2009-06-30": "864.45800", "2009-03-31": "806.71400", "2008-12-31": "859.74900", "2008-09-30": "1010.28500", "2008-06-30": "1095.45300", "2008-03-31": "1114.98500", "2007-12-31": "1003.44500", "2007-09-30": "977.96600", "2007-06-30": "894.33100", "2007-03-31": "843.71700", "2006-12-31": "762.82000", "2006-09-30": "746.10200", "2006-06-30": "700.63400", "2006-03-31": "652.44500", "2005-12-31": "605.29100", "2005-09-30": "633.51900", "2005-06-30": "619.48200", "2005-03-31": "645.37200"}, "Property, Plant, And Equipment": {"2020-09-30": "1139.89900", "2020-06-30": "1097.92000", "2020-03-31": "1071.41900", "2019-12-31": "1087.67800", "2019-09-30": "1042.73900", "2019-06-30": "1051.53500", "2019-03-31": "1007.13000", "2018-12-31": "991.61300", "2018-09-30": "981.10700", "2018-06-30": "867.53600", "2018-03-31": "884.55100", "2017-12-31": "867.90600", "2017-09-30": "858.43900", "2017-06-30": "831.70800", "2017-03-31": "798.63000", "2016-12-31": "784.32100", "2016-09-30": "818.03000", "2016-06-30": "816.43800", "2016-03-31": "832.55600", "2015-12-31": "765.38300", "2015-09-30": "773.20300", "2015-06-30": "776.63600", "2015-03-31": "756.48800", "2014-12-31": "811.65500", "2014-09-30": "831.01400", "2014-06-30": "874.13900", "2014-03-31": "870.05100", "2013-12-31": "864.66200", "2013-09-30": "857.83300", "2013-06-30": "836.70800", "2013-03-31": "834.97800", "2012-12-31": "848.23300", "2012-09-30": "827.74100", "2012-06-30": "773.96200", "2012-03-31": "787.63900", "2011-12-31": "754.71500", "2011-09-30": "748.15700", "2011-06-30": "786.71700", "2011-03-31": "750.11100", "2010-12-31": "724.98400", "2010-09-30": "733.64300", "2010-06-30": "683.22400", "2010-03-31": "732.42000", "2009-12-31": "764.06800", "2009-09-30": "770.54700", "2009-06-30": "735.33800", "2009-03-31": "696.86500", "2008-12-31": "720.88200", "2008-09-30": "703.19000", "2008-06-30": "729.78200", "2008-03-31": "709.28000", "2007-12-31": "656.50800", "2007-09-30": "628.74500", "2007-06-30": "602.63900", "2007-03-31": "594.28400", "2006-12-31": "591.07700", "2006-09-30": "576.25600", "2006-06-30": "574.18100", "2006-03-31": "555.13100", "2005-12-31": "536.82000", "2005-09-30": "498.75500", "2005-06-30": "498.91000", "2005-03-31": "523.30100"}, "Long-Term Investments": {"2020-09-30": "46.99500", "2020-06-30": "44.19300", "2020-03-31": "39.16700", "2019-12-31": "8.39600", "2019-09-30": "8.26400", "2019-06-30": "8.84100", "2019-03-31": "8.92300", "2018-12-31": "25.44800", "2018-09-30": "19.14300", "2018-06-30": "19.24100", "2018-03-31": "9.55400", "2017-12-31": "9.44400", "2017-09-30": "9.48500", "2017-06-30": "9.42500", "2017-03-31": "9.26200", "2016-12-31": "4.24100", "2016-09-30": "4.36500", "2016-06-30": "4.37400", "2016-03-31": "4.59500", "2015-12-31": "4.59000", "2015-09-30": "4.70300", "2015-06-30": "4.96500", "2015-03-31": "5.14600", "2014-12-31": "5.76000", "2014-09-30": "6.05300", "2014-06-30": "6.58000", "2014-03-31": "6.73000", "2013-12-31": "8.24300", "2013-09-30": "3.17700", "2013-06-30": "3.36100", "2013-03-31": "3.34700", "2012-12-31": "3.69300", "2012-09-30": "3.52600", "2012-06-30": "3.70600", "2012-03-31": "4.07700", "2011-12-31": "3.81200", "2011-09-30": "0.97800", "2011-06-30": "0.92500", "2011-03-31": "0.90400", "2010-12-31": "0.85300", "2010-09-30": "0.85500", "2010-06-30": "0.76700", "2010-03-31": "0.84700", "2009-12-31": "0.89800", "2009-09-30": "0.75000", "2009-06-30": "0.76500", "2009-03-31": "0.67300", "2008-12-31": "0.71200", "2008-09-30": "4.95400", "2008-06-30": "4.43900", "2008-03-31": "4.32300", "2007-12-31": "4.08500", "2007-09-30": "3.93300", "2007-06-30": "3.57800", "2007-03-31": "3.42100", "2006-12-31": "3.38800", "2006-09-30": "3.27000", "2006-06-30": "5.43400", "2006-03-31": "5.19600", "2005-12-31": "5.05000", "2005-09-30": "12.39900", "2005-06-30": "12.11700", "2005-03-31": "12.28400"}, "Goodwill And Intangible Assets": {"2020-09-30": "1225.71000", "2020-06-30": "1214.66800", "2020-03-31": "1040.20200", "2019-12-31": "1054.54500", "2019-09-30": "981.78200", "2019-06-30": "998.77200", "2019-03-31": "950.60800", "2018-12-31": "966.99900", "2018-09-30": "982.44000", "2018-06-30": "528.98700", "2018-03-31": "545.98800", "2017-12-31": "539.34700", "2017-09-30": "535.90700", "2017-06-30": "525.03300", "2017-03-31": "504.26300", "2016-12-31": "502.01100", "2016-09-30": "526.73900", "2016-06-30": "525.28800", "2016-03-31": "536.78500", "2015-12-31": "341.76900", "2015-09-30": "351.51000", "2015-06-30": "352.57000", "2015-03-31": "344.60600", "2014-12-31": "369.78600", "2014-09-30": "381.82600", "2014-06-30": "405.64100", "2014-03-31": "408.64500", "2013-12-31": "408.81600", "2013-09-30": "405.07300", "2013-06-30": "395.97400", "2013-03-31": "394.55500", "2012-12-31": "403.51200", "2012-09-30": "396.56700", "2012-06-30": "235.49000", "2012-03-31": "243.19000", "2011-12-31": "238.06300", "2011-09-30": "231.08900", "2011-06-30": "241.62800", "2011-03-31": "237.54500", "2010-12-31": "232.27100", "2010-09-30": "233.36900", "2010-06-30": "221.73300", "2010-03-31": "232.32800", "2009-12-31": "239.66600", "2009-09-30": "243.10800", "2009-06-30": "239.14400", "2009-03-31": "233.49100", "2008-12-31": "241.10200", "2008-09-30": "240.53900", "2008-06-30": "256.47500", "2008-03-31": "254.00700", "2007-12-31": "240.48200", "2007-09-30": "238.31100", "2007-06-30": "232.48900", "2007-03-31": "232.50000", "2006-12-31": "227.70200", "2006-09-30": "224.78400", "2006-06-30": "220.35400", "2006-03-31": "213.85600", "2005-12-31": "201.69000", "2005-09-30": "156.93800", "2005-06-30": "157.57000", "2005-03-31": "162.83200"}, "Other Long-Term Assets": {"2020-09-30": "49.68000", "2020-06-30": "44.99900", "2020-03-31": "45.18700", "2019-12-31": "47.88200", "2019-09-30": "35.14500", "2019-06-30": "34.03100", "2019-03-31": "37.42900", "2018-12-31": "62.86700", "2018-09-30": "39.59700", "2018-06-30": "56.73600", "2018-03-31": "50.47800", "2017-12-31": "51.05300", "2017-09-30": "63.62800", "2017-06-30": "53.22900", "2017-03-31": "54.75000", "2016-12-31": "46.04200", "2016-09-30": "33.53700", "2016-06-30": "35.57900", "2016-03-31": "34.00200", "2015-12-31": "30.30900", "2015-09-30": "29.83400", "2015-06-30": "32.04400", "2015-03-31": "33.46000", "2014-12-31": "36.05100", "2014-09-30": "21.17400", "2014-06-30": "15.94900", "2014-03-31": "15.96500", "2013-12-31": "17.63000", "2013-09-30": "16.64100", "2013-06-30": "18.71800", "2013-03-31": "28.29200", "2012-12-31": "30.04100", "2012-09-30": "30.88200", "2012-06-30": "23.95300", "2012-03-31": "26.02800", "2011-12-31": "18.75500", "2011-09-30": "9.65700", "2011-06-30": "11.40200", "2011-03-31": "10.85700", "2010-12-31": "10.62700", "2010-09-30": "9.00300", "2010-06-30": "9.53400", "2010-03-31": "7.40100", "2009-12-31": "8.07000", "2009-09-30": "10.57100", "2009-06-30": "10.45000", "2009-03-31": "10.17100", "2008-12-31": "9.37700", "2008-09-30": "7.22400", "2008-06-30": "8.13700", "2008-03-31": "8.27500", "2007-12-31": "7.43000", "2007-09-30": "5.73600", "2007-06-30": "4.28000", "2007-03-31": "7.59200", "2006-12-31": "7.02500", "2006-09-30": "6.27100", "2006-06-30": "6.32500", "2006-03-31": "6.43600", "2005-12-31": "8.46800", "2005-09-30": "17.48700", "2005-06-30": "19.27200", "2005-03-31": "19.88700"}, "Total Long-Term Assets": {"2020-09-30": "2534.55300", "2020-06-30": "2470.44500", "2020-03-31": "2261.90000", "2019-12-31": "2270.87800", "2019-09-30": "2140.41100", "2019-06-30": "2170.17500", "2019-03-31": "2086.18900", "2018-12-31": "2046.92700", "2018-09-30": "2022.28700", "2018-06-30": "1472.50000", "2018-03-31": "1490.57100", "2017-12-31": "1467.75000", "2017-09-30": "1467.45900", "2017-06-30": "1419.39500", "2017-03-31": "1366.90500", "2016-12-31": "1336.61500", "2016-09-30": "1382.67100", "2016-06-30": "1381.67900", "2016-03-31": "1407.93800", "2015-12-31": "1142.05100", "2015-09-30": "1159.25000", "2015-06-30": "1166.21500", "2015-03-31": "1139.70000", "2014-12-31": "1223.25200", "2014-09-30": "1240.06700", "2014-06-30": "1302.30900", "2014-03-31": "1301.39100", "2013-12-31": "1299.35100", "2013-09-30": "1282.72400", "2013-06-30": "1254.76100", "2013-03-31": "1261.17200", "2012-12-31": "1285.47900", "2012-09-30": "1258.71600", "2012-06-30": "1037.11100", "2012-03-31": "1060.93400", "2011-12-31": "1015.34500", "2011-09-30": "989.88100", "2011-06-30": "1040.67200", "2011-03-31": "999.41710", "2010-12-31": "968.73500", "2010-09-30": "976.87000", "2010-06-30": "915.25800", "2010-03-31": "972.99600", "2009-12-31": "1012.70200", "2009-09-30": "1024.97600", "2009-06-30": "985.69700", "2009-03-31": "941.20000", "2008-12-31": "972.07300", "2008-09-30": "955.90700", "2008-06-30": "998.83310", "2008-03-31": "975.88500", "2007-12-31": "908.50500", "2007-09-30": "876.72500", "2007-06-30": "842.98600", "2007-03-31": "837.79700", "2006-12-31": "829.19200", "2006-09-30": "810.58100", "2006-06-30": "806.29410", "2006-03-31": "780.61900", "2005-12-31": "752.02800", "2005-09-30": "685.57900", "2005-06-30": "687.86900", "2005-03-31": "718.30400"}, "Total Assets": {"2020-09-30": "3861.74900", "2020-06-30": "3814.01600", "2020-03-31": "3776.55200", "2019-12-31": "3562.11900", "2019-09-30": "3465.13900", "2019-06-30": "3588.71600", "2019-03-31": "3415.63400", "2018-12-31": "3377.73500", "2018-09-30": "3406.99600", "2018-06-30": "3222.25500", "2018-03-31": "3283.69400", "2017-12-31": "3137.82300", "2017-09-30": "3408.85400", "2017-06-30": "2663.86400", "2017-03-31": "2523.63900", "2016-12-31": "2606.78500", "2016-09-30": "2684.88200", "2016-06-30": "2646.92200", "2016-03-31": "2679.03300", "2015-12-31": "2437.04500", "2015-09-30": "2491.75200", "2015-06-30": "2477.80600", "2015-03-31": "2335.02600", "2014-12-31": "2437.19000", "2014-09-30": "2499.23900", "2014-06-30": "2629.24400", "2014-03-31": "2580.43300", "2013-12-31": "2497.76200", "2013-09-30": "2428.37200", "2013-06-30": "2339.38100", "2013-03-31": "2352.57000", "2012-12-31": "2324.41200", "2012-09-30": "2257.32200", "2012-06-30": "2147.23800", "2012-03-31": "2238.05700", "2011-12-31": "2159.29500", "2011-09-30": "2146.36100", "2011-06-30": "2245.68200", "2011-03-31": "2201.04800", "2010-12-31": "2032.71800", "2010-09-30": "2017.81400", "2010-06-30": "1819.26700", "2010-03-31": "1966.59200", "2009-12-31": "1956.19300", "2009-09-30": "1941.20900", "2009-06-30": "1850.15500", "2009-03-31": "1747.91400", "2008-12-31": "1831.82200", "2008-09-30": "1966.19200", "2008-06-30": "2094.28600", "2008-03-31": "2090.87000", "2007-12-31": "1911.95000", "2007-09-30": "1854.69100", "2007-06-30": "1737.31700", "2007-03-31": "1681.51400", "2006-12-31": "1592.01200", "2006-09-30": "1556.68300", "2006-06-30": "1506.92800", "2006-03-31": "1433.06400", "2005-12-31": "1357.31900", "2005-09-30": "1319.09800", "2005-06-30": "1307.35100", "2005-03-31": "1363.67600"}, "Total Current Liabilities": {"2020-09-30": "787.12100", "2020-06-30": "829.76700", "2020-03-31": "891.29800", "2019-12-31": "683.27500", "2019-09-30": "648.83700", "2019-06-30": "670.93400", "2019-03-31": "623.91600", "2018-12-31": "689.17000", "2018-09-30": "741.80300", "2018-06-30": "580.88000", "2018-03-31": "566.75300", "2017-12-31": "527.74800", "2017-09-30": "705.03700", "2017-06-30": "479.06000", "2017-03-31": "412.93100", "2016-12-31": "542.95500", "2016-09-30": "504.37000", "2016-06-30": "500.82800", "2016-03-31": "522.76600", "2015-12-31": "411.89500", "2015-09-30": "438.20800", "2015-06-30": "401.45700", "2015-03-31": "362.92100", "2014-12-31": "604.73800", "2014-09-30": "631.87300", "2014-06-30": "626.80600", "2014-03-31": "585.79400", "2013-12-31": "542.82100", "2013-09-30": "480.34200", "2013-06-30": "439.27800", "2013-03-31": "477.47800", "2012-12-31": "455.32300", "2012-09-30": "380.60700", "2012-06-30": "462.48200", "2012-03-31": "501.57800", "2011-12-31": "518.84900", "2011-09-30": "490.75800", "2011-06-30": "478.61200", "2011-03-31": "481.11000", "2010-12-31": "423.32200", "2010-09-30": "498.37700", "2010-06-30": "441.80800", "2010-03-31": "451.74100", "2009-12-31": "417.31500", "2009-09-30": "372.94300", "2009-06-30": "368.73000", "2009-03-31": "334.27400", "2008-12-31": "375.02700", "2008-09-30": "522.93000", "2008-06-30": "619.90900", "2008-03-31": "622.63700", "2007-12-31": "565.18900", "2007-09-30": "547.43300", "2007-06-30": "497.76200", "2007-03-31": "446.12400", "2006-12-31": "400.18500", "2006-09-30": "383.73800", "2006-06-30": "378.23300", "2006-03-31": "356.13900", "2005-12-31": "320.76200", "2005-09-30": "300.22300", "2005-06-30": "293.17200", "2005-03-31": "292.14500"}, "Long Term Debt": {"2020-09-30": "1039.93500", "2020-06-30": "1082.74200", "2020-03-31": "1075.74500", "2019-12-31": "1085.45300", "2019-09-30": "1075.15300", "2019-06-30": "1148.26100", "2019-03-31": "1141.06200", "2018-12-31": "1125.99300", "2018-09-30": "1131.73700", "2018-06-30": "1182.89400", "2018-03-31": "1199.97500", "2017-12-31": "1191.14600", "2017-09-30": "1271.53000", "2017-06-30": "770.64800", "2017-03-31": "771.29100", "2016-12-31": "772.73700", "2016-09-30": "776.76600", "2016-06-30": "771.69500", "2016-03-31": "773.18200", "2015-12-31": "760.84800", "2015-09-30": "763.73100", "2015-06-30": "813.00700", "2015-03-31": "812.23200", "2014-12-31": "588.89200", "2014-09-30": "355.58300", "2014-06-30": "354.62200", "2014-03-31": "354.75800", "2013-12-31": "354.81400", "2013-09-30": "355.18500", "2013-06-30": "352.63600", "2013-03-31": "352.74900", "2012-12-31": "352.86000", "2012-09-30": "379.11000", "2012-06-30": "253.45400", "2012-03-31": "253.76500", "2011-12-31": "254.91000", "2011-09-30": "255.80100", "2011-06-30": "257.03600", "2011-03-31": "259.57200", "2010-12-31": "258.77300", "2010-09-30": "159.66000", "2010-06-30": "159.05000", "2010-03-31": "207.29500", "2009-12-31": "209.61600", "2009-09-30": "210.77300", "2009-06-30": "207.62600", "2009-03-31": "229.71400", "2008-12-31": "226.88800", "2008-09-30": "224.22100", "2008-06-30": "125.16700", "2008-03-31": "147.26800", "2007-12-31": "146.71100", "2007-09-30": "146.54500", "2007-06-30": "146.47900", "2007-03-31": "168.67600", "2006-12-31": "168.87700", "2006-09-30": "193.02100", "2006-06-30": "142.32400", "2006-03-31": "141.58000", "2005-12-31": "144.54100", "2005-09-30": "140.67000", "2005-06-30": "141.37600", "2005-03-31": "142.22800"}, "Other Non-Current Liabilities": {"2020-09-30": "", "2020-06-30": "", "2020-03-31": "", "2019-12-31": "", "2019-09-30": "", "2019-06-30": "", "2019-03-31": "", "2018-12-31": "", "2018-09-30": "", "2018-06-30": "", "2018-03-31": "", "2017-12-31": "", "2017-09-30": "", "2017-06-30": "", "2017-03-31": "", "2016-12-31": "", "2016-09-30": "", "2016-06-30": "", "2016-03-31": "", "2015-12-31": "", "2015-09-30": "", "2015-06-30": "", "2015-03-31": "", "2014-12-31": "", "2014-09-30": "", "2014-06-30": "", "2014-03-31": "", "2013-12-31": "", "2013-09-30": "", "2013-06-30": "", "2013-03-31": "", "2012-12-31": "", "2012-09-30": "", "2012-06-30": "", "2012-03-31": "", "2011-12-31": "", "2011-09-30": "", "2011-06-30": "", "2011-03-31": "", "2010-12-31": "", "2010-09-30": "", "2010-06-30": "", "2010-03-31": "", "2009-12-31": "", "2009-09-30": "", "2009-06-30": "", "2009-03-31": "", "2008-12-31": "", "2008-09-30": "", "2008-06-30": "", "2008-03-31": "", "2007-12-31": "", "2007-09-30": "", "2007-06-30": "", "2007-03-31": "", "2006-12-31": "", "2006-09-30": "", "2006-06-30": "", "2006-03-31": "", "2005-12-31": "", "2005-09-30": "", "2005-06-30": "", "2005-03-31": ""}, "Total Long Term Liabilities": {"2020-09-30": "1314.67300", "2020-06-30": "1338.26300", "2020-03-31": "1297.63100", "2019-12-31": "1306.59200", "2019-09-30": "1262.32300", "2019-06-30": "1336.36000", "2019-03-31": "1324.00400", "2018-12-31": "1265.69400", "2018-09-30": "1273.13500", "2018-06-30": "1293.86300", "2018-03-31": "1312.16500", "2017-12-31": "1298.02700", "2017-09-30": "1381.99300", "2017-06-30": "875.62800", "2017-03-31": "870.09100", "2016-12-31": "889.58800", "2016-09-30": "894.16600", "2016-06-30": "887.50210", "2016-03-31": "888.61300", "2015-12-31": "875.44400", "2015-09-30": "893.64000", "2015-06-30": "948.65900", "2015-03-31": "945.30700", "2014-12-31": "728.53600", "2014-09-30": "456.48800", "2014-06-30": "475.62600", "2014-03-31": "475.75300", "2013-12-31": "474.63300", "2013-09-30": "487.18700", "2013-06-30": "489.44100", "2013-03-31": "487.32200", "2012-12-31": "488.59100", "2012-09-30": "498.42900", "2012-06-30": "336.84600", "2012-03-31": "352.17200", "2011-12-31": "349.87400", "2011-09-30": "319.09700", "2011-06-30": "321.62800", "2011-03-31": "333.07400", "2010-12-31": "329.62200", "2010-09-30": "228.62800", "2010-06-30": "222.81800", "2010-03-31": "280.89500", "2009-12-31": "285.24200", "2009-09-30": "307.14900", "2009-06-30": "297.54000", "2009-03-31": "317.04300", "2008-12-31": "324.99700", "2008-09-30": "302.95900", "2008-06-30": "212.27300", "2008-03-31": "233.54200", "2007-12-31": "227.74300", "2007-09-30": "232.27800", "2007-06-30": "231.54800", "2007-03-31": "252.63000", "2006-12-31": "245.42700", "2006-09-30": "277.97100", "2006-06-30": "228.86500", "2006-03-31": "226.12600", "2005-12-31": "227.16900", "2005-09-30": "213.05500", "2005-06-30": "216.38800", "2005-03-31": "223.50600"}, "Total Liabilities": {"2020-09-30": "2101.79400", "2020-06-30": "2168.03000", "2020-03-31": "2188.92900", "2019-12-31": "1989.86700", "2019-09-30": "1911.16000", "2019-06-30": "2007.29400", "2019-03-31": "1947.92000", "2018-12-31": "1954.86400", "2018-09-30": "2014.93800", "2018-06-30": "1874.74300", "2018-03-31": "1878.91800", "2017-12-31": "1825.77500", "2017-09-30": "2087.03000", "2017-06-30": "1354.68800", "2017-03-31": "1283.02200", "2016-12-31": "1432.54300", "2016-09-30": "1398.53600", "2016-06-30": "1388.33000", "2016-03-31": "1411.37900", "2015-12-31": "1287.33900", "2015-09-30": "1331.84800", "2015-06-30": "1350.11600", "2015-03-31": "1308.22800", "2014-12-31": "1333.27400", "2014-09-30": "1088.36100", "2014-06-30": "1102.43200", "2014-03-31": "1061.54700", "2013-12-31": "1017.45400", "2013-09-30": "967.52900", "2013-06-30": "928.71900", "2013-03-31": "964.80000", "2012-12-31": "943.91400", "2012-09-30": "879.03600", "2012-06-30": "799.32800", "2012-03-31": "853.75000", "2011-12-31": "868.72300", "2011-09-30": "809.85500", "2011-06-30": "800.24000", "2011-03-31": "814.18400", "2010-12-31": "752.94400", "2010-09-30": "727.00500", "2010-06-30": "664.62600", "2010-03-31": "732.63600", "2009-12-31": "702.55700", "2009-09-30": "680.09200", "2009-06-30": "666.27000", "2009-03-31": "651.31700", "2008-12-31": "700.02400", "2008-09-30": "825.88900", "2008-06-30": "832.18200", "2008-03-31": "856.17900", "2007-12-31": "792.93200", "2007-09-30": "779.71100", "2007-06-30": "729.31000", "2007-03-31": "698.75400", "2006-12-31": "645.61200", "2006-09-30": "661.70900", "2006-06-30": "607.09800", "2006-03-31": "582.26500", "2005-12-31": "547.93100", "2005-09-30": "513.27800", "2005-06-30": "509.56000", "2005-03-31": "515.65100"}, "Common Stock Net": {"2020-09-30": "0.69300", "2020-06-30": "0.69000", "2020-03-31": "0.68900", "2019-12-31": "0.68600", "2019-09-30": "0.68500", "2019-06-30": "0.68300", "2019-03-31": "0.67600", "2018-12-31": "0.67300", "2018-09-30": "0.67200", "2018-06-30": "0.66800", "2018-03-31": "0.67100", "2017-12-31": "0.66700", "2017-09-30": "0.66600", "2017-06-30": "0.66500", "2017-03-31": "0.66200", "2016-12-31": "0.66000", "2016-09-30": "0.66500", "2016-06-30": "0.66800", "2016-03-31": "0.66900", "2015-12-31": "0.66700", "2015-09-30": "0.67200", "2015-06-30": "0.86900", "2015-03-31": "0.86700", "2014-12-31": "0.86200", "2014-09-30": "0.85900", "2014-06-30": "0.85800", "2014-03-31": "0.85500", "2013-12-31": "0.85300", "2013-09-30": "0.85200", "2013-06-30": "0.85000", "2013-03-31": "0.84500", "2012-12-31": "0.84000", "2012-09-30": "0.83700", "2012-06-30": "0.84500", "2012-03-31": "0.83500", "2011-12-31": "0.82700", "2011-09-30": "0.82500", "2011-06-30": "0.82300", "2011-03-31": "0.82000", "2010-12-31": "0.81700", "2010-09-30": "0.81400", "2010-06-30": "0.81400", "2010-03-31": "0.81100", "2009-12-31": "0.80600", "2009-09-30": "0.80500", "2009-06-30": "0.80400", "2009-03-31": "0.80200", "2008-12-31": "0.80100", "2008-09-30": "0.80000", "2008-06-30": "0.79900", "2008-03-31": "0.79600", "2007-12-31": "0.79400", "2007-09-30": "0.79000", "2007-06-30": "0.78900", "2007-03-31": "0.39400", "2006-12-31": "0.39200", "2006-09-30": "0.38900", "2006-06-30": "0.38900", "2006-03-31": "0.38900", "2005-12-31": "0.38600", "2005-09-30": "0.38500", "2005-06-30": "0.38400", "2005-03-31": "0.38400"}, "Retained Earnings (Accumulated Deficit)": {"2020-09-30": "1613.89100", "2020-06-30": "1573.39200", "2020-03-31": "1554.66500", "2019-12-31": "1523.82000", "2019-09-30": "1498.30000", "2019-06-30": "1464.60700", "2019-03-31": "1413.45300", "2018-12-31": "1371.82600", "2018-09-30": "1345.85100", "2018-06-30": "1328.03400", "2018-03-31": "1332.21800", "2017-12-31": "1301.14700", "2017-09-30": "1271.57600", "2017-06-30": "1238.12300", "2017-03-31": "1215.03700", "2016-12-31": "1197.23400", "2016-09-30": "1209.09700", "2016-06-30": "1207.20700", "2016-03-31": "1202.91400", "2015-12-31": "1185.68100", "2015-09-30": "1214.96900", "2015-06-30": "1807.78600", "2015-03-31": "1767.77400", "2014-12-31": "1740.00500", "2014-09-30": "1716.53600", "2014-06-30": "1686.19100", "2014-03-31": "1651.44200", "2013-12-31": "1619.41900", "2013-09-30": "1598.97900", "2013-06-30": "1570.28600", "2013-03-31": "1537.09400", "2012-12-31": "1513.55800", "2012-09-30": "1493.18000", "2012-06-30": "1465.70800", "2012-03-31": "1438.66700", "2011-12-31": "1409.38800", "2011-09-30": "1385.30700", "2011-06-30": "1350.67900", "2011-03-31": "1311.45200", "2010-12-31": "1279.01300", "2010-09-30": "1250.30500", "2010-06-30": "1215.44600", "2010-03-31": "1178.93600", "2009-12-31": "1150.01700", "2009-09-30": "1124.16100", "2009-06-30": "1100.81800", "2009-03-31": "1082.52000", "2008-12-31": "1065.99800", "2008-09-30": "1044.52100", "2008-06-30": "1015.02300", "2008-03-31": "978.60300", "2007-12-31": "950.56600", "2007-09-30": "923.66700", "2007-06-30": "893.21100", "2007-03-31": "865.24100", "2006-12-31": "844.92100", "2006-09-30": "825.34300", "2006-06-30": "804.75200", "2006-03-31": "784.11300", "2005-12-31": "771.30400", "2005-09-30": "754.55300", "2005-06-30": "736.64100", "2005-03-31": "712.61700"}, "Comprehensive Income": {"2020-09-30": "-317.42400", "2020-06-30": "-361.25600", "2020-03-31": "-381.05800", "2019-12-31": "-341.94800", "2019-09-30": "-351.67200", "2019-06-30": "-310.13600", "2019-03-31": "-319.79500", "2018-12-31": "-310.50400", "2018-09-30": "-301.34800", "2018-06-30": "-291.66000", "2018-03-31": "-228.66900", "2017-12-31": "-253.30200", "2017-09-30": "-251.08700", "2017-06-30": "-266.32500", "2017-03-31": "-295.63900", "2016-12-31": "-319.70900", "2016-09-30": "-215.57000", "2016-06-30": "-230.20600", "2016-03-31": "-196.33600", "2015-12-31": "-262.34700", "2015-09-30": "-221.53200", "2015-06-30": "-201.83700", "2015-03-31": "-248.11600", "2014-12-31": "-110.04500", "2014-09-30": "-11.44100", "2014-06-30": "106.60600", "2014-03-31": "111.04800", "2013-12-31": "109.75100", "2013-09-30": "80.29100", "2013-06-30": "33.84000", "2013-03-31": "26.26300", "2012-12-31": "60.68300", "2012-09-30": "52.94400", "2012-06-30": "33.16600", "2012-03-31": "102.75700", "2011-12-31": "60.31800", "2011-09-30": "119.77100", "2011-06-30": "230.59300", "2011-03-31": "192.12700", "2010-12-31": "123.76600", "2010-09-30": "144.34600", "2010-06-30": "26.36100", "2010-03-31": "125.81800", "2009-12-31": "186.09900", "2009-09-30": "206.89700", "2009-06-30": "153.09400", "2009-03-31": "83.31700", "2008-12-31": "139.30000", "2008-09-30": "172.20600", "2008-06-30": "306.70700", "2008-03-31": "307.11000", "2007-12-31": "214.29400", "2007-09-30": "187.75100", "2007-06-30": "134.87200", "2007-03-31": "120.44900", "2006-12-31": "109.50500", "2006-09-30": "77.84300", "2006-06-30": "84.55700", "2006-03-31": "41.87900", "2005-12-31": "24.28900", "2005-09-30": "37.85300", "2005-06-30": "40.78900", "2005-03-31": "86.48400"}, "Other Share Holders Equity": {"2020-09-30": "", "2020-06-30": "", "2020-03-31": "", "2019-12-31": "", "2019-09-30": "", "2019-06-30": "", "2019-03-31": "", "2018-12-31": "", "2018-09-30": "", "2018-06-30": "", "2018-03-31": "", "2017-12-31": "", "2017-09-30": "", "2017-06-30": "", "2017-03-31": "", "2016-12-31": "", "2016-09-30": "", "2016-06-30": "", "2016-03-31": "", "2015-12-31": "", "2015-09-30": "", "2015-06-30": "", "2015-03-31": "", "2014-12-31": "", "2014-09-30": "", "2014-06-30": "", "2014-03-31": "", "2013-12-31": "", "2013-09-30": "", "2013-06-30": "", "2013-03-31": "", "2012-12-31": "", "2012-09-30": "", "2012-06-30": "", "2012-03-31": "", "2011-12-31": "", "2011-09-30": "", "2011-06-30": "", "2011-03-31": "", "2010-12-31": "", "2010-09-30": "", "2010-06-30": "", "2010-03-31": "", "2009-12-31": "", "2009-09-30": "", "2009-06-30": "", "2009-03-31": "", "2008-12-31": "", "2008-09-30": "", "2008-06-30": "", "2008-03-31": "", "2007-12-31": "", "2007-09-30": "", "2007-06-30": "", "2007-03-31": "", "2006-12-31": "", "2006-09-30": "", "2006-06-30": "", "2006-03-31": "", "2005-12-31": "", "2005-09-30": "", "2005-06-30": "", "2005-03-31": ""}, "Share Holder Equity": {"2020-09-30": "1759.95500", "2020-06-30": "1645.98600", "2020-03-31": "1587.62300", "2019-12-31": "1572.25200", "2019-09-30": "1553.97900", "2019-06-30": "1581.42200", "2019-03-31": "1467.71400", "2018-12-31": "1422.87100", "2018-09-30": "1392.05800", "2018-06-30": "1347.51200", "2018-03-31": "1404.77600", "2017-12-31": "1312.04800", "2017-09-30": "1321.82400", "2017-06-30": "1309.17600", "2017-03-31": "1240.61700", "2016-12-31": "1174.24200", "2016-09-30": "1286.34600", "2016-06-30": "1258.59200", "2016-03-31": "1267.65400", "2015-12-31": "1149.70600", "2015-09-30": "1159.90400", "2015-06-30": "1127.69000", "2015-03-31": "1026.79800", "2014-12-31": "1103.91600", "2014-09-30": "1410.87800", "2014-06-30": "1526.81200", "2014-03-31": "1518.88600", "2013-12-31": "1480.30800", "2013-09-30": "1460.84300", "2013-06-30": "1410.66200", "2013-03-31": "1387.77000", "2012-12-31": "1380.49800", "2012-09-30": "1378.28600", "2012-06-30": "1347.91000", "2012-03-31": "1384.30700", "2011-12-31": "1290.57200", "2011-09-30": "1336.50600", "2011-06-30": "1445.44200", "2011-03-31": "1386.86400", "2010-12-31": "1279.77400", "2010-09-30": "1290.80900", "2010-06-30": "1154.64100", "2010-03-31": "1233.95600", "2009-12-31": "1253.63600", "2009-09-30": "1261.11700", "2009-06-30": "1183.88500", "2009-03-31": "1096.59700", "2008-12-31": "1131.79800", "2008-09-30": "1140.30300", "2008-06-30": "1262.10400", "2008-03-31": "1234.69100", "2007-12-31": "1119.01800", "2007-09-30": "1074.98000", "2007-06-30": "1008.00700", "2007-03-31": "982.76000", "2006-12-31": "946.40000", "2006-09-30": "894.97400", "2006-06-30": "899.83000", "2006-03-31": "850.79900", "2005-12-31": "809.38800", "2005-09-30": "805.82000", "2005-06-30": "797.79100", "2005-03-31": "848.02500"}, "Total Liabilities And Share Holders Equity": {"2020-09-30": "3861.74900", "2020-06-30": "3814.01600", "2020-03-31": "3776.55200", "2019-12-31": "3562.11900", "2019-09-30": "3465.13900", "2019-06-30": "3588.71600", "2019-03-31": "3415.63400", "2018-12-31": "3377.73500", "2018-09-30": "3406.99600", "2018-06-30": "3222.25500", "2018-03-31": "3283.69400", "2017-12-31": "3137.82300", "2017-09-30": "3408.85400", "2017-06-30": "2663.86400", "2017-03-31": "2523.63900", "2016-12-31": "2606.78500", "2016-09-30": "2684.88200", "2016-06-30": "2646.92200", "2016-03-31": "2679.03300", "2015-12-31": "2437.04500", "2015-09-30": "2491.75200", "2015-06-30": "2477.80600", "2015-03-31": "2335.02600", "2014-12-31": "2437.19000", "2014-09-30": "2499.23900", "2014-06-30": "2629.24400", "2014-03-31": "2580.43300", "2013-12-31": "2497.76200", "2013-09-30": "2428.37200", "2013-06-30": "2339.38100", "2013-03-31": "2352.57000", "2012-12-31": "2324.41200", "2012-09-30": "2257.32200", "2012-06-30": "2147.23800", "2012-03-31": "2238.05700", "2011-12-31": "2159.29500", "2011-09-30": "2146.36100", "2011-06-30": "2245.68200", "2011-03-31": "2201.04800", "2010-12-31": "2032.71800", "2010-09-30": "2017.81400", "2010-06-30": "1819.26700", "2010-03-31": "1966.59200", "2009-12-31": "1956.19300", "2009-09-30": "1941.20900", "2009-06-30": "1850.15500", "2009-03-31": "1747.91400", "2008-12-31": "1831.82200", "2008-09-30": "1966.19200", "2008-06-30": "2094.28600", "2008-03-31": "2090.87000", "2007-12-31": "1911.95000", "2007-09-30": "1854.69100", "2007-06-30": "1737.31700", "2007-03-31": "1681.51400", "2006-12-31": "1592.01200", "2006-09-30": "1556.68300", "2006-06-30": "1506.92800", "2006-03-31": "1433.06400", "2005-12-31": "1357.31900", "2005-09-30": "1319.09800", "2005-06-30": "1307.35100", "2005-03-31": "1363.67600"}}, "cash flow statement": {"Net Income/Loss": {"2019-12-31": "242.22700", "2018-12-31": "194.76600", "2017-12-31": "220.02900", "2016-12-31": "205.60400", "2015-12-31": "199.29500", "2014-12-31": "191.62400", "2013-12-31": "171.92600", "2012-12-31": "162.42000", "2011-12-31": "183.63000", "2010-12-31": "173.58900", "2009-12-31": "124.59700", "2008-12-31": "153.50100", "2007-12-31": "141.70600", "2006-12-31": "102.89600", "2005-12-31": "100.03400"}, "Total Depreciation And Amortization - Cash Flow": {"2019-12-31": "194.55200", "2018-12-31": "171.74700", "2017-12-31": "153.09400", "2016-12-31": "154.80200", "2015-12-31": "138.89300", "2014-12-31": "152.21800", "2013-12-31": "149.95600", "2012-12-31": "137.02200", "2011-12-31": "134.24300", "2010-12-31": "132.95900", "2009-12-31": "133.01300", "2008-12-31": "131.14500", "2007-12-31": "123.46600", "2006-12-31": "114.60600", "2005-12-31": "99.24200"}, "Other Non-Cash Items": {"2019-12-31": "48.97200", "2018-12-31": "9.59200", "2017-12-31": "43.92300", "2016-12-31": "23.88900", "2015-12-31": "34.06100", "2014-12-31": "20.13300", "2013-12-31": "41.14200", "2012-12-31": "18.15300", "2011-12-31": "28.32400", "2010-12-31": "20.07300", "2009-12-31": "22.43500", "2008-12-31": "21.08300", "2007-12-31": "11.73100", "2006-12-31": "9.53400", "2005-12-31": "0.14300"}, "Total Non-Cash Items": {"2019-12-31": "243.52400", "2018-12-31": "181.33900", "2017-12-31": "197.01700", "2016-12-31": "178.69100", "2015-12-31": "172.95400", "2014-12-31": "172.35100", "2013-12-31": "191.09800", "2012-12-31": "155.17500", "2011-12-31": "162.56700", "2010-12-31": "153.03200", "2009-12-31": "155.44800", "2008-12-31": "152.22800", "2007-12-31": "135.19700", "2006-12-31": "124.14000", "2005-12-31": "99.38500"}, "Change In Accounts Receivable": {"2019-12-31": "8.81100", "2018-12-31": "-66.96800", "2017-12-31": "-44.65800", "2016-12-31": "-41.72100", "2015-12-31": "-27.75900", "2014-12-31": "-16.32200", "2013-12-31": "-32.80600", "2012-12-31": "16.68900", "2011-12-31": "-44.99700", "2010-12-31": "-50.14300", "2009-12-31": "34.28900", "2008-12-31": "-5.28800", "2007-12-31": "-8.34700", "2006-12-31": "-27.37600", "2005-12-31": "6.02000"}, "Change In Inventories": {"2019-12-31": "0.60500", "2018-12-31": "-25.18300", "2017-12-31": "-12.98900", "2016-12-31": "-0.83400", "2015-12-31": "-18.92500", "2014-12-31": "5.20500", "2013-12-31": "-29.91800", "2012-12-31": "-19.71200", "2011-12-31": "-22.33200", "2010-12-31": "-47.38800", "2009-12-31": "21.76800", "2008-12-31": "16.80000", "2007-12-31": "-26.26100", "2006-12-31": "-22.80100", "2005-12-31": "-0.35100"}, "Change In Accounts Payable": {"2019-12-31": "", "2018-12-31": "", "2017-12-31": "", "2016-12-31": "", "2015-12-31": "", "2014-12-31": "", "2013-12-31": "", "2012-12-31": "", "2011-12-31": "", "2010-12-31": "", "2009-12-31": "", "2008-12-31": "", "2007-12-31": "", "2006-12-31": "", "2005-12-31": ""}, "Change In Assets/Liabilities": {"2019-12-31": "14.41100", "2018-12-31": "-4.32600", "2017-12-31": "-84.16200", "2016-12-31": "-19.02300", "2015-12-31": "-44.53300", "2014-12-31": "-1.26100", "2013-12-31": "-32.05600", "2012-12-31": "-2.82500", "2011-12-31": "-13.48200", "2010-12-31": "-18.84800", "2009-12-31": "-16.64200", "2008-12-31": "-10.55300", "2007-12-31": "-9.93400", "2006-12-31": "-2.11800", "2005-12-31": "-3.09000"}, "Total Change In Assets/Liabilities": {"2019-12-31": "28.70600", "2018-12-31": "-62.47700", "2017-12-31": "-92.31700", "2016-12-31": "-58.99600", "2015-12-31": "-48.49000", "2014-12-31": "-47.64600", "2013-12-31": "-76.92400", "2012-12-31": "-3.70300", "2011-12-31": "-85.15500", "2010-12-31": "-47.92600", "2009-12-31": "-0.25600", "2008-12-31": "-35.51800", "2007-12-31": "-3.44000", "2006-12-31": "-29.57500", "2005-12-31": "-5.36400"}, "Cash Flow From Operating Activities": {"2019-12-31": "514.45700", "2018-12-31": "313.62800", "2017-12-31": "324.72900", "2016-12-31": "325.29900", "2015-12-31": "323.75900", "2014-12-31": "316.32900", "2013-12-31": "286.10000", "2012-12-31": "313.89200", "2011-12-31": "261.04200", "2010-12-31": "278.69500", "2009-12-31": "279.78900", "2008-12-31": "270.21100", "2007-12-31": "273.46300", "2006-12-31": "197.46100", "2005-12-31": "194.05500"}, "Net Change In Property, Plant, And Equipment": {"2019-12-31": "-237.97500", "2018-12-31": "-206.78600", "2017-12-31": "-154.58800", "2016-12-31": "-127.29300", "2015-12-31": "-148.49600", "2014-12-31": "-156.83400", "2013-12-31": "-151.07400", "2012-12-31": "-171.42400", "2011-12-31": "-177.85400", "2010-12-31": "-117.40600", "2009-12-31": "-143.25600", "2008-12-31": "-203.01500", "2007-12-31": "-131.71200", "2006-12-31": "-100.71500", "2005-12-31": "-103.69600"}, "Net Change In Intangible Assets": {"2019-12-31": "-4.80600", "2018-12-31": "-0.61100", "2017-12-31": "", "2016-12-31": "-2.49200", "2015-12-31": "", "2014-12-31": "-0.00900", "2013-12-31": "-0.72500", "2012-12-31": "", "2011-12-31": "0.00000", "2010-12-31": "-0.45900", "2009-12-31": "-0.30800", "2008-12-31": "-1.32300", "2007-12-31": "-1.19500", "2006-12-31": "-4.69600", "2005-12-31": "-1.56100"}, "Net Acquisitions/Divestitures": {"2019-12-31": "-106.32800", "2018-12-31": "-527.91600", "2017-12-31": "", "2016-12-31": "-202.98500", "2015-12-31": "", "2014-12-31": "", "2013-12-31": "", "2012-12-31": "-187.84000", "2011-12-31": "-14.88300", "2010-12-31": "-3.01400", "2009-12-31": "-7.57700", "2008-12-31": "-19.50100", "2007-12-31": "1.50200", "2006-12-31": "-36.78700", "2005-12-31": "-89.76100"}, "Net Change In Short-term Investments": {"2019-12-31": "", "2018-12-31": "", "2017-12-31": "", "2016-12-31": "29.48500", "2015-12-31": "-32.76900", "2014-12-31": "", "2013-12-31": "", "2012-12-31": "", "2011-12-31": "", "2010-12-31": "", "2009-12-31": "", "2008-12-31": "", "2007-12-31": "", "2006-12-31": "", "2005-12-31": ""}, "Net Change In Long-Term Investments": {"2019-12-31": "12.95700", "2018-12-31": "0.63100", "2017-12-31": "-4.29100", "2016-12-31": "2.19000", "2015-12-31": "3.73900", "2014-12-31": "", "2013-12-31": "-5.25600", "2012-12-31": "-0.27900", "2011-12-31": "-3.14500", "2010-12-31": "", "2009-12-31": "", "2008-12-31": "-0.80100", "2007-12-31": "", "2006-12-31": "", "2005-12-31": "0.01100"}, "Net Change In Investments - Total": {"2019-12-31": "12.95700", "2018-12-31": "0.63100", "2017-12-31": "-4.29100", "2016-12-31": "31.67500", "2015-12-31": "-29.03000", "2014-12-31": "", "2013-12-31": "-5.25600", "2012-12-31": "-0.27900", "2011-12-31": "-3.14500", "2010-12-31": "", "2009-12-31": "", "2008-12-31": "-0.80100", "2007-12-31": "", "2006-12-31": "", "2005-12-31": "0.01100"}, "Investing Activities - Other": {"2019-12-31": "-0.11600", "2018-12-31": "-0.77900", "2017-12-31": "-65.92100", "2016-12-31": "0.59300", "2015-12-31": "1.29600", "2014-12-31": "-2.35700", "2013-12-31": "-0.06500", "2012-12-31": "0.08400", "2011-12-31": "0.05900", "2010-12-31": "-0.12000", "2009-12-31": "0.07700", "2008-12-31": "-0.90100", "2007-12-31": "0.16200", "2006-12-31": "0.35500", "2005-12-31": "1.44100"}, "Cash Flow From Investing Activities": {"2019-12-31": "-336.26800", "2018-12-31": "-735.46100", "2017-12-31": "-224.80000", "2016-12-31": "-300.50200", "2015-12-31": "-176.23000", "2014-12-31": "-159.20000", "2013-12-31": "-157.12000", "2012-12-31": "-359.45900", "2011-12-31": "-195.82300", "2010-12-31": "-120.99900", "2009-12-31": "-151.06400", "2008-12-31": "-225.54100", "2007-12-31": "-131.24300", "2006-12-31": "-141.84300", "2005-12-31": "-193.56600"}, "Net Long-Term Debt": {"2019-12-31": "-56.75300", "2018-12-31": "-59.12900", "2017-12-31": "459.83000", "2016-12-31": "-49.35100", "2015-12-31": "208.25500", "2014-12-31": "252.74200", "2013-12-31": "-25.32600", "2012-12-31": "121.95800", "2011-12-31": "-39.71700", "2010-12-31": "74.85200", "2009-12-31": "-17.36700", "2008-12-31": "75.42300", "2007-12-31": "-24.73200", "2006-12-31": "45.32800", "2005-12-31": "-0.50200"}, "Net Current Debt": {"2019-12-31": "-54.51100", "2018-12-31": "100.13800", "2017-12-31": "-169.21300", "2016-12-31": "163.14800", "2015-12-31": "-227.36200", "2014-12-31": "95.81600", "2013-12-31": "94.18400", "2012-12-31": "-134.03400", "2011-12-31": "134.56300", "2010-12-31": "-57.86000", "2009-12-31": "63.67000", "2008-12-31": "-149.12300", "2007-12-31": "88.69900", "2006-12-31": "2.12800", "2005-12-31": "34.10800"}, "Debt Issuance/Retirement Net - Total": {"2019-12-31": "-111.26400", "2018-12-31": "41.00900", "2017-12-31": "290.61700", "2016-12-31": "113.79700", "2015-12-31": "-19.10700", "2014-12-31": "348.55800", "2013-12-31": "68.85800", "2012-12-31": "-12.07600", "2011-12-31": "94.84600", "2010-12-31": "16.99200", "2009-12-31": "46.30300", "2008-12-31": "-73.70000", "2007-12-31": "63.96700", "2006-12-31": "47.45600", "2005-12-31": "33.60600"}, "Net Common Equity Issued/Repurchased": {"2019-12-31": "4.33700", "2018-12-31": "26.46500", "2017-12-31": "-87.62900", "2016-12-31": "-76.02400", "2015-12-31": "50.87200", "2014-12-31": "-304.50200", "2013-12-31": "-76.12900", "2012-12-31": "-35.15600", "2011-12-31": "-76.51700", "2010-12-31": "-57.65300", "2009-12-31": "-20.74400", "2008-12-31": "-43.65600", "2007-12-31": "-57.34100", "2006-12-31": "-38.14700", "2005-12-31": "-43.53700"}, "Net Total Equity Issued/Repurchased": {"2019-12-31": "4.33700", "2018-12-31": "26.46500", "2017-12-31": "-87.62900", "2016-12-31": "-76.02400", "2015-12-31": "50.87200", "2014-12-31": "-304.50200", "2013-12-31": "-76.12900", "2012-12-31": "-35.15600", "2011-12-31": "-76.51700", "2010-12-31": "-57.65300", "2009-12-31": "-20.74400", "2008-12-31": "-43.65600", "2007-12-31": "-57.34100", "2006-12-31": "-38.14700", "2005-12-31": "-43.53700"}, "Total Common And Preferred Stock Dividends Paid": {"2019-12-31": "-90.20800", "2018-12-31": "-82.34600", "2017-12-31": "-79.94400", "2016-12-31": "-76.65900", "2015-12-31": "-71.24700", "2014-12-31": "-71.07200", "2013-12-31": "-66.13300", "2012-12-31": "-58.44200", "2011-12-31": "-53.30800", "2010-12-31": "-44.48500", "2009-12-31": "-40.60400", "2008-12-31": "-38.06300", "2007-12-31": "-34.43900", "2006-12-31": "-29.27900", "2005-12-31": "-24.63100"}, "Financial Activities - Other": {"2019-12-31": "", "2018-12-31": "", "2017-12-31": "-8.25200", "2016-12-31": "9.17100", "2015-12-31": "7.17200", "2014-12-31": "6.27800", "2013-12-31": "5.60600", "2012-12-31": "6.29100", "2011-12-31": "6.43300", "2010-12-31": "5.55500", "2009-12-31": "1.85900", "2008-12-31": "3.79700", "2007-12-31": "4.91000", "2006-12-31": "2.62400", "2005-12-31": ""}, "Cash Flow From Financial Activities": {"2019-12-31": "-197.13500", "2018-12-31": "-14.87200", "2017-12-31": "114.79200", "2016-12-31": "-29.71500", "2015-12-31": "-32.31000", "2014-12-31": "-20.73800", "2013-12-31": "-67.79800", "2012-12-31": "-99.38300", "2011-12-31": "-28.54600", "2010-12-31": "-79.59100", "2009-12-31": "-13.18600", "2008-12-31": "-151.62200", "2007-12-31": "-22.90300", "2006-12-31": "-17.34600", "2005-12-31": "-34.56200"}, "Net Cash Flow": {"2019-12-31": "-19.85000", "2018-12-31": "-445.81700", "2017-12-31": "246.35300", "2016-12-31": "-23.61400", "2015-12-31": "90.13900", "2014-12-31": "89.90100", "2013-12-31": "80.10600", "2012-12-31": "-147.86100", "2011-12-31": "1.18900", "2010-12-31": "43.46300", "2009-12-31": "140.89200", "2008-12-31": "-121.66700", "2007-12-31": "143.16300", "2006-12-31": "52.94100", "2005-12-31": "-52.73300"}, "Stock-Based Compensation": {"2019-12-31": "23.89300", "2018-12-31": "19.56100", "2017-12-31": "18.92400", "2016-12-31": "19.82400", "2015-12-31": "20.61200", "2014-12-31": "19.74900", "2013-12-31": "14.39200", "2012-12-31": "12.69500", "2011-12-31": "13.75300", "2010-12-31": "11.21500", "2009-12-31": "9.76100", "2008-12-31": "11.05400", "2007-12-31": "14.03600", "2006-12-31": "13.31300", "2005-12-31": ""}, "Common Stock Dividends Paid": {"2019-12-31": "-90.20800", "2018-12-31": "-82.34600", "2017-12-31": "-79.94400", "2016-12-31": "-76.65900", "2015-12-31": "-71.24700", "2014-12-31": "-71.07200", "2013-12-31": "-66.13300", "2012-12-31": "-58.44200", "2011-12-31": "-53.30800", "2010-12-31": "-44.48500", "2009-12-31": "-40.60400", "2008-12-31": "-38.06300", "2007-12-31": "-34.43900", "2006-12-31": "-29.27900", "2005-12-31": "-24.63100"}}, "cash flow statement, quarterly": {"Net Income/Loss": {"2020-09-30": 63.735, "2020-06-30": 41.86, "2020-03-31": "55.25000", "2019-12-31": 48.538, "2019-09-30": 56.769, "2019-06-30": 73.921, "2019-03-31": "62.99900", "2018-12-31": 40.675, "2018-09-30": 39.022, "2018-06-30": 55.781, "2018-03-31": "59.28800", "2017-12-31": 49.506, "2017-09-30": 53.529, "2017-06-30": 65.189, "2017-03-31": "51.80500", "2016-12-31": 49.587, "2016-09-30": 53.1, "2016-06-30": 59.051, "2016-03-31": "43.86600", "2015-12-31": 43.393, "2015-09-30": 53.262, "2015-06-30": 57.541, "2015-03-31": "45.09900", "2014-12-31": 41.512, "2014-09-30": 48.62, "2014-06-30": 53.084, "2014-03-31": "48.40800", "2013-12-31": 36.836, "2013-09-30": 45.232, "2013-06-30": 49.88, "2013-03-31": "39.97800", "2012-12-31": 34.854, "2012-09-30": 42.101, "2012-06-30": 41.652, "2012-03-31": "43.81300", "2011-12-31": 38.632, "2011-09-30": 49.243, "2011-06-30": 51.287, "2011-03-31": "44.46800", "2010-12-31": 40.714, "2010-09-30": 47.021, "2010-06-30": 46.759, "2010-03-31": "39.09500", "2009-12-31": 36.064, "2009-09-30": 33.467, "2009-06-30": 28.472, "2009-03-31": "26.59400", "2008-12-31": 31.652, "2008-09-30": 39.694, "2008-06-30": 45.254, "2008-03-31": "36.90100", "2007-12-31": 35.763, "2007-09-30": 39.395, "2007-06-30": 36.968, "2007-03-31": "29.58000", "2006-12-31": 27.175, "2006-09-30": 28.243, "2006-06-30": 27.668, "2006-03-31": "19.81000", "2005-12-31": 23.712, "2005-09-30": 24.93, "2005-06-30": 29.324, "2005-03-31": "22.06800"}, "Total Depreciation And Amortization - Cash Flow": {"2020-09-30": 55.179, "2020-06-30": 56.429, "2020-03-31": "50.80600", "2019-12-31": 49.978, "2019-09-30": 49.218, "2019-06-30": 47.867, "2019-03-31": "47.48900", "2018-12-31": 48.614, "2018-09-30": 41.857, "2018-06-30": 40.101, "2018-03-31": "41.17500", "2017-12-31": 38.434, "2017-09-30": 40.087, "2017-06-30": 37.242, "2017-03-31": "37.33100", "2016-12-31": 38.858, "2016-09-30": 39.667, "2016-06-30": 40.39, "2016-03-31": "35.88700", "2015-12-31": 35.229, "2015-09-30": 35.439, "2015-06-30": 34.165, "2015-03-31": "34.06000", "2014-12-31": 38.347, "2014-09-30": 38.158, "2014-06-30": 38.466, "2014-03-31": "37.24700", "2013-12-31": 37.949, "2013-09-30": 37.222, "2013-06-30": 38.614, "2013-03-31": "36.17100", "2012-12-31": 36.623, "2012-09-30": 35.248, "2012-06-30": 32.597, "2012-03-31": "32.55400", "2011-12-31": 32.219, "2011-09-30": 33.505, "2011-06-30": 34.914, "2011-03-31": "33.60500", "2010-12-31": 34.082, "2010-09-30": 32.403, "2010-06-30": 32.483, "2010-03-31": "33.99100", "2009-12-31": 38.423, "2009-09-30": 33.054, "2009-06-30": 31.434, "2009-03-31": "30.10200", "2008-12-31": 31.281, "2008-09-30": 32.537, "2008-06-30": 34.372, "2008-03-31": "32.95500", "2007-12-31": 31.22, "2007-09-30": 32.065, "2007-06-30": 30.944, "2007-03-31": "29.23700", "2006-12-31": 31.103, "2006-09-30": 28.34, "2006-06-30": 28.25, "2006-03-31": "26.91300", "2005-12-31": 24.443, "2005-09-30": 23.985, "2005-06-30": 25.282, "2005-03-31": "25.53200"}, "Other Non-Cash Items": {"2020-09-30": 18.183, "2020-06-30": 14.306, "2020-03-31": "17.02600", "2019-12-31": 12.351, "2019-09-30": 14.499, "2019-06-30": 10.126, "2019-03-31": "11.99600", "2018-12-31": -13.63, "2018-09-30": 7.413, "2018-06-30": 6.859, "2018-03-31": "8.95000", "2017-12-31": 17.918, "2017-09-30": 4.693, "2017-06-30": 11.622, "2017-03-31": "9.69000", "2016-12-31": -6.461, "2016-09-30": 7.07, "2016-06-30": 9.715, "2016-03-31": "13.56500", "2015-12-31": 0.424, "2015-09-30": 10.937, "2015-06-30": 9.047, "2015-03-31": "13.65300", "2014-12-31": 1.673, "2014-09-30": -0.989, "2014-06-30": 6.613, "2014-03-31": "12.83600", "2013-12-31": 20.592, "2013-09-30": 8.714, "2013-06-30": 4.896, "2013-03-31": "6.94000", "2012-12-31": -0.022, "2012-09-30": 3.126, "2012-06-30": 6.532, "2012-03-31": "8.51700", "2011-12-31": 11.56, "2011-09-30": 4.523, "2011-06-30": 4.054, "2011-03-31": "8.18700", "2010-12-31": 7.839, "2010-09-30": 3.675, "2010-06-30": 3.704, "2010-03-31": "4.85500", "2009-12-31": 6.382, "2009-09-30": 6.231, "2009-06-30": 9.494, "2009-03-31": "0.32800", "2008-12-31": 13.182, "2008-09-30": 2.94, "2008-06-30": 3.319, "2008-03-31": "1.64200", "2007-12-31": 5.849, "2007-09-30": -2.272, "2007-06-30": 2.819, "2007-03-31": "5.33500", "2006-12-31": 0.328, "2006-09-30": 1.687, "2006-06-30": 3.476, "2006-03-31": "4.04300", "2005-12-31": 2.961, "2005-09-30": 2.454, "2005-06-30": -2.712, "2005-03-31": "-2.56000"}, "Total Non-Cash Items": {"2020-09-30": 73.362, "2020-06-30": 70.735, "2020-03-31": "67.83200", "2019-12-31": 62.329, "2019-09-30": 63.717, "2019-06-30": 57.993, "2019-03-31": "59.48500", "2018-12-31": 34.984, "2018-09-30": 49.27, "2018-06-30": 46.96, "2018-03-31": "50.12500", "2017-12-31": 56.352, "2017-09-30": 44.78, "2017-06-30": 48.864, "2017-03-31": "47.02100", "2016-12-31": 32.397, "2016-09-30": 46.737, "2016-06-30": 50.105, "2016-03-31": "49.45200", "2015-12-31": 35.653, "2015-09-30": 46.376, "2015-06-30": 43.212, "2015-03-31": "47.71300", "2014-12-31": 40.02, "2014-09-30": 37.169, "2014-06-30": 45.079, "2014-03-31": "50.08300", "2013-12-31": 58.541, "2013-09-30": 45.936, "2013-06-30": 43.51, "2013-03-31": "43.11100", "2012-12-31": 36.601, "2012-09-30": 38.374, "2012-06-30": 39.129, "2012-03-31": "41.07100", "2011-12-31": 43.779, "2011-09-30": 38.028, "2011-06-30": 38.968, "2011-03-31": "41.79200", "2010-12-31": 41.921, "2010-09-30": 36.078, "2010-06-30": 36.187, "2010-03-31": "38.84600", "2009-12-31": 44.805, "2009-09-30": 39.285, "2009-06-30": 40.928, "2009-03-31": "30.43000", "2008-12-31": 44.463, "2008-09-30": 35.477, "2008-06-30": 37.691, "2008-03-31": "34.59700", "2007-12-31": 37.069, "2007-09-30": 29.793, "2007-06-30": 33.763, "2007-03-31": "34.57200", "2006-12-31": 31.431, "2006-09-30": 30.027, "2006-06-30": 31.726, "2006-03-31": "30.95600", "2005-12-31": 27.404, "2005-09-30": 26.439, "2005-06-30": 22.57, "2005-03-31": "22.97200"}, "Change In Accounts Receivable": {"2020-09-30": -6.246, "2020-06-30": 39.139, "2020-03-31": "-64.76400", "2019-12-31": 8.087, "2019-09-30": 29.496, "2019-06-30": 6.529, "2019-03-31": "-35.30100", "2018-12-31": 5.652, "2018-09-30": 19.768, "2018-06-30": -24.904, "2018-03-31": "-67.48400", "2017-12-31": 1.38, "2017-09-30": -0.278, "2017-06-30": -9.895, "2017-03-31": "-35.86500", "2016-12-31": 12.522, "2016-09-30": 26.485, "2016-06-30": -9.865, "2016-03-31": "-70.86300", "2015-12-31": 19.061, "2015-09-30": 3.469, "2015-06-30": -5.491, "2015-03-31": "-44.79800", "2014-12-31": 40.898, "2014-09-30": 13.988, "2014-06-30": -4.058, "2014-03-31": "-67.15000", "2013-12-31": 9.725, "2013-09-30": 25.284, "2013-06-30": -15.793, "2013-03-31": "-52.02200", "2012-12-31": 31.054, "2012-09-30": 26.09, "2012-06-30": 2.043, "2012-03-31": "-42.49800", "2011-12-31": -25.342, "2011-09-30": 38.165, "2011-06-30": 4.224, "2011-03-31": "-62.04400", "2010-12-31": 7.428, "2010-09-30": 17.05, "2010-06-30": -27.256, "2010-03-31": "-47.36500", "2009-12-31": 2.512, "2009-09-30": 1.58, "2009-06-30": 11.491, "2009-03-31": "18.70600", "2008-12-31": 32.33, "2008-09-30": 8.14, "2008-06-30": -15.77, "2008-03-31": "-29.98800", "2007-12-31": 24.86, "2007-09-30": 16.748, "2007-06-30": -12.499, "2007-03-31": "-37.45600", "2006-12-31": -0.376, "2006-09-30": 10.481, "2006-06-30": -17.629, "2006-03-31": "-19.85200", "2005-12-31": 18.893, "2005-09-30": 26.921, "2005-06-30": -19.863, "2005-03-31": "-19.93100"}, "Change In Inventories": {"2020-09-30": 17.178, "2020-06-30": -4.626, "2020-03-31": "-8.61500", "2019-12-31": 16.63, "2019-09-30": 2.478, "2019-06-30": -5.406, "2019-03-31": "-13.09700", "2018-12-31": 16, "2018-09-30": -10.396, "2018-06-30": -12.212, "2018-03-31": "-18.57500", "2017-12-31": -11.597, "2017-09-30": 4.579, "2017-06-30": 1.942, "2017-03-31": "-7.91300", "2016-12-31": 10.45, "2016-09-30": 5.473, "2016-06-30": -14.965, "2016-03-31": "-1.79200", "2015-12-31": 7.177, "2015-09-30": -3.044, "2015-06-30": -24.098, "2015-03-31": "1.04000", "2014-12-31": 16.591, "2014-09-30": 8.179, "2014-06-30": -13.558, "2014-03-31": "-6.00700", "2013-12-31": -2.75, "2013-09-30": -4.577, "2013-06-30": -12.871, "2013-03-31": "-9.72000", "2012-12-31": -7.893, "2012-09-30": 8.974, "2012-06-30": -11.975, "2012-03-31": "-8.81800", "2011-12-31": 6.898, "2011-09-30": 5.658, "2011-06-30": -16.508, "2011-03-31": "-18.38000", "2010-12-31": -4.478, "2010-09-30": -13.714, "2010-06-30": -16.051, "2010-03-31": "-13.14500", "2009-12-31": -3.224, "2009-09-30": 10.357, "2009-06-30": 0.104, "2009-03-31": "14.53100", "2008-12-31": 11.292, "2008-09-30": 13.768, "2008-06-30": -3.656, "2008-03-31": "-4.60400", "2007-12-31": -4.622, "2007-09-30": 4.457, "2007-06-30": -11.531, "2007-03-31": "-14.56500", "2006-12-31": -4.838, "2006-09-30": -5.273, "2006-06-30": -8.486, "2006-03-31": "-4.20400", "2005-12-31": 4.509, "2005-09-30": 5.887, "2005-06-30": -1.718, "2005-03-31": "-9.02900"}, "Change In Accounts Payable": {"2020-09-30": 0, "2020-06-30": 0, "2020-03-31": "", "2019-12-31": 0, "2019-09-30": 0, "2019-06-30": 0, "2019-03-31": "", "2018-12-31": 0, "2018-09-30": 0, "2018-06-30": 0, "2018-03-31": "", "2017-12-31": 0, "2017-09-30": 0, "2017-06-30": 0, "2017-03-31": "", "2016-12-31": 0, "2016-09-30": 0, "2016-06-30": 0, "2016-03-31": "", "2015-12-31": 0, "2015-09-30": 0, "2015-06-30": 0, "2015-03-31": "", "2014-12-31": 0, "2014-09-30": 0, "2014-06-30": 0, "2014-03-31": "", "2013-12-31": 0, "2013-09-30": 0, "2013-06-30": 0, "2013-03-31": "", "2012-12-31": 0, "2012-09-30": 0, "2012-06-30": 0, "2012-03-31": "", "2011-12-31": 0, "2011-09-30": 0, "2011-06-30": 0, "2011-03-31": "", "2010-12-31": 0, "2010-09-30": 0, "2010-06-30": 0, "2010-03-31": "", "2009-12-31": 0, "2009-09-30": 0, "2009-06-30": 0, "2009-03-31": "", "2008-12-31": 0, "2008-09-30": 0, "2008-06-30": 0, "2008-03-31": "", "2007-12-31": 0, "2007-09-30": 0, "2007-06-30": 0, "2007-03-31": "", "2006-12-31": 0, "2006-09-30": 0, "2006-06-30": 0, "2006-03-31": "", "2005-12-31": 0, "2005-09-30": 0, "2005-06-30": 0, "2005-03-31": ""}, "Change In Assets/Liabilities": {"2020-09-30": 1.274, "2020-06-30": -19.085, "2020-03-31": "-4.85000", "2019-12-31": 15.389, "2019-09-30": 1.435, "2019-06-30": 4.413, "2019-03-31": "-6.82600", "2018-12-31": 21.172, "2018-09-30": -18.76, "2018-06-30": -4.404, "2018-03-31": "-2.33400", "2017-12-31": -34.347, "2017-09-30": -10.592, "2017-06-30": 5.899, "2017-03-31": "-45.12200", "2016-12-31": 18.237, "2016-09-30": -9.472, "2016-06-30": -8.377, "2016-03-31": "-19.41100", "2015-12-31": -17.484, "2015-09-30": -11.345, "2015-06-30": 3.396, "2015-03-31": "-19.10000", "2014-12-31": 3.1, "2014-09-30": -12.854, "2014-06-30": 3.004, "2014-03-31": "5.48900", "2013-12-31": -9.773, "2013-09-30": -16.815, "2013-06-30": -0.193, "2013-03-31": "-5.27500", "2012-12-31": 21.366, "2012-09-30": 7.304, "2012-06-30": -2.537, "2012-03-31": "-28.95800", "2011-12-31": 28.149, "2011-09-30": -4.333, "2011-06-30": -25.826, "2011-03-31": "-11.47200", "2010-12-31": 5.01, "2010-09-30": 0.741, "2010-06-30": -16.246, "2010-03-31": "-8.35300", "2009-12-31": -21.01, "2009-09-30": 4.38, "2009-06-30": 1.183, "2009-03-31": "-1.19500", "2008-12-31": -14.537, "2008-09-30": 1.096, "2008-06-30": 8.218, "2008-03-31": "-5.33000", "2007-12-31": -4.081, "2007-09-30": 0.952, "2007-06-30": -2.196, "2007-03-31": "-4.60900", "2006-12-31": 2.796, "2006-09-30": -1.992, "2006-06-30": 1.717, "2006-03-31": "-4.63900", "2005-12-31": -11.697, "2005-09-30": 1.88, "2005-06-30": 2.85, "2005-03-31": "3.87700"}, "Total Change In Assets/Liabilities": {"2020-09-30": 16.644, "2020-06-30": 30.058, "2020-03-31": "-38.04900", "2019-12-31": 23.209, "2019-09-30": 38.755, "2019-06-30": 11.59, "2019-03-31": "-44.84800", "2018-12-31": 28.384, "2018-09-30": -33.216, "2018-06-30": 0.749, "2018-03-31": "-58.39400", "2017-12-31": -46.291, "2017-09-30": 17.931, "2017-06-30": -3.307, "2017-03-31": "-60.65000", "2016-12-31": 40.895, "2016-09-30": 18.367, "2016-06-30": -36.817, "2016-03-31": "-81.44100", "2015-12-31": 13.35, "2015-09-30": -8.452, "2015-06-30": -0.342, "2015-03-31": "-53.04600", "2014-12-31": 33.419, "2014-09-30": 4.889, "2014-06-30": -19.509, "2014-03-31": "-66.44500", "2013-12-31": -3.798, "2013-09-30": -6.255, "2013-06-30": -9.891, "2013-03-31": "-56.98000", "2012-12-31": 44.919, "2012-09-30": 32.878, "2012-06-30": -10.274, "2012-03-31": "-71.22600", "2011-12-31": -6.144, "2011-09-30": 31.997, "2011-06-30": -20.6, "2011-03-31": "-90.40800", "2010-12-31": 9.601, "2010-09-30": -29.462, "2010-06-30": 6.804, "2010-03-31": "-34.86900", "2009-12-31": -23.228, "2009-09-30": 10.255, "2009-06-30": 20.964, "2009-03-31": "-8.24700", "2008-12-31": -9.065, "2008-09-30": 29.737, "2008-06-30": -23.67, "2008-03-31": "-32.52000", "2007-12-31": 13.812, "2007-09-30": 25.392, "2007-06-30": -12.671, "2007-03-31": "-29.97300", "2006-12-31": -9.61, "2006-09-30": 12.799, "2006-06-30": -13.544, "2006-03-31": "-19.22000", "2005-12-31": -10.644, "2005-09-30": 29.31, "2005-06-30": -10.831, "2005-03-31": "-13.19900"}, "Cash Flow From Operating Activities": {"2020-09-30": 153.741, "2020-06-30": 142.653, "2020-03-31": "85.03300", "2019-12-31": 134.076, "2019-09-30": 159.241, "2019-06-30": 143.504, "2019-03-31": "77.63600", "2018-12-31": 104.043, "2018-09-30": 55.076, "2018-06-30": 103.49, "2018-03-31": "51.01900", "2017-12-31": 59.567, "2017-09-30": 116.24, "2017-06-30": 110.746, "2017-03-31": "38.17600", "2016-12-31": 122.879, "2016-09-30": 118.204, "2016-06-30": 72.339, "2016-03-31": "11.87700", "2015-12-31": 92.396, "2015-09-30": 91.186, "2015-06-30": 100.411, "2015-03-31": "39.76600", "2014-12-31": 114.951, "2014-09-30": 90.678, "2014-06-30": 78.654, "2014-03-31": "32.04600", "2013-12-31": 91.579, "2013-09-30": 84.913, "2013-06-30": 83.499, "2013-03-31": "26.10900", "2012-12-31": 116.374, "2012-09-30": 113.353, "2012-06-30": 70.507, "2012-03-31": "13.65800", "2011-12-31": 76.267, "2011-09-30": 119.268, "2011-06-30": 69.655, "2011-03-31": "-4.14800", "2010-12-31": 92.236, "2010-09-30": 53.637, "2010-06-30": 89.75, "2010-03-31": "43.07200", "2009-12-31": 57.641, "2009-09-30": 83.007, "2009-06-30": 90.364, "2009-03-31": "48.77700", "2008-12-31": 67.05, "2008-09-30": 104.908, "2008-06-30": 59.275, "2008-03-31": "38.97800", "2007-12-31": 86.644, "2007-09-30": 94.58, "2007-06-30": 58.06, "2007-03-31": "34.17900", "2006-12-31": 48.996, "2006-09-30": 71.069, "2006-06-30": 45.85, "2006-03-31": "31.54600", "2005-12-31": 40.472, "2005-09-30": 80.679, "2005-06-30": 41.063, "2005-03-31": "31.84100"}, "Net Change In Property, Plant, And Equipment": {"2020-09-30": -51.664, "2020-06-30": -57.397, "2020-03-31": "-61.45900", "2019-12-31": -54.792, "2019-09-30": -59.491, "2019-06-30": -72.128, "2019-03-31": "-51.56400", "2018-12-31": -65.521, "2018-09-30": -53.473, "2018-06-30": -50.621, "2018-03-31": "-37.17100", "2017-12-31": -36.13, "2017-09-30": -52.731, "2017-06-30": -31.868, "2017-03-31": "-33.85900", "2016-12-31": -36.976, "2016-09-30": -34.821, "2016-06-30": -32.512, "2016-03-31": "-22.98400", "2015-12-31": -42.276, "2015-09-30": -47.897, "2015-06-30": -33.278, "2015-03-31": "-25.04500", "2014-12-31": -32.371, "2014-09-30": -39.682, "2014-06-30": -44.245, "2014-03-31": "-40.53600", "2013-12-31": -42.931, "2013-09-30": -39.348, "2013-06-30": -36.125, "2013-03-31": "-32.67000", "2012-12-31": -40.838, "2012-09-30": -36.464, "2012-06-30": -52.397, "2012-03-31": "-41.72500", "2011-12-31": -52.8, "2011-09-30": -48.64, "2011-06-30": -52.113, "2011-03-31": "-24.30100", "2010-12-31": -31.425, "2010-09-30": -26.678, "2010-06-30": -29.782, "2010-03-31": "-29.52100", "2009-12-31": -41.53, "2009-09-30": -32.751, "2009-06-30": -37.2, "2009-03-31": "-31.77500", "2008-12-31": -46.32, "2008-09-30": -66.922, "2008-06-30": -48.111, "2008-03-31": "-41.66200", "2007-12-31": -43.656, "2007-09-30": -32.671, "2007-06-30": -30.115, "2007-03-31": "-25.27000", "2006-12-31": -25.846, "2006-09-30": -24.909, "2006-06-30": -24.556, "2006-03-31": "-25.40400", "2005-12-31": -31.232, "2005-09-30": -24.664, "2005-06-30": -23.493, "2005-03-31": "-24.30700"}, "Net Change In Intangible Assets": {"2020-09-30": -0.078, "2020-06-30": 0.343, "2020-03-31": "-3.95500", "2019-12-31": -0.185, "2019-09-30": -4.019, "2019-06-30": -0.381, "2019-03-31": "-0.22100", "2018-12-31": -0.265, "2018-09-30": -0.222, "2018-06-30": 0, "2018-03-31": "-0.12400", "2017-12-31": 0, "2017-09-30": 0, "2017-06-30": 0, "2017-03-31": "", "2016-12-31": -0.001, "2016-09-30": 0.002, "2016-06-30": 0.021, "2016-03-31": "-2.51400", "2015-12-31": 0, "2015-09-30": 0, "2015-06-30": 0, "2015-03-31": "", "2014-12-31": -0.009, "2014-09-30": 0, "2014-06-30": 0, "2014-03-31": "", "2013-12-31": -0.725, "2013-09-30": 0, "2013-06-30": 0, "2013-03-31": "", "2012-12-31": 0, "2012-09-30": 0, "2012-06-30": 0, "2012-03-31": "", "2011-12-31": -0.129, "2011-09-30": 0.129, "2011-06-30": 0, "2011-03-31": "", "2010-12-31": -0.382, "2010-09-30": -0.001, "2010-06-30": -0.046, "2010-03-31": "-0.03000", "2009-12-31": -0.038, "2009-09-30": 0, "2009-06-30": -0.054, "2009-03-31": "-0.21600", "2008-12-31": -0.568, "2008-09-30": -0.312, "2008-06-30": -0.033, "2008-03-31": "-0.41000", "2007-12-31": -0.219, "2007-09-30": -0.47, "2007-06-30": -0.46, "2007-03-31": "-0.04600", "2006-12-31": -1.929, "2006-09-30": -0.843, "2006-06-30": -0.93, "2006-03-31": "-0.99400", "2005-12-31": -0.464, "2005-09-30": -0.379, "2005-06-30": -0.461, "2005-03-31": "-0.25700"}, "Net Acquisitions/Divestitures": {"2020-09-30": -4.611, "2020-06-30": -158.107, "2020-03-31": "-1.46300", "2019-12-31": -57.266, "2019-09-30": 0.069, "2019-06-30": -45.095, "2019-03-31": "-4.03600", "2018-12-31": 0, "2018-09-30": -524.406, "2018-06-30": -3.51, "2018-03-31": "", "2017-12-31": 0, "2017-09-30": 0, "2017-06-30": 0, "2017-03-31": "", "2016-12-31": 0, "2016-09-30": 0, "2016-06-30": 0, "2016-03-31": "-202.98500", "2015-12-31": 0, "2015-09-30": 0, "2015-06-30": 0, "2015-03-31": "", "2014-12-31": 0, "2014-09-30": 0, "2014-06-30": 0, "2014-03-31": "", "2013-12-31": 0, "2013-09-30": 0, "2013-06-30": 0, "2013-03-31": "", "2012-12-31": 0, "2012-09-30": -187.84, "2012-06-30": 0, "2012-03-31": "", "2011-12-31": -14.883, "2011-09-30": 0, "2011-06-30": 0, "2011-03-31": "", "2010-12-31": 0, "2010-09-30": 0, "2010-06-30": 0, "2010-03-31": "-3.01400", "2009-12-31": 0, "2009-09-30": -7.577, "2009-06-30": 0, "2009-03-31": "", "2008-12-31": -6.335, "2008-09-30": 0, "2008-06-30": -9.08, "2008-03-31": "-4.08600", "2007-12-31": 6.653, "2007-09-30": 0, "2007-06-30": 0, "2007-03-31": "-5.15100", "2006-12-31": -4.232, "2006-09-30": -11.24, "2006-06-30": 0, "2006-03-31": "-21.31500", "2005-12-31": -58.587, "2005-09-30": -1.829, "2005-06-30": 0.429, "2005-03-31": "-29.77400"}, "Net Change In Short-term Investments": {"2020-09-30": 0, "2020-06-30": 0, "2020-03-31": "", "2019-12-31": 0, "2019-09-30": 0, "2019-06-30": 0, "2019-03-31": "", "2018-12-31": 0, "2018-09-30": 0, "2018-06-30": 0, "2018-03-31": "", "2017-12-31": 0, "2017-09-30": 0, "2017-06-30": 0, "2017-03-31": "", "2016-12-31": 0, "2016-09-30": 0, "2016-06-30": 0, "2016-03-31": "29.48500", "2015-12-31": 34.645, "2015-09-30": -0.517, "2015-06-30": -66.897, "2015-03-31": "", "2014-12-31": 0, "2014-09-30": 0, "2014-06-30": 0, "2014-03-31": "", "2013-12-31": 0, "2013-09-30": 0, "2013-06-30": 0, "2013-03-31": "", "2012-12-31": 0, "2012-09-30": 0, "2012-06-30": 0, "2012-03-31": "", "2011-12-31": 0, "2011-09-30": 0, "2011-06-30": 0, "2011-03-31": "", "2010-12-31": 0, "2010-09-30": 0, "2010-06-30": 0, "2010-03-31": "", "2009-12-31": 0, "2009-09-30": 0, "2009-06-30": 0, "2009-03-31": "", "2008-12-31": 0, "2008-09-30": 0, "2008-06-30": 0, "2008-03-31": "", "2007-12-31": 0, "2007-09-30": 0, "2007-06-30": 0, "2007-03-31": "", "2006-12-31": 0, "2006-09-30": 0, "2006-06-30": 0, "2006-03-31": "", "2005-12-31": 0, "2005-09-30": 0, "2005-06-30": 0, "2005-03-31": ""}, "Net Change In Long-Term Investments": {"2020-09-30": -4.411, "2020-06-30": -13.621, "2020-03-31": "-20.42300", "2019-12-31": 0, "2019-09-30": -3.53, "2019-06-30": 0, "2019-03-31": "16.48700", "2018-12-31": 0, "2018-09-30": 0, "2018-06-30": -10, "2018-03-31": "10.63100", "2017-12-31": 0.709, "2017-09-30": 0, "2017-06-30": 0, "2017-03-31": "-5.00000", "2016-12-31": 2.19, "2016-09-30": 0, "2016-06-30": 0, "2016-03-31": "", "2015-12-31": 1.839, "2015-09-30": 1.9, "2015-06-30": 0, "2015-03-31": "", "2014-12-31": 0, "2014-09-30": 0, "2014-06-30": 0, "2014-03-31": "", "2013-12-31": -5.243, "2013-09-30": 0, "2013-06-30": -0.013, "2013-03-31": "", "2012-12-31": 0, "2012-09-30": 0, "2012-06-30": 0, "2012-03-31": "-0.27900", "2011-12-31": -3.145, "2011-09-30": 0, "2011-06-30": 0, "2011-03-31": "", "2010-12-31": 0, "2010-09-30": 0, "2010-06-30": 0, "2010-03-31": "", "2009-12-31": 0, "2009-09-30": 0, "2009-06-30": 0, "2009-03-31": "", "2008-12-31": 0.006, "2008-09-30": -0.807, "2008-06-30": 0, "2008-03-31": "", "2007-12-31": 0, "2007-09-30": 0, "2007-06-30": 0, "2007-03-31": "", "2006-12-31": 0, "2006-09-30": 0, "2006-06-30": 0, "2006-03-31": "", "2005-12-31": 0, "2005-09-30": 0.011, "2005-06-30": 0, "2005-03-31": ""}, "Net Change In Investments - Total": {"2020-09-30": -4.411, "2020-06-30": -13.621, "2020-03-31": "-20.42300", "2019-12-31": 0, "2019-09-30": -3.53, "2019-06-30": 0, "2019-03-31": "16.48700", "2018-12-31": 0, "2018-09-30": 0, "2018-06-30": -10, "2018-03-31": "10.63100", "2017-12-31": 0.709, "2017-09-30": 0, "2017-06-30": 0, "2017-03-31": "-5.00000", "2016-12-31": 2.19, "2016-09-30": 0, "2016-06-30": 0, "2016-03-31": "29.48500", "2015-12-31": 36.484, "2015-09-30": 1.383, "2015-06-30": -66.897, "2015-03-31": "", "2014-12-31": 0, "2014-09-30": 0, "2014-06-30": 0, "2014-03-31": "", "2013-12-31": -5.243, "2013-09-30": 0, "2013-06-30": -0.013, "2013-03-31": "", "2012-12-31": 0, "2012-09-30": 0, "2012-06-30": 0, "2012-03-31": "-0.27900", "2011-12-31": -3.145, "2011-09-30": 0, "2011-06-30": 0, "2011-03-31": "", "2010-12-31": 0, "2010-09-30": 0, "2010-06-30": 0, "2010-03-31": "", "2009-12-31": 0, "2009-09-30": 0, "2009-06-30": 0, "2009-03-31": "", "2008-12-31": 0.006, "2008-09-30": -0.807, "2008-06-30": 0, "2008-03-31": "", "2007-12-31": 0, "2007-09-30": 0, "2007-06-30": 0, "2007-03-31": "", "2006-12-31": 0, "2006-09-30": 0, "2006-06-30": 0, "2006-03-31": "", "2005-12-31": 0, "2005-09-30": 0.011, "2005-06-30": 0, "2005-03-31": ""}, "Investing Activities - Other": {"2020-09-30": -0.001, "2020-06-30": -0.26, "2020-03-31": "-0.78500", "2019-12-31": -0.027, "2019-09-30": 0.131, "2019-06-30": -0.451, "2019-03-31": "0.23100", "2018-12-31": -0.995, "2018-09-30": 0.107, "2018-06-30": -0.099, "2018-03-31": "0.20800", "2017-12-31": -0.217, "2017-09-30": -66.1, "2017-06-30": -0.049, "2017-03-31": "0.44500", "2016-12-31": -0.184, "2016-09-30": 0.453, "2016-06-30": 0.005, "2016-03-31": "0.31900", "2015-12-31": 0.685, "2015-09-30": 1.312, "2015-06-30": -0.852, "2015-03-31": "0.15100", "2014-12-31": 0.463, "2014-09-30": -2.657, "2014-06-30": -0.163, "2014-03-31": "", "2013-12-31": 0.094, "2013-09-30": 0, "2013-06-30": -0.159, "2013-03-31": "", "2012-12-31": 0.077, "2012-09-30": -0.088, "2012-06-30": 0.075, "2012-03-31": "0.02000", "2011-12-31": 0.011, "2011-09-30": -0.006, "2011-06-30": 0.284, "2011-03-31": "-0.23000", "2010-12-31": -0.12, "2010-09-30": 0.024, "2010-06-30": -0.024, "2010-03-31": "", "2009-12-31": 0.023, "2009-09-30": 0, "2009-06-30": 0.007, "2009-03-31": "0.04700", "2008-12-31": 0.059, "2008-09-30": -1.091, "2008-06-30": -0.02, "2008-03-31": "0.15100", "2007-12-31": 0.033, "2007-09-30": 0.036, "2007-06-30": 0.037, "2007-03-31": "0.05600", "2006-12-31": 0.09, "2006-09-30": 0.066, "2006-06-30": 0.073, "2006-03-31": "0.12600", "2005-12-31": 0.232, "2005-09-30": 0.766, "2005-06-30": 0.246, "2005-03-31": "0.19700"}, "Cash Flow From Investing Activities": {"2020-09-30": -60.765, "2020-06-30": -229.042, "2020-03-31": "-88.08500", "2019-12-31": -112.27, "2019-09-30": -66.84, "2019-06-30": -118.055, "2019-03-31": "-39.10300", "2018-12-31": -66.781, "2018-09-30": -577.994, "2018-06-30": -64.23, "2018-03-31": "-26.45600", "2017-12-31": -35.638, "2017-09-30": -118.831, "2017-06-30": -31.917, "2017-03-31": "-38.41400", "2016-12-31": -34.971, "2016-09-30": -34.366, "2016-06-30": -32.486, "2016-03-31": "-198.67900", "2015-12-31": -5.107, "2015-09-30": -45.202, "2015-06-30": -101.027, "2015-03-31": "-24.89400", "2014-12-31": -31.917, "2014-09-30": -42.339, "2014-06-30": -44.408, "2014-03-31": "-40.53600", "2013-12-31": -48.805, "2013-09-30": -39.348, "2013-06-30": -36.297, "2013-03-31": "-32.67000", "2012-12-31": -40.761, "2012-09-30": -224.392, "2012-06-30": -52.322, "2012-03-31": "-41.98400", "2011-12-31": -70.946, "2011-09-30": -48.517, "2011-06-30": -51.829, "2011-03-31": "-24.53100", "2010-12-31": -31.927, "2010-09-30": -26.655, "2010-06-30": -29.852, "2010-03-31": "-32.56500", "2009-12-31": -41.545, "2009-09-30": -40.328, "2009-06-30": -37.247, "2009-03-31": "-31.94400", "2008-12-31": -53.158, "2008-09-30": -69.132, "2008-06-30": -57.244, "2008-03-31": "-46.00700", "2007-12-31": -37.189, "2007-09-30": -33.105, "2007-06-30": -30.538, "2007-03-31": "-30.41100", "2006-12-31": -31.917, "2006-09-30": -36.926, "2006-06-30": -25.413, "2006-03-31": "-47.58700", "2005-12-31": -90.051, "2005-09-30": -26.095, "2005-06-30": -23.279, "2005-03-31": "-54.14100"}, "Net Long-Term Debt": {"2020-09-30": -58.985, "2020-06-30": -0.365, "2020-03-31": "-2.38600", "2019-12-31": -2.353, "2019-09-30": -58.3, "2019-06-30": -3.319, "2019-03-31": "7.21900", "2018-12-31": -2.195, "2018-09-30": -56.148, "2018-06-30": 0.545, "2018-03-31": "-1.33100", "2017-12-31": -160.859, "2017-09-30": 622.881, "2017-06-30": 0.076, "2017-03-31": "-2.26800", "2016-12-31": -1.789, "2016-09-30": -45.297, "2016-06-30": -1.319, "2016-03-31": "-0.94600", "2015-12-31": -17.236, "2015-09-30": 1.143, "2015-06-30": 0.103, "2015-03-31": "224.24500", "2014-12-31": 249.926, "2014-09-30": 3.124, "2014-06-30": -0.015, "2014-03-31": "-0.29300", "2013-12-31": 0.165, "2013-09-30": -23.954, "2013-06-30": -0.952, "2013-03-31": "-0.58500", "2012-12-31": -3.071, "2012-09-30": 124.49, "2012-06-30": 1.3, "2012-03-31": "-0.76100", "2011-12-31": 9.625, "2011-09-30": -0.982, "2011-06-30": -49.762, "2011-03-31": "1.40200", "2010-12-31": 98.948, "2010-09-30": 0.062, "2010-06-30": -22.178, "2010-03-31": "-1.98000", "2009-12-31": 0.325, "2009-09-30": 1.65, "2009-06-30": -22.524, "2009-03-31": "3.18200", "2008-12-31": -0.998, "2008-09-30": 99.133, "2008-06-30": -21.991, "2008-03-31": "-0.72100", "2007-12-31": -0.324, "2007-09-30": -1.408, "2007-06-30": -22.243, "2007-03-31": "-0.75700", "2006-12-31": -1.723, "2006-09-30": 49.048, "2006-06-30": -0.019, "2006-03-31": "-1.97800", "2005-12-31": 5.602, "2005-09-30": -4.696, "2005-06-30": -1.102, "2005-03-31": "-0.30600"}, "Net Current Debt": {"2020-09-30": -55.647, "2020-06-30": -69.442, "2020-03-31": "181.11800", "2019-12-31": -3.006, "2019-09-30": -8.352, "2019-06-30": 39.416, "2019-03-31": "-82.56900", "2018-12-31": -50.854, "2018-09-30": 147.433, "2018-06-30": -1.049, "2018-03-31": "4.60800", "2017-12-31": -105.308, "2017-09-30": 103.109, "2017-06-30": -3.349, "2017-03-31": "-163.66500", "2016-12-31": 30.526, "2016-09-30": 73.292, "2016-06-30": -15.85, "2016-03-31": "75.18000", "2015-12-31": 0.549, "2015-09-30": -0.399, "2015-06-30": 1.782, "2015-03-31": "-229.29400", "2014-12-31": -10.639, "2014-09-30": 29.436, "2014-06-30": 41.41, "2014-03-31": "35.60900", "2013-12-31": 62.276, "2013-09-30": 69.315, "2013-06-30": -52.161, "2013-03-31": "14.75400", "2012-12-31": 32.877, "2012-09-30": -113.119, "2012-06-30": -21.825, "2012-03-31": "-31.96700", "2011-12-31": 37.203, "2011-09-30": 49.937, "2011-06-30": 19.479, "2011-03-31": "27.94400", "2010-12-31": -64.907, "2010-09-30": 26.927, "2010-06-30": -51.386, "2010-03-31": "31.50600", "2009-12-31": 37.016, "2009-09-30": 1.882, "2009-06-30": 13.771, "2009-03-31": "11.00100", "2008-12-31": -110.507, "2008-09-30": -67.952, "2008-06-30": 1.281, "2008-03-31": "28.05500", "2007-12-31": 8.986, "2007-09-30": 28.235, "2007-06-30": 34.105, "2007-03-31": "17.37300", "2006-12-31": -8.313, "2006-09-30": -8.614, "2006-06-30": -1.562, "2006-03-31": "20.61700", "2005-12-31": 3.626, "2005-09-30": 9.404, "2005-06-30": 3.704, "2005-03-31": "17.37400"}, "Debt Issuance/Retirement Net - Total": {"2020-09-30": -114.632, "2020-06-30": -69.807, "2020-03-31": "178.73200", "2019-12-31": -5.359, "2019-09-30": -66.652, "2019-06-30": 36.097, "2019-03-31": "-75.35000", "2018-12-31": -53.049, "2018-09-30": 91.285, "2018-06-30": -0.504, "2018-03-31": "3.27700", "2017-12-31": -266.1671, "2017-09-30": 725.9901, "2017-06-30": -3.273, "2017-03-31": "-165.93300", "2016-12-31": 28.737, "2016-09-30": 27.995, "2016-06-30": -17.169, "2016-03-31": "74.23400", "2015-12-31": -16.687, "2015-09-30": 0.744, "2015-06-30": 1.885, "2015-03-31": "-5.04900", "2014-12-31": 239.287, "2014-09-30": 32.56, "2014-06-30": 41.395, "2014-03-31": "35.31600", "2013-12-31": 62.441, "2013-09-30": 45.361, "2013-06-30": -53.113, "2013-03-31": "14.16900", "2012-12-31": 29.806, "2012-09-30": 11.371, "2012-06-30": -20.525, "2012-03-31": "-32.72800", "2011-12-31": 46.828, "2011-09-30": 48.955, "2011-06-30": -30.283, "2011-03-31": "29.34600", "2010-12-31": 34.041, "2010-09-30": 26.989, "2010-06-30": -73.564, "2010-03-31": "29.52600", "2009-12-31": 37.341, "2009-09-30": 3.532, "2009-06-30": -8.753, "2009-03-31": "14.18300", "2008-12-31": -111.505, "2008-09-30": 31.181, "2008-06-30": -20.71, "2008-03-31": "27.33400", "2007-12-31": 8.662, "2007-09-30": 26.827, "2007-06-30": 11.862, "2007-03-31": "16.61600", "2006-12-31": -10.036, "2006-09-30": 40.434, "2006-06-30": -1.581, "2006-03-31": "18.63900", "2005-12-31": 9.228, "2005-09-30": 4.708, "2005-06-30": 2.602, "2005-03-31": "17.06800"}, "Net Common Equity Issued/Repurchased": {"2020-09-30": 21.04, "2020-06-30": 11.456, "2020-03-31": "18.60200", "2019-12-31": -22.605, "2019-09-30": -24.674, "2019-06-30": 45.677, "2019-03-31": "5.93900", "2018-12-31": 9.261, "2018-09-30": 32.476, "2018-06-30": -33.45, "2018-03-31": "18.17800", "2017-12-31": -41.051, "2017-09-30": -39.34, "2017-06-30": -9.924, "2017-03-31": "2.68600", "2016-12-31": -40.691, "2016-09-30": -25.597, "2016-06-30": -22.055, "2016-03-31": "12.31900", "2015-12-31": 10.619, "2015-09-30": 11.443, "2015-06-30": 9.139, "2015-03-31": "19.67100", "2014-12-31": -237.131, "2014-09-30": -32.806, "2014-06-30": -29.336, "2014-03-31": "-5.22900", "2013-12-31": -34.275, "2013-09-30": -28.366, "2013-06-30": -22.26, "2013-03-31": "8.77200", "2012-12-31": -29.499, "2012-09-30": -20.564, "2012-06-30": 5.329, "2012-03-31": "9.57800", "2011-12-31": -13.975, "2011-09-30": -35.574, "2011-06-30": -23.701, "2011-03-31": "-3.26700", "2010-12-31": -22.458, "2010-09-30": -19.599, "2010-06-30": -19.017, "2010-03-31": "3.42100", "2009-12-31": -14.633, "2009-09-30": -1.85, "2009-06-30": -2.928, "2009-03-31": "-1.33300", "2008-12-31": 1.1, "2008-09-30": -18.483, "2008-06-30": -12.578, "2008-03-31": "-13.69500", "2007-12-31": -12.999, "2007-09-30": -18.139, "2007-06-30": -20.607, "2007-03-31": "-5.59600", "2006-12-31": -4.448, "2006-09-30": -20.844, "2006-06-30": -16.404, "2006-03-31": "3.54900", "2005-12-31": 0.382, "2005-09-30": -6.948, "2005-06-30": -28.563, "2005-03-31": "-8.40800"}, "Net Total Equity Issued/Repurchased": {"2020-09-30": 21.04, "2020-06-30": 11.456, "2020-03-31": "18.60200", "2019-12-31": -22.605, "2019-09-30": -24.674, "2019-06-30": 45.677, "2019-03-31": "5.93900", "2018-12-31": 9.261, "2018-09-30": 32.476, "2018-06-30": -33.45, "2018-03-31": "18.17800", "2017-12-31": -41.051, "2017-09-30": -39.34, "2017-06-30": -9.924, "2017-03-31": "2.68600", "2016-12-31": -40.691, "2016-09-30": -25.597, "2016-06-30": -22.055, "2016-03-31": "12.31900", "2015-12-31": 10.619, "2015-09-30": 11.443, "2015-06-30": 9.139, "2015-03-31": "19.67100", "2014-12-31": -237.131, "2014-09-30": -32.806, "2014-06-30": -29.336, "2014-03-31": "-5.22900", "2013-12-31": -34.275, "2013-09-30": -28.366, "2013-06-30": -22.26, "2013-03-31": "8.77200", "2012-12-31": -29.499, "2012-09-30": -20.564, "2012-06-30": 5.329, "2012-03-31": "9.57800", "2011-12-31": -13.975, "2011-09-30": -35.574, "2011-06-30": -23.701, "2011-03-31": "-3.26700", "2010-12-31": -22.458, "2010-09-30": -19.599, "2010-06-30": -19.017, "2010-03-31": "3.42100", "2009-12-31": -14.633, "2009-09-30": -1.85, "2009-06-30": -2.928, "2009-03-31": "-1.33300", "2008-12-31": 1.1, "2008-09-30": -18.483, "2008-06-30": -12.578, "2008-03-31": "-13.69500", "2007-12-31": -12.999, "2007-09-30": -18.139, "2007-06-30": -20.607, "2007-03-31": "-5.59600", "2006-12-31": -4.448, "2006-09-30": -20.844, "2006-06-30": -16.404, "2006-03-31": "3.54900", "2005-12-31": 0.382, "2005-09-30": -6.948, "2005-06-30": -28.563, "2005-03-31": "-8.40800"}, "Total Common And Preferred Stock Dividends Paid": {"2020-09-30": -23.217, "2020-06-30": -23.112, "2020-03-31": "-23.03100", "2019-12-31": -23.013, "2019-09-30": -23.057, "2019-06-30": -22.761, "2019-03-31": "-21.37700", "2018-12-31": -21.357, "2018-09-30": -21.179, "2018-06-30": -19.98, "2018-03-31": "-19.83000", "2017-12-31": -19.942, "2017-09-30": -20.07, "2017-06-30": -19.995, "2017-03-31": "-19.93700", "2016-12-31": -20.062, "2016-09-30": -18.88, "2016-06-30": -18.947, "2016-03-31": "-18.77000", "2015-12-31": -18.735, "2015-09-30": -17.583, "2015-06-30": -17.527, "2015-03-31": "-17.40200", "2014-12-31": -18.129, "2014-09-30": -18.25, "2014-06-30": -18.327, "2014-03-31": "-16.36600", "2013-12-31": -16.459, "2013-09-30": -16.571, "2013-06-30": -16.61, "2013-03-31": "-16.49300", "2012-12-31": -14.612, "2012-09-30": -14.655, "2012-06-30": -14.645, "2012-03-31": "-14.53000", "2011-12-31": -14.539, "2011-09-30": -14.669, "2011-06-30": -12.062, "2011-03-31": "-12.03800", "2010-12-31": -12.073, "2010-09-30": -12.124, "2010-06-30": -10.185, "2010-03-31": "-10.10300", "2009-12-31": -10.144, "2009-09-30": -10.155, "2009-06-30": -10.162, "2009-03-31": "-10.14300", "2008-12-31": -10.193, "2008-09-30": -10.152, "2008-06-30": -8.854, "2008-03-31": "-8.86400", "2007-12-31": -8.897, "2007-09-30": -8.939, "2007-06-30": -8.999, "2007-03-31": "-7.60400", "2006-12-31": -7.596, "2006-09-30": -7.653, "2006-06-30": -7.029, "2006-03-31": "-7.00100", "2005-12-31": -6.961, "2005-09-30": -7.018, "2005-06-30": -5.299, "2005-03-31": "-5.35300"}, "Financial Activities - Other": {"2020-09-30": -1.265, "2020-06-30": -1.5, "2020-03-31": "", "2019-12-31": 0, "2019-09-30": 0, "2019-06-30": 0, "2019-03-31": "", "2018-12-31": 0, "2018-09-30": 0, "2018-06-30": 0, "2018-03-31": "", "2017-12-31": -5.315, "2017-09-30": -2.937, "2017-06-30": 0, "2017-03-31": "", "2016-12-31": 1.211, "2016-09-30": 1.076, "2016-06-30": 3.12, "2016-03-31": "3.76400", "2015-12-31": 2.454, "2015-09-30": 1.359, "2015-06-30": 0.337, "2015-03-31": "3.02200", "2014-12-31": 1.618, "2014-09-30": 1.157, "2014-06-30": 2.212, "2014-03-31": "1.29100", "2013-12-31": 1.046, "2013-09-30": 1.146, "2013-06-30": 1.508, "2013-03-31": "1.90600", "2012-12-31": 1.755, "2012-09-30": 1.277, "2012-06-30": -2.053, "2012-03-31": "5.31200", "2011-12-31": 1.869, "2011-09-30": 0.218, "2011-06-30": 2.762, "2011-03-31": "1.58400", "2010-12-31": 2.023, "2010-09-30": 1.26, "2010-06-30": 0.365, "2010-03-31": "1.90700", "2009-12-31": 0.708, "2009-09-30": 0.316, "2009-06-30": 0.342, "2009-03-31": "0.49300", "2008-12-31": -0.089, "2008-09-30": 0.327, "2008-06-30": 2.567, "2008-03-31": "0.99200", "2007-12-31": 1.93, "2007-09-30": 0.206, "2007-06-30": 1.311, "2007-03-31": "1.46300", "2006-12-31": 1.499, "2006-09-30": 0.073, "2006-06-30": 0.074, "2006-03-31": "0.97800", "2005-12-31": 0, "2005-09-30": 0, "2005-06-30": 0, "2005-03-31": ""}, "Cash Flow From Financial Activities": {"2020-09-30": -118.074, "2020-06-30": -82.963, "2020-03-31": "174.30300", "2019-12-31": -50.977, "2019-09-30": -114.383, "2019-06-30": 59.013, "2019-03-31": "-90.78800", "2018-12-31": -65.145, "2018-09-30": 102.582, "2018-06-30": -53.934, "2018-03-31": "1.62500", "2017-12-31": -332.475, "2017-09-30": 663.643, "2017-06-30": -33.192, "2017-03-31": "-183.18400", "2016-12-31": -30.805, "2016-09-30": -15.406, "2016-06-30": -55.051, "2016-03-31": "71.54700", "2015-12-31": -22.349, "2015-09-30": -4.037, "2015-06-30": -6.166, "2015-03-31": "0.24200", "2014-12-31": -14.355, "2014-09-30": -17.339, "2014-06-30": -4.056, "2014-03-31": "15.01200", "2013-12-31": 12.753, "2013-09-30": 1.57, "2013-06-30": -90.475, "2013-03-31": "8.35400", "2012-12-31": -12.55, "2012-09-30": -22.571, "2012-06-30": -31.894, "2012-03-31": "-32.36800", "2011-12-31": 20.183, "2011-09-30": -1.07, "2011-06-30": -63.284, "2011-03-31": "15.62500", "2010-12-31": 1.533, "2010-09-30": -3.474, "2010-06-30": -102.401, "2010-03-31": "24.75100", "2009-12-31": 13.272, "2009-09-30": -8.157, "2009-06-30": -21.501, "2009-03-31": "3.20000", "2008-12-31": -120.687, "2008-09-30": 2.873, "2008-06-30": -39.575, "2008-03-31": "5.76700", "2007-12-31": -11.304, "2007-09-30": -0.045, "2007-06-30": -16.433, "2007-03-31": "4.87900", "2006-12-31": -20.581, "2006-09-30": 12.01, "2006-06-30": -24.94, "2006-03-31": "16.16500", "2005-12-31": 2.649, "2005-09-30": -9.258, "2005-06-30": -31.26, "2005-03-31": "3.30700"}, "Net Cash Flow": {"2020-09-30": -26.015, "2020-06-30": -157.449, "2020-03-31": "167.87000", "2019-12-31": -23.604, "2019-09-30": -32.373, "2019-06-30": 85.573, "2019-03-31": "-49.44600", "2018-12-31": -29.559, "2018-09-30": -421.709, "2018-06-30": -26.667, "2018-03-31": "32.11800", "2017-12-31": -306.026, "2017-09-30": 681.751, "2017-06-30": 52.188, "2017-03-31": "-181.56000", "2016-12-31": 33.55, "2016-09-30": 71.073, "2016-06-30": -24.308, "2016-03-31": "-103.92900", "2015-12-31": 55.842, "2015-09-30": 42.249, "2015-06-30": 6.117, "2015-03-31": "-14.06900", "2014-12-31": 52.368, "2014-09-30": 6.106, "2014-06-30": 24.111, "2014-03-31": "7.31600", "2013-12-31": 62.01, "2013-09-30": 57.861, "2013-06-30": -35.114, "2013-03-31": "-4.65100", "2012-12-31": 55.468, "2012-09-30": -126.586, "2012-06-30": -28.932, "2012-03-31": "-47.81100", "2011-12-31": 6.187, "2011-09-30": 30.105, "2011-06-30": -55.813, "2011-03-31": "20.71000", "2010-12-31": 48.202, "2010-09-30": 80.957, "2010-06-30": -90.539, "2010-03-31": "4.84300", "2009-12-31": 38.113, "2009-09-30": 45.775, "2009-06-30": 45.194, "2009-03-31": "11.81000", "2008-12-31": -109.108, "2008-09-30": 4.551, "2008-06-30": -38.587, "2008-03-31": "21.47700", "2007-12-31": 43.666, "2007-09-30": 74.85, "2007-06-30": 13.976, "2007-03-31": "10.67100", "2006-12-31": 2.332, "2006-09-30": 46.348, "2006-06-30": 1.686, "2006-03-31": "2.57500", "2005-12-31": -46.961, "2005-09-30": 41.07, "2005-06-30": -21.335, "2005-03-31": "-25.50700"}, "Stock-Based Compensation": {"2020-09-30": 8.588, "2020-06-30": 8.462, "2020-03-31": "9.14100", "2019-12-31": 5.818, "2019-09-30": 5.097, "2019-06-30": 6.413, "2019-03-31": "6.56500", "2018-12-31": 4.732, "2018-09-30": 3.926, "2018-06-30": 3.392, "2018-03-31": "7.51100", "2017-12-31": 3.919, "2017-09-30": 3.286, "2017-06-30": 3.971, "2017-03-31": "7.74800", "2016-12-31": 2.001, "2016-09-30": 3.418, "2016-06-30": 4.301, "2016-03-31": "10.10400", "2015-12-31": 3.316, "2015-09-30": 3.313, "2015-06-30": 4.453, "2015-03-31": "9.53000", "2014-12-31": 3.306, "2014-09-30": 3.313, "2014-06-30": 4.734, "2014-03-31": "8.39600", "2013-12-31": 2.854, "2013-09-30": 2.214, "2013-06-30": 2.79, "2013-03-31": "6.53400", "2012-12-31": 1.922, "2012-09-30": 2.084, "2012-06-30": 2.915, "2012-03-31": "5.77400", "2011-12-31": 1.593, "2011-09-30": 2.746, "2011-06-30": 1.692, "2011-03-31": "7.72200", "2010-12-31": 1.397, "2010-09-30": 1.62, "2010-06-30": 2.216, "2010-03-31": "5.98200", "2009-12-31": 1.321, "2009-09-30": 1.649, "2009-06-30": 1.742, "2009-03-31": "5.04900", "2008-12-31": 1.138, "2008-09-30": 1.348, "2008-06-30": 1.401, "2008-03-31": "7.16700", "2007-12-31": 1.647, "2007-09-30": 1.549, "2007-06-30": 2.132, "2007-03-31": "8.70800", "2006-12-31": 1.965, "2006-09-30": 2.093, "2006-06-30": 2.118, "2006-03-31": "7.13700", "2005-12-31": 0, "2005-09-30": 0, "2005-06-30": 0, "2005-03-31": ""}, "Common Stock Dividends Paid": {"2020-09-30": -23.217, "2020-06-30": -23.112, "2020-03-31": "-23.03100", "2019-12-31": -23.013, "2019-09-30": -23.057, "2019-06-30": -22.761, "2019-03-31": "-21.37700", "2018-12-31": -21.357, "2018-09-30": -21.179, "2018-06-30": -19.98, "2018-03-31": "-19.83000", "2017-12-31": -19.942, "2017-09-30": -20.07, "2017-06-30": -19.995, "2017-03-31": "-19.93700", "2016-12-31": -20.062, "2016-09-30": -18.88, "2016-06-30": -18.947, "2016-03-31": "-18.77000", "2015-12-31": -18.735, "2015-09-30": -17.583, "2015-06-30": -17.527, "2015-03-31": "-17.40200", "2014-12-31": -18.129, "2014-09-30": -18.25, "2014-06-30": -18.327, "2014-03-31": "-16.36600", "2013-12-31": -16.459, "2013-09-30": -16.571, "2013-06-30": -16.61, "2013-03-31": "-16.49300", "2012-12-31": -14.612, "2012-09-30": -14.655, "2012-06-30": -14.645, "2012-03-31": "-14.53000", "2011-12-31": -14.539, "2011-09-30": -14.669, "2011-06-30": -12.062, "2011-03-31": "-12.03800", "2010-12-31": -12.073, "2010-09-30": -12.124, "2010-06-30": -10.185, "2010-03-31": "-10.10300", "2009-12-31": -10.144, "2009-09-30": -10.155, "2009-06-30": -10.162, "2009-03-31": "-10.14300", "2008-12-31": -10.193, "2008-09-30": -10.152, "2008-06-30": -8.854, "2008-03-31": "-8.86400", "2007-12-31": -8.897, "2007-09-30": -8.939, "2007-06-30": -8.999, "2007-03-31": "-7.60400", "2006-12-31": -7.596, "2006-09-30": -7.653, "2006-06-30": -7.029, "2006-03-31": "-7.00100", "2005-12-31": -6.961, "2005-09-30": -7.018, "2005-06-30": -5.299, "2005-03-31": "-5.35300"}}, "financial ratios": {"Current Ratio": {"2019-12-31": "1.88980", "2018-12-31": "1.93100", "2017-12-31": "3.16450", "2016-12-31": "2.33940", "2015-12-31": "3.14400", "2014-12-31": "2.00740", "2013-12-31": "2.20770", "2012-12-31": "2.28170", "2011-12-31": "2.20480", "2010-12-31": "2.51340", "2009-12-31": "2.26090", "2008-12-31": "2.29250", "2007-12-31": "1.77540", "2006-12-31": "1.90620", "2005-12-31": "1.88700"}, "Long-term Debt / Capital": {"2019-12-31": "0.40840", "2018-12-31": "0.44180", "2017-12-31": "0.47590", "2016-12-31": "0.39690", "2015-12-31": "0.39820", "2014-12-31": "0.34790", "2013-12-31": "0.19330", "2012-12-31": "0.20360", "2011-12-31": "0.16490", "2010-12-31": "0.16820", "2009-12-31": "0.14330", "2008-12-31": "0.16700", "2007-12-31": "0.11590", "2006-12-31": "0.15140", "2005-12-31": "0.15150"}, "Debt/Equity Ratio": {"2019-12-31": "0.76050", "2018-12-31": "0.90660", "2017-12-31": "0.95830", "2016-12-31": "0.80610", "2015-12-31": "0.71130", "2014-12-31": "0.76170", "2013-12-31": "0.33410", "2012-12-31": "0.30970", "2011-12-31": "0.33980", "2010-12-31": "0.27690", "2009-12-31": "0.26960", "2008-12-31": "0.25760", "2007-12-31": "0.32430", "2006-12-31": "0.31310", "2005-12-31": "0.30470"}, "Gross Margin": {"2019-12-31": "36.41370", "2018-12-31": "34.42610", "2017-12-31": "35.07950", "2016-12-31": "35.81230", "2015-12-31": "35.15090", "2014-12-31": "32.43280", "2013-12-31": "32.18540", "2012-12-31": "31.77430", "2011-12-31": "32.89850", "2010-12-31": "33.60720", "2009-12-31": "33.44600", "2008-12-31": "31.87790", "2007-12-31": "32.15330", "2006-12-31": "32.16690", "2005-12-31": "32.78410"}, "Operating Margin": {"2019-12-31": "12.99750", "2018-12-31": "10.35420", "2017-12-31": "13.10040", "2016-12-31": "13.45770", "2015-12-31": "13.98900", "2014-12-31": "11.79520", "2013-12-31": "11.29260", "2012-12-31": "11.10720", "2011-12-31": "12.28390", "2010-12-31": "12.90570", "2009-12-31": "10.77210", "2008-12-31": "11.30340", "2007-12-31": "11.24910", "2006-12-31": "10.09150", "2005-12-31": "10.85450"}, "EBIT Margin": {"2019-12-31": "12.99750", "2018-12-31": "10.35420", "2017-12-31": "13.10040", "2016-12-31": "13.45770", "2015-12-31": "13.98900", "2014-12-31": "11.79520", "2013-12-31": "11.29260", "2012-12-31": "11.10720", "2011-12-31": "12.28390", "2010-12-31": "12.90570", "2009-12-31": "10.77210", "2008-12-31": "11.30340", "2007-12-31": "11.24910", "2006-12-31": "10.09150", "2005-12-31": "10.85450"}, "EBITDA Margin": {"2019-12-31": "19.80060", "2018-12-31": "16.56620", "2017-12-31": "19.30040", "2016-12-31": "20.09890", "2015-12-31": "19.98310", "2014-12-31": "17.65470", "2013-12-31": "17.24320", "2012-12-31": "16.98540", "2011-12-31": "18.02770", "2010-12-31": "19.30800", "2009-12-31": "17.99470", "2008-12-31": "17.63380", "2007-12-31": "17.77420", "2006-12-31": "17.24810", "2005-12-31": "18.04590"}, "Pre-Tax Profit Margin": {"2019-12-31": "11.96160", "2018-12-31": "9.62180", "2017-12-31": "11.93970", "2016-12-31": "12.03370", "2015-12-31": "12.71270", "2014-12-31": "11.02090", "2013-12-31": "10.49130", "2012-12-31": "10.35480", "2011-12-31": "11.76380", "2010-12-31": "12.24940", "2009-12-31": "9.99440", "2008-12-31": "10.94400", "2007-12-31": "10.67990", "2006-12-31": "9.26110", "2005-12-31": "10.28640"}, "Net Profit Margin": {"2019-12-31": "8.46940", "2018-12-31": "7.04380", "2017-12-31": "8.91070", "2016-12-31": "8.82010", "2015-12-31": "8.60320", "2014-12-31": "7.37770", "2013-12-31": "6.82510", "2012-12-31": "6.97600", "2011-12-31": "7.85920", "2010-12-31": "8.35360", "2009-12-31": "6.76700", "2008-12-31": "7.40920", "2007-12-31": "7.49080", "2006-12-31": "6.42540", "2005-12-31": "7.24880"}, "Asset Turnover": {"2019-12-31": "0.80280", "2018-12-31": "0.81850", "2017-12-31": "0.78690", "2016-12-31": "0.89420", "2015-12-31": "0.95080", "2014-12-31": "1.06590", "2013-12-31": "1.00890", "2012-12-31": "1.00290", "2011-12-31": "1.08240", "2010-12-31": "1.02160", "2009-12-31": "0.94140", "2008-12-31": "1.13090", "2007-12-31": "0.98970", "2006-12-31": "1.00590", "2005-12-31": "1.01670"}, "Inventory Turnover Ratio": {"2019-12-31": "4.83880", "2018-12-31": "4.75710", "2017-12-31": "4.75380", "2016-12-31": "5.03910", "2015-12-31": "5.09520", "2014-12-31": "5.64260", "2013-12-31": "4.83900", "2012-12-31": "4.94080", "2011-12-31": "5.49980", "2010-12-31": "5.06430", "2009-12-31": "5.31040", "2008-12-31": "5.76560", "2007-12-31": "4.71010", "2006-12-31": "4.79680", "2005-12-31": "5.03460"}, "Receiveable Turnover": {"2019-12-31": "5.12100", "2018-12-31": "4.85360", "2017-12-31": "4.83770", "2016-12-31": "5.38160", "2015-12-31": "5.91760", "2014-12-31": "6.38320", "2013-12-31": "5.75060", "2012-12-31": "5.87480", "2011-12-31": "6.00790", "2010-12-31": "5.81530", "2009-12-31": "5.75890", "2008-12-31": "6.02340", "2007-12-31": "5.24530", "2006-12-31": "4.98920", "2005-12-31": "5.30420"}, "Days Sales In Receivables": {"2019-12-31": "71.27460", "2018-12-31": "75.20180", "2017-12-31": "75.44920", "2016-12-31": "67.82320", "2015-12-31": "61.68070", "2014-12-31": "57.18140", "2013-12-31": "63.47220", "2012-12-31": "62.13020", "2011-12-31": "60.75360", "2010-12-31": "62.76490", "2009-12-31": "63.38030", "2008-12-31": "60.59660", "2007-12-31": "69.58620", "2006-12-31": "73.15770", "2005-12-31": "68.81400"}, "ROE - Return On Equity": {"2019-12-31": "15.40640", "2018-12-31": "13.68820", "2017-12-31": "16.76990", "2016-12-31": "17.50950", "2015-12-31": "17.33440", "2014-12-31": "17.35860", "2013-12-31": "11.61420", "2012-12-31": "11.76530", "2011-12-31": "14.22860", "2010-12-31": "13.56400", "2009-12-31": "9.93890", "2008-12-31": "13.56260", "2007-12-31": "12.46400", "2006-12-31": "10.87240", "2005-12-31": "12.35920"}, "Return On Tangible Equity": {"2019-12-31": "46.78840", "2018-12-31": "42.72380", "2017-12-31": "28.47530", "2016-12-31": "30.58530", "2015-12-31": "24.66720", "2014-12-31": "26.10220", "2013-12-31": "16.04550", "2012-12-31": "16.62460", "2011-12-31": "17.44690", "2010-12-31": "16.57170", "2009-12-31": "12.28800", "2008-12-31": "17.23380", "2007-12-31": "15.87570", "2006-12-31": "14.31700", "2005-12-31": "16.46110"}, "ROA - Return On Assets": {"2019-12-31": "6.80010", "2018-12-31": "5.76620", "2017-12-31": "7.01220", "2016-12-31": "7.88730", "2015-12-31": "8.17770", "2014-12-31": "7.86250", "2013-12-31": "6.88320", "2012-12-31": "6.98760", "2011-12-31": "8.50420", "2010-12-31": "8.53970", "2009-12-31": "6.36940", "2008-12-31": "8.37970", "2007-12-31": "7.29490", "2006-12-31": "6.46330", "2005-12-31": "7.37000"}, "ROI - Return On Investment": {"2019-12-31": "9.11410", "2018-12-31": "7.64130", "2017-12-31": "8.78990", "2016-12-31": "10.56020", "2015-12-31": "10.43130", "2014-12-31": "11.31990", "2013-12-31": "9.36860", "2012-12-31": "9.37030", "2011-12-31": "11.88170", "2010-12-31": "11.28270", "2009-12-31": "8.51510", "2008-12-31": "11.29780", "2007-12-31": "11.01930", "2006-12-31": "9.22600", "2005-12-31": "10.48650"}, "Book Value Per Share": {"2019-12-31": "24.64350", "2018-12-31": "22.47820", "2017-12-31": "21.23060", "2016-12-31": "18.90890", "2015-12-31": "18.39530", "2014-12-31": "17.80510", "2013-12-31": "22.63470", "2012-12-31": "20.94840", "2011-12-31": "19.58380", "2010-12-31": "19.15830", "2009-12-31": "18.62760", "2008-12-31": "16.74260", "2007-12-31": "16.40790", "2006-12-31": "13.69610", "2005-12-31": "11.59580"}, "Operating Cash Flow Per Share": {"2019-12-31": 2.9489, "2018-12-31": -0.1989, "2017-12-31": 0.0108, "2016-12-31": -0.0038, "2015-12-31": 0.3193, "2014-12-31": 0.5063, "2013-12-31": -0.3949, "2012-12-31": 0.8211, "2011-12-31": -0.2236, "2010-12-31": -0.0174, "2009-12-31": 0.2313, "2008-12-31": -0.0454, "2007-12-31": 1.0711, "2006-12-31": 0.0703, "2005-12-31": 2.682}, "Free Cash Flow Per Share": {"2019-12-31": 2.5348, "2018-12-31": -0.9891, "2017-12-31": -0.4194, "2016-12-31": 0.3357, "2015-12-31": 0.3474, "2014-12-31": 0.3906, "2013-12-31": -0.1034, "2012-12-31": 0.8821, "2011-12-31": -1.1093, "2010-12-31": 0.3537, "2009-12-31": 1.017, "2008-12-31": -1.0424, "2007-12-31": 0.6334, "2006-12-31": 0.0997, "2005-12-31": 1.2488}}, "financial ratios, quarterly": {"Current Ratio": {"2020-09-30": "1.68610", "2020-06-30": "1.61920", "2020-03-31": "1.69940", "2019-12-31": "1.88980", "2019-09-30": "2.04170", "2019-06-30": "2.11430", "2019-03-31": "2.13080", "2018-12-31": "1.93100", "2018-09-30": "1.86670", "2018-06-30": "3.01220", "2018-03-31": "3.16390", "2017-12-31": "3.16450", "2017-09-30": "2.75360", "2017-06-30": "2.59770", "2017-03-31": "2.80130", "2016-12-31": "2.33940", "2016-09-30": "2.58190", "2016-06-30": "2.52630", "2016-03-31": "2.43150", "2015-12-31": "3.14400", "2015-09-30": "3.04080", "2015-06-30": "3.26710", "2015-03-31": "3.29360", "2014-12-31": "2.00740", "2014-09-30": "1.99280", "2014-06-30": "2.11700", "2014-03-31": "2.18340", "2013-12-31": "2.20770", "2013-09-30": "2.38510", "2013-06-30": "2.46910", "2013-03-31": "2.28580", "2012-12-31": "2.28170", "2012-09-30": "2.62370", "2012-06-30": "2.40040", "2012-03-31": "2.34680", "2011-12-31": "2.20480", "2011-09-30": "2.35650", "2011-06-30": "2.51770", "2011-03-31": "2.49760", "2010-12-31": "2.51340", "2010-09-30": "2.08870", "2010-06-30": "2.04620", "2010-03-31": "2.19950", "2009-12-31": "2.26090", "2009-09-30": "2.45680", "2009-06-30": "2.34440", "2009-03-31": "2.41330", "2008-12-31": "2.29250", "2008-09-30": "1.93200", "2008-06-30": "1.76710", "2008-03-31": "1.79070", "2007-12-31": "1.77540", "2007-09-30": "1.78650", "2007-06-30": "1.79670", "2007-03-31": "1.89120", "2006-12-31": "1.90620", "2006-09-30": "1.94430", "2006-06-30": "1.85240", "2006-03-31": "1.83200", "2005-12-31": "1.88700", "2005-09-30": "2.11020", "2005-06-30": "2.11300", "2005-03-31": "2.20910"}, "Long-term Debt / Capital": {"2020-09-30": "0.37140", "2020-06-30": "0.39680", "2020-03-31": "0.40390", "2019-12-31": "0.40840", "2019-09-30": "0.40890", "2019-06-30": "0.42070", "2019-03-31": "0.43740", "2018-12-31": "0.44180", "2018-09-30": "0.44840", "2018-06-30": "0.46750", "2018-03-31": "0.46070", "2017-12-31": "0.47590", "2017-09-30": "0.49030", "2017-06-30": "0.37050", "2017-03-31": "0.38340", "2016-12-31": "0.39690", "2016-09-30": "0.37650", "2016-06-30": "0.38010", "2016-03-31": "0.37890", "2015-12-31": "0.39820", "2015-09-30": "0.39700", "2015-06-30": "0.41890", "2015-03-31": "0.44170", "2014-12-31": "0.34790", "2014-09-30": "0.20130", "2014-06-30": "0.18850", "2014-03-31": "0.18930", "2013-12-31": "0.19330", "2013-09-30": "0.19560", "2013-06-30": "0.20000", "2013-03-31": "0.20270", "2012-12-31": "0.20360", "2012-09-30": "0.21570", "2012-06-30": "0.15830", "2012-03-31": "0.15490", "2011-12-31": "0.16490", "2011-09-30": "0.16060", "2011-06-30": "0.15100", "2011-03-31": "0.15770", "2010-12-31": "0.16820", "2010-09-30": "0.11010", "2010-06-30": "0.12110", "2010-03-31": "0.14380", "2009-12-31": "0.14330", "2009-09-30": "0.14320", "2009-06-30": "0.14920", "2009-03-31": "0.17320", "2008-12-31": "0.16700", "2008-09-30": "0.16430", "2008-06-30": "0.09020", "2008-03-31": "0.10660", "2007-12-31": "0.11590", "2007-09-30": "0.12000", "2007-06-30": "0.12690", "2007-03-31": "0.14650", "2006-12-31": "0.15140", "2006-09-30": "0.17740", "2006-06-30": "0.13660", "2006-03-31": "0.14270", "2005-12-31": "0.15150", "2005-09-30": "0.14860", "2005-06-30": "0.15050", "2005-03-31": "0.14360"}, "Debt/Equity Ratio": {"2020-09-30": "0.68250", "2020-06-30": "0.78970", "2020-03-31": "0.85740", "2019-12-31": "0.76050", "2019-09-30": "0.76340", "2019-06-30": "0.80360", "2019-03-31": "0.83310", "2018-12-31": "0.90660", "2018-09-30": "0.96910", "2018-06-30": "0.93110", "2018-03-31": "0.90430", "2017-12-31": "0.95830", "2017-09-30": "1.14820", "2017-06-30": "0.59470", "2017-03-31": "0.62970", "2016-12-31": "0.80610", "2016-09-30": "0.71430", "2016-06-30": "0.70770", "2016-03-31": "0.71560", "2015-12-31": "0.71130", "2015-09-30": "0.72120", "2015-06-30": "0.74210", "2015-03-31": "0.81300", "2014-12-31": "0.76170", "2014-09-30": "0.42680", "2014-06-30": "0.37360", "2014-03-31": "0.34830", "2013-12-31": "0.33410", "2013-09-30": "0.29630", "2013-06-30": "0.27500", "2013-03-31": "0.31820", "2012-12-31": "0.30970", "2012-09-30": "0.28870", "2012-06-30": "0.28500", "2012-03-31": "0.29370", "2011-12-31": "0.33980", "2011-09-30": "0.30050", "2011-06-30": "0.25140", "2011-03-31": "0.27690", "2010-12-31": "0.27690", "2010-09-30": "0.24840", "2010-06-30": "0.25320", "2010-03-31": "0.29740", "2009-12-31": "0.26960", "2009-09-30": "0.23890", "2009-06-30": "0.25010", "2009-03-31": "0.27780", "2008-12-31": "0.25760", "2008-09-30": "0.35080", "2008-06-30": "0.29380", "2008-03-31": "0.31730", "2007-12-31": "0.32430", "2007-09-30": "0.32890", "2007-06-30": "0.32270", "2007-03-31": "0.31880", "2006-12-31": "0.31310", "2006-09-30": "0.34240", "2006-06-30": "0.29410", "2006-03-31": "0.31230", "2005-12-31": "0.30470", "2005-09-30": "0.28520", "2005-06-30": "0.28240", "2005-03-31": "0.26290"}, "Gross Margin": {"2020-09-30": "36.81490", "2020-06-30": "36.83700", "2020-03-31": "37.46050", "2019-12-31": "35.11600", "2019-09-30": "36.65320", "2019-06-30": "36.78930", "2019-03-31": "36.98360", "2018-12-31": "33.21210", "2018-09-30": "34.60570", "2018-06-30": "34.66950", "2018-03-31": "35.19270", "2017-12-31": "34.34350", "2017-09-30": "34.68460", "2017-06-30": "35.30290", "2017-03-31": "36.02630", "2016-12-31": "34.85100", "2016-09-30": "35.38710", "2016-06-30": "37.11880", "2016-03-31": "35.74130", "2015-12-31": "34.16480", "2015-09-30": "34.94280", "2015-06-30": "36.85110", "2015-03-31": "34.55890", "2014-12-31": "32.02700", "2014-09-30": "31.96940", "2014-06-30": "32.74230", "2014-03-31": "32.93240", "2013-12-31": "31.72890", "2013-09-30": "32.01070", "2013-06-30": "32.75280", "2013-03-31": "32.24360", "2012-12-31": "31.45320", "2012-09-30": "30.90750", "2012-06-30": "32.42890", "2012-03-31": "32.30860", "2011-12-31": "32.16900", "2011-09-30": "32.34020", "2011-06-30": "33.41000", "2011-03-31": "33.62390", "2010-12-31": "32.19130", "2010-09-30": "33.81360", "2010-06-30": "33.99120", "2010-03-31": "34.48540", "2009-12-31": "34.13390", "2009-09-30": "32.29960", "2009-06-30": "34.43340", "2009-03-31": "32.90640", "2008-12-31": "32.23710", "2008-09-30": "31.10660", "2008-06-30": "32.36080", "2008-03-31": "31.84130", "2007-12-31": "30.85800", "2007-09-30": "31.96550", "2007-06-30": "32.62610", "2007-03-31": "33.25200", "2006-12-31": "31.47330", "2006-09-30": "32.20210", "2006-06-30": "32.63900", "2006-03-31": "32.40810", "2005-12-31": "32.78790", "2005-09-30": "32.93680", "2005-06-30": "32.98710", "2005-03-31": "32.41900"}, "Operating Margin": {"2020-09-30": "13.04570", "2020-06-30": "10.07830", "2020-03-31": "12.25970", "2019-12-31": "11.09580", "2019-09-30": "12.86870", "2019-06-30": "14.79330", "2019-03-31": "13.04220", "2018-12-31": "8.21310", "2018-09-30": "9.17920", "2018-06-30": "11.39000", "2018-03-31": "12.50530", "2017-12-31": "12.64790", "2017-09-30": "12.96150", "2017-06-30": "13.82190", "2017-03-31": "12.97470", "2016-12-31": "12.71460", "2016-09-30": "13.96000", "2016-06-30": "15.09920", "2016-03-31": "11.88880", "2015-12-31": "12.25060", "2015-09-30": "15.01940", "2015-06-30": "16.07340", "2015-03-31": "12.47600", "2014-12-31": "10.75690", "2014-09-30": "12.05860", "2014-06-30": "12.61920", "2014-03-31": "11.64390", "2013-12-31": "10.32550", "2013-09-30": "11.75580", "2013-06-30": "12.60510", "2013-03-31": "10.45960", "2012-12-31": "9.55380", "2012-09-30": "11.34470", "2012-06-30": "11.61140", "2012-03-31": "11.87770", "2011-12-31": "11.54760", "2011-09-30": "12.34320", "2011-06-30": "13.04930", "2011-03-31": "12.10090", "2010-12-31": "11.53510", "2010-09-30": "13.73990", "2010-06-30": "14.16120", "2010-03-31": "12.19180", "2009-12-31": "11.48010", "2009-09-30": "11.17620", "2009-06-30": "10.89400", "2009-03-31": "9.39200", "2008-12-31": "11.49440", "2008-09-30": "11.36420", "2008-06-30": "12.07790", "2008-03-31": "10.27680", "2007-12-31": "10.60120", "2007-09-30": "11.82150", "2007-06-30": "12.16640", "2007-03-31": "10.36340", "2006-12-31": "9.65750", "2006-09-30": "11.02530", "2006-06-30": "10.98020", "2006-03-31": "8.62900", "2005-12-31": "10.49870", "2005-09-30": "11.35910", "2005-06-30": "11.54950", "2005-03-31": "9.98520"}, "EBIT Margin": {"2020-09-30": "13.04570", "2020-06-30": "10.07830", "2020-03-31": "12.25970", "2019-12-31": "11.09580", "2019-09-30": "12.86870", "2019-06-30": "14.79330", "2019-03-31": "13.04220", "2018-12-31": "8.21310", "2018-09-30": "9.17920", "2018-06-30": "11.39000", "2018-03-31": "12.50530", "2017-12-31": "12.64780", "2017-09-30": "12.96150", "2017-06-30": "13.82190", "2017-03-31": "12.97470", "2016-12-31": "12.71460", "2016-09-30": "13.96000", "2016-06-30": "15.09920", "2016-03-31": "11.88880", "2015-12-31": "12.25060", "2015-09-30": "15.01940", "2015-06-30": "16.07340", "2015-03-31": "12.47600", "2014-12-31": "10.75690", "2014-09-30": "12.05860", "2014-06-30": "12.61920", "2014-03-31": "11.64390", "2013-12-31": "10.32550", "2013-09-30": "11.75580", "2013-06-30": "12.60510", "2013-03-31": "10.45960", "2012-12-31": "9.55380", "2012-09-30": "11.34470", "2012-06-30": "11.61140", "2012-03-31": "11.87770", "2011-12-31": "11.54760", "2011-09-30": "12.34320", "2011-06-30": "13.04930", "2011-03-31": "12.10090", "2010-12-31": "11.53510", "2010-09-30": "13.73990", "2010-06-30": "14.16120", "2010-03-31": "12.19180", "2009-12-31": "11.48010", "2009-09-30": "11.17620", "2009-06-30": "10.89400", "2009-03-31": "9.39200", "2008-12-31": "11.49440", "2008-09-30": "11.36420", "2008-06-30": "12.07790", "2008-03-31": "10.27680", "2007-12-31": "10.60120", "2007-09-30": "11.82150", "2007-06-30": "12.16640", "2007-03-31": "10.36340", "2006-12-31": "9.65750", "2006-09-30": "11.02530", "2006-06-30": "10.98020", "2006-03-31": "8.62900", "2005-12-31": "10.49870", "2005-09-30": "11.35910", "2005-06-30": "11.54950", "2005-03-31": "9.98520"}, "EBITDA Margin": {"2020-09-30": "", "2020-06-30": "", "2020-03-31": "", "2019-12-31": "", "2019-09-30": "", "2019-06-30": "", "2019-03-31": "", "2018-12-31": "", "2018-09-30": "", "2018-06-30": "", "2018-03-31": "", "2017-12-31": "", "2017-09-30": "", "2017-06-30": "", "2017-03-31": "", "2016-12-31": "", "2016-09-30": "", "2016-06-30": "", "2016-03-31": "", "2015-12-31": "", "2015-09-30": "", "2015-06-30": "", "2015-03-31": "", "2014-12-31": "", "2014-09-30": "", "2014-06-30": "", "2014-03-31": "", "2013-12-31": "", "2013-09-30": "", "2013-06-30": "", "2013-03-31": "", "2012-12-31": "", "2012-09-30": "", "2012-06-30": "", "2012-03-31": "", "2011-12-31": "", "2011-09-30": "", "2011-06-30": "", "2011-03-31": "", "2010-12-31": "", "2010-09-30": "", "2010-06-30": "", "2010-03-31": "", "2009-12-31": "", "2009-09-30": "", "2009-06-30": "", "2009-03-31": "", "2008-12-31": "", "2008-09-30": "", "2008-06-30": "", "2008-03-31": "", "2007-12-31": "", "2007-09-30": "", "2007-06-30": "", "2007-03-31": "", "2006-12-31": "", "2006-09-30": "", "2006-06-30": "", "2006-03-31": "", "2005-12-31": "", "2005-09-30": "", "2005-06-30": "", "2005-03-31": ""}, "Pre-Tax Profit Margin": {"2020-09-30": "11.74190", "2020-06-30": "8.67550", "2020-03-31": "10.81500", "2019-12-31": "10.08380", "2019-09-30": "11.73190", "2019-06-30": "13.74800", "2019-03-31": "12.08920", "2018-12-31": "8.60740", "2018-09-30": "7.65150", "2018-06-30": "10.54000", "2018-03-31": "11.54720", "2017-12-31": "12.18400", "2017-09-30": "11.13490", "2017-06-30": "12.88040", "2017-03-31": "11.55470", "2016-12-31": "11.37440", "2016-09-30": "12.71790", "2016-06-30": "13.60620", "2016-03-31": "10.27670", "2015-12-31": "11.29250", "2015-09-30": "13.53890", "2015-06-30": "14.43020", "2015-03-31": "11.47740", "2014-12-31": "9.81320", "2014-09-30": "11.36850", "2014-06-30": "11.88520", "2014-03-31": "10.89860", "2013-12-31": "9.47520", "2013-09-30": "10.95590", "2013-06-30": "11.89040", "2013-03-31": "9.61770", "2012-12-31": "8.66750", "2012-09-30": "10.68970", "2012-06-30": "10.82960", "2012-03-31": "11.18600", "2011-12-31": "11.11640", "2011-09-30": "11.84940", "2011-06-30": "12.50490", "2011-03-31": "11.49570", "2010-12-31": "11.02710", "2010-09-30": "13.16740", "2010-06-30": "13.34610", "2010-03-31": "11.45830", "2009-12-31": "10.85080", "2009-09-30": "10.46750", "2009-06-30": "9.63270", "2009-03-31": "8.86140", "2008-12-31": "10.90830", "2008-09-30": "10.94570", "2008-06-30": "11.97980", "2008-03-31": "9.90010", "2007-12-31": "10.40600", "2007-09-30": "11.23980", "2007-06-30": "11.41270", "2007-03-31": "9.59940", "2006-12-31": "8.93870", "2006-09-30": "10.16810", "2006-06-30": "10.11780", "2006-03-31": "7.73620", "2005-12-31": "9.95560", "2005-09-30": "10.81200", "2005-06-30": "10.92100", "2005-03-31": "9.43400"}, "Net Profit Margin": {"2020-09-30": "8.39300", "2020-06-30": "5.98290", "2020-03-31": "7.65750", "2019-12-31": "7.22930", "2019-09-30": "8.09240", "2019-06-30": "9.95270", "2019-03-31": "8.46300", "2018-12-31": "5.93760", "2018-09-30": "5.85720", "2018-06-30": "7.84890", "2018-03-31": "8.43110", "2017-12-31": "7.91080", "2017-09-30": "8.57290", "2017-06-30": "10.55030", "2017-03-31": "8.61780", "2016-12-31": "9.20100", "2016-09-30": "9.00380", "2016-06-30": "9.52390", "2016-03-31": "7.53220", "2015-12-31": "7.93580", "2015-09-30": "9.08200", "2015-06-30": "9.68220", "2015-03-31": "7.65860", "2014-12-31": "6.94240", "2014-09-30": "7.45390", "2014-06-30": "7.91430", "2014-03-31": "7.15760", "2013-12-31": "5.78990", "2013-09-30": "7.25800", "2013-06-30": "7.76410", "2013-03-31": "6.48100", "2012-12-31": "6.12320", "2012-09-30": "7.14500", "2012-06-30": "7.21830", "2012-03-31": "7.39390", "2011-12-31": "7.09220", "2011-09-30": "8.19980", "2011-06-30": "8.34060", "2011-03-31": "7.71480", "2010-12-31": "7.68310", "2010-09-30": "9.07820", "2010-06-30": "8.92960", "2010-03-31": "7.72000", "2009-12-31": "7.26360", "2009-09-30": "7.07200", "2009-06-30": "6.46070", "2009-03-31": "6.17510", "2008-12-31": "6.94630", "2008-09-30": "7.45070", "2008-06-30": "8.21180", "2008-03-31": "6.93290", "2007-12-31": "7.39960", "2007-09-30": "8.11110", "2007-06-30": "7.81770", "2007-03-31": "6.57570", "2006-12-31": "6.43370", "2006-09-30": "6.97520", "2006-06-30": "6.94090", "2006-03-31": "5.27610", "2005-12-31": "6.99850", "2005-09-30": "7.30910", "2005-06-30": "8.23450", "2005-03-31": "6.41510"}, "Asset Turnover": {"2020-09-30": "0.19660", "2020-06-30": "0.18340", "2020-03-31": "0.19110", "2019-12-31": "0.18850", "2019-09-30": "0.20240", "2019-06-30": "0.20690", "2019-03-31": "0.21800", "2018-12-31": "0.20280", "2018-09-30": "0.19540", "2018-06-30": "0.22050", "2018-03-31": "0.21420", "2017-12-31": "0.19950", "2017-09-30": "0.18310", "2017-06-30": "0.23190", "2017-03-31": "0.23830", "2016-12-31": "0.20670", "2016-09-30": "0.21960", "2016-06-30": "0.23420", "2016-03-31": "0.21740", "2015-12-31": "0.22440", "2015-09-30": "0.23530", "2015-06-30": "0.23980", "2015-03-31": "0.25260", "2014-12-31": "0.24590", "2014-09-30": "0.26090", "2014-06-30": "0.25510", "2014-03-31": "0.26200", "2013-12-31": "0.25510", "2013-09-30": "0.25680", "2013-06-30": "0.27420", "2013-03-31": "0.26250", "2012-12-31": "0.24580", "2012-09-30": "0.26120", "2012-06-30": "0.26900", "2012-03-31": "0.26470", "2011-12-31": "0.25220", "2011-09-30": "0.28010", "2011-06-30": "0.27380", "2011-03-31": "0.26190", "2010-12-31": "0.26110", "2010-09-30": "0.25650", "2010-06-30": "0.28740", "2010-03-31": "0.25700", "2009-12-31": "0.25340", "2009-09-30": "0.24400", "2009-06-30": "0.23810", "2009-03-31": "0.24700", "2008-12-31": "0.24890", "2008-09-30": "0.27070", "2008-06-30": "0.26320", "2008-03-31": "0.25460", "2007-12-31": "0.25300", "2007-09-30": "0.26190", "2007-06-30": "0.27220", "2007-03-31": "0.26750", "2006-12-31": "0.26530", "2006-09-30": "0.26010", "2006-06-30": "0.26450", "2006-03-31": "0.26200", "2005-12-31": "0.24960", "2005-09-30": "0.25860", "2005-06-30": "0.27240", "2005-03-31": "0.25230"}, "Inventory Turnover Ratio": {"2020-09-30": "1.27850", "2020-06-30": "1.15650", "2020-03-31": "1.21350", "2019-12-31": "1.15910", "2019-09-30": "1.15840", "2019-06-30": "1.17560", "2019-03-31": "1.20170", "2018-12-31": "1.20050", "2018-09-30": "1.10430", "2018-06-30": "1.35280", "2018-03-31": "1.31060", "2017-12-31": "1.21860", "2017-09-30": "1.26090", "2017-06-30": "1.24860", "2017-03-31": "1.24260", "2016-12-31": "1.18240", "2016-09-30": "1.18330", "2016-06-30": "1.19690", "2016-03-31": "1.18720", "2015-12-31": "1.22060", "2015-09-30": "1.22710", "2015-06-30": "1.19070", "2015-03-31": "1.35630", "2014-12-31": "1.30930", "2014-09-30": "1.30080", "2014-06-30": "1.21330", "2014-03-31": "1.26400", "2013-12-31": "1.23200", "2013-09-30": "1.21250", "2013-06-30": "1.27760", "2013-03-31": "1.28270", "2012-12-31": "1.21690", "2012-09-30": "1.31200", "2012-06-30": "1.30370", "2012-03-31": "1.33330", "2011-12-31": "1.29530", "2011-09-30": "1.36760", "2011-06-30": "1.25710", "2011-03-31": "1.26770", "2010-12-31": "1.32200", "2010-09-30": "1.26890", "2010-06-30": "1.45430", "2010-03-31": "1.40330", "2009-12-31": "1.41440", "2009-09-30": "1.39500", "2009-06-30": "1.24200", "2009-03-31": "1.30950", "2008-12-31": "1.26220", "2008-09-30": "1.40560", "2008-06-30": "1.24780", "2008-03-31": "1.23570", "2007-12-31": "1.22720", "2007-09-30": "1.25440", "2007-06-30": "1.23260", "2007-03-31": "1.23310", "2006-12-31": "1.27820", "2006-09-30": "1.27520", "2006-06-30": "1.28740", "2006-03-31": "1.31330", "2005-12-31": "1.23600", "2005-09-30": "1.24990", "2005-06-30": "1.27950", "2005-03-31": "1.21170"}, "Receiveable Turnover": {"2020-09-30": "1.27930", "2020-06-30": "1.21480", "2020-03-31": "1.19850", "2019-12-31": "1.20220", "2019-09-30": "1.26980", "2019-06-30": "1.23860", "2019-03-31": "1.24170", "2018-12-31": "1.20260", "2018-09-30": "1.14700", "2018-06-30": "1.21780", "2018-03-31": "1.19900", "2017-12-31": "1.22620", "2017-09-30": "1.22380", "2017-06-30": "1.23620", "2017-03-31": "1.26600", "2016-12-31": "1.24410", "2016-09-30": "1.27240", "2016-06-30": "1.26900", "2016-03-31": "1.20360", "2015-12-31": "1.39640", "2015-09-30": "1.38640", "2015-06-30": "1.36470", "2015-03-31": "1.39910", "2014-12-31": "1.47230", "2014-09-30": "1.39250", "2014-06-30": "1.31670", "2014-03-31": "1.33740", "2013-12-31": "1.45430", "2013-09-30": "1.42060", "2013-06-30": "1.40690", "2013-03-31": "1.39960", "2012-12-31": "1.44020", "2012-09-30": "1.39550", "2012-06-30": "1.36940", "2012-03-31": "1.34410", "2011-12-31": "1.39980", "2011-09-30": "1.50130", "2011-06-30": "1.35120", "2011-03-31": "1.34040", "2010-12-31": "1.48630", "2010-09-30": "1.40600", "2010-06-30": "1.47640", "2010-03-31": "1.43440", "2009-12-31": "1.54990", "2009-09-30": "1.45570", "2009-06-30": "1.39570", "2009-03-31": "1.40100", "2008-12-31": "1.32560", "2008-09-30": "1.38870", "2008-06-30": "1.26720", "2008-03-31": "1.26870", "2007-12-31": "1.34100", "2007-09-30": "1.27750", "2007-06-30": "1.24390", "2007-03-31": "1.24150", "2006-12-31": "1.31600", "2006-09-30": "1.30460", "2006-06-30": "1.25240", "2006-03-31": "1.29780", "2005-12-31": "1.30230", "2005-09-30": "1.31740", "2005-06-30": "1.28110", "2005-03-31": "1.25260"}, "Days Sales In Receivables": {"2020-09-30": "70.35160", "2020-06-30": "74.08640", "2020-03-31": "75.09140", "2019-12-31": "74.86380", "2019-09-30": "70.87920", "2019-06-30": "72.66270", "2019-03-31": "72.48270", "2018-12-31": "74.83880", "2018-09-30": "78.46570", "2018-06-30": "73.90100", "2018-03-31": "75.05980", "2017-12-31": "73.39620", "2017-09-30": "73.54000", "2017-06-30": "72.80130", "2017-03-31": "71.08760", "2016-12-31": "72.33950", "2016-09-30": "70.73160", "2016-06-30": "70.92460", "2016-03-31": "74.77870", "2015-12-31": "64.45340", "2015-09-30": "64.91760", "2015-06-30": "65.94640", "2015-03-31": "64.32640", "2014-12-31": "61.12940", "2014-09-30": "64.63210", "2014-06-30": "68.35230", "2014-03-31": "67.29590", "2013-12-31": "61.88640", "2013-09-30": "63.35580", "2013-06-30": "63.97180", "2013-03-31": "64.30290", "2012-12-31": "62.49320", "2012-09-30": "64.49520", "2012-06-30": "65.72460", "2012-03-31": "66.96020", "2011-12-31": "64.29610", "2011-09-30": "59.94820", "2011-06-30": "66.60590", "2011-03-31": "67.14400", "2010-12-31": "60.55110", "2010-09-30": "64.01040", "2010-06-30": "60.95890", "2010-03-31": "62.74460", "2009-12-31": "58.06990", "2009-09-30": "61.82660", "2009-06-30": "64.48300", "2009-03-31": "64.24030", "2008-12-31": "67.89300", "2008-09-30": "64.81090", "2008-06-30": "71.02070", "2008-03-31": "70.94140", "2007-12-31": "67.11260", "2007-09-30": "70.44970", "2007-06-30": "72.35080", "2007-03-31": "72.49320", "2006-12-31": "68.39040", "2006-09-30": "68.98510", "2006-06-30": "71.86230", "2006-03-31": "69.35000", "2005-12-31": "69.11090", "2005-09-30": "68.31880", "2005-06-30": "70.25150", "2005-03-31": "71.84820"}, "ROE - Return On Equity": {"2020-09-30": "3.62140", "2020-06-30": "2.54320", "2020-03-31": "3.48000", "2019-12-31": "3.08720", "2019-09-30": "3.65310", "2019-06-30": "4.67430", "2019-03-31": "4.29230", "2018-12-31": "2.85870", "2018-09-30": "2.80320", "2018-06-30": "4.13960", "2018-03-31": "4.22050", "2017-12-31": "3.77320", "2017-09-30": "4.04960", "2017-06-30": "4.97940", "2017-03-31": "4.17570", "2016-12-31": "4.22290", "2016-09-30": "4.12800", "2016-06-30": "4.69180", "2016-03-31": "3.46040", "2015-12-31": "3.77430", "2015-09-30": "4.59190", "2015-06-30": "5.10260", "2015-03-31": "4.39220", "2014-12-31": "3.76040", "2014-09-30": "3.44610", "2014-06-30": "3.47680", "2014-03-31": "3.18710", "2013-12-31": "2.48840", "2013-09-30": "3.09630", "2013-06-30": "3.53590", "2013-03-31": "2.88070", "2012-12-31": "2.52470", "2012-09-30": "3.05460", "2012-06-30": "3.09010", "2012-03-31": "3.16500", "2011-12-31": "2.99340", "2011-09-30": "3.68450", "2011-06-30": "3.54820", "2011-03-31": "3.20640", "2010-12-31": "3.18130", "2010-09-30": "3.64280", "2010-06-30": "4.04970", "2010-03-31": "3.16830", "2009-12-31": "2.87680", "2009-09-30": "2.65380", "2009-06-30": "2.40500", "2009-03-31": "2.42510", "2008-12-31": "2.79660", "2008-09-30": "3.48100", "2008-06-30": "3.58730", "2008-03-31": "2.98690", "2007-12-31": "2.99650", "2007-09-30": "3.66470", "2007-06-30": "3.66740", "2007-03-31": "3.00990", "2006-12-31": "2.87140", "2006-09-30": "3.15570", "2006-06-30": "3.07480", "2006-03-31": "2.32840", "2005-12-31": "2.92960", "2005-09-30": "3.09370", "2005-06-30": "3.67560", "2005-03-31": "2.60230"}, "Return On Tangible Equity": {"2020-09-30": "11.92990", "2020-06-30": "9.70510", "2020-03-31": "10.09280", "2019-12-31": "9.37560", "2019-09-30": "9.92120", "2019-06-30": "12.68700", "2019-03-31": "12.18300", "2018-12-31": "8.92250", "2018-09-30": "9.52640", "2018-06-30": "6.81480", "2018-03-31": "6.90370", "2017-12-31": "6.40690", "2017-09-30": "6.81100", "2017-06-30": "8.31340", "2017-03-31": "7.03530", "2016-12-31": "7.37650", "2016-09-30": "6.99050", "2016-06-30": "8.05270", "2016-03-31": "6.00190", "2015-12-31": "5.37080", "2015-09-30": "6.58860", "2015-06-30": "7.42350", "2015-03-31": "6.61090", "2014-12-31": "5.65460", "2014-09-30": "4.72470", "2014-06-30": "4.73470", "2014-03-31": "4.36010", "2013-12-31": "3.43780", "2013-09-30": "4.28430", "2013-06-30": "4.91580", "2013-03-31": "4.02510", "2012-12-31": "3.56750", "2012-09-30": "4.28850", "2012-06-30": "3.74430", "2012-03-31": "3.83950", "2011-12-31": "3.67050", "2011-09-30": "4.45470", "2011-06-30": "4.26040", "2011-03-31": "3.86910", "2010-12-31": "3.88680", "2010-09-30": "4.44670", "2010-06-30": "5.01220", "2010-03-31": "3.90310", "2009-12-31": "3.55670", "2009-09-30": "3.28750", "2009-06-30": "3.01370", "2009-03-31": "3.08120", "2008-12-31": "3.55360", "2008-09-30": "4.41160", "2008-06-30": "4.50230", "2008-03-31": "3.76050", "2007-12-31": "3.81670", "2007-09-30": "4.70860", "2007-06-30": "4.76690", "2007-03-31": "3.94260", "2006-12-31": "3.78110", "2006-09-30": "4.21420", "2006-06-30": "4.07200", "2006-03-31": "3.11020", "2005-12-31": "3.90190", "2005-09-30": "3.84200", "2005-06-30": "4.58030", "2005-03-31": "3.22070"}, "ROA - Return On Assets": {"2020-09-30": "1.65040", "2020-06-30": "1.09750", "2020-03-31": "1.46300", "2019-12-31": "1.36260", "2019-09-30": "1.63830", "2019-06-30": "2.05980", "2019-03-31": "1.84440", "2018-12-31": "1.20420", "2018-09-30": "1.14530", "2018-06-30": "1.73110", "2018-03-31": "1.80550", "2017-12-31": "1.57770", "2017-09-30": "1.57030", "2017-06-30": "2.44720", "2017-03-31": "2.05280", "2016-12-31": "1.90220", "2016-09-30": "1.97770", "2016-06-30": "2.23090", "2016-03-31": "1.63740", "2015-12-31": "1.78060", "2015-09-30": "2.13750", "2015-06-30": "2.32230", "2015-03-31": "1.93140", "2014-12-31": "1.70330", "2014-09-30": "1.94540", "2014-06-30": "2.01900", "2014-03-31": "1.87600", "2013-12-31": "1.47480", "2013-09-30": "1.86260", "2013-06-30": "2.13220", "2013-03-31": "1.69930", "2012-12-31": "1.49950", "2012-09-30": "1.86510", "2012-06-30": "1.93980", "2012-03-31": "1.95760", "2011-12-31": "1.78910", "2011-09-30": "2.29430", "2011-06-30": "2.28380", "2011-03-31": "2.02030", "2010-12-31": "2.00290", "2010-09-30": "2.33030", "2010-06-30": "2.57020", "2010-03-31": "1.98800", "2009-12-31": "1.84360", "2009-09-30": "1.72400", "2009-06-30": "1.53890", "2009-03-31": "1.52150", "2008-12-31": "1.72790", "2008-09-30": "2.01880", "2008-06-30": "2.16190", "2008-03-31": "1.76380", "2007-12-31": "1.75380", "2007-09-30": "2.12410", "2007-06-30": "2.12790", "2007-03-31": "1.75910", "2006-12-31": "1.70700", "2006-09-30": "1.81430", "2006-06-30": "1.83610", "2006-03-31": "1.38240", "2005-12-31": "1.74700", "2005-09-30": "1.88990", "2005-06-30": "2.24300", "2005-03-31": "1.61830"}, "ROI - Return On Investment": {"2020-09-30": "2.27630", "2020-06-30": "1.53400", "2020-03-31": "2.07440", "2019-12-31": "1.82630", "2019-09-30": "2.15920", "2019-06-30": "2.70800", "2019-03-31": "2.41490", "2018-12-31": "1.59580", "2018-09-30": "1.54620", "2018-06-30": "2.20440", "2018-03-31": "2.27610", "2017-12-31": "1.97770", "2017-09-30": "2.06410", "2017-06-30": "3.13440", "2017-03-31": "2.57490", "2016-12-31": "2.54690", "2016-09-30": "2.57380", "2016-06-30": "2.90850", "2016-03-31": "2.14940", "2015-12-31": "2.27120", "2015-09-30": "2.76880", "2015-06-30": "2.96500", "2015-03-31": "2.45230", "2014-12-31": "2.45230", "2014-09-30": "2.75240", "2014-06-30": "2.82150", "2014-03-31": "2.58360", "2013-12-31": "2.00730", "2013-09-30": "2.49070", "2013-06-30": "2.82880", "2013-03-31": "2.29690", "2012-12-31": "2.01080", "2012-09-30": "2.39560", "2012-06-30": "2.60100", "2012-03-31": "2.67470", "2011-12-31": "2.49970", "2011-09-30": "3.09260", "2011-06-30": "3.01250", "2011-03-31": "2.70090", "2010-12-31": "2.64630", "2010-09-30": "3.24180", "2010-06-30": "3.55940", "2010-03-31": "2.71260", "2009-12-31": "2.46460", "2009-09-30": "2.27370", "2009-06-30": "2.04610", "2009-03-31": "2.00510", "2008-12-31": "2.32960", "2008-09-30": "2.90900", "2008-06-30": "3.26370", "2008-03-31": "2.66860", "2007-12-31": "2.64910", "2007-09-30": "3.22510", "2007-06-30": "3.20210", "2007-03-31": "2.56900", "2006-12-31": "2.43660", "2006-09-30": "2.59590", "2006-06-30": "2.65490", "2006-03-31": "1.99620", "2005-12-31": "2.48570", "2005-09-30": "2.63390", "2005-06-30": "3.12230", "2005-03-31": "2.22850"}, "Book Value Per Share": {"2020-09-30": "27.20180", "2020-06-30": "25.59850", "2020-03-31": "24.72930", "2019-12-31": "24.64350", "2019-09-30": "24.31890", "2019-06-30": "23.25620", "2019-03-31": "23.26010", "2018-12-31": "22.47820", "2018-09-30": "20.71520", "2018-06-30": "21.69910", "2018-03-31": "22.51240", "2017-12-31": "21.23060", "2017-09-30": "21.21710", "2017-06-30": "20.91340", "2017-03-31": "19.84990", "2016-12-31": "18.90890", "2016-09-30": "20.54870", "2016-06-30": "20.00940", "2016-03-31": "20.15350", "2015-12-31": "18.39530", "2015-09-30": "18.58820", "2015-06-30": "17.95690", "2015-03-31": "16.42880", "2014-12-31": "17.80510", "2014-09-30": "21.80650", "2014-06-30": "23.41740", "2014-03-31": "23.18910", "2013-12-31": "22.63470", "2013-09-30": "22.20130", "2013-06-30": "21.30910", "2013-03-31": "20.90020", "2012-12-31": "20.94840", "2012-09-30": "20.75730", "2012-06-30": "20.23890", "2012-03-31": "20.81670", "2011-12-31": "19.58380", "2011-09-30": "20.25010", "2011-06-30": "21.67080", "2011-03-31": "20.73040", "2010-12-31": "19.15830", "2010-09-30": "19.26580", "2010-06-30": "17.13120", "2010-03-31": "18.17690", "2009-12-31": "18.62760", "2009-09-30": "18.66030", "2009-06-30": "17.49010", "2009-03-31": "16.18900", "2008-12-31": "16.74260", "2008-09-30": "16.89060", "2008-06-30": "18.59810", "2008-03-31": "18.15380", "2007-12-31": "16.40790", "2007-09-30": "15.73130", "2007-06-30": "14.67070", "2007-03-31": "14.19850", "2006-12-31": "13.69610", "2006-09-30": "12.98870", "2006-06-30": "12.91150", "2006-03-31": "12.10690", "2005-12-31": "11.59580", "2005-09-30": "11.52650", "2005-06-30": "11.38950", "2005-03-31": "11.94640"}, "Operating Cash Flow Per Share": {"2020-09-30": 2.2698, "2020-06-30": 2.1436, "2020-03-31": "1.28620", "2019-12-31": 2.0744, "2019-09-30": 2.3638, "2019-06-30": 2.1509, "2019-03-31": "1.18800", "2018-12-31": 1.6102, "2018-09-30": 0.8354, "2018-06-30": 1.5906, "2018-03-31": "0.79200", "2017-12-31": 0.9364, "2017-09-30": 1.7935, "2017-06-30": 1.7029, "2017-03-31": "0.59430", "2016-12-31": 1.8872, "2016-09-30": 1.8292, "2016-06-30": 1.1174, "2016-03-31": "0.18250", "2015-12-31": 1.4305, "2015-09-30": 1.4087, "2015-06-30": 1.5643, "2015-03-31": "0.61660", "2014-12-31": 1.6882, "2014-09-30": 1.3711, "2014-06-30": 1.1718, "2014-03-31": "0.46970", "2013-12-31": 1.3333, "2013-09-30": 1.2518, "2013-06-30": 1.2271, "2013-03-31": "0.38230", "2012-12-31": 1.6997, "2012-09-30": 1.6656, "2012-06-30": 1.0255, "2012-03-31": "0.19860", "2011-12-31": 1.0778, "2011-09-30": 1.7471, "2011-06-30": 1.0027, "2011-03-31": "-0.05930", "2010-12-31": 1.3042, "2010-09-30": 0.7816, "2010-06-30": 1.2908, "2010-03-31": "0.61530", "2009-12-31": 0.8124, "2009-09-30": 1.1889, "2009-06-30": 1.3064, "2009-03-31": "0.70160", "2008-12-31": 0.8731, "2008-09-30": 1.5125, "2008-06-30": 0.844, "2008-03-31": "0.54840", "2007-12-31": 1.1888, "2007-09-30": 1.3435, "2007-06-30": 0.8152, "2007-03-31": "0.47590", "2006-12-31": 0.6576, "2006-09-30": 1.0156, "2006-06-30": 0.6439, "2006-03-31": "0.43520", "2005-12-31": 0.5495, "2005-09-30": 1.1289, "2005-06-30": 0.5707, "2005-03-31": "0.43290"}, "Free Cash Flow Per Share": {"2020-09-30": 1.5121, "2020-06-30": 1.2828, "2020-03-31": "0.35660", "2019-12-31": 1.2232, "2019-09-30": 1.4851, "2019-06-30": 1.0723, "2019-03-31": "0.39900", "2018-12-31": 0.5958, "2018-09-30": 0.0202, "2018-06-30": 0.8138, "2018-03-31": "0.21500", "2017-12-31": 0.3707, "2017-09-30": 0.9799, "2017-06-30": 1.2161, "2017-03-31": "0.06720", "2016-12-31": 1.3204, "2016-09-30": 1.2896, "2016-06-30": 0.614, "2016-03-31": "-0.17070", "2015-12-31": 0.776, "2015-09-30": 0.6681, "2015-06-30": 1.0452, "2015-03-31": "0.22830", "2014-12-31": 1.2196, "2014-09-30": 0.7663, "2014-06-30": 0.5087, "2014-03-31": "-0.12440", "2013-12-31": 0.7091, "2013-09-30": 0.6712, "2013-06-30": 0.6954, "2013-03-31": "-0.09610", "2012-12-31": 1.1038, "2012-09-30": 1.124, "2012-06-30": 0.2632, "2012-03-31": "-0.40800", "2011-12-31": 0.3313, "2011-09-30": 1.0267, "2011-06-30": 0.2498, "2011-03-31": "-0.40690", "2010-12-31": 0.8618, "2010-09-30": 0.3933, "2010-06-30": 0.8615, "2010-03-31": "0.19360", "2009-12-31": 0.2235, "2009-09-30": 0.7204, "2009-06-30": 0.768, "2009-03-31": "0.24460", "2008-12-31": 0.2751, "2008-09-30": 0.5442, "2008-06-30": 0.158, "2008-03-31": "-0.03780", "2007-12-31": 0.5891, "2007-09-30": 0.8769, "2007-06-30": 0.3919, "2007-03-31": "0.12400", "2006-12-31": 0.3102, "2006-09-30": 0.6558, "2006-06-30": 0.2978, "2006-03-31": "0.08470", "2005-12-31": 0.1225, "2005-09-30": 0.7807, "2005-06-30": 0.2432, "2005-03-31": "0.10240"}}, "revenue": {"AptarGroup Annual Revenue (Millions of US $)": {"2019": "$2,860", "2018": "$2,765", "2017": "$2,469", "2016": "$2,331", "2015": "$2,317", "2014": "$2,598", "2013": "$2,520", "2012": "$2,331", "2011": "$2,337", "2010": "$2,077", "2009": "$1,842", "2008": "$2,072", "2007": "$1,892", "2006": "$1,601", "2005": "$1,380"}, "AptarGroup Quarterly Revenue (Millions of US $)": {"2020-09-30": "$759", "2020-06-30": "$699", "2020-03-31": "$722", "2019-12-31": "$671", "2019-09-30": "$701", "2019-06-30": "$743", "2019-03-31": "$744", "2018-12-31": "$685", "2018-09-30": "$666", "2018-06-30": "$711", "2018-03-31": "$703", "2017-12-31": "$626", "2017-09-30": "$624", "2017-06-30": "$618", "2017-03-31": "$601", "2016-12-31": "$539", "2016-09-30": "$590", "2016-06-30": "$620", "2016-03-31": "$582", "2015-12-31": "$547", "2015-09-30": "$586", "2015-06-30": "$594", "2015-03-31": "$590", "2014-12-31": "$599", "2014-09-30": "$652", "2014-06-30": "$671", "2014-03-31": "$676", "2013-12-31": "$637", "2013-09-30": "$624", "2013-06-30": "$641", "2013-03-31": "$618", "2012-12-31": "$571", "2012-09-30": "$590", "2012-06-30": "$578", "2012-03-31": "$592", "2011-12-31": "$545", "2011-09-30": "$601", "2011-06-30": "$615", "2011-03-31": "$577", "2010-12-31": "$531", "2010-09-30": "$518", "2010-06-30": "$523", "2010-03-31": "$505", "2009-12-31": "$496", "2009-09-30": "$474", "2009-06-30": "$441", "2009-03-31": "$432", "2008-12-31": "$456", "2008-09-30": "$532", "2008-06-30": "$551", "2008-03-31": "$532", "2007-12-31": "$484", "2007-09-30": "$486", "2007-06-30": "$473", "2007-03-31": "$450", "2006-12-31": "$422", "2006-09-30": "$405", "2006-06-30": "$399", "2006-03-31": "$375", "2005-12-31": "$339", "2005-09-30": "$341", "2005-06-30": "$356", "2005-03-31": "$344"}}, "gross-profit": {"AptarGroup Annual Gross Profit (Millions of US $)": {"2019": "$1,041", "2018": "$952", "2017": "$866", "2016": "$835", "2015": "$814", "2014": "$843", "2013": "$811", "2012": "$741", "2011": "$769", "2010": "$698", "2009": "$616", "2008": "$660", "2007": "$608", "2006": "$515", "2005": "$452"}, "AptarGroup Quarterly Gross Profit (Millions of US $)": {"2020-09-30": "$279", "2020-06-30": "$258", "2020-03-31": "$270", "2019-12-31": "$236", "2019-09-30": "$257", "2019-06-30": "$273", "2019-03-31": "$275", "2018-12-31": "$228", "2018-09-30": "$230", "2018-06-30": "$246", "2018-03-31": "$248", "2017-12-31": "$215", "2017-09-30": "$217", "2017-06-30": "$218", "2017-03-31": "$217", "2016-12-31": "$188", "2016-09-30": "$209", "2016-06-30": "$230", "2016-03-31": "$208", "2015-12-31": "$187", "2015-09-30": "$205", "2015-06-30": "$219", "2015-03-31": "$204", "2014-12-31": "$192", "2014-09-30": "$208", "2014-06-30": "$220", "2014-03-31": "$223", "2013-12-31": "$202", "2013-09-30": "$200", "2013-06-30": "$210", "2013-03-31": "$199", "2012-12-31": "$180", "2012-09-30": "$182", "2012-06-30": "$187", "2012-03-31": "$191", "2011-12-31": "$175", "2011-09-30": "$194", "2011-06-30": "$205", "2011-03-31": "$194", "2010-12-31": "$171", "2010-09-30": "$175", "2010-06-30": "$178", "2010-03-31": "$174", "2009-12-31": "$169", "2009-09-30": "$153", "2009-06-30": "$152", "2009-03-31": "$142", "2008-12-31": "$147", "2008-09-30": "$166", "2008-06-30": "$178", "2008-03-31": "$169", "2007-12-31": "$149", "2007-09-30": "$155", "2007-06-30": "$154", "2007-03-31": "$150", "2006-12-31": "$133", "2006-09-30": "$130", "2006-06-30": "$130", "2006-03-31": "$122", "2005-12-31": "$111", "2005-09-30": "$112", "2005-06-30": "$117", "2005-03-31": "$112"}}, "operating-income": {"AptarGroup Annual Operating Income (Millions of US $)": {"2019": "$372", "2018": "$286", "2017": "$323", "2016": "$314", "2015": "$324", "2014": "$306", "2013": "$285", "2012": "$259", "2011": "$287", "2010": "$268", "2009": "$198", "2008": "$234", "2007": "$213", "2006": "$162", "2005": "$150"}, "AptarGroup Quarterly Operating Income (Millions of US $)": {"2020-09-30": "$99", "2020-06-30": "$70", "2020-03-31": "$88", "2019-12-31": "$74", "2019-09-30": "$90", "2019-06-30": "$110", "2019-03-31": "$97", "2018-12-31": "$56", "2018-09-30": "$61", "2018-06-30": "$81", "2018-03-31": "$88", "2017-12-31": "$79", "2017-09-30": "$81", "2017-06-30": "$85", "2017-03-31": "$78", "2016-12-31": "$69", "2016-09-30": "$82", "2016-06-30": "$94", "2016-03-31": "$69", "2015-12-31": "$67", "2015-09-30": "$88", "2015-06-30": "$96", "2015-03-31": "$74", "2014-12-31": "$64", "2014-09-30": "$79", "2014-06-30": "$85", "2014-03-31": "$79", "2013-12-31": "$66", "2013-09-30": "$73", "2013-06-30": "$81", "2013-03-31": "$65", "2012-12-31": "$55", "2012-09-30": "$67", "2012-06-30": "$67", "2012-03-31": "$70", "2011-12-31": "$63", "2011-09-30": "$74", "2011-06-30": "$80", "2011-03-31": "$70", "2010-12-31": "$61", "2010-09-30": "$71", "2010-06-30": "$74", "2010-03-31": "$62", "2009-12-31": "$57", "2009-09-30": "$53", "2009-06-30": "$48", "2009-03-31": "$41", "2008-12-31": "$52", "2008-09-30": "$60", "2008-06-30": "$67", "2008-03-31": "$55", "2007-12-31": "$51", "2007-09-30": "$57", "2007-06-30": "$58", "2007-03-31": "$47", "2006-12-31": "$41", "2006-09-30": "$45", "2006-06-30": "$44", "2006-03-31": "$32", "2005-12-31": "$36", "2005-09-30": "$39", "2005-06-30": "$41", "2005-03-31": "$34"}}, "ebitda": {"AptarGroup Annual EBITDA (Millions of US $)": {"2019": "$566", "2018": "$458", "2017": "$477", "2016": "$468", "2015": "$463", "2014": "$459", "2013": "$435", "2012": "$396", "2011": "$421", "2010": "$401", "2009": "$331", "2008": "$365", "2007": "$336", "2006": "$276", "2005": "$249"}, "AptarGroup Quarterly EBITDA (Millions of US $)": {"2020-09-30": "$154", "2020-06-30": "$127", "2020-03-31": "$139", "2019-12-31": "$124", "2019-09-30": "$139", "2019-06-30": "$158", "2019-03-31": "$145", "2018-12-31": "$105", "2018-09-30": "$103", "2018-06-30": "$121", "2018-03-31": "$129", "2017-12-31": "$118", "2017-09-30": "$121", "2017-06-30": "$123", "2017-03-31": "$115", "2016-12-31": "$107", "2016-09-30": "$122", "2016-06-30": "$134", "2016-03-31": "$105", "2015-12-31": "$102", "2015-09-30": "$123", "2015-06-30": "$130", "2015-03-31": "$108", "2014-12-31": "$103", "2014-09-30": "$117", "2014-06-30": "$123", "2014-03-31": "$116", "2013-12-31": "$104", "2013-09-30": "$111", "2013-06-30": "$119", "2013-03-31": "$101", "2012-12-31": "$91", "2012-09-30": "$102", "2012-06-30": "$100", "2012-03-31": "$103", "2011-12-31": "$95", "2011-09-30": "$108", "2011-06-30": "$115", "2011-03-31": "$103", "2010-12-31": "$95", "2010-09-30": "$104", "2010-06-30": "$107", "2010-03-31": "$96", "2009-12-31": "$95", "2009-09-30": "$86", "2009-06-30": "$79", "2009-03-31": "$71", "2008-12-31": "$84", "2008-09-30": "$93", "2008-06-30": "$101", "2008-03-31": "$88", "2007-12-31": "$83", "2007-09-30": "$89", "2007-06-30": "$88", "2007-03-31": "$76", "2006-12-31": "$72", "2006-09-30": "$73", "2006-06-30": "$72", "2006-03-31": "$59", "2005-12-31": "$60", "2005-09-30": "$63", "2005-06-30": "$66", "2005-03-31": "$60"}}, "net-income": {"AptarGroup Annual Net Income (Millions of US $)": {"2019": "$242", "2018": "$195", "2017": "$220", "2016": "$206", "2015": "$199", "2014": "$192", "2013": "$172", "2012": "$163", "2011": "$184", "2010": "$173", "2009": "$125", "2008": "$153", "2007": "$142", "2006": "$103", "2005": "$100"}, "AptarGroup Quarterly Net Income (Millions of US $)": {"2020-09-30": "$64", "2020-06-30": "$42", "2020-03-31": "$55", "2019-12-31": "$49", "2019-09-30": "$57", "2019-06-30": "$74", "2019-03-31": "$63", "2018-12-31": "$41", "2018-09-30": "$39", "2018-06-30": "$56", "2018-03-31": "$59", "2017-12-31": "$50", "2017-09-30": "$54", "2017-06-30": "$65", "2017-03-31": "$52", "2016-12-31": "$50", "2016-09-30": "$53", "2016-06-30": "$59", "2016-03-31": "$44", "2015-12-31": "$43", "2015-09-30": "$53", "2015-06-30": "$58", "2015-03-31": "$45", "2014-12-31": "$42", "2014-09-30": "$49", "2014-06-30": "$53", "2014-03-31": "$48", "2013-12-31": "$37", "2013-09-30": "$45", "2013-06-30": "$50", "2013-03-31": "$40", "2012-12-31": "$35", "2012-09-30": "$42", "2012-06-30": "$42", "2012-03-31": "$44", "2011-12-31": "$39", "2011-09-30": "$49", "2011-06-30": "$51", "2011-03-31": "$44", "2010-12-31": "$41", "2010-09-30": "$47", "2010-06-30": "$47", "2010-03-31": "$39", "2009-12-31": "$36", "2009-09-30": "$33", "2009-06-30": "$28", "2009-03-31": "$27", "2008-12-31": "$32", "2008-09-30": "$40", "2008-06-30": "$45", "2008-03-31": "$37", "2007-12-31": "$36", "2007-09-30": "$39", "2007-06-30": "$37", "2007-03-31": "$30", "2006-12-31": "$27", "2006-09-30": "$28", "2006-06-30": "$28", "2006-03-31": "$20", "2005-12-31": "$24", "2005-09-30": "$25", "2005-06-30": "$29", "2005-03-31": "$22"}}, "eps-earnings-per-share-diluted": {"AptarGroup Annual EPS": {"2019": "$3.66", "2018": "$3.00", "2017": "$3.41", "2016": "$3.17", "2015": "$3.09", "2014": "$2.85", "2013": "$2.52", "2012": "$2.38", "2011": "$2.65", "2010": "$2.48", "2009": "$1.79", "2008": "$2.18", "2007": "$1.98", "2006": "$1.43", "2005": "$1.39"}, "AptarGroup Quarterly EPS": {"2020-09-30": "$0.95", "2020-06-30": "$0.63", "2020-03-31": "$0.84", "2019-12-31": "$0.73", "2019-09-30": "$0.85", "2019-06-30": "$1.12", "2019-03-31": "$0.96", "2018-12-31": "$0.62", "2018-09-30": "$0.60", "2018-06-30": "$0.86", "2018-03-31": "$0.92", "2017-12-31": "$0.76", "2017-09-30": "$0.83", "2017-06-30": "$1.01", "2017-03-31": "$0.81", "2016-12-31": "$0.77", "2016-09-30": "$0.82", "2016-06-30": "$0.91", "2016-03-31": "$0.67", "2015-12-31": "$0.66", "2015-09-30": "$0.83", "2015-06-30": "$0.90", "2015-03-31": "$0.70", "2014-12-31": "$0.62", "2014-09-30": "$0.73", "2014-06-30": "$0.79", "2014-03-31": "$0.71", "2013-12-31": "$0.53", "2013-09-30": "$0.67", "2013-06-30": "$0.73", "2013-03-31": "$0.59", "2012-12-31": "$0.51", "2012-09-30": "$0.62", "2012-06-30": "$0.61", "2012-03-31": "$0.64", "2011-12-31": "$0.55", "2011-09-30": "$0.72", "2011-06-30": "$0.74", "2011-03-31": "$0.64", "2010-12-31": "$0.57", "2010-09-30": "$0.68", "2010-06-30": "$0.67", "2010-03-31": "$0.56", "2009-12-31": "$0.52", "2009-09-30": "$0.48", "2009-06-30": "$0.41", "2009-03-31": "$0.38", "2008-12-31": "$0.45", "2008-09-30": "$0.57", "2008-06-30": "$0.64", "2008-03-31": "$0.52", "2007-12-31": "$0.49", "2007-09-30": "$0.56", "2007-06-30": "$0.52", "2007-03-31": "$0.41", "2006-12-31": "$0.37", "2006-09-30": "$0.40", "2006-06-30": "$0.39", "2006-03-31": "$0.28", "2005-12-31": "$0.34", "2005-09-30": "$0.35", "2005-06-30": "$0.41", "2005-03-31": "$0.30"}}, "shares-outstanding": {"AptarGroup Annual Shares Outstanding (Millions of Shares)": {"2019": "66", "2018": "65", "2017": "65", "2016": "65", "2015": "64", "2014": "67", "2013": "68", "2012": "68", "2011": "69", "2010": "70", "2009": "70", "2008": "72", "2007": "72", "2006": "72", "2005": "72"}, "AptarGroup Quarterly Shares Outstanding (Millions of Shares)": {"2020-09-30": "67", "2020-06-30": "66", "2020-03-31": "66", "2019-12-31": "66", "2019-09-30": "67", "2019-06-30": "66", "2019-03-31": "65", "2018-12-31": "65", "2018-09-30": "65", "2018-06-30": "65", "2018-03-31": "64", "2017-12-31": "65", "2017-09-30": "65", "2017-06-30": "65", "2017-03-31": "64", "2016-12-31": "65", "2016-09-30": "65", "2016-06-30": "65", "2016-03-31": "65", "2015-12-31": "64", "2015-09-30": "64", "2015-06-30": "64", "2015-03-31": "64", "2014-12-31": "67", "2014-09-30": "67", "2014-06-30": "67", "2014-03-31": "68", "2013-12-31": "68", "2013-09-30": "68", "2013-06-30": "68", "2013-03-31": "68", "2012-12-31": "68", "2012-09-30": "68", "2012-06-30": "69", "2012-03-31": "69", "2011-12-31": "69", "2011-09-30": "69", "2011-06-30": "69", "2011-03-31": "70", "2010-12-31": "70", "2010-09-30": "69", "2010-06-30": "70", "2010-03-31": "70", "2009-12-31": "70", "2009-09-30": "69", "2009-06-30": "69", "2009-03-31": "70", "2008-12-31": "72", "2008-09-30": "70", "2008-06-30": "71", "2008-03-31": "71", "2007-12-31": "72", "2007-09-30": "71", "2007-06-30": "71", "2007-03-31": "72", "2006-12-31": "72", "2006-09-30": "71", "2006-06-30": "72", "2006-03-31": "72", "2005-12-31": "72", "2005-09-30": "72", "2005-06-30": "73", "2005-03-31": "74"}}, "total-assets": {"AptarGroup Annual Total Assets (Millions of US $)": {"2019": "$3,562", "2018": "$3,378", "2017": "$3,138", "2016": "$2,607", "2015": "$2,437", "2014": "$2,437", "2013": "$2,498", "2012": "$2,324", "2011": "$2,159", "2010": "$2,033", "2009": "$1,956", "2008": "$1,832", "2007": "$1,912", "2006": "$1,592", "2005": "$1,357"}, "AptarGroup Quarterly Total Assets (Millions of US $)": {"2020-09-30": "$3,862", "2020-06-30": "$3,814", "2020-03-31": "$3,777", "2019-12-31": "$3,562", "2019-09-30": "$3,465", "2019-06-30": "$3,589", "2019-03-31": "$3,416", "2018-12-31": "$3,378", "2018-09-30": "$3,407", "2018-06-30": "$3,222", "2018-03-31": "$3,284", "2017-12-31": "$3,138", "2017-09-30": "$3,409", "2017-06-30": "$2,664", "2017-03-31": "$2,524", "2016-12-31": "$2,607", "2016-09-30": "$2,685", "2016-06-30": "$2,647", "2016-03-31": "$2,679", "2015-12-31": "$2,437", "2015-09-30": "$2,492", "2015-06-30": "$2,478", "2015-03-31": "$2,335", "2014-12-31": "$2,437", "2014-09-30": "$2,499", "2014-06-30": "$2,629", "2014-03-31": "$2,580", "2013-12-31": "$2,498", "2013-09-30": "$2,428", "2013-06-30": "$2,339", "2013-03-31": "$2,353", "2012-12-31": "$2,324", "2012-09-30": "$2,257", "2012-06-30": "$2,147", "2012-03-31": "$2,238", "2011-12-31": "$2,159", "2011-09-30": "$2,146", "2011-06-30": "$2,246", "2011-03-31": "$2,201", "2010-12-31": "$2,033", "2010-09-30": "$2,018", "2010-06-30": "$1,819", "2010-03-31": "$1,967", "2009-12-31": "$1,956", "2009-09-30": "$1,941", "2009-06-30": "$1,850", "2009-03-31": "$1,748", "2008-12-31": "$1,832", "2008-09-30": "$1,966", "2008-06-30": "$2,094", "2008-03-31": "$2,091", "2007-12-31": "$1,912", "2007-09-30": "$1,855", "2007-06-30": "$1,737", "2007-03-31": "$1,682", "2006-12-31": "$1,592", "2006-09-30": "$1,557", "2006-06-30": "$1,507", "2006-03-31": "$1,433", "2005-12-31": "$1,357", "2005-09-30": "$1,319", "2005-06-30": "$1,307", "2005-03-31": "$1,364"}}, "cash-on-hand": {"AptarGroup Annual Cash on Hand (Millions of US $)": {"2019": "$242", "2018": "$262", "2017": "$713", "2016": "$466", "2015": "$520", "2014": "$400", "2013": "$310", "2012": "$230", "2011": "$378", "2010": "$376", "2009": "$333", "2008": "$192", "2007": "$314", "2006": "$171", "2005": "$118"}, "AptarGroup Quarterly Cash on Hand (Millions of US $)": {"2020-09-30": "$227", "2020-06-30": "$248", "2020-03-31": "$411", "2019-12-31": "$242", "2019-09-30": "$271", "2019-06-30": "$303", "2019-03-31": "$217", "2018-12-31": "$262", "2018-09-30": "$291", "2018-06-30": "$718", "2018-03-31": "$741", "2017-12-31": "$713", "2017-09-30": "$1,019", "2017-06-30": "$337", "2017-03-31": "$285", "2016-12-31": "$466", "2016-09-30": "$433", "2016-06-30": "$362", "2016-03-31": "$386", "2015-12-31": "$520", "2015-09-30": "$501", "2015-06-30": "$459", "2015-03-31": "$386", "2014-12-31": "$400", "2014-09-30": "$347", "2014-06-30": "$341", "2014-03-31": "$317", "2013-12-31": "$310", "2013-09-30": "$248", "2013-06-30": "$190", "2013-03-31": "$225", "2012-12-31": "$230", "2012-09-30": "$174", "2012-06-30": "$301", "2012-03-31": "$330", "2011-12-31": "$378", "2011-09-30": "$371", "2011-06-30": "$341", "2011-03-31": "$397", "2010-12-31": "$376", "2010-09-30": "$328", "2010-06-30": "$247", "2010-03-31": "$338", "2009-12-31": "$333", "2009-09-30": "$295", "2009-06-30": "$249", "2009-03-31": "$204", "2008-12-31": "$192", "2008-09-30": "$301", "2008-06-30": "$297", "2008-03-31": "$335", "2007-12-31": "$314", "2007-09-30": "$270", "2007-06-30": "$195", "2007-03-31": "$181", "2006-12-31": "$171", "2006-09-30": "$168", "2006-06-30": "$122", "2006-03-31": "$120", "2005-12-31": "$118", "2005-09-30": "$165", "2005-06-30": "$124", "2005-03-31": "$145"}}, "long-term-debt": {"AptarGroup Annual Long Term Debt (Millions of US $)": {"2019": "$1,085", "2018": "$1,126", "2017": "$1,191", "2016": "$773", "2015": "$761", "2014": "$589", "2013": "$355", "2012": "$353", "2011": "$255", "2010": "$259", "2009": "$210", "2008": "$227", "2007": "$147", "2006": "$169", "2005": "$145"}, "AptarGroup Quarterly Long Term Debt (Millions of US $)": {"2020-09-30": "$1,040", "2020-06-30": "$1,083", "2020-03-31": "$1,076", "2019-12-31": "$1,085", "2019-09-30": "$1,075", "2019-06-30": "$1,148", "2019-03-31": "$1,141", "2018-12-31": "$1,126", "2018-09-30": "$1,132", "2018-06-30": "$1,183", "2018-03-31": "$1,200", "2017-12-31": "$1,191", "2017-09-30": "$1,272", "2017-06-30": "$771", "2017-03-31": "$771", "2016-12-31": "$773", "2016-09-30": "$777", "2016-06-30": "$772", "2016-03-31": "$773", "2015-12-31": "$761", "2015-09-30": "$764", "2015-06-30": "$813", "2015-03-31": "$812", "2014-12-31": "$589", "2014-09-30": "$356", "2014-06-30": "$355", "2014-03-31": "$355", "2013-12-31": "$355", "2013-09-30": "$355", "2013-06-30": "$353", "2013-03-31": "$353", "2012-12-31": "$353", "2012-09-30": "$379", "2012-06-30": "$253", "2012-03-31": "$254", "2011-12-31": "$255", "2011-09-30": "$256", "2011-06-30": "$257", "2011-03-31": "$260", "2010-12-31": "$259", "2010-09-30": "$160", "2010-06-30": "$159", "2010-03-31": "$207", "2009-12-31": "$210", "2009-09-30": "$211", "2009-06-30": "$208", "2009-03-31": "$230", "2008-12-31": "$227", "2008-09-30": "$224", "2008-06-30": "$125", "2008-03-31": "$147", "2007-12-31": "$147", "2007-09-30": "$147", "2007-06-30": "$146", "2007-03-31": "$169", "2006-12-31": "$169", "2006-09-30": "$193", "2006-06-30": "$142", "2006-03-31": "$142", "2005-12-31": "$145", "2005-09-30": "$141", "2005-06-30": "$141", "2005-03-31": "$142"}}, "total-liabilities": {"AptarGroup Annual Total Liabilities (Millions of US $)": {"2019": "$1,990", "2018": "$1,955", "2017": "$1,826", "2016": "$1,433", "2015": "$1,287", "2014": "$1,333", "2013": "$1,017", "2012": "$944", "2011": "$869", "2010": "$753", "2009": "$703", "2008": "$700", "2007": "$793", "2006": "$646", "2005": "$548"}, "AptarGroup Quarterly Total Liabilities (Millions of US $)": {"2020-09-30": "$2,102", "2020-06-30": "$2,168", "2020-03-31": "$2,189", "2019-12-31": "$1,990", "2019-09-30": "$1,911", "2019-06-30": "$2,007", "2019-03-31": "$1,948", "2018-12-31": "$1,955", "2018-09-30": "$2,015", "2018-06-30": "$1,875", "2018-03-31": "$1,879", "2017-12-31": "$1,826", "2017-09-30": "$2,087", "2017-06-30": "$1,355", "2017-03-31": "$1,283", "2016-12-31": "$1,433", "2016-09-30": "$1,399", "2016-06-30": "$1,388", "2016-03-31": "$1,411", "2015-12-31": "$1,287", "2015-09-30": "$1,332", "2015-06-30": "$1,350", "2015-03-31": "$1,308", "2014-12-31": "$1,333", "2014-09-30": "$1,088", "2014-06-30": "$1,102", "2014-03-31": "$1,062", "2013-12-31": "$1,017", "2013-09-30": "$968", "2013-06-30": "$929", "2013-03-31": "$965", "2012-12-31": "$944", "2012-09-30": "$879", "2012-06-30": "$799", "2012-03-31": "$854", "2011-12-31": "$869", "2011-09-30": "$810", "2011-06-30": "$800", "2011-03-31": "$814", "2010-12-31": "$753", "2010-09-30": "$727", "2010-06-30": "$665", "2010-03-31": "$733", "2009-12-31": "$703", "2009-09-30": "$680", "2009-06-30": "$666", "2009-03-31": "$651", "2008-12-31": "$700", "2008-09-30": "$826", "2008-06-30": "$832", "2008-03-31": "$856", "2007-12-31": "$793", "2007-09-30": "$780", "2007-06-30": "$729", "2007-03-31": "$699", "2006-12-31": "$646", "2006-09-30": "$662", "2006-06-30": "$607", "2006-03-31": "$582", "2005-12-31": "$548", "2005-09-30": "$513", "2005-06-30": "$510", "2005-03-31": "$516"}}, "total-share-holder-equity": {"AptarGroup Annual Share Holder Equity (Millions of US $)": {"2019": "$1,572", "2018": "$1,423", "2017": "$1,312", "2016": "$1,174", "2015": "$1,150", "2014": "$1,104", "2013": "$1,480", "2012": "$1,380", "2011": "$1,291", "2010": "$1,280", "2009": "$1,254", "2008": "$1,132", "2007": "$1,119", "2006": "$946", "2005": "$809"}, "AptarGroup Quarterly Share Holder Equity (Millions of US $)": {"2020-09-30": "$1,760", "2020-06-30": "$1,646", "2020-03-31": "$1,588", "2019-12-31": "$1,572", "2019-09-30": "$1,554", "2019-06-30": "$1,581", "2019-03-31": "$1,468", "2018-12-31": "$1,423", "2018-09-30": "$1,392", "2018-06-30": "$1,348", "2018-03-31": "$1,405", "2017-12-31": "$1,312", "2017-09-30": "$1,322", "2017-06-30": "$1,309", "2017-03-31": "$1,241", "2016-12-31": "$1,174", "2016-09-30": "$1,286", "2016-06-30": "$1,259", "2016-03-31": "$1,268", "2015-12-31": "$1,150", "2015-09-30": "$1,160", "2015-06-30": "$1,128", "2015-03-31": "$1,027", "2014-12-31": "$1,104", "2014-09-30": "$1,411", "2014-06-30": "$1,527", "2014-03-31": "$1,519", "2013-12-31": "$1,480", "2013-09-30": "$1,461", "2013-06-30": "$1,411", "2013-03-31": "$1,388", "2012-12-31": "$1,380", "2012-09-30": "$1,378", "2012-06-30": "$1,348", "2012-03-31": "$1,384", "2011-12-31": "$1,291", "2011-09-30": "$1,337", "2011-06-30": "$1,445", "2011-03-31": "$1,387", "2010-12-31": "$1,280", "2010-09-30": "$1,291", "2010-06-30": "$1,155", "2010-03-31": "$1,234", "2009-12-31": "$1,254", "2009-09-30": "$1,261", "2009-06-30": "$1,184", "2009-03-31": "$1,097", "2008-12-31": "$1,132", "2008-09-30": "$1,140", "2008-06-30": "$1,262", "2008-03-31": "$1,235", "2007-12-31": "$1,119", "2007-09-30": "$1,075", "2007-06-30": "$1,008", "2007-03-31": "$983", "2006-12-31": "$946", "2006-09-30": "$895", "2006-06-30": "$900", "2006-03-31": "$851", "2005-12-31": "$809", "2005-09-30": "$806", "2005-06-30": "$798", "2005-03-31": "$848"}}, "profit-margins": {"current": "7.34%"}, "gross margin": {"2020-09-30": "36.58%", "2020-06-30": "36.56%", "2020-03-31": "36.52%", "2019-12-31": "36.41%", "2019-09-30": "35.96%", "2019-06-30": "35.45%", "2019-03-31": "34.89%", "2018-12-31": "34.43%", "2018-09-30": "34.70%", "2018-06-30": "34.76%", "2018-03-31": "34.93%", "2017-12-31": "35.12%", "2017-09-30": "35.26%", "2017-06-30": "35.43%", "2017-03-31": "35.91%", "2016-12-31": "35.82%", "2016-09-30": "35.66%", "2016-06-30": "35.55%", "2016-03-31": "35.47%", "2015-12-31": "35.17%", "2015-09-30": "34.61%", "2015-06-30": "33.80%", "2015-03-31": "32.80%", "2014-12-31": "32.45%", "2014-09-30": "32.36%", "2014-06-30": "32.40%", "2014-03-31": "32.39%", "2013-12-31": "32.18%", "2013-09-30": "32.15%", "2013-06-30": "31.86%", "2013-03-31": "31.74%", "2012-12-31": "31.75%", "2012-09-30": "31.89%", "2012-06-30": "32.25%", "2012-03-31": "32.51%", "2011-12-31": "32.85%", "2011-09-30": "32.87%", "2011-06-30": "33.24%", "2011-03-31": "33.41%", "2010-12-31": "33.61%", "2010-09-30": "34.08%", "2010-06-30": "33.73%", "2010-03-31": "33.82%", "2009-12-31": "33.42%", "2009-09-30": "32.95%", "2009-06-30": "32.62%", "2009-03-31": "32.12%", "2008-12-31": "31.87%", "2008-09-30": "31.54%", "2008-06-30": "31.71%", "2008-03-31": "31.75%", "2007-12-31": "32.12%", "2007-09-30": "32.33%", "2007-06-30": "32.40%", "2007-03-31": "32.40%", "2006-12-31": "32.17%", "2006-09-30": "32.48%", "2006-06-30": "32.67%", "2006-03-31": "32.74%", "2005-12-31": "32.75%"}, "operating margin": {"2020-09-30": "11.61%", "2020-06-30": "11.53%", "2020-03-31": "12.76%", "2019-12-31": "12.98%", "2019-09-30": "12.29%", "2019-06-30": "11.42%", "2019-03-31": "10.51%", "2018-12-31": "10.34%", "2018-09-30": "11.42%", "2018-06-30": "12.35%", "2018-03-31": "12.95%", "2017-12-31": "13.08%", "2017-09-30": "13.14%", "2017-06-30": "13.37%", "2017-03-31": "13.74%", "2016-12-31": "13.47%", "2016-09-30": "13.34%", "2016-06-30": "13.62%", "2016-03-31": "13.86%", "2015-12-31": "14.03%", "2015-09-30": "13.59%", "2015-06-30": "12.85%", "2015-03-31": "12.02%", "2014-12-31": "11.82%", "2014-09-30": "11.72%", "2014-06-30": "11.62%", "2014-03-31": "11.60%", "2013-12-31": "11.31%", "2013-09-30": "11.17%", "2013-06-30": "11.07%", "2013-03-31": "10.78%", "2012-12-31": "11.11%", "2012-09-30": "11.58%", "2012-06-30": "11.83%", "2012-03-31": "12.20%", "2011-12-31": "12.28%", "2011-09-30": "12.26%", "2011-06-30": "12.58%", "2011-03-31": "12.84%", "2010-12-31": "12.90%", "2010-09-30": "12.93%", "2010-06-30": "12.31%", "2010-03-31": "11.48%", "2009-12-31": "10.80%", "2009-09-30": "10.76%", "2009-06-30": "10.80%", "2009-03-31": "11.16%", "2008-12-31": "11.30%", "2008-09-30": "11.10%", "2008-06-30": "11.20%", "2008-03-31": "11.19%", "2007-12-31": "11.25%", "2007-09-30": "11.09%", "2007-06-30": "10.91%", "2007-03-31": "10.56%", "2006-12-31": "10.12%", "2006-09-30": "10.34%", "2006-06-30": "10.39%", "2006-03-31": "10.49%", "2005-12-31": "10.87%"}, "ebitda margin": {"2020-09-30": "19.08%", "2020-06-30": "18.94%", "2020-03-31": "19.74%", "2019-12-31": "19.80%", "2019-09-30": "19.04%", "2019-06-30": "18.01%", "2019-03-31": "16.89%", "2018-12-31": "16.56%", "2018-09-30": "17.41%", "2018-06-30": "18.36%", "2018-03-31": "19.10%", "2017-12-31": "19.32%", "2017-09-30": "19.56%", "2017-06-30": "19.89%", "2017-03-31": "20.34%", "2016-12-31": "20.08%", "2016-09-30": "19.79%", "2016-06-30": "19.87%", "2016-03-31": "19.92%", "2015-12-31": "19.98%", "2015-09-30": "19.59%", "2015-06-30": "18.81%", "2015-03-31": "17.95%", "2014-12-31": "17.67%", "2014-09-30": "17.45%", "2014-06-30": "17.41%", "2014-03-31": "17.46%", "2013-12-31": "17.26%", "2013-09-30": "17.20%", "2013-06-30": "17.07%", "2013-03-31": "16.72%", "2012-12-31": "16.99%", "2012-09-30": "17.35%", "2012-06-30": "17.53%", "2012-03-31": "17.89%", "2011-12-31": "18.01%", "2011-09-30": "18.12%", "2011-06-30": "18.61%", "2011-03-31": "19.03%", "2010-12-31": "19.35%", "2010-09-30": "19.69%", "2010-06-30": "19.22%", "2010-03-31": "18.58%", "2009-12-31": "17.96%", "2009-09-30": "17.75%", "2009-06-30": "17.57%", "2009-03-31": "17.71%", "2008-12-31": "17.67%", "2008-09-30": "17.39%", "2008-06-30": "17.58%", "2008-03-31": "17.62%", "2007-12-31": "17.75%", "2007-09-30": "17.75%", "2007-06-30": "17.66%", "2007-03-31": "17.48%", "2006-12-31": "17.24%", "2006-09-30": "17.39%", "2006-06-30": "17.47%", "2006-03-31": "17.58%", "2005-12-31": "18.04%"}, "pre tax profit margin": {"2020-09-30": "10.38%", "2020-06-30": "10.35%", "2020-03-31": "11.63%", "2019-12-31": "11.96%", "2019-09-30": "11.59%", "2019-06-30": "10.64%", "2019-03-31": "9.80%", "2018-12-31": "9.62%", "2018-09-30": "10.46%", "2018-06-30": "11.34%", "2018-03-31": "11.94%", "2017-12-31": "11.95%", "2017-09-30": "11.75%", "2017-06-30": "12.14%", "2017-03-31": "12.30%", "2016-12-31": "12.01%", "2016-09-30": "12.01%", "2016-06-30": "12.21%", "2016-03-31": "12.43%", "2015-12-31": "12.73%", "2015-09-30": "12.33%", "2015-06-30": "11.79%", "2015-03-31": "11.19%", "2014-12-31": "11.05%", "2014-09-30": "10.93%", "2014-06-30": "10.81%", "2014-03-31": "10.78%", "2013-12-31": "10.44%", "2013-09-30": "10.31%", "2013-06-30": "10.25%", "2013-03-31": "9.97%", "2012-12-31": "10.38%", "2012-09-30": "10.98%", "2012-06-30": "11.27%", "2012-03-31": "11.69%", "2011-12-31": "11.76%", "2011-09-30": "11.75%", "2011-06-30": "12.05%", "2011-03-31": "12.24%", "2010-12-31": "12.28%", "2010-09-30": "12.24%", "2010-06-30": "11.61%", "2010-03-31": "10.65%", "2009-12-31": "9.98%", "2009-09-30": "9.98%", "2009-06-30": "10.10%", "2009-03-31": "10.76%", "2008-12-31": "10.96%", "2008-09-30": "10.81%", "2008-06-30": "10.91%", "2008-03-31": "10.73%", "2007-12-31": "10.67%", "2007-09-30": "10.38%", "2007-06-30": "10.06%", "2007-03-31": "9.67%", "2006-12-31": "9.24%", "2006-09-30": "9.49%", "2006-06-30": "9.63%", "2006-03-31": "9.85%", "2005-12-31": "10.29%"}, "net profit margin": {"2020-09-30": "7.37%", "2020-06-30": "7.27%", "2020-03-31": "8.28%", "2019-12-31": "8.50%", "2019-09-30": "8.18%", "2019-06-30": "7.65%", "2019-03-31": "7.09%", "2018-12-31": "7.05%", "2018-09-30": "7.54%", "2018-06-30": "8.22%", "2018-03-31": "8.87%", "2017-12-31": "8.95%", "2017-09-30": "9.28%", "2017-06-30": "9.37%", "2017-03-31": "9.11%", "2016-12-31": "8.84%", "2016-09-30": "8.51%", "2016-06-30": "8.52%", "2016-03-31": "8.58%", "2015-12-31": "8.59%", "2015-09-30": "8.36%", "2015-06-30": "7.97%", "2015-03-31": "7.52%", "2014-12-31": "7.39%", "2014-09-30": "7.09%", "2014-06-30": "7.02%", "2014-03-31": "6.98%", "2013-12-31": "6.83%", "2013-09-30": "6.93%", "2013-06-30": "6.90%", "2013-03-31": "6.75%", "2012-12-31": "6.99%", "2012-09-30": "7.25%", "2012-06-30": "7.51%", "2012-03-31": "7.78%", "2011-12-31": "7.83%", "2011-09-30": "7.96%", "2011-06-30": "8.17%", "2011-03-31": "8.33%", "2010-12-31": "8.38%", "2010-09-30": "8.28%", "2010-06-30": "7.76%", "2010-03-31": "7.10%", "2009-12-31": "6.73%", "2009-09-30": "6.66%", "2009-06-30": "6.82%", "2009-03-31": "7.31%", "2008-12-31": "7.44%", "2008-09-30": "7.53%", "2008-06-30": "7.65%", "2008-03-31": "7.54%", "2007-12-31": "7.50%", "2007-09-30": "7.26%", "2007-06-30": "6.97%", "2007-03-31": "6.74%", "2006-12-31": "6.43%", "2006-09-30": "6.59%", "2006-06-30": "6.67%", "2006-03-31": "6.95%", "2005-12-31": "7.25%"}, "pe ratio": {"current": "39.85", "2021-02-05": "44.65", "2020-09-30": "35.73", "2020-06-30": "36.40", "2020-03-31": "27.78", "2019-12-31": "31.12", "2019-09-30": "32.77", "2019-06-30": "36.90", "2019-03-31": "34.16", "2018-12-31": "30.61", "2018-09-30": "33.27", "2018-06-30": "26.79", "2018-03-31": "24.59", "2017-12-31": "24.29", "2017-09-30": "24.21", "2017-06-30": "24.34", "2017-03-31": "22.14", "2016-12-31": "21.96", "2016-09-30": "23.71", "2016-06-30": "24.07", "2016-03-31": "23.84", "2015-12-31": "21.78", "2015-09-30": "20.02", "2015-06-30": "19.91", "2015-03-31": "20.51", "2014-12-31": "21.41", "2014-09-30": "19.99", "2014-06-30": "22.45", "2014-03-31": "22.56", "2013-12-31": "24.14", "2013-09-30": "21.49", "2013-06-30": "20.05", "2013-03-31": "21.80", "2012-12-31": "17.67", "2012-09-30": "18.68", "2012-06-30": "17.63", "2012-03-31": "17.92", "2011-12-31": "17.00", "2011-09-30": "14.38", "2011-06-30": "17.04", "2011-03-31": "16.70", "2010-12-31": "16.29", "2010-09-30": "16.03", "2010-06-30": "14.40", "2010-03-31": "16.91", "2009-12-31": "16.83", "2009-09-30": "18.13", "2009-06-30": "15.51", "2009-03-31": "12.63", "2008-12-31": "13.32", "2008-09-30": "14.43", "2008-06-30": "15.49", "2008-03-31": "15.15", "2007-12-31": "16.74", "2007-09-30": "16.40", "2007-06-30": "16.78", "2007-03-31": "17.08", "2006-12-31": "16.41"}, "price sales": {"2021-02-05": "3.28", "2020-09-30": "2.62", "2020-06-30": "2.64", "2020-03-31": "2.30", "2019-12-31": "2.63", "2019-09-30": "2.66", "2019-06-30": "2.81", "2019-03-31": "2.41", "2018-12-31": "2.15", "2018-09-30": "2.51", "2018-06-30": "2.20", "2018-03-31": "2.18", "2017-12-31": "2.17", "2017-09-30": "2.25", "2017-06-30": "2.29", "2017-03-31": "2.02", "2016-12-31": "1.94", "2016-09-30": "2.02", "2016-06-30": "2.06", "2016-03-31": "2.05", "2015-12-31": "1.88", "2015-09-30": "1.68", "2015-06-30": "1.59", "2015-03-31": "1.55", "2014-12-31": "1.59", "2014-09-30": "1.42", "2014-06-30": "1.59", "2014-03-31": "1.58", "2013-12-31": "1.65", "2013-09-30": "1.50", "2013-06-30": "1.39", "2013-03-31": "1.48", "2012-12-31": "1.24", "2012-09-30": "1.36", "2012-06-30": "1.33", "2012-03-31": "1.40", "2011-12-31": "1.35", "2011-09-30": "1.16", "2011-06-30": "1.40", "2011-03-31": "1.40", "2010-12-31": "1.37", "2010-09-30": "1.33", "2010-06-30": "1.12", "2010-03-31": "1.21", "2009-12-31": "1.14", "2009-09-30": "1.22", "2009-06-30": "1.06", "2009-03-31": "0.92", "2008-12-31": "1.00", "2008-09-30": "1.08", "2008-06-30": "1.19", "2008-03-31": "1.15", "2007-12-31": "1.26", "2007-09-30": "1.20", "2007-06-30": "1.18", "2007-03-31": "1.15", "2006-12-31": "1.06"}, "price book": {"current": "5.17", "2021-02-05": "5.17", "2020-09-30": "4.14", "2020-06-30": "4.34", "2020-03-31": "3.98", "2019-12-31": "4.62", "2019-09-30": "4.78", "2019-06-30": "5.24", "2019-03-31": "4.46", "2018-12-31": "4.08", "2018-09-30": "5.06", "2018-06-30": "4.17", "2018-03-31": "3.86", "2017-12-31": "3.91", "2017-09-30": "3.90", "2017-06-30": "3.97", "2017-03-31": "3.69", "2016-12-31": "3.68", "2016-09-30": "3.55", "2016-06-30": "3.72", "2016-03-31": "3.64", "2015-12-31": "3.68", "2015-09-30": "3.30", "2015-06-30": "3.28", "2015-03-31": "3.56", "2014-12-31": "3.44", "2014-09-30": "2.54", "2014-06-30": "2.60", "2014-03-31": "2.58", "2013-12-31": "2.70", "2013-09-30": "2.43", "2013-06-30": "2.31", "2013-03-31": "2.44", "2012-12-31": "2.02", "2012-09-30": "2.20", "2012-06-30": "2.21", "2012-03-31": "2.30", "2011-12-31": "2.32", "2011-09-30": "1.91", "2011-06-30": "2.08", "2011-03-31": "2.08", "2010-12-31": "2.13", "2010-09-30": "2.02", "2010-06-30": "1.87", "2010-03-31": "1.83", "2009-12-31": "1.62", "2009-09-30": "1.68", "2009-06-30": "1.61", "2009-03-31": "1.60", "2008-12-31": "1.74", "2008-09-30": "1.91", "2008-06-30": "1.85", "2008-03-31": "1.75", "2007-12-31": "2.03", "2007-09-30": "1.95", "2007-06-30": "1.96", "2007-03-31": "1.90", "2006-12-31": "1.73", "2006-09-30": "1.57", "2006-06-30": "1.53", "2006-03-31": "1.81"}, "price fcf": {"2021-02-05": "", "2020-09-30": "$4.37", "2020-06-30": "$4.35", "2020-03-31": "$4.14", "2019-12-31": "$4.18", "2019-09-30": "$3.55", "2019-06-30": "$2.09", "2019-03-31": "$1.83", "2018-12-31": "$1.64", "2018-09-30": "$1.42", "2018-06-30": "$2.38", "2018-03-31": "$2.78", "2017-12-31": "$2.63", "2017-09-30": "$3.58", "2017-06-30": "$3.89", "2017-03-31": "$3.29", "2016-12-31": "$3.05", "2016-09-30": "$2.51", "2016-06-30": "$1.89", "2016-03-31": "$2.32", "2015-12-31": "$2.72", "2015-09-30": "$3.16", "2015-06-30": "$3.26", "2015-03-31": "$2.72", "2014-12-31": "$2.37", "2014-09-30": "$1.86", "2014-06-30": "$1.76", "2014-03-31": "$1.95", "2013-12-31": "$1.98", "2013-09-30": "$2.37", "2013-06-30": "$2.83", "2013-03-31": "$2.39", "2012-12-31": "$2.08", "2012-09-30": "$1.31", "2012-06-30": "$1.21", "2012-03-31": "$1.20", "2011-12-31": "$1.20", "2011-09-30": "$1.73", "2011-06-30": "$1.10", "2011-03-31": "$1.71", "2010-12-31": "$2.31", "2010-09-30": "$1.67", "2010-06-30": "$2.00", "2010-03-31": "$1.91", "2009-12-31": "$1.96", "2009-09-30": "$2.01", "2009-06-30": "$1.83", "2009-03-31": "$1.22", "2008-12-31": "$0.94", "2008-09-30": "$1.25", "2008-06-30": "$1.59", "2008-03-31": "$1.82", "2007-12-31": "$1.98", "2007-09-30": "$1.70", "2007-06-30": "$1.48", "2007-03-31": "$1.39", "2006-12-31": "$1.35"}, "net worth": {"value": "$9.1B"}, "current ratio": {"current": "1.69", "2020-09-30": "1.69", "2020-06-30": "1.62", "2020-03-31": "1.70", "2019-12-31": "1.89", "2019-09-30": "2.04", "2019-06-30": "2.11", "2019-03-31": "2.13", "2018-12-31": "1.93", "2018-09-30": "1.87", "2018-06-30": "3.01", "2018-03-31": "3.16", "2017-12-31": "3.17", "2017-09-30": "2.75", "2017-06-30": "2.60", "2017-03-31": "2.80", "2016-12-31": "2.34", "2016-09-30": "2.58", "2016-06-30": "2.53", "2016-03-31": "2.43", "2015-12-31": "3.14", "2015-09-30": "3.04", "2015-06-30": "3.27", "2015-03-31": "3.29", "2014-12-31": "2.01", "2014-09-30": "1.99", "2014-06-30": "2.12", "2014-03-31": "2.18", "2013-12-31": "2.21", "2013-09-30": "2.39", "2013-06-30": "2.47", "2013-03-31": "2.29", "2012-12-31": "2.28", "2012-09-30": "2.62", "2012-06-30": "2.40", "2012-03-31": "2.35", "2011-12-31": "2.21", "2011-09-30": "2.36", "2011-06-30": "2.52", "2011-03-31": "2.50", "2010-12-31": "2.51", "2010-09-30": "2.09", "2010-06-30": "2.05", "2010-03-31": "2.20", "2009-12-31": "2.26", "2009-09-30": "2.46", "2009-06-30": "2.34", "2009-03-31": "2.41", "2008-12-31": "2.29", "2008-09-30": "1.93", "2008-06-30": "1.77", "2008-03-31": "1.79", "2007-12-31": "1.78", "2007-09-30": "1.79", "2007-06-30": "1.80", "2007-03-31": "1.89", "2006-12-31": "1.91", "2006-09-30": "1.94", "2006-06-30": "1.85", "2006-03-31": "1.83", "2005-12-31": "1.89", "2005-09-30": "2.11", "2005-06-30": "2.11", "2005-03-31": "2.21"}, "quick ratio": {"2020-09-30": "1.21", "2020-06-30": "1.16", "2020-03-31": "1.28", "2019-12-31": "1.34", "2019-09-30": "1.45", "2019-06-30": "1.52", "2019-03-31": "1.51", "2018-12-31": "1.38", "2018-09-30": "1.34", "2018-06-30": "2.42", "2018-03-31": "2.55", "2017-12-31": "2.53", "2017-09-30": "2.30", "2017-06-30": "1.93", "2017-03-31": "2.05", "2016-12-31": "1.79", "2016-09-30": "1.94", "2016-06-30": "1.88", "2016-03-31": "1.83", "2015-12-31": "2.43", "2015-09-30": "2.33", "2015-06-30": "2.48", "2015-03-31": "2.51", "2014-12-31": "1.49", "2014-09-30": "1.45", "2014-06-30": "1.52", "2014-03-31": "1.57", "2013-12-31": "1.56", "2013-09-30": "1.66", "2013-06-30": "1.70", "2013-03-31": "1.60", "2012-12-31": "1.58", "2012-09-30": "1.81", "2012-06-30": "1.75", "2012-03-31": "1.75", "2011-12-31": "1.66", "2011-09-30": "1.75", "2011-06-30": "1.84", "2011-03-31": "1.87", "2010-12-31": "1.87", "2010-09-30": "1.55", "2010-06-30": "1.51", "2010-03-31": "1.68", "2009-12-31": "1.71", "2009-09-30": "1.84", "2009-06-30": "1.71", "2009-03-31": "1.75", "2008-12-31": "1.64", "2008-09-30": "1.43", "2008-06-30": "1.29", "2008-03-31": "1.32", "2007-12-31": "1.29", "2007-09-30": "1.31", "2007-06-30": "1.28", "2007-03-31": "1.35", "2006-12-31": "1.34", "2006-09-30": "1.38", "2006-06-30": "1.30", "2006-03-31": "1.29", "2005-12-31": "1.31", "2005-09-30": "1.50", "2005-06-30": "1.48", "2005-03-31": "1.55"}, "debt equity ratio": {"current": "0.59", "2020-09-30": "1.19", "2020-06-30": "1.32", "2020-03-31": "1.38", "2019-12-31": "1.27", "2019-09-30": "1.23", "2019-06-30": "1.27", "2019-03-31": "1.33", "2018-12-31": "1.37", "2018-09-30": "1.45", "2018-06-30": "1.39", "2018-03-31": "1.34", "2017-12-31": "1.39", "2017-09-30": "1.58", "2017-06-30": "1.04", "2017-03-31": "1.03", "2016-12-31": "1.22", "2016-09-30": "1.09", "2016-06-30": "1.10", "2016-03-31": "1.11", "2015-12-31": "1.12", "2015-09-30": "1.15", "2015-06-30": "1.20", "2015-03-31": "1.27", "2014-12-31": "1.21", "2014-09-30": "0.77", "2014-06-30": "0.72", "2014-03-31": "0.70", "2013-12-31": "0.69", "2013-09-30": "0.66", "2013-06-30": "0.66", "2013-03-31": "0.70", "2012-12-31": "0.68", "2012-09-30": "0.64", "2012-06-30": "0.59", "2012-03-31": "0.62", "2011-12-31": "0.67", "2011-09-30": "0.61", "2011-06-30": "0.55", "2011-03-31": "0.59", "2010-12-31": "0.59", "2010-09-30": "0.56", "2010-06-30": "0.58", "2010-03-31": "0.59", "2009-12-31": "0.56", "2009-09-30": "0.54", "2009-06-30": "0.56", "2009-03-31": "0.59", "2008-12-31": "0.62", "2008-09-30": "0.72", "2008-06-30": "0.66", "2008-03-31": "0.69", "2007-12-31": "0.71", "2007-09-30": "0.73", "2007-06-30": "0.72", "2007-03-31": "0.71", "2006-12-31": "0.68", "2006-09-30": "0.74", "2006-06-30": "0.68", "2006-03-31": "0.68", "2005-12-31": "0.68", "2005-09-30": "0.64", "2005-06-30": "0.64", "2005-03-31": "0.61"}, "return on equity": {"2020-09-30": "12.79%", "2020-06-30": "12.77%", "2020-03-31": "14.93%", "2019-12-31": "15.74%", "2019-09-30": "15.60%", "2019-06-30": "14.80%", "2019-03-31": "14.14%", "2018-12-31": "14.01%", "2018-09-30": "14.95%", "2018-06-30": "16.26%", "2018-03-31": "17.05%", "2017-12-31": "17.05%", "2017-09-30": "17.52%", "2017-06-30": "17.56%", "2017-03-31": "17.26%", "2016-12-31": "16.52%", "2016-09-30": "16.04%", "2016-06-30": "16.46%", "2016-03-31": "16.83%", "2015-12-31": "17.83%", "2015-09-30": "17.92%", "2015-06-30": "16.62%", "2015-03-31": "14.91%", "2014-12-31": "13.81%", "2014-09-30": "12.60%", "2014-06-30": "12.23%", "2014-03-31": "12.26%", "2013-12-31": "11.99%", "2013-09-30": "12.06%", "2013-06-30": "12.02%", "2013-03-31": "11.58%", "2012-12-31": "11.88%", "2012-09-30": "12.37%", "2012-06-30": "12.99%", "2012-03-31": "13.41%", "2011-12-31": "13.41%", "2011-09-30": "13.58%", "2011-06-30": "13.55%", "2011-03-31": "14.00%", "2010-12-31": "14.03%", "2010-09-30": "13.70%", "2010-06-30": "12.64%", "2010-03-31": "11.03%", "2009-12-31": "10.34%", "2009-09-30": "10.27%", "2009-06-30": "11.16%", "2009-03-31": "12.44%", "2008-12-31": "12.92%", "2008-09-30": "13.29%", "2008-06-30": "13.39%", "2008-03-31": "13.43%", "2007-12-31": "13.57%", "2007-09-30": "13.26%", "2007-06-30": "12.73%", "2007-03-31": "12.14%", "2006-12-31": "11.47%", "2006-09-30": "11.58%", "2006-06-30": "11.53%", "2006-03-31": "12.01%", "2005-12-31": "12.27%"}, "return on assets": {"2020-09-30": "5.59%", "2020-06-30": "5.55%", "2020-03-31": "6.53%", "2019-12-31": "6.93%", "2019-09-30": "6.79%", "2019-06-30": "6.29%", "2019-03-31": "5.93%", "2018-12-31": "5.87%", "2018-09-30": "6.25%", "2018-06-30": "6.71%", "2018-03-31": "7.30%", "2017-12-31": "7.53%", "2017-09-30": "7.89%", "2017-06-30": "8.40%", "2017-03-31": "8.18%", "2016-12-31": "7.76%", "2016-09-30": "7.62%", "2016-06-30": "7.76%", "2016-03-31": "7.85%", "2015-12-31": "8.17%", "2015-09-30": "8.13%", "2015-06-30": "7.96%", "2015-03-31": "7.64%", "2014-12-31": "7.57%", "2014-09-30": "7.33%", "2014-06-30": "7.22%", "2014-03-31": "7.31%", "2013-12-31": "7.15%", "2013-09-30": "7.20%", "2013-06-30": "7.20%", "2013-03-31": "7.00%", "2012-12-31": "7.27%", "2012-09-30": "7.59%", "2012-06-30": "8.01%", "2012-03-31": "8.33%", "2011-12-31": "8.36%", "2011-09-30": "8.58%", "2011-06-30": "8.61%", "2011-03-31": "8.87%", "2010-12-31": "8.88%", "2010-09-30": "8.71%", "2010-06-30": "8.07%", "2010-03-31": "7.05%", "2009-12-31": "6.62%", "2009-09-30": "6.51%", "2009-06-30": "6.87%", "2009-03-31": "7.54%", "2008-12-31": "7.72%", "2008-09-30": "7.84%", "2008-06-30": "7.90%", "2008-03-31": "7.85%", "2007-12-31": "7.90%", "2007-09-30": "7.75%", "2007-06-30": "7.43%", "2007-03-31": "7.13%", "2006-12-31": "6.77%", "2006-09-30": "6.83%", "2006-06-30": "6.91%", "2006-03-31": "7.24%", "2005-12-31": "7.48%"}, "return on investments": {"2020-09-30": "12.20%", "2020-06-30": "12.06%", "2020-03-31": "13.56%", "2019-12-31": "13.97%", "2019-09-30": "13.43%", "2019-06-30": "12.45%", "2019-03-31": "11.56%", "2018-12-31": "11.21%", "2018-09-30": "12.16%", "2018-06-30": "12.86%", "2018-03-31": "13.62%", "2017-12-31": "14.06%", "2017-09-30": "14.50%", "2017-06-30": "15.50%", "2017-03-31": "16.05%", "2016-12-31": "15.54%", "2016-09-30": "15.51%", "2016-06-30": "16.09%", "2016-03-31": "16.37%", "2015-12-31": "17.07%", "2015-09-30": "17.41%", "2015-06-30": "17.30%", "2015-03-31": "16.83%", "2014-12-31": "17.02%", "2014-09-30": "16.80%", "2014-06-30": "16.37%", "2014-03-31": "16.41%", "2013-12-31": "15.93%", "2013-09-30": "15.54%", "2013-06-30": "15.33%", "2013-03-31": "14.87%", "2012-12-31": "15.40%", "2012-09-30": "16.33%", "2012-06-30": "17.19%", "2012-03-31": "17.72%", "2011-12-31": "17.70%", "2011-09-30": "17.60%", "2011-06-30": "17.80%", "2011-03-31": "18.56%", "2010-12-31": "18.66%", "2010-09-30": "18.63%", "2010-06-30": "17.29%", "2010-03-31": "15.26%", "2009-12-31": "14.08%", "2009-09-30": "13.98%", "2009-06-30": "14.77%", "2009-03-31": "16.19%", "2008-12-31": "17.04%", "2008-09-30": "17.26%", "2008-06-30": "17.50%", "2008-03-31": "17.60%", "2007-12-31": "17.78%", "2007-09-30": "17.49%", "2007-06-30": "16.95%", "2007-03-31": "16.11%", "2006-12-31": "15.29%", "2006-09-30": "15.41%", "2006-06-30": "15.35%", "2006-03-31": "15.45%", "2005-12-31": "15.67%"}, "return on tangible equity": {"2020-09-30": "41.38%", "2020-06-30": "39.26%", "2020-03-31": "42.34%", "2019-12-31": "44.38%", "2019-09-30": "44.17%", "2019-06-30": "44.15%", "2019-03-31": "36.15%", "2018-12-31": "30.66%", "2018-09-30": "28.52%", "2018-06-30": "27.06%", "2018-03-31": "28.48%", "2017-12-31": "28.71%", "2017-09-30": "29.68%", "2017-06-30": "29.81%", "2017-03-31": "29.51%", "2016-12-31": "28.45%", "2016-09-30": "26.25%", "2016-06-30": "25.84%", "2016-03-31": "25.37%", "2015-12-31": "25.90%", "2015-09-30": "26.41%", "2015-06-30": "24.10%", "2015-03-31": "21.20%", "2014-12-31": "19.23%", "2014-09-30": "17.27%", "2014-06-30": "16.80%", "2014-03-31": "16.93%", "2013-12-31": "16.64%", "2013-09-30": "16.83%", "2013-06-30": "16.84%", "2013-03-31": "15.65%", "2012-12-31": "15.48%", "2012-09-30": "15.58%", "2012-06-30": "15.78%", "2012-03-31": "16.26%", "2011-12-31": "16.23%", "2011-09-30": "16.42%", "2011-06-30": "16.42%", "2011-03-31": "17.10%", "2010-12-31": "17.23%", "2010-09-30": "16.87%", "2010-06-30": "15.63%", "2010-03-31": "13.67%", "2009-12-31": "12.92%", "2009-09-30": "12.91%", "2009-06-30": "14.12%", "2009-03-31": "15.74%", "2008-12-31": "16.30%", "2008-09-30": "16.78%", "2008-06-30": "16.96%", "2008-03-31": "17.16%", "2007-12-31": "17.52%", "2007-09-30": "17.26%", "2007-06-30": "16.74%", "2007-03-31": "16.04%", "2006-12-31": "15.23%", "2006-09-30": "15.42%", "2006-06-30": "15.08%", "2006-03-31": "15.47%", "2005-12-31": "15.49%"}, "dividend yield history": {"last payout": "$1.44", "last yield": "1.02%"}}