{"ticker": "ARMK", "price": {"title": "Aramark Historical Annual Stock Price Data", "value": 36.69, "historical": {"2020": {"Average Stock Price": "29.6224", "Year Open": "43.5300", "Year High": "46.7800", "Year Low": "12.9400", "Year Close": "38.4800", "Annual % Change": "-11.34%"}, "2019": {"Average Stock Price": "36.5392", "Year Open": "29.4100", "Year High": "45.1200", "Year Low": "28.6800", "Year Close": "43.4000", "Annual % Change": "49.81%"}, "2018": {"Average Stock Price": "39.2534", "Year Open": "43.2800", "Year High": "45.9900", "Year Low": "27.5000", "Year Close": "28.9700", "Annual % Change": "-32.22%"}, "2017": {"Average Stock Price": "38.9642", "Year Open": "34.6600", "Year High": "43.7500", "Year Low": "33.0800", "Year Close": "42.7400", "Annual % Change": "19.65%"}, "2016": {"Average Stock Price": "34.4933", "Year Open": "32.3600", "Year High": "38.2100", "Year Low": "29.8200", "Year Close": "35.7200", "Annual % Change": "10.76%"}, "2015": {"Average Stock Price": "31.5679", "Year Open": "30.8000", "Year High": "34.0300", "Year Low": "28.8100", "Year Close": "32.2500", "Annual % Change": "3.53%"}, "2014": {"Average Stock Price": "27.2276", "Year Open": "25.3700", "Year High": "31.1500", "Year Low": "23.6400", "Year Close": "31.1500", "Annual % Change": "18.80%"}, "2013": {"Average Stock Price": "24.4138", "Year Open": "22.7000", "Year High": "26.2200", "Year Low": "22.7000", "Year Close": "26.2200", "Annual % Change": "0.00%"}}}, "market cap": {"value": "$9.32B"}, "income statement": {"Revenue": {"2020-09-30": "12829.56000", "2019-09-30": "16227.34000", "2018-09-30": "15789.63000", "2017-09-30": "14604.41000", "2016-09-30": "14415.83000", "2015-09-30": "14329.13000", "2014-09-30": "14832.91000", "2013-09-30": "13945.66000", "2012-09-30": "13505.43000", "2011-09-30": "13082.38000"}, "Cost Of Goods Sold": {"2020-09-30": "11993.67000", "2019-09-30": "14532.66000", "2018-09-30": "13997.91000", "2017-09-30": "12995.40000", "2016-09-30": "12890.41000", "2015-09-30": "12880.42000", "2014-09-30": "13363.92000", "2013-09-30": "12661.14000", "2012-09-30": "12191.42000", "2011-09-30": "11836.78000"}, "Gross Profit": {"2020-09-30": "835.89160", "2019-09-30": "1694.67900", "2018-09-30": "1791.72200", "2017-09-30": "1609.00900", "2016-09-30": "1525.42100", "2015-09-30": "1448.71100", "2014-09-30": "1468.99500", "2013-09-30": "1284.51300", "2012-09-30": "1314.00700", "2011-09-30": "1245.59700"}, "Research And Development Expenses": {"2020-09-30": "", "2019-09-30": "", "2018-09-30": "", "2017-09-30": "", "2016-09-30": "", "2015-09-30": "", "2014-09-30": "", "2013-09-30": "", "2012-09-30": "", "2011-09-30": ""}, "SG&A Expenses": {"2020-09-30": "307.01600", "2019-09-30": "367.25600", "2018-09-30": "377.12900", "2017-09-30": "299.17000", "2016-09-30": "283.34200", "2015-09-30": "316.74000", "2014-09-30": "382.85100", "2013-09-30": "227.90200", "2012-09-30": "203.01900", "2011-09-30": "187.99200"}, "Other Operating Income Or Expenses": {"2020-09-30": "", "2019-09-30": "156.30900", "2018-09-30": "", "2017-09-30": "", "2016-09-30": "", "2015-09-30": "", "2014-09-30": "", "2013-09-30": "", "2012-09-30": "", "2011-09-30": ""}, "Operating Expenses": {"2020-09-30": "13094.48000", "2019-09-30": "15336.18000", "2018-09-30": "14971.22000", "2017-09-30": "13802.79000", "2016-09-30": "13669.51000", "2015-09-30": "13701.20000", "2014-09-30": "14268.35000", "2013-09-30": "13431.18000", "2012-09-30": "12923.65000", "2011-09-30": "12535.29000"}, "Operating Income": {"2020-09-30": "-264.91890", "2019-09-30": "891.15820", "2018-09-30": "818.41110", "2017-09-30": "801.62700", "2016-09-30": "746.31450", "2015-09-30": "627.93750", "2014-09-30": "564.56350", "2013-09-30": "514.47460", "2012-09-30": "581.77540", "2011-09-30": "547.08890"}, "Total Non-Operating Income/Expense": {"2020-09-30": "-382.80000", "2019-09-30": "-334.98700", "2018-09-30": "-346.53500", "2017-09-30": "-280.98500", "2016-09-30": "-315.38300", "2015-09-30": "-285.94200", "2014-09-30": "-334.88600", "2013-09-30": "-423.84500", "2012-09-30": "-456.80700", "2011-09-30": "-451.12000"}, "Pre-Tax Income": {"2020-09-30": "-647.71900", "2019-09-30": "556.17200", "2018-09-30": "471.87600", "2017-09-30": "520.64200", "2016-09-30": "430.93100", "2015-09-30": "341.99600", "2014-09-30": "229.67700", "2013-09-30": "90.62900", "2012-09-30": "124.96800", "2011-09-30": "95.96900"}, "Income Taxes": {"2020-09-30": "-186.28400", "2019-09-30": "107.70600", "2018-09-30": "-96.56400", "2017-09-30": "146.45500", "2016-09-30": "142.69900", "2015-09-30": "105.02000", "2014-09-30": "80.21800", "2013-09-30": "19.23300", "2012-09-30": "18.06600", "2011-09-30": "-0.73400"}, "Income After Taxes": {"2020-09-30": "-461.43500", "2019-09-30": "448.46600", "2018-09-30": "568.44000", "2017-09-30": "374.18700", "2016-09-30": "288.23200", "2015-09-30": "236.97600", "2014-09-30": "149.45900", "2013-09-30": "71.39600", "2012-09-30": "106.90200", "2011-09-30": "96.70300"}, "Other Income": {"2020-09-30": "", "2019-09-30": "", "2018-09-30": "", "2017-09-30": "", "2016-09-30": "", "2015-09-30": "", "2014-09-30": "", "2013-09-30": "", "2012-09-30": "", "2011-09-30": ""}, "Income From Continuous Operations": {"2020-09-30": "-461.43500", "2019-09-30": "448.46600", "2018-09-30": "568.44000", "2017-09-30": "374.18700", "2016-09-30": "288.23200", "2015-09-30": "236.97600", "2014-09-30": "149.45900", "2013-09-30": "71.39600", "2012-09-30": "106.90200", "2011-09-30": "96.70300"}, "Income From Discontinued Operations": {"2020-09-30": "", "2019-09-30": "", "2018-09-30": "", "2017-09-30": "", "2016-09-30": "", "2015-09-30": "", "2014-09-30": "", "2013-09-30": "-1.03000", "2012-09-30": "0.29700", "2011-09-30": "-11.73200"}, "Net Income": {"2020-09-30": "-461.52900", "2019-09-30": "448.54900", "2018-09-30": "567.88500", "2017-09-30": "373.92300", "2016-09-30": "287.80600", "2015-09-30": "235.94600", "2014-09-30": "148.95600", "2013-09-30": "69.35600", "2012-09-30": "103.55100", "2011-09-30": "83.84600"}, "EBITDA": {"2020-09-30": "614.01900", "2019-09-30": "1483.73100", "2018-09-30": "1414.59300", "2017-09-30": "1309.83900", "2016-09-30": "1242.07900", "2015-09-30": "1131.97000", "2014-09-30": "1086.14500", "2013-09-30": "1056.61100", "2012-09-30": "1110.98800", "2011-09-30": "1063.37900"}, "EBIT": {"2020-09-30": "-264.91890", "2019-09-30": "891.15820", "2018-09-30": "818.41110", "2017-09-30": "801.62700", "2016-09-30": "746.31450", "2015-09-30": "627.93750", "2014-09-30": "564.56350", "2013-09-30": "514.47460", "2012-09-30": "581.77540", "2011-09-30": "547.08890"}, "Basic Shares Outstanding": {"2020-09-30": "251.82800", "2019-09-30": "246.85400", "2018-09-30": "245.77100", "2017-09-30": "244.45300", "2016-09-30": "242.28600", "2015-09-30": "237.61600", "2014-09-30": "225.86600", "2013-09-30": "201.91600", "2012-09-30": "203.21100", "2011-09-30": "203.52500"}, "Shares Outstanding": {"2020-09-30": "251.82800", "2019-09-30": "252.01000", "2018-09-30": "253.35200", "2017-09-30": "251.55700", "2016-09-30": "248.76300", "2015-09-30": "246.61600", "2014-09-30": "237.45100", "2013-09-30": "209.37000", "2012-09-30": "209.70700", "2011-09-30": "209.99900"}, "Basic EPS": {"2020-09-30": "-1.83000", "2019-09-30": "1.82000", "2018-09-30": "2.31000", "2017-09-30": "1.53000", "2016-09-30": "1.19000", "2015-09-30": "0.99000", "2014-09-30": "0.66000", "2013-09-30": "0.35000", "2012-09-30": "0.51000", "2011-09-30": "0.41000"}, "EPS - Earnings Per Share": {"2020-09-30": "-1.83000", "2019-09-30": "1.78000", "2018-09-30": "2.24000", "2017-09-30": "1.49000", "2016-09-30": "1.16000", "2015-09-30": "0.96000", "2014-09-30": "0.63000", "2013-09-30": "0.33000", "2012-09-30": "0.49000", "2011-09-30": "0.40000"}}, "income statement, quarterly": {"Revenue": {"2020-09-30": "2692.14900", "2020-06-30": "2152.25300", "2020-03-31": "3731.55900", "2019-12-31": "4253.59700", "2019-09-30": "3951.24400", "2019-06-30": "4010.76100", "2019-03-31": "3999.98700", "2018-12-31": "4265.34900", "2018-09-30": "3913.59800", "2018-06-30": "3971.60600", "2018-03-31": "3939.31100", "2017-12-31": "3965.11800", "2017-09-30": "3654.12400", "2017-06-30": "3593.27700", "2017-03-31": "3621.62800", "2016-12-31": "3735.38300", "2016-09-30": "3543.83300", "2016-06-30": "3586.90000", "2016-03-31": "3574.82200", "2015-12-31": "3710.27500", "2015-09-30": "3545.95200", "2015-06-30": "3486.20300", "2015-03-31": "3594.62700", "2014-12-31": "3702.35300", "2014-09-30": "3947.76900", "2014-06-30": "3620.05700", "2014-03-31": "3502.00700", "2013-12-31": "3763.08100", "2013-09-30": "3515.97500", "2013-06-30": "3490.03000", "2013-03-31": "3403.73700", "2012-12-31": "3535.91500", "2012-09-30": "", "2011-09-30": ""}, "Cost Of Goods Sold": {"2020-09-30": "2552.35100", "2020-06-30": "2265.61400", "2020-03-31": "3407.58900", "2019-12-31": "3768.11300", "2019-09-30": "3503.28000", "2019-06-30": "3594.97800", "2019-03-31": "3639.95900", "2018-12-31": "3794.44500", "2018-09-30": "3386.37900", "2018-06-30": "3526.29300", "2018-03-31": "3563.00900", "2017-12-31": "3522.23000", "2017-09-30": "3237.51200", "2017-06-30": "3232.36600", "2017-03-31": "3226.19600", "2016-12-31": "3299.32900", "2016-09-30": "3152.29200", "2016-06-30": "3233.88400", "2016-03-31": "3209.71000", "2015-12-31": "3294.52300", "2015-09-30": "3189.22900", "2015-06-30": "3164.70000", "2015-03-31": "3239.21400", "2014-12-31": "3287.28100", "2014-09-30": "3573.88200", "2014-06-30": "3275.40900", "2014-03-31": "3159.80800", "2013-12-31": "3354.81900", "2013-09-30": "3179.28900", "2013-06-30": "3178.09200", "2013-03-31": "3132.22600", "2012-12-31": "3171.54000", "2012-09-30": "", "2011-09-30": ""}, "Gross Profit": {"2020-09-30": "139.79860", "2020-06-30": "-113.36110", "2020-03-31": "323.97000", "2019-12-31": "485.48410", "2019-09-30": "447.96410", "2019-06-30": "415.78300", "2019-03-31": "360.02810", "2018-12-31": "470.90410", "2018-09-30": "527.21900", "2018-06-30": "445.31300", "2018-03-31": "376.30200", "2017-12-31": "442.88790", "2017-09-30": "416.61210", "2017-06-30": "360.91110", "2017-03-31": "395.43190", "2016-12-31": "436.05400", "2016-09-30": "391.54100", "2016-06-30": "353.01590", "2016-03-31": "365.11210", "2015-12-31": "415.75200", "2015-09-30": "356.72290", "2015-06-30": "321.50290", "2015-03-31": "355.41280", "2014-12-31": "415.07200", "2014-09-30": "373.88700", "2014-06-30": "344.64790", "2014-03-31": "342.19900", "2013-12-31": "408.26200", "2013-09-30": "336.68600", "2013-06-30": "311.93800", "2013-03-31": "271.51100", "2012-12-31": "364.37500", "2012-09-30": "", "2011-09-30": ""}, "Research And Development Expenses": {"2020-09-30": "", "2020-06-30": "", "2020-03-31": "", "2019-12-31": "", "2019-09-30": "", "2019-06-30": "", "2019-03-31": "", "2018-12-31": "", "2018-09-30": "", "2018-06-30": "", "2018-03-31": "", "2017-12-31": "", "2017-09-30": "", "2017-06-30": "", "2017-03-31": "", "2016-12-31": "", "2016-09-30": "", "2016-06-30": "", "2016-03-31": "", "2015-12-31": "", "2015-09-30": "", "2015-06-30": "", "2015-03-31": "", "2014-12-31": "", "2014-09-30": "", "2014-06-30": "", "2014-03-31": "", "2013-12-31": "", "2013-09-30": "0.00000", "2013-06-30": "", "2013-03-31": "", "2012-12-31": "", "2012-09-30": "", "2011-09-30": ""}, "SG&A Expenses": {"2020-09-30": "82.51400", "2020-06-30": "66.17600", "2020-03-31": "75.07100", "2019-12-31": "83.25500", "2019-09-30": "96.65600", "2019-06-30": "78.18500", "2019-03-31": "88.28500", "2018-12-31": "104.13000", "2018-09-30": "94.80200", "2018-06-30": "101.71500", "2018-03-31": "88.44400", "2017-12-31": "92.16800", "2017-09-30": "75.18600", "2017-06-30": "79.79200", "2017-03-31": "78.72000", "2016-12-31": "65.47200", "2016-09-30": "75.17700", "2016-06-30": "61.31700", "2016-03-31": "72.70700", "2015-12-31": "74.14100", "2015-09-30": "74.14300", "2015-06-30": "79.29300", "2015-03-31": "75.41800", "2014-12-31": "87.88600", "2014-09-30": "94.11200", "2014-06-30": "78.44800", "2014-03-31": "96.07500", "2013-12-31": "114.21600", "2013-09-30": "63.73000", "2013-06-30": "52.53400", "2013-03-31": "55.99200", "2012-12-31": "55.65600", "2012-09-30": "", "2011-09-30": ""}, "Other Operating Income Or Expenses": {"2020-09-30": "", "2020-06-30": "", "2020-03-31": "", "2019-12-31": "", "2019-09-30": "", "2019-06-30": "", "2019-03-31": "-1.00000", "2018-12-31": "157.30900", "2018-09-30": "", "2018-06-30": "", "2018-03-31": "", "2017-12-31": "", "2017-09-30": "", "2017-06-30": "", "2017-03-31": "", "2016-12-31": "", "2016-09-30": "", "2016-06-30": "", "2016-03-31": "", "2015-12-31": "", "2015-09-30": "", "2015-06-30": "", "2015-03-31": "", "2014-12-31": "", "2014-09-30": "", "2014-06-30": "", "2014-03-31": "", "2013-12-31": "", "2013-09-30": "", "2013-06-30": "", "2013-03-31": "", "2012-12-31": "", "2012-09-30": "", "2011-09-30": ""}, "Operating Expenses": {"2020-09-30": "2786.08800", "2020-06-30": "2479.85000", "2020-03-31": "3829.23500", "2019-12-31": "3999.30400", "2019-09-30": "3745.10200", "2019-06-30": "3821.94200", "2019-03-31": "3877.15200", "2018-12-31": "3891.98700", "2018-09-30": "3633.71500", "2018-06-30": "3784.94200", "2018-03-31": "3804.31700", "2017-12-31": "3748.24700", "2017-09-30": "3442.65100", "2017-06-30": "3438.59800", "2017-03-31": "3430.20800", "2016-12-31": "3491.32800", "2016-09-30": "3353.06100", "2016-06-30": "3417.56400", "2016-03-31": "3402.70800", "2015-12-31": "3496.18200", "2015-09-30": "3391.64800", "2015-06-30": "3369.32500", "2015-03-31": "3439.77400", "2014-12-31": "3500.45000", "2014-09-30": "3802.51700", "2014-06-30": "3478.77400", "2014-03-31": "3381.20000", "2013-12-31": "3605.85900", "2013-09-30": "3380.64900", "2013-06-30": "3366.43400", "2013-03-31": "3323.52200", "2012-12-31": "3360.59600", "2012-09-30": "", "2011-09-30": ""}, "Operating Income": {"2020-09-30": "-93.93820", "2020-06-30": "-327.59720", "2020-03-31": "-97.67600", "2019-12-31": "254.29320", "2019-09-30": "206.14210", "2019-06-30": "188.81880", "2019-03-31": "122.83520", "2018-12-31": "373.36230", "2018-09-30": "279.88350", "2018-06-30": "186.66380", "2018-03-31": "134.99390", "2017-12-31": "216.87080", "2017-09-30": "211.47240", "2017-06-30": "154.67920", "2017-03-31": "191.41990", "2016-12-31": "244.05490", "2016-09-30": "190.77150", "2016-06-30": "169.33590", "2016-03-31": "172.11400", "2015-12-31": "214.09280", "2015-09-30": "154.30400", "2015-06-30": "116.87790", "2015-03-31": "154.85280", "2014-12-31": "201.90310", "2014-09-30": "145.25170", "2014-06-30": "141.28300", "2014-03-31": "120.80710", "2013-12-31": "157.22190", "2013-09-30": "135.32620", "2013-06-30": "123.59590", "2013-03-31": "80.21510", "2012-12-31": "175.31910", "2012-09-30": "", "2011-09-30": ""}, "Total Non-Operating Income/Expense": {"2020-09-30": "-109.15800", "2020-06-30": "-94.23500", "2020-03-31": "-99.82200", "2019-12-31": "-79.58500", "2019-09-30": "-85.61100", "2019-06-30": "-82.22000", "2019-03-31": "-84.17800", "2018-12-31": "-82.97800", "2018-09-30": "-89.97300", "2018-06-30": "-89.77600", "2018-03-31": "-92.65300", "2017-12-31": "-74.13300", "2017-09-30": "-56.19400", "2017-06-30": "-61.48300", "2017-03-31": "-97.63100", "2016-12-31": "-65.67700", "2016-09-30": "-68.54800", "2016-06-30": "-103.76400", "2016-03-31": "-71.75100", "2015-12-31": "-71.32000", "2015-09-30": "-71.58800", "2015-06-30": "-71.22500", "2015-03-31": "-71.20600", "2014-12-31": "-71.92300", "2014-09-30": "-78.27300", "2014-06-30": "-71.18600", "2014-03-31": "-102.07400", "2013-12-31": "-83.35300", "2013-09-30": "-82.46000", "2013-06-30": "-80.91700", "2013-03-31": "-147.12400", "2012-12-31": "-113.35100", "2012-09-30": "", "2011-09-30": ""}, "Pre-Tax Income": {"2020-09-30": "-203.09700", "2020-06-30": "-421.83200", "2020-03-31": "-197.49800", "2019-12-31": "174.70800", "2019-09-30": "120.53200", "2019-06-30": "106.59900", "2019-03-31": "38.65700", "2018-12-31": "290.38400", "2018-09-30": "189.90900", "2018-06-30": "96.88800", "2018-03-31": "42.34100", "2017-12-31": "142.73800", "2017-09-30": "155.26810", "2017-06-30": "93.19600", "2017-03-31": "93.80000", "2016-12-31": "178.37800", "2016-09-30": "122.21500", "2016-06-30": "65.58000", "2016-03-31": "100.36300", "2015-12-31": "142.77300", "2015-09-30": "82.71600", "2015-06-30": "45.65300", "2015-03-31": "83.64700", "2014-12-31": "129.98000", "2014-09-30": "66.97800", "2014-06-30": "70.09700", "2014-03-31": "18.73300", "2013-12-31": "73.86900", "2013-09-30": "52.89000", "2013-06-30": "42.67900", "2013-03-31": "-66.90900", "2012-12-31": "61.96800", "2012-09-30": "", "2011-09-30": ""}, "Income Taxes": {"2020-09-30": "-54.10800", "2020-06-30": "-165.52400", "2020-03-31": "4.52300", "2019-12-31": "28.82500", "2019-09-30": "35.11600", "2019-06-30": "23.53500", "2019-03-31": "9.34700", "2018-12-31": "39.70800", "2018-09-30": "14.34100", "2018-06-30": "24.17200", "2018-03-31": "14.62500", "2017-12-31": "-149.70200", "2017-09-30": "42.12200", "2017-06-30": "27.83200", "2017-03-31": "23.55800", "2016-12-31": "52.94300", "2016-09-30": "38.77400", "2016-06-30": "20.72200", "2016-03-31": "33.86600", "2015-12-31": "49.33700", "2015-09-30": "25.50300", "2015-06-30": "11.61500", "2015-03-31": "23.54200", "2014-12-31": "44.36000", "2014-09-30": "22.46800", "2014-06-30": "23.18100", "2014-03-31": "5.61600", "2013-12-31": "28.95300", "2013-09-30": "12.76000", "2013-06-30": "14.70500", "2013-03-31": "-27.00500", "2012-12-31": "18.77600", "2012-09-30": "", "2011-09-30": ""}, "Income After Taxes": {"2020-09-30": "-148.98900", "2020-06-30": "-256.30800", "2020-03-31": "-202.02100", "2019-12-31": "145.88300", "2019-09-30": "85.41600", "2019-06-30": "83.06400", "2019-03-31": "29.31000", "2018-12-31": "250.67600", "2018-09-30": "175.56800", "2018-06-30": "72.71600", "2018-03-31": "27.71600", "2017-12-31": "292.44000", "2017-09-30": "113.14600", "2017-06-30": "65.36400", "2017-03-31": "70.24200", "2016-12-31": "125.43500", "2016-09-30": "83.44100", "2016-06-30": "44.85800", "2016-03-31": "66.49700", "2015-12-31": "93.43600", "2015-09-30": "57.21300", "2015-06-30": "34.03800", "2015-03-31": "60.10500", "2014-12-31": "85.62000", "2014-09-30": "44.51000", "2014-06-30": "46.91600", "2014-03-31": "13.11700", "2013-12-31": "44.91600", "2013-09-30": "40.13000", "2013-06-30": "27.97400", "2013-03-31": "-39.90400", "2012-12-31": "43.19200", "2012-09-30": "", "2011-09-30": ""}, "Other Income": {"2020-09-30": "", "2020-06-30": "", "2020-03-31": "", "2019-12-31": "", "2019-09-30": "", "2019-06-30": "", "2019-03-31": "", "2018-12-31": "", "2018-09-30": "", "2018-06-30": "", "2018-03-31": "", "2017-12-31": "", "2017-09-30": "", "2017-06-30": "", "2017-03-31": "", "2016-12-31": "", "2016-09-30": "", "2016-06-30": "", "2016-03-31": "", "2015-12-31": "", "2015-09-30": "", "2015-06-30": "", "2015-03-31": "", "2014-12-31": "", "2014-09-30": "", "2014-06-30": "", "2014-03-31": "", "2013-12-31": "", "2013-09-30": "0.00000", "2013-06-30": "", "2013-03-31": "", "2012-12-31": "", "2012-09-30": "", "2011-09-30": ""}, "Income From Continuous Operations": {"2020-09-30": "-148.98900", "2020-06-30": "-256.30800", "2020-03-31": "-202.02100", "2019-12-31": "145.88300", "2019-09-30": "85.41600", "2019-06-30": "83.06400", "2019-03-31": "29.31000", "2018-12-31": "250.67600", "2018-09-30": "175.56800", "2018-06-30": "72.71600", "2018-03-31": "27.71600", "2017-12-31": "292.44000", "2017-09-30": "113.14600", "2017-06-30": "65.36400", "2017-03-31": "70.24200", "2016-12-31": "125.43500", "2016-09-30": "83.44100", "2016-06-30": "44.85800", "2016-03-31": "66.49700", "2015-12-31": "93.43600", "2015-09-30": "57.21300", "2015-06-30": "34.03800", "2015-03-31": "60.10500", "2014-12-31": "85.62000", "2014-09-30": "44.51000", "2014-06-30": "46.91600", "2014-03-31": "13.11700", "2013-12-31": "44.91600", "2013-09-30": "39.92800", "2013-06-30": "27.97400", "2013-03-31": "-39.90400", "2012-12-31": "43.19200", "2012-09-30": "", "2011-09-30": ""}, "Income From Discontinued Operations": {"2020-09-30": "", "2020-06-30": "", "2020-03-31": "", "2019-12-31": "", "2019-09-30": "", "2019-06-30": "", "2019-03-31": "", "2018-12-31": "", "2018-09-30": "", "2018-06-30": "", "2018-03-31": "", "2017-12-31": "", "2017-09-30": "", "2017-06-30": "", "2017-03-31": "", "2016-12-31": "", "2016-09-30": "", "2016-06-30": "", "2016-03-31": "", "2015-12-31": "", "2015-09-30": "", "2015-06-30": "", "2015-03-31": "", "2014-12-31": "", "2014-09-30": "", "2014-06-30": "", "2014-03-31": "", "2013-12-31": "", "2013-09-30": "-1.03000", "2013-06-30": "", "2013-03-31": "", "2012-12-31": "", "2012-09-30": "", "2011-09-30": ""}, "Net Income": {"2020-09-30": "-148.59000", "2020-06-30": "-256.44000", "2020-03-31": "-202.26000", "2019-12-31": "145.76100", "2019-09-30": "85.55900", "2019-06-30": "82.95500", "2019-03-31": "29.35300", "2018-12-31": "250.68200", "2018-09-30": "175.45500", "2018-06-30": "72.57700", "2018-03-31": "27.56900", "2017-12-31": "292.28400", "2017-09-30": "113.13800", "2017-06-30": "65.29500", "2017-03-31": "70.15100", "2016-12-31": "125.33900", "2016-09-30": "83.34400", "2016-06-30": "44.76500", "2016-03-31": "66.35400", "2015-12-31": "93.34300", "2015-09-30": "56.86500", "2015-06-30": "33.76100", "2015-03-31": "59.82300", "2014-12-31": "85.49700", "2014-09-30": "44.40500", "2014-06-30": "46.87300", "2014-03-31": "12.91600", "2013-12-31": "44.76200", "2013-09-30": "38.89800", "2013-06-30": "27.74800", "2013-03-31": "-40.10400", "2012-12-31": "42.81400", "2012-09-30": "", "2011-09-30": ""}, "EBITDA": {"2020-09-30": "96.07680", "2020-06-30": "-133.18520", "2020-03-31": "248.89900", "2019-12-31": "402.22920", "2019-09-30": "351.30710", "2019-06-30": "337.59780", "2019-03-31": "270.74320", "2018-12-31": "524.08330", "2018-09-30": "432.41960", "2018-06-30": "343.59680", "2018-03-31": "287.85790", "2017-12-31": "350.71980", "2017-09-30": "341.42640", "2017-06-30": "281.11920", "2017-03-31": "316.71090", "2016-12-31": "370.58190", "2016-09-30": "316.36450", "2016-06-30": "291.69890", "2016-03-31": "292.40500", "2015-12-31": "341.61080", "2015-09-30": "282.58000", "2015-06-30": "242.20990", "2015-03-31": "279.99480", "2014-12-31": "327.18610", "2014-09-30": "279.77470", "2014-06-30": "266.20000", "2014-03-31": "246.12410", "2013-12-31": "294.04590", "2013-09-30": "272.94420", "2013-06-30": "259.40390", "2013-03-31": "215.51910", "2012-12-31": "308.71910", "2012-09-30": "", "2011-09-30": ""}, "EBIT": {"2020-09-30": "-93.93900", "2020-06-30": "-327.59720", "2020-03-31": "-97.67600", "2019-12-31": "254.29320", "2019-09-30": "206.14180", "2019-06-30": "188.81880", "2019-03-31": "122.83520", "2018-12-31": "373.36230", "2018-09-30": "279.88260", "2018-06-30": "186.66380", "2018-03-31": "134.99390", "2017-12-31": "216.87080", "2017-09-30": "211.47290", "2017-06-30": "154.67920", "2017-03-31": "191.41990", "2016-12-31": "244.05490", "2016-09-30": "190.77170", "2016-06-30": "169.33590", "2016-03-31": "172.11400", "2015-12-31": "214.09280", "2015-09-30": "154.30370", "2015-06-30": "116.87790", "2015-03-31": "154.85280", "2014-12-31": "201.90310", "2014-09-30": "145.25150", "2014-06-30": "141.28300", "2014-03-31": "120.80710", "2013-12-31": "157.22190", "2013-09-30": "135.32620", "2013-06-30": "123.59590", "2013-03-31": "80.21510", "2012-12-31": "175.31910", "2012-09-30": "", "2011-09-30": ""}, "Basic Shares Outstanding": {"2020-09-30": "251.82800", "2020-06-30": "252.94300", "2020-03-31": "252.35400", "2019-12-31": "248.73100", "2019-09-30": "246.85400", "2019-06-30": "246.92800", "2019-03-31": "246.21700", "2018-12-31": "246.88700", "2018-09-30": "245.77100", "2018-06-30": "246.02800", "2018-03-31": "245.64800", "2017-12-31": "245.08600", "2017-09-30": "244.45300", "2017-06-30": "244.26600", "2017-03-31": "245.07700", "2016-12-31": "244.75800", "2016-09-30": "242.28600", "2016-06-30": "242.83100", "2016-03-31": "241.90100", "2015-12-31": "240.52100", "2015-09-30": "237.61600", "2015-06-30": "238.71800", "2015-03-31": "237.45300", "2014-12-31": "234.62100", "2014-09-30": "225.86600", "2014-06-30": "231.85400", "2014-03-31": "230.69300", "2013-12-31": "206.46200", "2013-09-30": "201.75300", "2013-06-30": "201.36400", "2013-03-31": "201.46800", "2012-12-31": "201.99100", "2012-09-30": "", "2011-09-30": ""}, "Shares Outstanding": {"2020-09-30": "251.82800", "2020-06-30": "252.94300", "2020-03-31": "252.35400", "2019-12-31": "254.12100", "2019-09-30": "252.01000", "2019-06-30": "251.14700", "2019-03-31": "250.34700", "2018-12-31": "253.65600", "2018-09-30": "253.35200", "2018-06-30": "251.85700", "2018-03-31": "252.48500", "2017-12-31": "252.24400", "2017-09-30": "251.55700", "2017-06-30": "251.15600", "2017-03-31": "251.72300", "2016-12-31": "252.59300", "2016-09-30": "248.76300", "2016-06-30": "249.05700", "2016-03-31": "248.27000", "2015-12-31": "247.61300", "2015-09-30": "246.61600", "2015-06-30": "247.22400", "2015-03-31": "246.01900", "2014-12-31": "244.72400", "2014-09-30": "237.45100", "2014-06-30": "243.73900", "2014-03-31": "243.37600", "2013-12-31": "215.29400", "2013-09-30": "209.56800", "2013-06-30": "208.32600", "2013-03-31": "201.46800", "2012-12-31": "209.10700", "2012-09-30": "", "2011-09-30": ""}, "Basic EPS": {"2020-09-30": "-0.61000", "2020-06-30": "-1.01000", "2020-03-31": "-0.80000", "2019-12-31": "0.59000", "2019-09-30": "0.34000", "2019-06-30": "0.34000", "2019-03-31": "0.12000", "2018-12-31": "1.02000", "2018-09-30": "0.72000", "2018-06-30": "0.29000", "2018-03-31": "0.11000", "2017-12-31": "1.19000", "2017-09-30": "0.46000", "2017-06-30": "0.27000", "2017-03-31": "0.29000", "2016-12-31": "0.51000", "2016-09-30": "0.35000", "2016-06-30": "0.18000", "2016-03-31": "0.27000", "2015-12-31": "0.39000", "2015-09-30": "0.24000", "2015-06-30": "0.14000", "2015-03-31": "0.25000", "2014-12-31": "0.36000", "2014-09-30": "0.18000", "2014-06-30": "0.20000", "2014-03-31": "0.06000", "2013-12-31": "0.22000", "2013-09-30": "0.19000", "2013-06-30": "0.14000", "2013-03-31": "-0.20000", "2012-12-31": "0.21000", "2012-09-30": "", "2011-09-30": ""}, "EPS - Earnings Per Share": {"2020-09-30": "-0.59000", "2020-06-30": "-1.01000", "2020-03-31": "-0.80000", "2019-12-31": "0.57000", "2019-09-30": "0.34000", "2019-06-30": "0.33000", "2019-03-31": "0.12000", "2018-12-31": "0.99000", "2018-09-30": "0.68000", "2018-06-30": "0.29000", "2018-03-31": "0.11000", "2017-12-31": "1.16000", "2017-09-30": "0.45000", "2017-06-30": "0.26000", "2017-03-31": "0.28000", "2016-12-31": "0.50000", "2016-09-30": "0.33000", "2016-06-30": "0.18000", "2016-03-31": "0.27000", "2015-12-31": "0.38000", "2015-09-30": "0.23000", "2015-06-30": "0.14000", "2015-03-31": "0.24000", "2014-12-31": "0.35000", "2014-09-30": "0.18000", "2014-06-30": "0.19000", "2014-03-31": "0.05000", "2013-12-31": "0.21000", "2013-09-30": "0.19000", "2013-06-30": "0.13000", "2013-03-31": "-0.20000", "2012-12-31": "0.20000", "2012-09-30": "0.00000", "2011-09-30": "0.00000"}}, "balance sheet": {"Cash On Hand": {"2020-09-30": "2509.18800", "2019-09-30": "246.64300", "2018-09-30": "215.02500", "2017-09-30": "238.79700", "2016-09-30": "152.58000", "2015-09-30": "122.41600", "2014-09-30": "111.69000", "2013-09-30": "110.99800", "2012-09-30": "136.74800", "2011-09-30": ""}, "Receivables": {"2020-09-30": "1431.20600", "2019-09-30": "1806.96400", "2018-09-30": "1790.43300", "2017-09-30": "1615.99300", "2016-09-30": "1476.34900", "2015-09-30": "1444.57400", "2014-09-30": "1582.43100", "2013-09-30": "1405.84300", "2012-09-30": "1315.99700", "2011-09-30": ""}, "Inventory": {"2020-09-30": "436.47300", "2019-09-30": "411.31900", "2018-09-30": "724.80200", "2017-09-30": "610.73200", "2016-09-30": "587.15500", "2015-09-30": "575.26300", "2014-09-30": "553.81500", "2013-09-30": "541.97200", "2012-09-30": "508.41600", "2011-09-30": ""}, "Pre-Paid Expenses": {"2020-09-30": "", "2019-09-30": "", "2018-09-30": "", "2017-09-30": "", "2016-09-30": "", "2015-09-30": "", "2014-09-30": "", "2013-09-30": "", "2012-09-30": "", "2011-09-30": ""}, "Other Current Assets": {"2020-09-30": "298.94400", "2019-09-30": "193.46100", "2018-09-30": "171.16500", "2017-09-30": "187.61700", "2016-09-30": "276.48700", "2015-09-30": "236.87000", "2014-09-30": "217.04000", "2013-09-30": "228.35200", "2012-09-30": "224.34000", "2011-09-30": ""}, "Total Current Assets": {"2020-09-30": "4675.81100", "2019-09-30": "2658.38700", "2018-09-30": "2901.42500", "2017-09-30": "2653.13900", "2016-09-30": "2492.57100", "2015-09-30": "2379.12300", "2014-09-30": "2464.97600", "2013-09-30": "2287.16500", "2012-09-30": "2185.50100", "2011-09-30": ""}, "Property, Plant, And Equipment": {"2020-09-30": "2050.90800", "2019-09-30": "2181.76200", "2018-09-30": "1378.09400", "2017-09-30": "1042.03100", "2016-09-30": "1023.08300", "2015-09-30": "959.34500", "2014-09-30": "997.33100", "2013-09-30": "977.32300", "2012-09-30": "976.30900", "2011-09-30": ""}, "Long-Term Investments": {"2020-09-30": "", "2019-09-30": "", "2018-09-30": "", "2017-09-30": "", "2016-09-30": "", "2015-09-30": "", "2014-09-30": "", "2013-09-30": "", "2012-09-30": "", "2011-09-30": ""}, "Goodwill And Intangible Assets": {"2020-09-30": "7276.46500", "2019-09-30": "7552.36600", "2018-09-30": "7747.41200", "2017-09-30": "5836.33500", "2016-09-30": "5740.76400", "2015-09-30": "5670.94800", "2014-09-30": "5842.42100", "2013-09-30": "6028.75100", "2012-09-30": "6324.62300", "2011-09-30": "0.00000"}, "Other Long-Term Assets": {"2020-09-30": "1158.10600", "2019-09-30": "1343.80600", "2018-09-30": "1693.17100", "2017-09-30": "1474.72400", "2016-09-30": "1325.65400", "2015-09-30": "1186.94100", "2014-09-30": "1150.96500", "2013-09-30": "973.86700", "2012-09-30": "1000.92100", "2011-09-30": ""}, "Total Long-Term Assets": {"2020-09-30": "11036.87000", "2019-09-30": "11077.93000", "2018-09-30": "10818.68000", "2017-09-30": "8353.09000", "2016-09-30": "8089.50100", "2015-09-30": "7817.23400", "2014-09-30": "7990.71700", "2013-09-30": "7979.94100", "2012-09-30": "8301.85400", "2011-09-30": ""}, "Total Assets": {"2020-09-30": "15712.68000", "2019-09-30": "13736.32000", "2018-09-30": "13720.10000", "2017-09-30": "11006.23000", "2016-09-30": "10582.07000", "2015-09-30": "10196.36000", "2014-09-30": "10455.69000", "2013-09-30": "10267.11000", "2012-09-30": "10487.35000", "2011-09-30": "0.00000"}, "Total Current Liabilities": {"2020-09-30": "2347.45800", "2019-09-30": "2705.29800", "2018-09-30": "2490.15900", "2017-09-30": "2368.09500", "2016-09-30": "2184.74500", "2015-09-30": "2180.98800", "2014-09-30": "2378.87300", "2013-09-30": "2389.25300", "2012-09-30": "2163.67400", "2011-09-30": ""}, "Long Term Debt": {"2020-09-30": "9178.50800", "2019-09-30": "6612.23900", "2018-09-30": "7213.07700", "2017-09-30": "5190.33100", "2016-09-30": "5223.51400", "2015-09-30": "5184.59700", "2014-09-30": "5355.78900", "2013-09-30": "5758.22900", "2012-09-30": "5971.30500", "2011-09-30": ""}, "Other Non-Current Liabilities": {"2020-09-30": "", "2019-09-30": "", "2018-09-30": "", "2017-09-30": "", "2016-09-30": "", "2015-09-30": "", "2014-09-30": "", "2013-09-30": "168.91500", "2012-09-30": "177.92600", "2011-09-30": ""}, "Total Long Term Liabilities": {"2020-09-30": "10629.24000", "2019-09-30": "7710.97600", "2018-09-30": "8200.38500", "2017-09-30": "6179.07300", "2016-09-30": "6236.32100", "2015-09-30": "6132.01000", "2014-09-30": "6358.78400", "2013-09-30": "6974.14600", "2012-09-30": "7356.81600", "2011-09-30": ""}, "Total Liabilities": {"2020-09-30": "12976.70000", "2019-09-30": "10416.27000", "2018-09-30": "10690.54000", "2017-09-30": "8547.16800", "2016-09-30": "8421.06600", "2015-09-30": "8312.99800", "2014-09-30": "8737.65700", "2013-09-30": "9363.40300", "2012-09-30": "9520.49000", "2011-09-30": "0.00000"}, "Common Stock Net": {"2020-09-30": "2.90700", "2019-09-30": "2.82900", "2018-09-30": "2.79300", "2017-09-30": "2.77100", "2016-09-30": "2.72600", "2015-09-30": "2.66600", "2014-09-30": "2.56100", "2013-09-30": "2.19400", "2012-09-30": "2.15900", "2011-09-30": "0.00000"}, "Retained Earnings (Accumulated Deficit)": {"2020-09-30": "532.37900", "2019-09-30": "1107.02900", "2018-09-30": "710.51900", "2017-09-30": "247.05000", "2016-09-30": "-33.77800", "2015-09-30": "-228.64100", "2014-09-30": "-382.46300", "2013-09-30": "-479.23300", "2012-09-30": "-444.47900", "2011-09-30": ""}, "Comprehensive Income": {"2020-09-30": "-307.25800", "2019-09-30": "-216.96500", "2018-09-30": "-91.22300", "2017-09-30": "-123.76000", "2016-09-30": "-180.78300", "2015-09-30": "-166.56800", "2014-09-30": "-106.29800", "2013-09-30": "-59.22500", "2012-09-30": "-73.74500", "2011-09-30": ""}, "Other Share Holders Equity": {"2020-09-30": "", "2019-09-30": "", "2018-09-30": "", "2017-09-30": "", "2016-09-30": "", "2015-09-30": "", "2014-09-30": "", "2013-09-30": "", "2012-09-30": "", "2011-09-30": "0.00000"}, "Share Holder Equity": {"2020-09-30": "2735.98800", "2019-09-30": "3320.04700", "2018-09-30": "3029.55800", "2017-09-30": "2459.06100", "2016-09-30": "2161.00600", "2015-09-30": "1883.35900", "2014-09-30": "1718.03600", "2013-09-30": "903.70700", "2012-09-30": "966.86400", "2011-09-30": "0.00000"}, "Total Liabilities And Share Holders Equity": {"2020-09-30": "15712.68000", "2019-09-30": "13736.32000", "2018-09-30": "13720.10000", "2017-09-30": "11006.23000", "2016-09-30": "10582.07000", "2015-09-30": "10196.36000", "2014-09-30": "10455.69000", "2013-09-30": "10267.11000", "2012-09-30": "10487.35000", "2011-09-30": "0.00000"}}, "balance sheet, quarterly": {"Cash On Hand": {"2020-09-30": "2509.18800", "2020-06-30": "2417.25500", "2020-03-31": "1202.96400", "2019-12-31": "264.61800", "2019-09-30": "246.64300", "2019-06-30": "220.05500", "2019-03-31": "195.38700", "2018-12-31": "249.88100", "2018-09-30": "215.02500", "2018-06-30": "165.96800", "2018-03-31": "185.53300", "2017-12-31": "185.66300", "2017-09-30": "238.79700", "2017-06-30": "154.67400", "2017-03-31": "145.48400", "2016-12-31": "146.95100", "2016-09-30": "152.58000", "2016-06-30": "196.50700", "2016-03-31": "147.72400", "2015-12-31": "115.35800", "2015-09-30": "122.41600", "2015-06-30": "117.83600", "2015-03-31": "134.75400", "2014-12-31": "120.81400", "2014-09-30": "111.69000", "2014-06-30": "122.41900", "2014-03-31": "139.18400", "2013-12-31": "115.59800", "2013-09-30": "110.99800", "2013-06-30": "", "2013-03-31": "", "2012-12-31": "", "2012-09-30": "136.74000", "2011-09-30": ""}, "Receivables": {"2020-09-30": "1431.20600", "2020-06-30": "1423.19000", "2020-03-31": "1850.98000", "2019-12-31": "1971.93900", "2019-09-30": "1806.96400", "2019-06-30": "1832.91100", "2019-03-31": "1878.15100", "2018-12-31": "1880.29900", "2018-09-30": "1790.43300", "2018-06-30": "1851.92800", "2018-03-31": "1875.18400", "2017-12-31": "1813.27600", "2017-09-30": "1615.99300", "2017-06-30": "1532.87900", "2017-03-31": "1508.01600", "2016-12-31": "1492.29100", "2016-09-30": "1476.34900", "2016-06-30": "1434.74400", "2016-03-31": "1473.65400", "2015-12-31": "1494.07200", "2015-09-30": "1444.57400", "2015-06-30": "1465.89600", "2015-03-31": "1523.70700", "2014-12-31": "1549.80100", "2014-09-30": "1582.43100", "2014-06-30": "1494.70900", "2014-03-31": "1523.02700", "2013-12-31": "1504.47900", "2013-09-30": "1405.84300", "2013-06-30": "", "2013-03-31": "", "2012-12-31": "", "2012-09-30": "1315.99000", "2011-09-30": ""}, "Inventory": {"2020-09-30": "436.47300", "2020-06-30": "426.76600", "2020-03-31": "403.79900", "2019-12-31": "397.93300", "2019-09-30": "411.31900", "2019-06-30": "393.11500", "2019-03-31": "400.26900", "2018-12-31": "371.11100", "2018-09-30": "724.80200", "2018-06-30": "705.36400", "2018-03-31": "718.17400", "2017-12-31": "614.91400", "2017-09-30": "610.73200", "2017-06-30": "567.56400", "2017-03-31": "571.56100", "2016-12-31": "563.93500", "2016-09-30": "587.15500", "2016-06-30": "561.24200", "2016-03-31": "575.54800", "2015-12-31": "563.40800", "2015-09-30": "575.26300", "2015-06-30": "550.92200", "2015-03-31": "559.32000", "2014-12-31": "541.43100", "2014-09-30": "553.81500", "2014-06-30": "543.21000", "2014-03-31": "549.94200", "2013-12-31": "532.94300", "2013-09-30": "541.97200", "2013-06-30": "", "2013-03-31": "", "2012-12-31": "", "2012-09-30": "508.41000", "2011-09-30": ""}, "Pre-Paid Expenses": {"2020-09-30": "", "2020-06-30": "", "2020-03-31": "", "2019-12-31": "", "2019-09-30": "", "2019-06-30": "", "2019-03-31": "", "2018-12-31": "", "2018-09-30": "", "2018-06-30": "", "2018-03-31": "", "2017-12-31": "", "2017-09-30": "", "2017-06-30": "", "2017-03-31": "", "2016-12-31": "", "2016-09-30": "", "2016-06-30": "", "2016-03-31": "", "2015-12-31": "", "2015-09-30": "", "2015-06-30": "", "2015-03-31": "", "2014-12-31": "", "2014-09-30": "", "2014-06-30": "", "2014-03-31": "", "2013-12-31": "", "2013-09-30": "", "2013-06-30": "", "2013-03-31": "", "2012-12-31": "", "2012-09-30": "", "2011-09-30": ""}, "Other Current Assets": {"2020-09-30": "298.94400", "2020-06-30": "289.93300", "2020-03-31": "198.59200", "2019-12-31": "194.41700", "2019-09-30": "193.46100", "2019-06-30": "196.04400", "2019-03-31": "156.79600", "2018-12-31": "148.69700", "2018-09-30": "171.16500", "2018-06-30": "186.80600", "2018-03-31": "197.39600", "2017-12-31": "198.43400", "2017-09-30": "187.61700", "2017-06-30": "209.32500", "2017-03-31": "169.52000", "2016-12-31": "170.41800", "2016-09-30": "276.48700", "2016-06-30": "236.09100", "2016-03-31": "224.34500", "2015-12-31": "213.82900", "2015-09-30": "236.87000", "2015-06-30": "252.94200", "2015-03-31": "240.92000", "2014-12-31": "197.78000", "2014-09-30": "217.04000", "2014-06-30": "194.86200", "2014-03-31": "203.56300", "2013-12-31": "183.54900", "2013-09-30": "228.35200", "2013-06-30": "", "2013-03-31": "", "2012-12-31": "", "2012-09-30": "224.34000", "2011-09-30": ""}, "Total Current Assets": {"2020-09-30": "4675.81100", "2020-06-30": "4557.14400", "2020-03-31": "3656.33500", "2019-12-31": "2828.90700", "2019-09-30": "2658.38700", "2019-06-30": "2642.12500", "2019-03-31": "2630.60300", "2018-12-31": "2649.98800", "2018-09-30": "2901.42500", "2018-06-30": "2910.06600", "2018-03-31": "2976.28700", "2017-12-31": "2812.28700", "2017-09-30": "2653.13900", "2017-06-30": "2464.44200", "2017-03-31": "2394.58100", "2016-12-31": "2373.59500", "2016-09-30": "2492.57100", "2016-06-30": "2428.58400", "2016-03-31": "2421.27100", "2015-12-31": "2386.66700", "2015-09-30": "2379.12300", "2015-06-30": "2387.59600", "2015-03-31": "2458.70100", "2014-12-31": "2409.82600", "2014-09-30": "2464.97600", "2014-06-30": "2355.20000", "2014-03-31": "2415.71600", "2013-12-31": "2336.56900", "2013-09-30": "2287.16500", "2013-06-30": "", "2013-03-31": "", "2012-12-31": "", "2012-09-30": "2185.50000", "2011-09-30": ""}, "Property, Plant, And Equipment": {"2020-09-30": "2050.90800", "2020-06-30": "2066.35900", "2020-03-31": "2129.30600", "2019-12-31": "2158.16200", "2019-09-30": "2181.76200", "2019-06-30": "2143.76500", "2019-03-31": "2142.94400", "2018-12-31": "2153.15400", "2018-09-30": "1378.09400", "2018-06-30": "1321.36600", "2018-03-31": "1356.62400", "2017-12-31": "1035.23300", "2017-09-30": "1042.03100", "2017-06-30": "981.53600", "2017-03-31": "1004.58600", "2016-12-31": "997.56200", "2016-09-30": "1023.08300", "2016-06-30": "995.05800", "2016-03-31": "989.75600", "2015-12-31": "927.27800", "2015-09-30": "959.34500", "2015-06-30": "958.47800", "2015-03-31": "958.44100", "2014-12-31": "957.92300", "2014-09-30": "997.33100", "2014-06-30": "988.60300", "2014-03-31": "960.90300", "2013-12-31": "967.35000", "2013-09-30": "977.32300", "2013-06-30": "", "2013-03-31": "", "2012-12-31": "", "2012-09-30": "2092.67000", "2011-09-30": ""}, "Long-Term Investments": {"2020-09-30": "", "2020-06-30": "", "2020-03-31": "", "2019-12-31": "", "2019-09-30": "", "2019-06-30": "", "2019-03-31": "", "2018-12-31": "", "2018-09-30": "", "2018-06-30": "", "2018-03-31": "", "2017-12-31": "", "2017-09-30": "", "2017-06-30": "", "2017-03-31": "", "2016-12-31": "", "2016-09-30": "", "2016-06-30": "", "2016-03-31": "", "2015-12-31": "", "2015-09-30": "", "2015-06-30": "", "2015-03-31": "", "2014-12-31": "", "2014-09-30": "", "2014-06-30": "", "2014-03-31": "", "2013-12-31": "", "2013-09-30": "", "2013-06-30": "", "2013-03-31": "", "2012-12-31": "", "2012-09-30": "", "2011-09-30": ""}, "Goodwill And Intangible Assets": {"2020-09-30": "7276.46500", "2020-06-30": "7283.08300", "2020-03-31": "7305.70500", "2019-12-31": "7550.79800", "2019-09-30": "7552.36600", "2019-06-30": "7590.93800", "2019-03-31": "7610.19300", "2018-12-31": "7605.49600", "2018-09-30": "7747.41200", "2018-06-30": "7776.84200", "2018-03-31": "7795.00500", "2017-12-31": "7154.64400", "2017-09-30": "5836.33500", "2017-06-30": "5823.93800", "2017-03-31": "5748.69800", "2016-12-31": "5692.56600", "2016-09-30": "5740.76400", "2016-06-30": "5625.98600", "2016-03-31": "5664.14000", "2015-12-31": "5625.91300", "2015-09-30": "5670.94800", "2015-06-30": "5708.94900", "2015-03-31": "5729.33900", "2014-12-31": "5788.48100", "2014-09-30": "5842.42100", "2014-06-30": "5917.62100", "2014-03-31": "5942.75100", "2013-12-31": "5978.30100", "2013-09-30": "6028.75100", "2013-06-30": "0.00000", "2013-03-31": "0.00000", "2012-12-31": "0.00000", "2012-09-30": "6324.62000", "2011-09-30": "0.00000"}, "Other Long-Term Assets": {"2020-09-30": "1158.10600", "2020-06-30": "1164.48500", "2020-03-31": "1176.43300", "2019-12-31": "1173.32600", "2019-09-30": "1343.80600", "2019-06-30": "1352.67400", "2019-03-31": "1327.07400", "2018-12-31": "1330.30400", "2018-09-30": "1693.17100", "2018-06-30": "1657.26600", "2018-03-31": "1604.84100", "2017-12-31": "1524.65800", "2017-09-30": "1474.72400", "2017-06-30": "1380.45500", "2017-03-31": "1347.47800", "2016-12-31": "1320.20100", "2016-09-30": "1325.65400", "2016-06-30": "1281.86900", "2016-03-31": "1253.25300", "2015-12-31": "1210.03600", "2015-09-30": "1186.94100", "2015-06-30": "1158.34200", "2015-03-31": "1134.71000", "2014-12-31": "1143.51900", "2014-09-30": "1150.96500", "2014-06-30": "1013.57800", "2014-03-31": "967.26100", "2013-12-31": "967.11600", "2013-09-30": "973.86700", "2013-06-30": "", "2013-03-31": "", "2012-12-31": "", "2012-09-30": "1000.92000", "2011-09-30": ""}, "Total Long-Term Assets": {"2020-09-30": "11036.87000", "2020-06-30": "11064.93000", "2020-03-31": "11191.16000", "2019-12-31": "11444.16000", "2019-09-30": "11077.93000", "2019-06-30": "11087.38000", "2019-03-31": "11080.21000", "2018-12-31": "11088.95000", "2018-09-30": "10818.68000", "2018-06-30": "10755.47000", "2018-03-31": "10756.47000", "2017-12-31": "9714.53500", "2017-09-30": "8353.09000", "2017-06-30": "8185.92900", "2017-03-31": "8100.76200", "2016-12-31": "8010.33000", "2016-09-30": "8089.50100", "2016-06-30": "7902.91400", "2016-03-31": "7907.14900", "2015-12-31": "7763.22700", "2015-09-30": "7817.23400", "2015-06-30": "7825.77000", "2015-03-31": "7822.49000", "2014-12-31": "7889.92300", "2014-09-30": "7990.71700", "2014-06-30": "7919.80200", "2014-03-31": "7870.91500", "2013-12-31": "7912.76700", "2013-09-30": "7979.94100", "2013-06-30": "", "2013-03-31": "", "2012-12-31": "", "2012-09-30": "9418.21000", "2011-09-30": ""}, "Total Assets": {"2020-09-30": "15712.68000", "2020-06-30": "15622.07000", "2020-03-31": "14847.50000", "2019-12-31": "14273.07000", "2019-09-30": "13736.32000", "2019-06-30": "13729.50000", "2019-03-31": "13710.81000", "2018-12-31": "13738.94000", "2018-09-30": "13720.10000", "2018-06-30": "13665.54000", "2018-03-31": "13732.76000", "2017-12-31": "12526.82000", "2017-09-30": "11006.23000", "2017-06-30": "10650.37000", "2017-03-31": "10495.34000", "2016-12-31": "10383.92000", "2016-09-30": "10582.07000", "2016-06-30": "10331.50000", "2016-03-31": "10328.42000", "2015-12-31": "10149.89000", "2015-09-30": "10196.36000", "2015-06-30": "10213.37000", "2015-03-31": "10281.19000", "2014-12-31": "10299.75000", "2014-09-30": "10455.69000", "2014-06-30": "10275.00000", "2014-03-31": "10286.63000", "2013-12-31": "10249.34000", "2013-09-30": "10267.11000", "2013-06-30": "0.00000", "2013-03-31": "0.00000", "2012-12-31": "0.00000", "2012-09-30": "10487.35000", "2011-09-30": "0.00000"}, "Total Current Liabilities": {"2020-09-30": "2347.45800", "2020-06-30": "2119.31400", "2020-03-31": "2297.85700", "2019-12-31": "2297.49300", "2019-09-30": "2705.29800", "2019-06-30": "2159.39600", "2019-03-31": "2311.10500", "2018-12-31": "2197.27500", "2018-09-30": "2490.15900", "2018-06-30": "2142.61400", "2018-03-31": "2298.05800", "2017-12-31": "2012.56700", "2017-09-30": "2368.09500", "2017-06-30": "1901.90200", "2017-03-31": "2051.87200", "2016-12-31": "1779.24900", "2016-09-30": "2184.74500", "2016-06-30": "1796.88100", "2016-03-31": "1899.41200", "2015-12-31": "1728.31900", "2015-09-30": "2180.98800", "2015-06-30": "1826.64800", "2015-03-31": "1991.00800", "2014-12-31": "1829.73400", "2014-09-30": "2378.87300", "2014-06-30": "2000.53700", "2014-03-31": "2053.54800", "2013-12-31": "1988.74800", "2013-09-30": "2389.25300", "2013-06-30": "", "2013-03-31": "", "2012-12-31": "", "2012-09-30": "2163.67000", "2011-09-30": ""}, "Long Term Debt": {"2020-09-30": "9178.50800", "2020-06-30": "9169.50200", "2020-03-31": "7862.58700", "2019-12-31": "7087.72000", "2019-09-30": "6612.23900", "2019-06-30": "7198.91800", "2019-03-31": "7134.28600", "2018-12-31": "7323.70600", "2018-09-30": "7213.07700", "2018-06-30": "7788.33500", "2018-03-31": "7749.51800", "2017-12-31": "6976.50800", "2017-09-30": "5190.33100", "2017-06-30": "5440.14300", "2017-03-31": "5214.75900", "2016-12-31": "5364.85500", "2016-09-30": "5223.51400", "2016-06-30": "5383.11800", "2016-03-31": "5366.11200", "2015-12-31": "5485.96400", "2015-09-30": "5184.59700", "2015-06-30": "5531.96400", "2015-03-31": "5469.03600", "2014-12-31": "5714.44400", "2014-09-30": "5355.78900", "2014-06-30": "5585.60300", "2014-03-31": "5547.92800", "2013-12-31": "5555.92900", "2013-09-30": "5758.22900", "2013-06-30": "", "2013-03-31": "", "2012-12-31": "", "2012-09-30": "5971.30000", "2011-09-30": ""}, "Other Non-Current Liabilities": {"2020-09-30": "", "2020-06-30": "", "2020-03-31": "", "2019-12-31": "", "2019-09-30": "", "2019-06-30": "", "2019-03-31": "", "2018-12-31": "", "2018-09-30": "", "2018-06-30": "", "2018-03-31": "", "2017-12-31": "", "2017-09-30": "", "2017-06-30": "", "2017-03-31": "", "2016-12-31": "", "2016-09-30": "", "2016-06-30": "", "2016-03-31": "", "2015-12-31": "", "2015-09-30": "", "2015-06-30": "", "2015-03-31": "9.90900", "2014-12-31": "9.84100", "2014-09-30": "", "2014-06-30": "10.00500", "2014-03-31": "10.17700", "2013-12-31": "10.14600", "2013-09-30": "168.91500", "2013-06-30": "", "2013-03-31": "", "2012-12-31": "", "2012-09-30": "177.92000", "2011-09-30": ""}, "Total Long Term Liabilities": {"2020-09-30": "10629.24000", "2020-06-30": "10607.42000", "2020-03-31": "9380.19500", "2019-12-31": "8523.99600", "2019-09-30": "7710.97600", "2019-06-30": "8284.18500", "2019-03-31": "8166.02900", "2018-12-31": "8323.77300", "2018-09-30": "8200.38500", "2018-06-30": "8677.15000", "2018-03-31": "8639.07600", "2017-12-31": "7791.86100", "2017-09-30": "6179.07300", "2017-06-30": "6425.70200", "2017-03-31": "6202.75800", "2016-12-31": "6366.13300", "2016-09-30": "6236.32100", "2016-06-30": "6445.29600", "2016-03-31": "6379.66500", "2015-12-31": "6451.79900", "2015-09-30": "6132.01000", "2015-06-30": "6520.37600", "2015-03-31": "6477.43900", "2014-12-31": "6715.03400", "2014-09-30": "6358.78400", "2014-06-30": "6554.74300", "2014-03-31": "6533.94300", "2013-12-31": "6577.25700", "2013-09-30": "6974.14600", "2013-06-30": "", "2013-03-31": "", "2012-12-31": "", "2012-09-30": "7356.80000", "2011-09-30": ""}, "Total Liabilities": {"2020-09-30": "12976.70000", "2020-06-30": "12726.73000", "2020-03-31": "11678.05000", "2019-12-31": "10821.49000", "2019-09-30": "10416.27000", "2019-06-30": "10443.58000", "2019-03-31": "10477.13000", "2018-12-31": "10521.05000", "2018-09-30": "10690.54000", "2018-06-30": "10819.76000", "2018-03-31": "10937.13000", "2017-12-31": "9804.42800", "2017-09-30": "8547.16800", "2017-06-30": "8327.60400", "2017-03-31": "8254.63000", "2016-12-31": "8145.38200", "2016-09-30": "8421.06600", "2016-06-30": "8242.17700", "2016-03-31": "8279.07700", "2015-12-31": "8180.11800", "2015-09-30": "8312.99800", "2015-06-30": "8347.02400", "2015-03-31": "8468.44700", "2014-12-31": "8544.76800", "2014-09-30": "8737.65700", "2014-06-30": "8555.28000", "2014-03-31": "8587.49100", "2013-12-31": "8566.00500", "2013-09-30": "9363.40300", "2013-06-30": "0.00000", "2013-03-31": "0.00000", "2012-12-31": "0.00000", "2012-09-30": "9520.49000", "2011-09-30": "0.00000"}, "Common Stock Net": {"2020-09-30": "2.90700", "2020-06-30": "2.90600", "2020-03-31": "2.90200", "2019-12-31": "2.87100", "2019-09-30": "2.82900", "2019-06-30": "2.81900", "2019-03-31": "2.81200", "2018-12-31": "2.80700", "2018-09-30": "2.79300", "2018-06-30": "2.79000", "2018-03-31": "2.78600", "2017-12-31": "2.78200", "2017-09-30": "2.77100", "2017-06-30": "2.76500", "2017-03-31": "2.75400", "2016-12-31": "2.74500", "2016-09-30": "2.72600", "2016-06-30": "2.71100", "2016-03-31": "2.69900", "2015-12-31": "2.68700", "2015-09-30": "2.66600", "2015-06-30": "2.64000", "2015-03-31": "2.62800", "2014-12-31": "2.59700", "2014-09-30": "2.56100", "2014-06-30": "2.53400", "2014-03-31": "2.50100", "2013-12-31": "2.47800", "2013-09-30": "2.19400", "2013-06-30": "0.00000", "2013-03-31": "0.00000", "2012-12-31": "0.00000", "2012-09-30": "2.15000", "2011-09-30": "0.00000"}, "Retained Earnings (Accumulated Deficit)": {"2020-09-30": "532.37900", "2020-06-30": "708.80300", "2020-03-31": "993.04600", "2019-12-31": "1223.07800", "2019-09-30": "1107.02900", "2019-06-30": "1048.60600", "2019-03-31": "992.73600", "2018-12-31": "990.43900", "2018-09-30": "710.51900", "2018-06-30": "560.86400", "2018-03-31": "514.05500", "2017-12-31": "512.25400", "2017-09-30": "247.05000", "2017-06-30": "159.18200", "2017-03-31": "119.72600", "2016-12-31": "74.70700", "2016-09-30": "-33.77800", "2016-06-30": "-93.92000", "2016-03-31": "-115.60800", "2015-12-31": "-159.02000", "2015-09-30": "-228.64100", "2015-06-30": "-264.84400", "2015-03-31": "-278.05400", "2014-12-31": "-317.41700", "2014-09-30": "-382.46300", "2014-06-30": "-409.37800", "2014-03-31": "-438.86100", "2013-12-31": "-434.47100", "2013-09-30": "-479.23300", "2013-06-30": "", "2013-03-31": "", "2012-12-31": "", "2012-09-30": "-444.47000", "2011-09-30": ""}, "Comprehensive Income": {"2020-09-30": "-307.25800", "2020-06-30": "-307.92400", "2020-03-31": "-304.01000", "2019-12-31": "-195.76500", "2019-09-30": "-216.96500", "2019-06-30": "-170.83800", "2019-03-31": "-141.65100", "2018-12-31": "-132.99600", "2018-09-30": "-91.22300", "2018-06-30": "-98.06600", "2018-03-31": "-62.69500", "2017-12-31": "-112.15600", "2017-09-30": "-123.76000", "2017-06-30": "-156.07300", "2017-03-31": "-173.64700", "2016-12-31": "-205.46500", "2016-09-30": "-180.78300", "2016-06-30": "-161.02700", "2016-03-31": "-153.09800", "2015-12-31": "-161.56600", "2015-09-30": "-166.56800", "2015-06-30": "-153.99900", "2015-03-31": "-162.68600", "2014-12-31": "-139.28700", "2014-09-30": "-106.29800", "2014-06-30": "-69.10600", "2014-03-31": "-58.84000", "2013-12-31": "-53.67400", "2013-09-30": "-59.22500", "2013-06-30": "", "2013-03-31": "", "2012-12-31": "", "2012-09-30": "", "2011-09-30": ""}, "Other Share Holders Equity": {"2020-09-30": "", "2020-06-30": "", "2020-03-31": "", "2019-12-31": "", "2019-09-30": "", "2019-06-30": "", "2019-03-31": "", "2018-12-31": "", "2018-09-30": "", "2018-06-30": "", "2018-03-31": "", "2017-12-31": "", "2017-09-30": "", "2017-06-30": "", "2017-03-31": "", "2016-12-31": "", "2016-09-30": "", "2016-06-30": "", "2016-03-31": "", "2015-12-31": "", "2015-09-30": "", "2015-06-30": "", "2015-03-31": "", "2014-12-31": "", "2014-09-30": "", "2014-06-30": "", "2014-03-31": "", "2013-12-31": "", "2013-09-30": "", "2013-06-30": "0.00000", "2013-03-31": "0.00000", "2012-12-31": "0.00000", "2012-09-30": "-39.89000", "2011-09-30": "0.00000"}, "Share Holder Equity": {"2020-09-30": "2735.98800", "2020-06-30": "2895.34200", "2020-03-31": "3169.44500", "2019-12-31": "3451.57600", "2019-09-30": "3320.04700", "2019-06-30": "3285.92200", "2019-03-31": "3233.68000", "2018-12-31": "3217.89300", "2018-09-30": "3029.55800", "2018-06-30": "2845.77500", "2018-03-31": "2795.62300", "2017-12-31": "2722.39400", "2017-09-30": "2459.06100", "2017-06-30": "2322.76700", "2017-03-31": "2240.71300", "2016-12-31": "2238.54200", "2016-09-30": "2161.00600", "2016-06-30": "2089.32000", "2016-03-31": "2049.34300", "2015-12-31": "1969.77600", "2015-09-30": "1883.35900", "2015-06-30": "1866.34100", "2015-03-31": "1812.74400", "2014-12-31": "1754.98100", "2014-09-30": "1718.03600", "2014-06-30": "1719.72200", "2014-03-31": "1699.14000", "2013-12-31": "1683.33100", "2013-09-30": "903.70700", "2013-06-30": "0.00000", "2013-03-31": "0.00000", "2012-12-31": "0.00000", "2012-09-30": "966.86000", "2011-09-30": "0.00000"}, "Total Liabilities And Share Holders Equity": {"2020-09-30": "15712.68000", "2020-06-30": "15622.07000", "2020-03-31": "14847.50000", "2019-12-31": "14273.07000", "2019-09-30": "13736.32000", "2019-06-30": "13729.50000", "2019-03-31": "13710.81000", "2018-12-31": "13738.94000", "2018-09-30": "13720.10000", "2018-06-30": "13665.54000", "2018-03-31": "13732.76000", "2017-12-31": "12526.82000", "2017-09-30": "11006.23000", "2017-06-30": "10650.37000", "2017-03-31": "10495.34000", "2016-12-31": "10383.92000", "2016-09-30": "10582.07000", "2016-06-30": "10331.50000", "2016-03-31": "10328.42000", "2015-12-31": "10149.89000", "2015-09-30": "10196.36000", "2015-06-30": "10213.37000", "2015-03-31": "10281.19000", "2014-12-31": "10299.75000", "2014-09-30": "10455.69000", "2014-06-30": "10275.00000", "2014-03-31": "10286.63000", "2013-12-31": "10249.34000", "2013-09-30": "10267.11000", "2013-06-30": "0.00000", "2013-03-31": "0.00000", "2012-12-31": "0.00000", "2012-09-30": "10487.35000", "2011-09-30": "0.00000"}}, "cash flow statement": {"Net Income/Loss": {"2020-09-30": "-461.43500", "2019-09-30": "448.46600", "2018-09-30": "568.44000", "2017-09-30": "374.18700", "2016-09-30": "288.23200", "2015-09-30": "236.97600", "2014-09-30": "149.45900", "2013-09-30": "70.36600", "2012-09-30": "107.19900", "2011-09-30": "84.97100"}, "Total Depreciation And Amortization - Cash Flow": {"2020-09-30": "878.93800", "2019-09-30": "592.57300", "2018-09-30": "596.18200", "2017-09-30": "508.21200", "2016-09-30": "495.76500", "2015-09-30": "504.03300", "2014-09-30": "521.58100", "2013-09-30": "542.13600", "2012-09-30": "529.21300", "2011-09-30": "516.29000"}, "Other Non-Cash Items": {"2020-09-30": "-103.70900", "2019-09-30": "-43.38200", "2018-09-30": "-16.01300", "2017-09-30": "27.29900", "2016-09-30": "109.35800", "2015-09-30": "62.30800", "2014-09-30": "133.70400", "2013-09-30": "1.62600", "2012-09-30": "-50.93500", "2011-09-30": "-10.57500"}, "Total Non-Cash Items": {"2020-09-30": "775.22900", "2019-09-30": "549.19100", "2018-09-30": "580.16900", "2017-09-30": "535.51100", "2016-09-30": "605.12300", "2015-09-30": "566.34100", "2014-09-30": "655.28500", "2013-09-30": "543.76200", "2012-09-30": "478.27800", "2011-09-30": "505.71500"}, "Change In Accounts Receivable": {"2020-09-30": "362.70800", "2019-09-30": "-78.77100", "2018-09-30": "-45.89100", "2017-09-30": "-111.42300", "2016-09-30": "-32.85900", "2015-09-30": "81.28400", "2014-09-30": "-226.75600", "2013-09-30": "-108.58300", "2012-09-30": "-45.19000", "2011-09-30": "-111.86200"}, "Change In Inventories": {"2020-09-30": "-25.67500", "2019-09-30": "-49.73200", "2018-09-30": "-40.18700", "2017-09-30": "-21.14700", "2016-09-30": "-9.62500", "2015-09-30": "-29.58700", "2014-09-30": "-19.81000", "2013-09-30": "-34.95000", "2012-09-30": "-50.32400", "2011-09-30": "-26.00000"}, "Change In Accounts Payable": {"2020-09-30": "-342.06900", "2019-09-30": "17.68000", "2018-09-30": "26.65800", "2017-09-30": "93.96500", "2016-09-30": "4.48600", "2015-09-30": "-46.42200", "2014-09-30": "9.65700", "2013-09-30": "74.46200", "2012-09-30": "83.98100", "2011-09-30": "27.01200"}, "Change In Assets/Liabilities": {"2020-09-30": "3.41300", "2019-09-30": "-100.45900", "2018-09-30": "41.80100", "2017-09-30": "118.15300", "2016-09-30": "-108.56300", "2015-09-30": "-28.77800", "2014-09-30": "-76.52000", "2013-09-30": "-45.14900", "2012-09-30": "85.87400", "2011-09-30": "-202.24900"}, "Total Change In Assets/Liabilities": {"2020-09-30": "-145.26300", "2019-09-30": "-17.75000", "2018-09-30": "-129.00500", "2017-09-30": "106.35200", "2016-09-30": "-78.96100", "2015-09-30": "-19.02900", "2014-09-30": "-426.62200", "2013-09-30": "47.22100", "2012-09-30": "90.83600", "2011-09-30": "-278.64900"}, "Cash Flow From Operating Activities": {"2020-09-30": "176.68200", "2019-09-30": "984.22700", "2018-09-30": "1051.87500", "2017-09-30": "1052.82600", "2016-09-30": "867.31400", "2015-09-30": "802.19200", "2014-09-30": "398.15900", "2013-09-30": "695.90700", "2012-09-30": "691.76100", "2011-09-30": "303.60800"}, "Net Change In Property, Plant, And Equipment": {"2020-09-30": "-364.43400", "2019-09-30": "-485.21900", "2018-09-30": "-618.11300", "2017-09-30": "-533.82300", "2016-09-30": "-485.70800", "2015-09-30": "-505.25600", "2014-09-30": "-516.70000", "2013-09-30": "-381.63400", "2012-09-30": "-342.87600", "2011-09-30": "-272.27700"}, "Net Change In Intangible Assets": {"2020-09-30": "-17.85600", "2019-09-30": "-52.17700", "2018-09-30": "-1994.82200", "2017-09-30": "-147.96300", "2016-09-30": "-176.61400", "2015-09-30": "-3.23400", "2014-09-30": "-14.23500", "2013-09-30": "-21.83600", "2012-09-30": "-124.42700", "2011-09-30": "-155.69700"}, "Net Acquisitions/Divestitures": {"2020-09-30": "-4.34500", "2019-09-30": "301.02500", "2018-09-30": "-245.46200", "2017-09-30": "5.84100", "2016-09-30": "-22.76300", "2015-09-30": "-0.14300", "2014-09-30": "16.77900", "2013-09-30": "0.18900", "2012-09-30": "-20.84100", "2011-09-30": "81.82000"}, "Net Change In Short-term Investments": {"2020-09-30": "", "2019-09-30": "", "2018-09-30": "", "2017-09-30": "", "2016-09-30": "", "2015-09-30": "", "2014-09-30": "", "2013-09-30": "", "2012-09-30": "", "2011-09-30": ""}, "Net Change In Long-Term Investments": {"2020-09-30": "", "2019-09-30": "", "2018-09-30": "", "2017-09-30": "", "2016-09-30": "", "2015-09-30": "", "2014-09-30": "", "2013-09-30": "", "2012-09-30": "", "2011-09-30": ""}, "Net Change In Investments - Total": {"2020-09-30": "", "2019-09-30": "", "2018-09-30": "", "2017-09-30": "", "2016-09-30": "", "2015-09-30": "", "2014-09-30": "", "2013-09-30": "", "2012-09-30": "", "2011-09-30": ""}, "Investing Activities - Other": {"2020-09-30": "25.51500", "2019-09-30": "26.85000", "2018-09-30": "-6.87900", "2017-09-30": "-2.53900", "2016-09-30": "5.34000", "2015-09-30": "4.29900", "2014-09-30": "8.93400", "2013-09-30": "17.89300", "2012-09-30": "6.56800", "2011-09-30": "-16.99300"}, "Cash Flow From Investing Activities": {"2020-09-30": "-361.12000", "2019-09-30": "-209.52100", "2018-09-30": "-2865.27600", "2017-09-30": "-678.48400", "2016-09-30": "-679.74500", "2015-09-30": "-504.33400", "2014-09-30": "-505.22200", "2013-09-30": "-385.38800", "2012-09-30": "-481.57600", "2011-09-30": "-363.14700"}, "Net Long-Term Debt": {"2020-09-30": "2554.90900", "2019-09-30": "-576.93000", "2018-09-30": "1949.42400", "2017-09-30": "-74.37500", "2016-09-30": "-45.54600", "2015-09-30": "-137.69500", "2014-09-30": "-357.78800", "2013-09-30": "-198.18900", "2012-09-30": "-247.59600", "2011-09-30": "810.92100"}, "Net Current Debt": {"2020-09-30": "", "2019-09-30": "", "2018-09-30": "", "2017-09-30": "", "2016-09-30": "", "2015-09-30": "", "2014-09-30": "", "2013-09-30": "", "2012-09-30": "", "2011-09-30": ""}, "Debt Issuance/Retirement Net - Total": {"2020-09-30": "2554.90900", "2019-09-30": "-576.93000", "2018-09-30": "1949.42400", "2017-09-30": "-74.37500", "2016-09-30": "-45.54600", "2015-09-30": "-137.69500", "2014-09-30": "-357.78800", "2013-09-30": "-198.18900", "2012-09-30": "-247.59600", "2011-09-30": "810.92100"}, "Net Common Equity Issued/Repurchased": {"2020-09-30": "83.48200", "2019-09-30": "-10.91300", "2018-09-30": "-2.90300", "2017-09-30": "-71.22100", "2016-09-30": "34.95600", "2015-09-30": "-10.23000", "2014-09-30": "523.75900", "2013-09-30": "-36.80200", "2012-09-30": "-26.44600", "2011-09-30": "-11.55600"}, "Net Total Equity Issued/Repurchased": {"2020-09-30": "83.48200", "2019-09-30": "-10.91300", "2018-09-30": "-2.90300", "2017-09-30": "-71.22100", "2016-09-30": "34.95600", "2015-09-30": "-10.23000", "2014-09-30": "523.75900", "2013-09-30": "-36.80200", "2012-09-30": "-26.44600", "2011-09-30": "-11.55600"}, "Total Common And Preferred Stock Dividends Paid": {"2020-09-30": "-110.89300", "2019-09-30": "-108.43900", "2018-09-30": "-103.11500", "2017-09-30": "-100.81300", "2016-09-30": "-92.07400", "2015-09-30": "-81.89800", "2014-09-30": "-52.18600", "2013-09-30": "", "2012-09-30": "", "2011-09-30": "-711.17200"}, "Financial Activities - Other": {"2020-09-30": "-89.97600", "2019-09-30": "-38.61000", "2018-09-30": "-49.25300", "2017-09-30": "-42.27700", "2016-09-30": "-54.74100", "2015-09-30": "-57.30900", "2014-09-30": "-6.03000", "2013-09-30": "-101.27800", "2012-09-30": "-12.78500", "2011-09-30": "23.80700"}, "Cash Flow From Financial Activities": {"2020-09-30": "2437.52200", "2019-09-30": "-734.89200", "2018-09-30": "1794.15300", "2017-09-30": "-288.68600", "2016-09-30": "-157.40500", "2015-09-30": "-287.13200", "2014-09-30": "107.75500", "2013-09-30": "-336.26900", "2012-09-30": "-286.82700", "2011-09-30": "112.00000"}, "Net Cash Flow": {"2020-09-30": "2262.54500", "2019-09-30": "31.61800", "2018-09-30": "-23.77200", "2017-09-30": "86.21700", "2016-09-30": "30.16400", "2015-09-30": "10.72600", "2014-09-30": "0.69200", "2013-09-30": "-25.75000", "2012-09-30": "-76.64200", "2011-09-30": "52.46100"}, "Stock-Based Compensation": {"2020-09-30": "30.33900", "2019-09-30": "55.28000", "2018-09-30": "88.27600", "2017-09-30": "65.15500", "2016-09-30": "56.94200", "2015-09-30": "66.41600", "2014-09-30": "96.33200", "2013-09-30": "19.41700", "2012-09-30": "15.67800", "2011-09-30": "17.31700"}, "Common Stock Dividends Paid": {"2020-09-30": "-110.89300", "2019-09-30": "-108.43900", "2018-09-30": "-103.11500", "2017-09-30": "-100.81300", "2016-09-30": "-92.07400", "2015-09-30": "-81.89800", "2014-09-30": "-52.18600", "2013-09-30": "0.00000", "2012-09-30": "", "2011-09-30": "-711.17200"}}, "cash flow statement, quarterly": {"Net Income/Loss": {"2020-09-30": -148.989, "2020-06-30": -256.308, "2020-03-31": -202.021, "2019-12-31": "145.88300", "2019-09-30": 85.414, "2019-06-30": 83.064, "2019-03-31": 29.312, "2018-12-31": "250.67600", "2018-09-30": 175.568, "2018-06-30": 72.716, "2018-03-31": 27.716, "2017-12-31": "292.44000", "2017-09-30": 113.158, "2017-06-30": 65.364, "2017-03-31": 70.23, "2016-12-31": "125.43500", "2016-09-30": 83.441, "2016-06-30": 44.858, "2016-03-31": 66.497, "2015-12-31": "93.43600", "2015-09-30": 57.213, "2015-06-30": 34.038, "2015-03-31": 60.105, "2014-12-31": "85.62000", "2014-09-30": 44.51, "2014-06-30": 46.916, "2014-03-31": 13.117, "2013-12-31": "44.91600", "2013-09-30": 39.098, "2013-06-30": 27.974, "2013-03-31": -39.904, "2012-12-31": "43.19200", "2012-09-30": 22.22, "2011-09-30": 84.97}, "Total Depreciation And Amortization - Cash Flow": {"2020-09-30": 190.015, "2020-06-30": 194.412, "2020-03-31": 346.575, "2019-12-31": "147.93600", "2019-09-30": 145.165, "2019-06-30": 148.779, "2019-03-31": 147.908, "2018-12-31": "150.72100", "2018-09-30": 152.536, "2018-06-30": 156.933, "2018-03-31": 152.864, "2017-12-31": "133.84900", "2017-09-30": 129.954, "2017-06-30": 126.44, "2017-03-31": 125.291, "2016-12-31": "126.52700", "2016-09-30": 125.593, "2016-06-30": 122.363, "2016-03-31": 120.291, "2015-12-31": "127.51800", "2015-09-30": 128.276, "2015-06-30": 125.332, "2015-03-31": 125.142, "2014-12-31": "125.28300", "2014-09-30": 134.523, "2014-06-30": 124.917, "2014-03-31": 125.317, "2013-12-31": "136.82400", "2013-09-30": 137.618, "2013-06-30": 135.808, "2013-03-31": 135.304, "2012-12-31": "133.40000", "2012-09-30": 12.92, "2011-09-30": 516.29}, "Other Non-Cash Items": {"2020-09-30": -53.055, "2020-06-30": -72.318, "2020-03-31": -21.884, "2019-12-31": "43.54800", "2019-09-30": 25.508, "2019-06-30": 33.559, "2019-03-31": 24.918, "2018-12-31": "-127.36700", "2018-09-30": 70.719, "2018-06-30": 43.826, "2018-03-31": 31.184, "2017-12-31": "-161.74200", "2017-09-30": -1.925, "2017-06-30": 5.176, "2017-03-31": 7.005, "2016-12-31": "17.04300", "2016-09-30": 11.511, "2016-06-30": 38.642, "2016-03-31": 22.536, "2015-12-31": "36.66900", "2015-09-30": -0.708, "2015-06-30": 32.844, "2015-03-31": 26.335, "2014-12-31": "3.83700", "2014-09-30": 96.877, "2014-06-30": -2.288, "2014-03-31": 14.879, "2013-12-31": "24.23600", "2013-09-30": 35.752, "2013-06-30": -13.99, "2013-03-31": -5.703, "2012-12-31": "-14.43300", "2012-09-30": 0, "2011-09-30": 0}, "Total Non-Cash Items": {"2020-09-30": 136.96, "2020-06-30": 122.094, "2020-03-31": 324.691, "2019-12-31": "191.48400", "2019-09-30": 170.673, "2019-06-30": 182.338, "2019-03-31": 172.826, "2018-12-31": "23.35400", "2018-09-30": 223.255, "2018-06-30": 200.759, "2018-03-31": 184.048, "2017-12-31": "-27.89300", "2017-09-30": 128.029, "2017-06-30": 131.616, "2017-03-31": 132.296, "2016-12-31": "143.57000", "2016-09-30": 137.104, "2016-06-30": 161.005, "2016-03-31": 142.827, "2015-12-31": "164.18700", "2015-09-30": 127.568, "2015-06-30": 158.176, "2015-03-31": 151.477, "2014-12-31": "129.12000", "2014-09-30": 231.4, "2014-06-30": 122.629, "2014-03-31": 140.196, "2013-12-31": "161.06000", "2013-09-30": 171.744, "2013-06-30": 121.818, "2013-03-31": 129.601, "2012-12-31": "118.96700", "2012-09-30": 12.92, "2011-09-30": 516.29}, "Change In Accounts Receivable": {"2020-09-30": 6.272, "2020-06-30": 430.113, "2020-03-31": 81.607, "2019-12-31": "-155.28400", "2019-09-30": 9.402, "2019-06-30": 49.616, "2019-03-31": 7.845, "2018-12-31": "-145.63400", "2018-09-30": 55.647, "2018-06-30": -10.843, "2018-03-31": 31.133, "2017-12-31": "-121.82800", "2017-09-30": -65.118, "2017-06-30": -0.597, "2017-03-31": -45.708, "2016-12-31": "", "2016-09-30": -32.859, "2016-06-30": 0, "2016-03-31": 0, "2015-12-31": "", "2015-09-30": 81.284, "2015-06-30": 0, "2015-03-31": 0, "2014-12-31": "", "2014-09-30": -226.756, "2014-06-30": 0, "2014-03-31": 0, "2013-12-31": "", "2013-09-30": -108.583, "2013-06-30": 0, "2013-03-31": 0, "2012-12-31": "", "2012-09-30": 0, "2011-09-30": 0}, "Change In Inventories": {"2020-09-30": -7.055, "2020-06-30": -23.786, "2020-03-31": -9.033, "2019-12-31": "14.19900", "2019-09-30": -12.599, "2019-06-30": -0.909, "2019-03-31": -28.366, "2018-12-31": "-7.85800", "2018-09-30": -19.145, "2018-06-30": 8.793, "2018-03-31": -27.475, "2017-12-31": "-2.36000", "2017-09-30": -40.454, "2017-06-30": 8.033, "2017-03-31": 11.274, "2016-12-31": "", "2016-09-30": -9.625, "2016-06-30": 0, "2016-03-31": 0, "2015-12-31": "", "2015-09-30": -29.587, "2015-06-30": 0, "2015-03-31": 0, "2014-12-31": "", "2014-09-30": -19.81, "2014-06-30": 0, "2014-03-31": 0, "2013-12-31": "", "2013-09-30": -34.95, "2013-06-30": 0, "2013-03-31": 0, "2012-12-31": "", "2012-09-30": 0, "2011-09-30": 0}, "Change In Accounts Payable": {"2020-09-30": 44.577, "2020-06-30": -168.435, "2020-03-31": -76.976, "2019-12-31": "-141.23500", "2019-09-30": 196.148, "2019-06-30": -92.399, "2019-03-31": 46.216, "2018-12-31": "-132.28500", "2018-09-30": 176.285, "2018-06-30": 13.274, "2018-03-31": -35.558, "2017-12-31": "-127.34300", "2017-09-30": 219.807, "2017-06-30": -95.11, "2017-03-31": -30.732, "2016-12-31": "", "2016-09-30": 4.486, "2016-06-30": 0, "2016-03-31": 0, "2015-12-31": "", "2015-09-30": -46.422, "2015-06-30": 0, "2015-03-31": 0, "2014-12-31": "", "2014-09-30": 9.657, "2014-06-30": 0, "2014-03-31": 0, "2013-12-31": "", "2013-09-30": 74.462, "2013-06-30": 0, "2013-03-31": 0, "2012-12-31": "", "2012-09-30": 0, "2011-09-30": 0}, "Change In Assets/Liabilities": {"2020-09-30": 134.623, "2020-06-30": -97.904, "2020-03-31": -21.076, "2019-12-31": "-12.23000", "2019-09-30": -36.704, "2019-06-30": -36.981, "2019-03-31": -4.305, "2018-12-31": "-22.46900", "2018-09-30": 25.709, "2018-06-30": 3.532, "2018-03-31": 8.239, "2017-12-31": "4.32100", "2017-09-30": 25.929, "2017-06-30": -7.608, "2017-03-31": 396.57, "2016-12-31": "-296.73800", "2016-09-30": 177.54, "2016-06-30": -67.54, "2016-03-31": 211.232, "2015-12-31": "-429.79500", "2015-09-30": 450.714, "2015-06-30": -120.129, "2015-03-31": 95.641, "2014-12-31": "-455.00400", "2014-09-30": 485.912, "2014-06-30": -55.194, "2014-03-31": -13.693, "2013-12-31": "-493.54500", "2013-09-30": 282.936, "2013-06-30": -58.221, "2013-03-31": 116.245, "2012-12-31": "-386.10900", "2012-09-30": 0, "2011-09-30": 0}, "Total Change In Assets/Liabilities": {"2020-09-30": 340.757, "2020-06-30": 138.0611, "2020-03-31": 30.2699, "2019-12-31": "-654.35100", "2019-09-30": 514.363, "2019-06-30": -144.394, "2019-03-31": 70.756, "2018-12-31": "-458.47500", "2018-09-30": 468.177, "2018-06-30": -136.15, "2018-03-31": 129.861, "2017-12-31": "-590.89300", "2017-09-30": 358.224, "2017-06-30": -173.993, "2017-03-31": 218.859, "2016-12-31": "-296.73800", "2016-09-30": 207.142, "2016-06-30": -67.54, "2016-03-31": 211.232, "2015-12-31": "-429.79500", "2015-09-30": 460.463, "2015-06-30": -120.129, "2015-03-31": 95.641, "2014-12-31": "-455.00400", "2014-09-30": 135.81, "2014-06-30": -55.194, "2014-03-31": -13.693, "2013-12-31": "-493.54500", "2013-09-30": 375.305, "2013-06-30": -58.221, "2013-03-31": 116.245, "2012-12-31": "-386.10900", "2012-09-30": 369.47, "2011-09-30": -278.64}, "Cash Flow From Operating Activities": {"2020-09-30": 251.527, "2020-06-30": 16.781, "2020-03-31": 217.858, "2019-12-31": "-309.48400", "2019-09-30": 776.04, "2019-06-30": 119.204, "2019-03-31": 292.645, "2018-12-31": "-203.66200", "2018-09-30": 906.363, "2018-06-30": 123.885, "2018-03-31": 333.076, "2017-12-31": "-311.44900", "2017-09-30": 603.637, "2017-06-30": 20.985, "2017-03-31": 454.23, "2016-12-31": "-26.02600", "2016-09-30": 456.774, "2016-06-30": 159.073, "2016-03-31": 420.46, "2015-12-31": "-168.99300", "2015-09-30": 644.608, "2015-06-30": 78.867, "2015-03-31": 322.547, "2014-12-31": "-243.83000", "2014-09-30": 415.599, "2014-06-30": 109.98, "2014-03-31": 153.838, "2013-12-31": "-281.25800", "2013-09-30": 559.574, "2013-06-30": 85.263, "2013-03-31": 250.002, "2012-12-31": "-198.93900", "2012-09-30": 388.16, "2011-09-30": 303.6}, "Net Change In Property, Plant, And Equipment": {"2020-09-30": -105.059, "2020-06-30": -54.044, "2020-03-31": -109.781, "2019-12-31": "-95.55000", "2019-09-30": -155.79, "2019-06-30": -106.583, "2019-03-31": -109.4, "2018-12-31": "-113.44600", "2018-09-30": -193.02, "2018-06-30": -181.677, "2018-03-31": -125.669, "2017-12-31": "-117.74700", "2017-09-30": -208.446, "2017-06-30": -115.371, "2017-03-31": -104.755, "2016-12-31": "-105.25100", "2016-09-30": -153.567, "2016-06-30": -98.308, "2016-03-31": -144.351, "2015-12-31": "-89.48200", "2015-09-30": -158.785, "2015-06-30": -125.733, "2015-03-31": -94.819, "2014-12-31": "-125.91900", "2014-09-30": -206.19, "2014-06-30": -150.923, "2014-03-31": -82.656, "2013-12-31": "-76.93100", "2013-09-30": -126.779, "2013-06-30": -94.113, "2013-03-31": -89.539, "2012-12-31": "-71.19900", "2012-09-30": -70.6, "2011-09-30": -272.27}, "Net Change In Intangible Assets": {"2020-09-30": -17.856, "2020-06-30": 0, "2020-03-31": 0, "2019-12-31": "", "2019-09-30": -52.177, "2019-06-30": 0, "2019-03-31": 0, "2018-12-31": "", "2018-09-30": -1994.822, "2018-06-30": 0, "2018-03-31": 0, "2017-12-31": "", "2017-09-30": -147.963, "2017-06-30": 0, "2017-03-31": 0, "2016-12-31": "", "2016-09-30": -176.614, "2016-06-30": 0, "2016-03-31": 0, "2015-12-31": "", "2015-09-30": -3.234, "2015-06-30": 0, "2015-03-31": 0, "2014-12-31": "", "2014-09-30": -14.235, "2014-06-30": 0, "2014-03-31": 0, "2013-12-31": "", "2013-09-30": -21.836, "2013-06-30": 0, "2013-03-31": 0, "2012-12-31": "", "2012-09-30": 0, "2011-09-30": 0}, "Net Acquisitions/Divestitures": {"2020-09-30": 12.389, "2020-06-30": -1.812, "2020-03-31": -7.82, "2019-12-31": "-7.10200", "2019-09-30": 42.829, "2019-06-30": -4.4, "2019-03-31": -25.858, "2018-12-31": "288.45400", "2018-09-30": 1994.139, "2018-06-30": -11.816, "2018-03-31": -906.097, "2017-12-31": "-1321.68800", "2017-09-30": 135.935, "2017-06-30": -62.577, "2017-03-31": -66.472, "2016-12-31": "-1.04500", "2016-09-30": 36.614, "2016-06-30": -1.281, "2016-03-31": -57.865, "2015-12-31": "-0.23100", "2015-09-30": 3.206, "2015-06-30": -1.875, "2015-03-31": -0.53, "2014-12-31": "-0.94400", "2014-09-30": 13.114, "2014-06-30": -9.515, "2014-03-31": -2.644, "2013-12-31": "15.82400", "2013-09-30": 21.827, "2013-06-30": -0.089, "2013-03-31": -10.023, "2012-12-31": "-11.53500", "2012-09-30": -102.66, "2011-09-30": 81.82}, "Net Change In Short-term Investments": {"2020-09-30": 0, "2020-06-30": 0, "2020-03-31": 0, "2019-12-31": "", "2019-09-30": 0, "2019-06-30": 0, "2019-03-31": 0, "2018-12-31": "", "2018-09-30": 0, "2018-06-30": 0, "2018-03-31": 0, "2017-12-31": "", "2017-09-30": 0, "2017-06-30": 0, "2017-03-31": 0, "2016-12-31": "", "2016-09-30": 0, "2016-06-30": 0, "2016-03-31": 0, "2015-12-31": "", "2015-09-30": 0, "2015-06-30": 0, "2015-03-31": 0, "2014-12-31": "", "2014-09-30": 0, "2014-06-30": 0, "2014-03-31": 0, "2013-12-31": "", "2013-09-30": 0, "2013-06-30": 0, "2013-03-31": 0, "2012-12-31": "", "2012-09-30": 0, "2011-09-30": 0}, "Net Change In Long-Term Investments": {"2020-09-30": 0, "2020-06-30": 0, "2020-03-31": 0, "2019-12-31": "", "2019-09-30": 0, "2019-06-30": 0, "2019-03-31": 0, "2018-12-31": "", "2018-09-30": 0, "2018-06-30": 0, "2018-03-31": 0, "2017-12-31": "", "2017-09-30": 0, "2017-06-30": 0, "2017-03-31": 0, "2016-12-31": "", "2016-09-30": 0, "2016-06-30": 0, "2016-03-31": 0, "2015-12-31": "", "2015-09-30": 0, "2015-06-30": 0, "2015-03-31": 0, "2014-12-31": "", "2014-09-30": 0, "2014-06-30": 0, "2014-03-31": 0, "2013-12-31": "", "2013-09-30": 0, "2013-06-30": 0, "2013-03-31": 0, "2012-12-31": "", "2012-09-30": 0, "2011-09-30": 0}, "Net Change In Investments - Total": {"2020-09-30": 0, "2020-06-30": 0, "2020-03-31": 0, "2019-12-31": "", "2019-09-30": 0, "2019-06-30": 0, "2019-03-31": 0, "2018-12-31": "", "2018-09-30": 0, "2018-06-30": 0, "2018-03-31": 0, "2017-12-31": "", "2017-09-30": 0, "2017-06-30": 0, "2017-03-31": 0, "2016-12-31": "", "2016-09-30": 0, "2016-06-30": 0, "2016-03-31": 0, "2015-12-31": "", "2015-09-30": 0, "2015-06-30": 0, "2015-03-31": 0, "2014-12-31": "", "2014-09-30": 0, "2014-06-30": 0, "2014-03-31": 0, "2013-12-31": "", "2013-09-30": 0, "2013-06-30": 0, "2013-03-31": 0, "2012-12-31": "", "2012-09-30": 0, "2011-09-30": 0}, "Investing Activities - Other": {"2020-09-30": 0.737, "2020-06-30": 1.113, "2020-03-31": 8.364, "2019-12-31": "15.30100", "2019-09-30": 5.009, "2019-06-30": 3.396, "2019-03-31": -0.698, "2018-12-31": "19.14300", "2018-09-30": 0.606, "2018-06-30": -2.426, "2018-03-31": -1.708, "2017-12-31": "-3.35100", "2017-09-30": -4.24, "2017-06-30": 0.179, "2017-03-31": 1.356, "2016-12-31": "0.16600", "2016-09-30": -1.854, "2016-06-30": 4.599, "2016-03-31": -0.984, "2015-12-31": "3.57900", "2015-09-30": 1.326, "2015-06-30": 0.732, "2015-03-31": 0.016, "2014-12-31": "2.22500", "2014-09-30": 0.36, "2014-06-30": 3.445, "2014-03-31": 2.851, "2013-12-31": "2.27800", "2013-09-30": -28.365, "2013-06-30": 1.451, "2013-03-31": 18.961, "2012-12-31": "4.01300", "2012-09-30": 54.84, "2011-09-30": -172.69}, "Cash Flow From Investing Activities": {"2020-09-30": -109.789, "2020-06-30": -54.743, "2020-03-31": -109.237, "2019-12-31": "-87.35100", "2019-09-30": -160.129, "2019-06-30": -107.587, "2019-03-31": -135.956, "2018-12-31": "194.15100", "2018-09-30": -193.097, "2018-06-30": -195.919, "2018-03-31": -1033.474, "2017-12-31": "-1442.78600", "2017-09-30": -224.714, "2017-06-30": -177.769, "2017-03-31": -169.871, "2016-12-31": "-106.13000", "2016-09-30": -295.421, "2016-06-30": -94.99, "2016-03-31": -203.2, "2015-12-31": "-86.13400", "2015-09-30": -157.487, "2015-06-30": -126.876, "2015-03-31": -95.333, "2014-12-31": "-124.63800", "2014-09-30": -206.951, "2014-06-30": -156.993, "2014-03-31": -82.449, "2013-12-31": "-58.82900", "2013-09-30": -133.307, "2013-06-30": -92.751, "2013-03-31": -80.601, "2012-12-31": "-78.72100", "2012-09-30": -118.43, "2011-09-30": -363.14}, "Net Long-Term Debt": {"2020-09-30": -31.404, "2020-06-30": 1298.616, "2020-03-31": 817.411, "2019-12-31": "470.28600", "2019-09-30": -567.558, "2019-06-30": 31.015, "2019-03-31": -189.079, "2018-12-31": "148.69200", "2018-09-30": -641.383, "2018-06-30": 86.332, "2018-03-31": 736.76, "2017-12-31": "1767.71500", "2017-09-30": -302.283, "2017-06-30": 179.5169, "2017-03-31": -115.9869, "2016-12-31": "164.37800", "2016-09-30": -188.7621, "2016-06-30": 20.0631, "2016-03-31": -161.061, "2015-12-31": "284.21400", "2015-09-30": -324.828, "2015-06-30": 39.503, "2015-03-31": -233.485, "2014-12-31": "381.11500", "2014-09-30": -212.855, "2014-06-30": 37.792, "2014-03-31": -3.16, "2013-12-31": "-179.56500", "2013-09-30": -409.4749, "2013-06-30": -11.9929, "2013-03-31": -117.6582, "2012-12-31": "340.93700", "2012-09-30": 0, "2011-09-30": 0}, "Net Current Debt": {"2020-09-30": 0, "2020-06-30": 0, "2020-03-31": 0, "2019-12-31": "", "2019-09-30": 0, "2019-06-30": 0, "2019-03-31": 0, "2018-12-31": "", "2018-09-30": 0, "2018-06-30": 0, "2018-03-31": 0, "2017-12-31": "", "2017-09-30": 0, "2017-06-30": 0, "2017-03-31": 0, "2016-12-31": "", "2016-09-30": 0, "2016-06-30": 0, "2016-03-31": 0, "2015-12-31": "", "2015-09-30": 0, "2015-06-30": 0, "2015-03-31": 0, "2014-12-31": "", "2014-09-30": 0, "2014-06-30": 0, "2014-03-31": 0, "2013-12-31": "", "2013-09-30": 0, "2013-06-30": 0, "2013-03-31": 0, "2012-12-31": "", "2012-09-30": 0, "2011-09-30": 0}, "Debt Issuance/Retirement Net - Total": {"2020-09-30": -31.404, "2020-06-30": 1298.616, "2020-03-31": 817.411, "2019-12-31": "470.28600", "2019-09-30": -567.558, "2019-06-30": 31.015, "2019-03-31": -189.079, "2018-12-31": "148.69200", "2018-09-30": -641.383, "2018-06-30": 86.332, "2018-03-31": 736.76, "2017-12-31": "1767.71500", "2017-09-30": -302.283, "2017-06-30": 179.5169, "2017-03-31": -115.9869, "2016-12-31": "164.37800", "2016-09-30": -188.7621, "2016-06-30": 20.0631, "2016-03-31": -161.061, "2015-12-31": "284.21400", "2015-09-30": -324.828, "2015-06-30": 39.503, "2015-03-31": -233.485, "2014-12-31": "381.11500", "2014-09-30": -212.855, "2014-06-30": 37.792, "2014-03-31": -3.16, "2013-12-31": "-179.56500", "2013-09-30": -409.4659, "2013-06-30": -11.9929, "2013-03-31": -117.6582, "2012-12-31": "340.93700", "2012-09-30": -1058.51, "2011-09-30": 810.92}, "Net Common Equity Issued/Repurchased": {"2020-09-30": 1.441, "2020-06-30": 3.533, "2020-03-31": 52.419, "2019-12-31": "26.08900", "2019-09-30": 17.748, "2019-06-30": 10.967, "2019-03-31": 9.295, "2018-12-31": "-48.92300", "2018-09-30": 5.546, "2018-06-30": 5.405, "2018-03-31": 5.627, "2017-12-31": "-19.48100", "2017-09-30": 5.731, "2017-06-30": 11.729, "2017-03-31": -91.802, "2016-12-31": "3.12100", "2016-09-30": 11.66, "2016-06-30": 6.772, "2016-03-31": 9.012, "2015-12-31": "7.51200", "2015-09-30": -34.339, "2015-06-30": 7.457, "2015-03-31": 12.868, "2014-12-31": "3.78400", "2014-09-30": -4.023, "2014-06-30": 0.282, "2014-03-31": 1.582, "2013-12-31": "525.91800", "2013-09-30": -3.265, "2013-06-30": -4.754, "2013-03-31": -16.456, "2012-12-31": "-12.32700", "2012-09-30": 0, "2011-09-30": 0}, "Net Total Equity Issued/Repurchased": {"2020-09-30": 1.441, "2020-06-30": 3.533, "2020-03-31": 52.419, "2019-12-31": "26.08900", "2019-09-30": 17.748, "2019-06-30": 10.967, "2019-03-31": 9.295, "2018-12-31": "-48.92300", "2018-09-30": 5.546, "2018-06-30": 5.405, "2018-03-31": 5.627, "2017-12-31": "-19.48100", "2017-09-30": 5.731, "2017-06-30": 11.729, "2017-03-31": -91.802, "2016-12-31": "3.12100", "2016-09-30": 11.66, "2016-06-30": 6.772, "2016-03-31": 9.012, "2015-12-31": "7.51200", "2015-09-30": -34.339, "2015-06-30": 7.457, "2015-03-31": 12.868, "2014-12-31": "3.78400", "2014-09-30": -4.023, "2014-06-30": 0.282, "2014-03-31": 1.582, "2013-12-31": "525.91800", "2013-09-30": -3.263, "2013-06-30": -4.754, "2013-03-31": -16.456, "2012-12-31": "-12.32700", "2012-09-30": -14.89, "2011-09-30": -11.55}, "Total Common And Preferred Stock Dividends Paid": {"2020-09-30": -27.833, "2020-06-30": -27.803, "2020-03-31": -27.774, "2019-12-31": "-27.48300", "2019-09-30": -27.134, "2019-06-30": -27.085, "2019-03-31": -27.059, "2018-12-31": "-27.16100", "2018-09-30": -25.798, "2018-06-30": -25.77, "2018-03-31": -25.768, "2017-12-31": "-25.77900", "2017-09-30": -25.27, "2017-06-30": -25.165, "2017-03-31": -25.132, "2016-12-31": "-25.24600", "2016-09-30": -23.201, "2016-06-30": -23.078, "2016-03-31": -22.942, "2015-12-31": "-22.85300", "2015-09-30": -20.662, "2015-06-30": -20.551, "2015-03-31": -20.46, "2014-12-31": "-20.22500", "2014-09-30": -17.49, "2014-06-30": -17.39, "2014-03-31": -17.306, "2013-12-31": "", "2013-09-30": 0, "2013-06-30": 0, "2013-03-31": 0, "2012-12-31": "", "2012-09-30": 711.17, "2011-09-30": -711.17}, "Financial Activities - Other": {"2020-09-30": -0.926, "2020-06-30": -23.392, "2020-03-31": -8.329, "2019-12-31": "-57.32900", "2019-09-30": -7.288, "2019-06-30": -2.202, "2019-03-31": -4.631, "2018-12-31": "-24.48900", "2018-09-30": -2.14, "2018-06-30": -6.837, "2018-03-31": -18.922, "2017-12-31": "-21.35400", "2017-09-30": 26.461, "2017-06-30": -0.107, "2017-03-31": -52.905, "2016-12-31": "-15.72600", "2016-09-30": -4.977, "2016-06-30": -19.057, "2016-03-31": -9.903, "2015-12-31": "-20.80400", "2015-09-30": -102.712, "2015-06-30": 4.682, "2015-03-31": 27.803, "2014-12-31": "12.91800", "2014-09-30": 14.991, "2014-06-30": 9.564, "2014-03-31": -28.919, "2013-12-31": "-1.66600", "2013-09-30": -0.341, "2013-06-30": 2.341, "2013-03-31": -44.525, "2012-12-31": "-58.74500", "2012-09-30": -36.58, "2011-09-30": 23.8}, "Cash Flow From Financial Activities": {"2020-09-30": -58.722, "2020-06-30": 1250.954, "2020-03-31": 833.727, "2019-12-31": "411.56300", "2019-09-30": -584.232, "2019-06-30": 12.695, "2019-03-31": -211.474, "2018-12-31": "48.11900", "2018-09-30": -663.775, "2018-06-30": 59.13, "2018-03-31": 697.697, "2017-12-31": "1701.10100", "2017-09-30": -295.361, "2017-06-30": 165.974, "2017-03-31": -285.826, "2016-12-31": "126.52700", "2016-09-30": -205.28, "2016-06-30": -15.3, "2016-03-31": -184.894, "2015-12-31": "248.06900", "2015-09-30": -482.541, "2015-06-30": 31.091, "2015-03-31": -213.274, "2014-12-31": "377.59200", "2014-09-30": -219.377, "2014-06-30": 30.248, "2014-03-31": -47.803, "2013-12-31": "344.68700", "2013-09-30": -413.08, "2013-06-30": -14.406, "2013-03-31": -178.639, "2012-12-31": "269.86500", "2012-09-30": -398.82, "2011-09-30": 112}, "Net Cash Flow": {"2020-09-30": 91.933, "2020-06-30": 1214.291, "2020-03-31": 938.346, "2019-12-31": "17.97500", "2019-09-30": 26.588, "2019-06-30": 24.668, "2019-03-31": -54.494, "2018-12-31": "34.85600", "2018-09-30": 49.057, "2018-06-30": -19.565, "2018-03-31": -0.13, "2017-12-31": "-53.13400", "2017-09-30": 84.123, "2017-06-30": 9.19, "2017-03-31": -1.467, "2016-12-31": "-5.62900", "2016-09-30": -43.927, "2016-06-30": 48.783, "2016-03-31": 32.366, "2015-12-31": "-7.05800", "2015-09-30": 4.58, "2015-06-30": -16.918, "2015-03-31": 13.94, "2014-12-31": "9.12400", "2014-09-30": -10.729, "2014-06-30": -16.765, "2014-03-31": 23.586, "2013-12-31": "4.60000", "2013-09-30": 13.177, "2013-06-30": -21.894, "2013-03-31": -9.238, "2012-12-31": "-7.79500", "2012-09-30": -129.1, "2011-09-30": 52.46}, "Stock-Based Compensation": {"2020-09-30": 14.99, "2020-06-30": 11.09, "2020-03-31": -9.857, "2019-12-31": "14.11600", "2019-09-30": 6.866, "2019-06-30": 15.173, "2019-03-31": 14.679, "2018-12-31": "18.56200", "2018-09-30": 19.958, "2018-06-30": 34.807, "2018-03-31": 17.022, "2017-12-31": "16.48900", "2017-09-30": 14.837, "2017-06-30": 15.635, "2017-03-31": 18.459, "2016-12-31": "16.22400", "2016-09-30": 13.386, "2016-06-30": 14.183, "2016-03-31": 14.103, "2015-12-31": "15.27000", "2015-09-30": 14.432, "2015-06-30": 20.483, "2015-03-31": 15.709, "2014-12-31": "15.79200", "2014-09-30": 13.315, "2014-06-30": 10.019, "2014-03-31": 27.6, "2013-12-31": "45.39800", "2013-09-30": 7.089, "2013-06-30": 3.507, "2013-03-31": 4.794, "2012-12-31": "4.02700", "2012-09-30": 0, "2011-09-30": 0}, "Common Stock Dividends Paid": {"2020-09-30": -27.833, "2020-06-30": -27.803, "2020-03-31": -27.774, "2019-12-31": "-27.48300", "2019-09-30": -27.134, "2019-06-30": -27.085, "2019-03-31": -27.059, "2018-12-31": "-27.16100", "2018-09-30": -25.798, "2018-06-30": -25.77, "2018-03-31": -25.768, "2017-12-31": "-25.77900", "2017-09-30": -25.27, "2017-06-30": -25.165, "2017-03-31": -25.132, "2016-12-31": "-25.24600", "2016-09-30": -23.201, "2016-06-30": -23.078, "2016-03-31": -22.942, "2015-12-31": "-22.85300", "2015-09-30": -20.662, "2015-06-30": -20.551, "2015-03-31": -20.46, "2014-12-31": "-20.22500", "2014-09-30": -17.49, "2014-06-30": -17.39, "2014-03-31": -17.306, "2013-12-31": "0.00000", "2013-09-30": 0, "2013-06-30": 0, "2013-03-31": 0, "2012-12-31": "", "2012-09-30": 0, "2011-09-30": 0}}, "financial ratios": {"Current Ratio": {"2020-09-30": "1.99190", "2019-09-30": "0.98270", "2018-09-30": "1.16520", "2017-09-30": "1.12040", "2016-09-30": "1.14090", "2015-09-30": "1.09080", "2014-09-30": "1.03620", "2013-09-30": "0.95730", "2012-09-30": "1.01010", "2011-09-30": ""}, "Long-term Debt / Capital": {"2020-09-30": "0.77040", "2019-09-30": "0.66570", "2018-09-30": "0.70420", "2017-09-30": "0.67850", "2016-09-30": "0.70740", "2015-09-30": "0.73350", "2014-09-30": "0.75710", "2013-09-30": "0.86430", "2012-09-30": "0.86060", "2011-09-30": ""}, "Debt/Equity Ratio": {"2020-09-30": "3.39130", "2019-09-30": "2.01270", "2018-09-30": "2.39110", "2017-09-30": "2.14250", "2016-09-30": "2.43870", "2015-09-30": "2.79610", "2014-09-30": "3.16970", "2013-09-30": "6.44460", "2012-09-30": "6.21470", "2011-09-30": ""}, "Gross Margin": {"2020-09-30": "6.51540", "2019-09-30": "10.44340", "2018-09-30": "11.34750", "2017-09-30": "11.01730", "2016-09-30": "10.58160", "2015-09-30": "10.11030", "2014-09-30": "9.90360", "2013-09-30": "9.21080", "2012-09-30": "9.72950", "2011-09-30": "9.52120"}, "Operating Margin": {"2020-09-30": "-2.06490", "2019-09-30": "5.49170", "2018-09-30": "5.18320", "2017-09-30": "5.48890", "2016-09-30": "5.17700", "2015-09-30": "4.38220", "2014-09-30": "3.80620", "2013-09-30": "3.68910", "2012-09-30": "4.30770", "2011-09-30": "4.18190"}, "EBIT Margin": {"2020-09-30": "-2.06490", "2019-09-30": "5.49170", "2018-09-30": "5.18320", "2017-09-30": "5.48890", "2016-09-30": "5.17700", "2015-09-30": "4.38220", "2014-09-30": "3.80620", "2013-09-30": "3.68910", "2012-09-30": "4.30770", "2011-09-30": "4.18190"}, "EBITDA Margin": {"2020-09-30": "4.78600", "2019-09-30": "9.14340", "2018-09-30": "8.95900", "2017-09-30": "8.96880", "2016-09-30": "8.61610", "2015-09-30": "7.89980", "2014-09-30": "7.32250", "2013-09-30": "7.57660", "2012-09-30": "8.22620", "2011-09-30": "8.12830"}, "Pre-Tax Profit Margin": {"2020-09-30": "-5.04860", "2019-09-30": "3.42740", "2018-09-30": "2.98850", "2017-09-30": "3.56500", "2016-09-30": "2.98930", "2015-09-30": "2.38670", "2014-09-30": "1.54840", "2013-09-30": "0.64990", "2012-09-30": "0.92530", "2011-09-30": "0.73360"}, "Net Profit Margin": {"2020-09-30": "-3.59740", "2019-09-30": "2.76420", "2018-09-30": "3.59660", "2017-09-30": "2.56030", "2016-09-30": "1.99650", "2015-09-30": "1.64660", "2014-09-30": "1.00420", "2013-09-30": "0.49730", "2012-09-30": "0.76670", "2011-09-30": "0.64090"}, "Asset Turnover": {"2020-09-30": "0.81650", "2019-09-30": "1.18130", "2018-09-30": "1.15080", "2017-09-30": "1.32690", "2016-09-30": "1.36230", "2015-09-30": "1.40530", "2014-09-30": "1.41860", "2013-09-30": "1.35830", "2012-09-30": "1.28780", "2011-09-30": ""}, "Inventory Turnover Ratio": {"2020-09-30": "27.47860", "2019-09-30": "35.33190", "2018-09-30": "19.31270", "2017-09-30": "21.27840", "2016-09-30": "21.95400", "2015-09-30": "22.39050", "2014-09-30": "24.13070", "2013-09-30": "23.36130", "2012-09-30": "23.97920", "2011-09-30": ""}, "Receiveable Turnover": {"2020-09-30": "8.96420", "2019-09-30": "8.98040", "2018-09-30": "8.81890", "2017-09-30": "9.03740", "2016-09-30": "9.76450", "2015-09-30": "9.91930", "2014-09-30": "9.37350", "2013-09-30": "9.91980", "2012-09-30": "10.26250", "2011-09-30": ""}, "Days Sales In Receivables": {"2020-09-30": "40.71770", "2019-09-30": "40.64390", "2018-09-30": "41.38840", "2017-09-30": "40.38760", "2016-09-30": "37.38030", "2015-09-30": "36.79700", "2014-09-30": "38.93960", "2013-09-30": "36.79520", "2012-09-30": "35.56640", "2011-09-30": ""}, "ROE - Return On Equity": {"2020-09-30": "-16.86540", "2019-09-30": "13.50780", "2018-09-30": "18.76310", "2017-09-30": "15.21670", "2016-09-30": "13.33790", "2015-09-30": "12.58260", "2014-09-30": "8.69940", "2013-09-30": "7.90040", "2012-09-30": "11.05660", "2011-09-30": ""}, "Return On Tangible Equity": {"2020-09-30": "10.16270", "2019-09-30": "-10.59620", "2018-09-30": "-12.04870", "2017-09-30": "-11.07960", "2016-09-30": "-8.05170", "2015-09-30": "-6.25660", "2014-09-30": "-3.62380", "2013-09-30": "-1.39310", "2012-09-30": "-1.99530", "2011-09-30": ""}, "ROA - Return On Assets": {"2020-09-30": "-2.93670", "2019-09-30": "3.26480", "2018-09-30": "4.14310", "2017-09-30": "3.39980", "2016-09-30": "2.72380", "2015-09-30": "2.32410", "2014-09-30": "1.42950", "2013-09-30": "0.69540", "2012-09-30": "1.01930", "2011-09-30": ""}, "ROI - Return On Investment": {"2020-09-30": "-3.87290", "2019-09-30": "4.51520", "2018-09-30": "5.54970", "2017-09-30": "4.89170", "2016-09-30": "3.90320", "2015-09-30": "3.35280", "2014-09-30": "2.11280", "2013-09-30": "1.07170", "2012-09-30": "1.54080", "2011-09-30": ""}, "Book Value Per Share": {"2020-09-30": "10.81240", "2019-09-30": "13.40050", "2018-09-30": "12.27810", "2017-09-30": "10.01270", "2016-09-30": "8.83070", "2015-09-30": "7.85000", "2014-09-30": "7.34490", "2013-09-30": "4.47830", "2012-09-30": "4.77290", "2011-09-30": ""}, "Operating Cash Flow Per Share": {"2020-09-30": -3.2039, "2019-09-30": -0.2463, "2018-09-30": -0.0334, "2017-09-30": 0.6987, "2016-09-30": 0.2337, "2015-09-30": 1.576, "2014-09-30": -1.647, "2013-09-30": 0.0251, "2012-09-30": 1.8529, "2011-09-30": 1.4458}, "Free Cash Flow Per Share": {"2020-09-30": -2.7257, "2019-09-30": 0.268, "2018-09-30": -0.3511, "2017-09-30": 0.5292, "2016-09-30": 0.33, "2015-09-30": 1.7032, "2014-09-30": -2.0002, "2013-09-30": -0.1627, "2012-09-30": 1.5145, "2011-09-30": 0.1492}}, "financial ratios, quarterly": {"Current Ratio": {"2020-09-30": "1.99190", "2020-06-30": "2.15030", "2020-03-31": "1.59120", "2019-12-31": "1.23130", "2019-09-30": "0.98270", "2019-06-30": "1.22350", "2019-03-31": "1.13820", "2018-12-31": "1.20600", "2018-09-30": "1.16520", "2018-06-30": "1.35820", "2018-03-31": "1.29510", "2017-12-31": "1.39740", "2017-09-30": "1.12040", "2017-06-30": "1.29580", "2017-03-31": "1.16700", "2016-12-31": "1.33400", "2016-09-30": "1.14090", "2016-06-30": "1.35160", "2016-03-31": "1.27470", "2015-12-31": "1.38090", "2015-09-30": "1.09080", "2015-06-30": "1.30710", "2015-03-31": "1.23490", "2014-12-31": "1.31700", "2014-09-30": "1.03620", "2014-06-30": "1.17730", "2014-03-31": "1.17640", "2013-12-31": "1.17490", "2013-09-30": "0.95730", "2013-06-30": "", "2013-03-31": "", "2012-12-31": "", "2012-09-30": "", "2011-09-30": ""}, "Long-term Debt / Capital": {"2020-09-30": "0.77040", "2020-06-30": "0.76000", "2020-03-31": "0.71270", "2019-12-31": "0.67250", "2019-09-30": "0.66570", "2019-06-30": "0.68660", "2019-03-31": "0.68810", "2018-12-31": "0.69470", "2018-09-30": "0.70420", "2018-06-30": "0.73240", "2018-03-31": "0.73490", "2017-12-31": "0.71930", "2017-09-30": "0.67850", "2017-06-30": "0.70080", "2017-03-31": "0.69950", "2016-12-31": "0.70560", "2016-09-30": "0.70740", "2016-06-30": "0.72040", "2016-03-31": "0.72360", "2015-12-31": "0.73580", "2015-09-30": "0.73350", "2015-06-30": "0.74770", "2015-03-31": "0.75110", "2014-12-31": "0.76500", "2014-09-30": "0.75710", "2014-06-30": "0.76460", "2014-03-31": "0.76550", "2013-12-31": "0.76750", "2013-09-30": "0.86430", "2013-06-30": "", "2013-03-31": "", "2012-12-31": "", "2012-09-30": "", "2011-09-30": ""}, "Debt/Equity Ratio": {"2020-09-30": "3.39130", "2020-06-30": "3.19810", "2020-03-31": "2.51340", "2019-12-31": "2.07750", "2019-09-30": "2.01270", "2019-06-30": "2.20720", "2019-03-31": "2.22370", "2018-12-31": "2.29250", "2018-09-30": "2.39110", "2018-06-30": "2.76560", "2018-03-31": "2.79790", "2017-12-31": "2.58880", "2017-09-30": "2.14250", "2017-06-30": "2.37410", "2017-03-31": "2.36280", "2016-12-31": "2.41790", "2016-09-30": "2.43870", "2016-06-30": "2.60050", "2016-03-31": "2.63910", "2015-12-31": "2.81260", "2015-09-30": "2.79610", "2015-06-30": "3.01010", "2015-03-31": "3.07120", "2014-12-31": "3.30940", "2014-09-30": "3.16970", "2014-06-30": "3.30850", "2014-03-31": "3.31790", "2013-12-31": "3.35330", "2013-09-30": "6.44460", "2013-06-30": "", "2013-03-31": "", "2012-12-31": "", "2012-09-30": "", "2011-09-30": ""}, "Gross Margin": {"2020-09-30": "5.19280", "2020-06-30": "-5.26710", "2020-03-31": "8.68190", "2019-12-31": "11.41350", "2019-09-30": "11.33730", "2019-06-30": "10.36670", "2019-03-31": "9.00070", "2018-12-31": "11.04020", "2018-09-30": "13.47150", "2018-06-30": "11.21240", "2018-03-31": "9.55250", "2017-12-31": "11.16960", "2017-09-30": "11.40110", "2017-06-30": "10.04410", "2017-03-31": "10.91860", "2016-12-31": "11.67360", "2016-09-30": "11.04850", "2016-06-30": "9.84180", "2016-03-31": "10.21340", "2015-12-31": "11.20540", "2015-09-30": "10.06000", "2015-06-30": "9.22220", "2015-03-31": "9.88730", "2014-12-31": "11.21100", "2014-09-30": "9.47080", "2014-06-30": "9.52050", "2014-03-31": "9.77150", "2013-12-31": "10.84910", "2013-09-30": "9.57630", "2013-06-30": "8.93800", "2013-03-31": "7.97690", "2012-12-31": "10.30500", "2012-09-30": "", "2011-09-30": ""}, "Operating Margin": {"2020-09-30": "-3.48930", "2020-06-30": "-15.22110", "2020-03-31": "-2.61760", "2019-12-31": "5.97830", "2019-09-30": "5.21710", "2019-06-30": "4.70780", "2019-03-31": "3.07090", "2018-12-31": "8.75340", "2018-09-30": "7.15160", "2018-06-30": "4.70000", "2018-03-31": "3.42680", "2017-12-31": "5.46950", "2017-09-30": "5.78720", "2017-06-30": "4.30470", "2017-03-31": "5.28550", "2016-12-31": "6.53360", "2016-09-30": "5.38320", "2016-06-30": "4.72100", "2016-03-31": "4.81460", "2015-12-31": "5.77030", "2015-09-30": "4.35160", "2015-06-30": "3.35260", "2015-03-31": "4.30790", "2014-12-31": "5.45340", "2014-09-30": "3.67930", "2014-06-30": "3.90280", "2014-03-31": "3.44970", "2013-12-31": "4.17800", "2013-09-30": "3.84890", "2013-06-30": "3.54140", "2013-03-31": "2.35670", "2012-12-31": "4.95820", "2012-09-30": "", "2011-09-30": ""}, "EBIT Margin": {"2020-09-30": "-3.48940", "2020-06-30": "-15.22110", "2020-03-31": "-2.61760", "2019-12-31": "5.97830", "2019-09-30": "5.21710", "2019-06-30": "4.70780", "2019-03-31": "3.07090", "2018-12-31": "8.75340", "2018-09-30": "7.15150", "2018-06-30": "4.70000", "2018-03-31": "3.42680", "2017-12-31": "5.46950", "2017-09-30": "5.78720", "2017-06-30": "4.30470", "2017-03-31": "5.28550", "2016-12-31": "6.53360", "2016-09-30": "5.38320", "2016-06-30": "4.72100", "2016-03-31": "4.81460", "2015-12-31": "5.77030", "2015-09-30": "4.35150", "2015-06-30": "3.35260", "2015-03-31": "4.30790", "2014-12-31": "5.45340", "2014-09-30": "3.67930", "2014-06-30": "3.90280", "2014-03-31": "3.44970", "2013-12-31": "4.17800", "2013-09-30": "3.84890", "2013-06-30": "3.54140", "2013-03-31": "2.35670", "2012-12-31": "4.95820", "2012-09-30": "", "2011-09-30": ""}, "EBITDA Margin": {"2020-09-30": "", "2020-06-30": "", "2020-03-31": "", "2019-12-31": "", "2019-09-30": "", "2019-06-30": "", "2019-03-31": "", "2018-12-31": "", "2018-09-30": "", "2018-06-30": "", "2018-03-31": "", "2017-12-31": "", "2017-09-30": "", "2017-06-30": "", "2017-03-31": "", "2016-12-31": "", "2016-09-30": "", "2016-06-30": "", "2016-03-31": "", "2015-12-31": "", "2015-09-30": "", "2015-06-30": "", "2015-03-31": "", "2014-12-31": "", "2014-09-30": "", "2014-06-30": "", "2014-03-31": "", "2013-12-31": "", "2013-09-30": "", "2013-06-30": "", "2013-03-31": "", "2012-12-31": "", "2012-09-30": "", "2011-09-30": ""}, "Pre-Tax Profit Margin": {"2020-09-30": "-7.54400", "2020-06-30": "-19.59960", "2020-03-31": "-5.29260", "2019-12-31": "4.10730", "2019-09-30": "3.05050", "2019-06-30": "2.65780", "2019-03-31": "0.96640", "2018-12-31": "6.80800", "2018-09-30": "4.85250", "2018-06-30": "2.43950", "2018-03-31": "1.07480", "2017-12-31": "3.59980", "2017-09-30": "4.24910", "2017-06-30": "2.59360", "2017-03-31": "2.59000", "2016-12-31": "4.77540", "2016-09-30": "3.44870", "2016-06-30": "1.82830", "2016-03-31": "2.80750", "2015-12-31": "3.84800", "2015-09-30": "2.33270", "2015-06-30": "1.30950", "2015-03-31": "2.32700", "2014-12-31": "3.51070", "2014-09-30": "1.69660", "2014-06-30": "1.93640", "2014-03-31": "0.53490", "2013-12-31": "1.96300", "2013-09-30": "1.50430", "2013-06-30": "1.22290", "2013-03-31": "-1.96580", "2012-12-31": "1.75250", "2012-09-30": "", "2011-09-30": ""}, "Net Profit Margin": {"2020-09-30": "-5.51940", "2020-06-30": "-11.91500", "2020-03-31": "-5.42030", "2019-12-31": "3.42680", "2019-09-30": "2.16540", "2019-06-30": "2.06830", "2019-03-31": "0.73380", "2018-12-31": "5.87720", "2018-09-30": "4.48320", "2018-06-30": "1.82740", "2018-03-31": "0.69980", "2017-12-31": "7.37140", "2017-09-30": "3.09620", "2017-06-30": "1.81710", "2017-03-31": "1.93700", "2016-12-31": "3.35550", "2016-09-30": "2.35180", "2016-06-30": "1.24800", "2016-03-31": "1.85610", "2015-12-31": "2.51580", "2015-09-30": "1.60370", "2015-06-30": "0.96840", "2015-03-31": "1.66420", "2014-12-31": "2.30930", "2014-09-30": "1.12480", "2014-06-30": "1.29480", "2014-03-31": "0.36880", "2013-12-31": "1.18950", "2013-09-30": "1.10630", "2013-06-30": "0.79510", "2013-03-31": "-1.17820", "2012-12-31": "1.21080", "2012-09-30": "", "2011-09-30": ""}, "Asset Turnover": {"2020-09-30": "0.17130", "2020-06-30": "0.13780", "2020-03-31": "0.25130", "2019-12-31": "0.29800", "2019-09-30": "0.28760", "2019-06-30": "0.29210", "2019-03-31": "0.29170", "2018-12-31": "0.31050", "2018-09-30": "0.28520", "2018-06-30": "0.29060", "2018-03-31": "0.28690", "2017-12-31": "0.31650", "2017-09-30": "0.33200", "2017-06-30": "0.33740", "2017-03-31": "0.34510", "2016-12-31": "0.35970", "2016-09-30": "0.33490", "2016-06-30": "0.34720", "2016-03-31": "0.34610", "2015-12-31": "0.36550", "2015-09-30": "0.34780", "2015-06-30": "0.34130", "2015-03-31": "0.34960", "2014-12-31": "0.35950", "2014-09-30": "0.37760", "2014-06-30": "0.35230", "2014-03-31": "0.34040", "2013-12-31": "0.36720", "2013-09-30": "0.34250", "2013-06-30": "", "2013-03-31": "", "2012-12-31": "", "2012-09-30": "", "2011-09-30": ""}, "Inventory Turnover Ratio": {"2020-09-30": "5.84770", "2020-06-30": "5.30880", "2020-03-31": "8.43880", "2019-12-31": "9.46920", "2019-09-30": "8.51720", "2019-06-30": "9.14490", "2019-03-31": "9.09380", "2018-12-31": "10.22460", "2018-09-30": "4.67210", "2018-06-30": "4.99930", "2018-03-31": "4.96120", "2017-12-31": "5.72800", "2017-09-30": "5.30100", "2017-06-30": "5.69520", "2017-03-31": "5.64450", "2016-12-31": "5.85050", "2016-09-30": "5.36880", "2016-06-30": "5.76200", "2016-03-31": "5.57680", "2015-12-31": "5.84750", "2015-09-30": "5.54390", "2015-06-30": "5.74440", "2015-03-31": "5.79130", "2014-12-31": "6.07150", "2014-09-30": "6.45320", "2014-06-30": "6.02970", "2014-03-31": "5.74570", "2013-12-31": "6.29490", "2013-09-30": "5.86620", "2013-06-30": "", "2013-03-31": "", "2012-12-31": "", "2012-09-30": "", "2011-09-30": ""}, "Receiveable Turnover": {"2020-09-30": "1.88100", "2020-06-30": "1.51230", "2020-03-31": "2.01600", "2019-12-31": "2.15710", "2019-09-30": "2.18670", "2019-06-30": "2.18820", "2019-03-31": "2.12970", "2018-12-31": "2.26840", "2018-09-30": "2.18580", "2018-06-30": "2.14460", "2018-03-31": "2.10080", "2017-12-31": "2.18670", "2017-09-30": "2.26120", "2017-06-30": "2.34410", "2017-03-31": "2.40160", "2016-12-31": "2.50310", "2016-09-30": "2.40040", "2016-06-30": "2.50000", "2016-03-31": "2.42580", "2015-12-31": "2.48330", "2015-09-30": "2.45470", "2015-06-30": "2.37820", "2015-03-31": "2.35910", "2014-12-31": "2.38890", "2014-09-30": "2.49470", "2014-06-30": "2.42190", "2014-03-31": "2.29940", "2013-12-31": "2.50130", "2013-09-30": "2.50100", "2013-06-30": "", "2013-03-31": "", "2012-12-31": "", "2012-09-30": "", "2011-09-30": ""}, "Days Sales In Receivables": {"2020-09-30": "47.84600", "2020-06-30": "59.51300", "2020-03-31": "44.64310", "2019-12-31": "41.72340", "2019-09-30": "41.15840", "2019-06-30": "41.12990", "2019-03-31": "42.25850", "2018-12-31": "39.67480", "2018-09-30": "41.17410", "2018-06-30": "41.96630", "2018-03-31": "42.84160", "2017-12-31": "41.15760", "2017-09-30": "39.80140", "2017-06-30": "38.39370", "2017-03-31": "37.47530", "2016-12-31": "35.95510", "2016-09-30": "37.49370", "2016-06-30": "35.99960", "2016-03-31": "37.10080", "2015-12-31": "36.24170", "2015-09-30": "36.66480", "2015-06-30": "37.84370", "2015-03-31": "38.14960", "2014-12-31": "37.67390", "2014-09-30": "36.07580", "2014-06-30": "37.16070", "2014-03-31": "39.14110", "2013-12-31": "35.98200", "2013-09-30": "35.98600", "2013-06-30": "", "2013-03-31": "", "2012-12-31": "", "2012-09-30": "", "2011-09-30": ""}, "ROE - Return On Equity": {"2020-09-30": "-5.44550", "2020-06-30": "-8.85240", "2020-03-31": "-6.37400", "2019-12-31": "4.22660", "2019-09-30": "2.57270", "2019-06-30": "2.52790", "2019-03-31": "0.90640", "2018-12-31": "7.79010", "2018-09-30": "5.79520", "2018-06-30": "2.55520", "2018-03-31": "0.99140", "2017-12-31": "10.74200", "2017-09-30": "4.60120", "2017-06-30": "2.81410", "2017-03-31": "3.13480", "2016-12-31": "5.60340", "2016-09-30": "3.86120", "2016-06-30": "2.14700", "2016-03-31": "3.24480", "2015-12-31": "4.74350", "2015-09-30": "3.03780", "2015-06-30": "1.82380", "2015-03-31": "3.31570", "2014-12-31": "4.87870", "2014-09-30": "2.59070", "2014-06-30": "2.72810", "2014-03-31": "0.77200", "2013-12-31": "2.66830", "2013-09-30": "4.41820", "2013-06-30": "", "2013-03-31": "", "2012-12-31": "", "2012-09-30": "", "2011-09-30": ""}, "Return On Tangible Equity": {"2020-09-30": "3.28140", "2020-06-30": "5.84150", "2020-03-31": "4.88410", "2019-12-31": "-3.55880", "2019-09-30": "-2.01820", "2019-06-30": "-1.92950", "2019-03-31": "-0.66970", "2018-12-31": "-5.71330", "2018-09-30": "-3.72140", "2018-06-30": "-1.47470", "2018-03-31": "-0.55440", "2017-12-31": "-6.59800", "2017-09-30": "-3.35020", "2017-06-30": "-1.86690", "2017-03-31": "-2.00230", "2016-12-31": "-3.63160", "2016-09-30": "-2.33090", "2016-06-30": "-1.26840", "2016-03-31": "-1.83960", "2015-12-31": "-2.55560", "2015-09-30": "-1.51050", "2015-06-30": "-0.88580", "2015-03-31": "-1.53460", "2014-12-31": "-2.12270", "2014-09-30": "-1.07920", "2014-06-30": "-1.11760", "2014-03-31": "-0.30910", "2013-12-31": "-1.04580", "2013-09-30": "-0.77910", "2013-06-30": "", "2013-03-31": "", "2012-12-31": "", "2012-09-30": "", "2011-09-30": ""}, "ROA - Return On Assets": {"2020-09-30": "-0.94820", "2020-06-30": "-1.64070", "2020-03-31": "-1.36060", "2019-12-31": "1.02210", "2019-09-30": "0.62180", "2019-06-30": "0.60500", "2019-03-31": "0.21380", "2018-12-31": "1.82460", "2018-09-30": "1.27960", "2018-06-30": "0.53210", "2018-03-31": "0.20180", "2017-12-31": "2.33450", "2017-09-30": "1.02800", "2017-06-30": "0.61370", "2017-03-31": "0.66930", "2016-12-31": "1.20800", "2016-09-30": "0.78850", "2016-06-30": "0.43420", "2016-03-31": "0.64380", "2015-12-31": "0.92060", "2015-09-30": "0.56110", "2015-06-30": "0.33330", "2015-03-31": "0.58460", "2014-12-31": "0.83130", "2014-09-30": "0.42570", "2014-06-30": "0.45660", "2014-03-31": "0.12750", "2013-12-31": "0.43820", "2013-09-30": "0.38890", "2013-06-30": "", "2013-03-31": "", "2012-12-31": "", "2012-09-30": "", "2011-09-30": ""}, "ROI - Return On Investment": {"2020-09-30": "-1.25050", "2020-06-30": "-2.12440", "2020-03-31": "-1.83120", "2019-12-31": "1.38420", "2019-09-30": "0.86000", "2019-06-30": "0.79220", "2019-03-31": "0.28270", "2018-12-31": "2.37800", "2018-09-30": "1.71410", "2018-06-30": "0.68380", "2018-03-31": "0.26280", "2017-12-31": "3.01520", "2017-09-30": "1.47920", "2017-06-30": "0.84200", "2017-03-31": "0.94220", "2016-12-31": "1.64970", "2016-09-30": "1.12990", "2016-06-30": "0.60030", "2016-03-31": "0.89670", "2015-12-31": "1.25320", "2015-09-30": "0.80950", "2015-06-30": "0.46010", "2015-03-31": "0.82540", "2014-12-31": "1.14630", "2014-09-30": "0.62920", "2014-06-30": "0.64220", "2014-03-31": "0.18100", "2013-12-31": "0.62050", "2013-09-30": "0.59930", "2013-06-30": "", "2013-03-31": "", "2012-12-31": "", "2012-09-30": "", "2011-09-30": ""}, "Book Value Per Share": {"2020-09-30": "10.81240", "2020-06-30": "11.44690", "2020-03-31": "12.54830", "2019-12-31": "13.80270", "2019-09-30": "13.40050", "2019-06-30": "13.30920", "2019-03-31": "13.13110", "2018-12-31": "13.08710", "2018-09-30": "12.27810", "2018-06-30": "11.54660", "2018-03-31": "11.35880", "2017-12-31": "11.07780", "2017-09-30": "10.01270", "2017-06-30": "9.47980", "2017-03-31": "9.17950", "2016-12-31": "9.09740", "2016-09-30": "8.83070", "2016-06-30": "8.58280", "2016-03-31": "8.45600", "2015-12-31": "8.14660", "2015-09-30": "7.85000", "2015-06-30": "7.80360", "2015-03-31": "7.61520", "2014-12-31": "7.44060", "2014-09-30": "7.34490", "2014-06-30": "7.39320", "2014-03-31": "7.35280", "2013-12-31": "7.32020", "2013-09-30": "4.47830", "2013-06-30": "", "2013-03-31": "", "2012-12-31": "", "2012-09-30": "", "2011-09-30": ""}, "Operating Cash Flow Per Share": {"2020-09-30": 0.9975, "2020-06-30": 0.0672, "2020-03-31": 0.8548, "2019-12-31": "-1.21790", "2019-09-30": 3.0766, "2019-06-30": 0.4735, "2019-03-31": 1.1583, "2018-12-31": "-0.80290", "2018-09-30": 3.574, "2018-06-30": 0.4921, "2018-03-31": 1.3204, "2017-12-31": "-1.23470", "2017-09-30": 2.3967, "2017-06-30": 0.0874, "2017-03-31": 1.8041, "2016-12-31": "-0.10300", "2016-09-30": 1.8381, "2016-06-30": 0.6355, "2016-03-31": 1.6954, "2015-12-31": "-0.68250", "2015-09-30": 2.6154, "2015-06-30": 0.3174, "2015-03-31": 1.3163, "2014-12-31": "-0.99630", "2014-09-30": 1.7484, "2014-06-30": 0.452, "2014-03-31": 0.7828, "2013-12-31": "-1.30640", "2013-09-30": 2.6662, "2013-06-30": 0.4009, "2013-03-31": 1.2049, "2012-12-31": "-0.95140", "2012-09-30": 0, "2011-09-30": 0}, "Free Cash Flow Per Share": {"2020-09-30": 0.5757, "2020-06-30": -0.1446, "2020-03-31": 0.4172, "2019-12-31": "-1.59390", "2019-09-30": 2.4629, "2019-06-30": 0.0519, "2019-03-31": 0.7155, "2018-12-31": "-1.25020", "2018-09-30": 2.8222, "2018-06-30": -0.2317, "2018-03-31": 0.8231, "2017-12-31": "-1.70150", "2017-09-30": 1.5702, "2017-06-30": -0.3738, "2017-03-31": 1.3865, "2016-12-31": "-0.51970", "2016-09-30": 1.2192, "2016-06-30": 0.2438, "2016-03-31": 1.1149, "2015-12-31": "-1.04390", "2015-09-30": 1.968, "2015-06-30": -0.1867, "2015-03-31": 0.9336, "2014-12-31": "-1.51090", "2014-09-30": 0.8463, "2014-06-30": -0.1662, "2014-03-31": 0.4844, "2013-12-31": "-1.66370", "2013-09-30": 2.0685, "2013-06-30": -0.0245, "2013-03-31": 0.7475, "2012-12-31": "-1.29190", "2012-09-30": 0, "2011-09-30": 0}}, "revenue": {"Aramark Annual Revenue (Millions of US $)": {"2020": "$12,830", "2019": "$16,227", "2018": "$15,790", "2017": "$14,604", "2016": "$14,416", "2015": "$14,329", "2014": "$14,833", "2013": "$13,946", "2012": "$13,505", "2011": "$13,082"}, "Aramark Quarterly Revenue (Millions of US $)": {"2020-09-30": "$2,692", "2020-06-30": "$2,152", "2020-03-31": "$3,732", "2019-12-31": "$4,254", "2019-09-30": "$3,951", "2019-06-30": "$4,011", "2019-03-31": "$4,000", "2018-12-31": "$4,265", "2018-09-30": "$3,914", "2018-06-30": "$3,972", "2018-03-31": "$3,939", "2017-12-31": "$3,965", "2017-09-30": "$3,654", "2017-06-30": "$3,593", "2017-03-31": "$3,622", "2016-12-31": "$3,735", "2016-09-30": "$3,544", "2016-06-30": "$3,587", "2016-03-31": "$3,575", "2015-12-31": "$3,710", "2015-09-30": "$3,546", "2015-06-30": "$3,486", "2015-03-31": "$3,595", "2014-12-31": "$3,702", "2014-09-30": "$3,948", "2014-06-30": "$3,620", "2014-03-31": "$3,502", "2013-12-31": "$3,763", "2013-09-30": "$3,516", "2013-06-30": "$3,490", "2013-03-31": "$3,404", "2012-12-31": "$3,536", "2012-09-30": "", "2011-09-30": ""}}, "gross-profit": {"Aramark Annual Gross Profit (Millions of US $)": {"2020": "$836", "2019": "$1,695", "2018": "$1,792", "2017": "$1,609", "2016": "$1,525", "2015": "$1,449", "2014": "$1,469", "2013": "$1,285", "2012": "$1,314", "2011": "$1,246"}, "Aramark Quarterly Gross Profit (Millions of US $)": {"2020-09-30": "$140", "2020-06-30": "$-113", "2020-03-31": "$324", "2019-12-31": "$485", "2019-09-30": "$448", "2019-06-30": "$416", "2019-03-31": "$360", "2018-12-31": "$471", "2018-09-30": "$527", "2018-06-30": "$445", "2018-03-31": "$376", "2017-12-31": "$443", "2017-09-30": "$417", "2017-06-30": "$361", "2017-03-31": "$395", "2016-12-31": "$436", "2016-09-30": "$392", "2016-06-30": "$353", "2016-03-31": "$365", "2015-12-31": "$416", "2015-09-30": "$357", "2015-06-30": "$322", "2015-03-31": "$355", "2014-12-31": "$415", "2014-09-30": "$374", "2014-06-30": "$345", "2014-03-31": "$342", "2013-12-31": "$408", "2013-09-30": "$337", "2013-06-30": "$312", "2013-03-31": "$272", "2012-12-31": "$364", "2012-09-30": "", "2011-09-30": ""}}, "operating-income": {"Aramark Annual Operating Income (Millions of US $)": {"2020": "$-265", "2019": "$891", "2018": "$818", "2017": "$802", "2016": "$746", "2015": "$628", "2014": "$565", "2013": "$514", "2012": "$582", "2011": "$547"}, "Aramark Quarterly Operating Income (Millions of US $)": {"2020-09-30": "$-94", "2020-06-30": "$-328", "2020-03-31": "$-98", "2019-12-31": "$254", "2019-09-30": "$206", "2019-06-30": "$189", "2019-03-31": "$123", "2018-12-31": "$373", "2018-09-30": "$280", "2018-06-30": "$187", "2018-03-31": "$135", "2017-12-31": "$217", "2017-09-30": "$211", "2017-06-30": "$155", "2017-03-31": "$191", "2016-12-31": "$244", "2016-09-30": "$191", "2016-06-30": "$169", "2016-03-31": "$172", "2015-12-31": "$214", "2015-09-30": "$154", "2015-06-30": "$117", "2015-03-31": "$155", "2014-12-31": "$202", "2014-09-30": "$145", "2014-06-30": "$141", "2014-03-31": "$121", "2013-12-31": "$157", "2013-09-30": "$135", "2013-06-30": "$124", "2013-03-31": "$80", "2012-12-31": "$175", "2012-09-30": "", "2011-09-30": ""}}, "ebitda": {"Aramark Annual EBITDA (Millions of US $)": {"2020": "$614", "2019": "$1,484", "2018": "$1,415", "2017": "$1,310", "2016": "$1,242", "2015": "$1,132", "2014": "$1,086", "2013": "$1,057", "2012": "$1,111", "2011": "$1,063"}, "Aramark Quarterly EBITDA (Millions of US $)": {"2020-09-30": "$96", "2020-06-30": "$-133", "2020-03-31": "$249", "2019-12-31": "$402", "2019-09-30": "$351", "2019-06-30": "$338", "2019-03-31": "$271", "2018-12-31": "$524", "2018-09-30": "$432", "2018-06-30": "$344", "2018-03-31": "$288", "2017-12-31": "$351", "2017-09-30": "$341", "2017-06-30": "$281", "2017-03-31": "$317", "2016-12-31": "$371", "2016-09-30": "$316", "2016-06-30": "$292", "2016-03-31": "$292", "2015-12-31": "$342", "2015-09-30": "$283", "2015-06-30": "$242", "2015-03-31": "$280", "2014-12-31": "$327", "2014-09-30": "$280", "2014-06-30": "$266", "2014-03-31": "$246", "2013-12-31": "$294", "2013-09-30": "$273", "2013-06-30": "$259", "2013-03-31": "$216", "2012-12-31": "$309", "2012-09-30": "", "2011-09-30": ""}}, "net-income": {"Aramark Annual Net Income (Millions of US $)": {"2020": "$-462", "2019": "$449", "2018": "$568", "2017": "$374", "2016": "$288", "2015": "$236", "2014": "$149", "2013": "$69", "2012": "$104", "2011": "$84"}, "Aramark Quarterly Net Income (Millions of US $)": {"2020-09-30": "$-149", "2020-06-30": "$-256", "2020-03-31": "$-202", "2019-12-31": "$146", "2019-09-30": "$86", "2019-06-30": "$83", "2019-03-31": "$29", "2018-12-31": "$251", "2018-09-30": "$175", "2018-06-30": "$73", "2018-03-31": "$28", "2017-12-31": "$292", "2017-09-30": "$113", "2017-06-30": "$65", "2017-03-31": "$70", "2016-12-31": "$125", "2016-09-30": "$83", "2016-06-30": "$45", "2016-03-31": "$66", "2015-12-31": "$93", "2015-09-30": "$57", "2015-06-30": "$34", "2015-03-31": "$60", "2014-12-31": "$85", "2014-09-30": "$44", "2014-06-30": "$47", "2014-03-31": "$13", "2013-12-31": "$45", "2013-09-30": "$39", "2013-06-30": "$28", "2013-03-31": "$-40", "2012-12-31": "$43", "2012-09-30": "", "2011-09-30": ""}}, "eps-earnings-per-share-diluted": {"Aramark Annual EPS": {"2020": "$-1.83", "2019": "$1.78", "2018": "$2.24", "2017": "$1.49", "2016": "$1.16", "2015": "$0.96", "2014": "$0.63", "2013": "$0.33", "2012": "$0.49", "2011": "$0.40"}, "Aramark Quarterly EPS": {"2020-09-30": "$-0.59", "2020-06-30": "$-1.01", "2020-03-31": "$-0.80", "2019-12-31": "$0.57", "2019-09-30": "$0.34", "2019-06-30": "$0.33", "2019-03-31": "$0.12", "2018-12-31": "$0.99", "2018-09-30": "$0.68", "2018-06-30": "$0.29", "2018-03-31": "$0.11", "2017-12-31": "$1.16", "2017-09-30": "$0.45", "2017-06-30": "$0.26", "2017-03-31": "$0.28", "2016-12-31": "$0.50", "2016-09-30": "$0.33", "2016-06-30": "$0.18", "2016-03-31": "$0.27", "2015-12-31": "$0.38", "2015-09-30": "$0.23", "2015-06-30": "$0.14", "2015-03-31": "$0.24", "2014-12-31": "$0.35", "2014-09-30": "$0.18", "2014-06-30": "$0.19", "2014-03-31": "$0.05", "2013-12-31": "$0.21", "2013-09-30": "$0.19", "2013-06-30": "$0.13", "2013-03-31": "$-0.20", "2012-12-31": "$0.20", "2012-09-30": "$0.00", "2011-09-30": "$0.00"}}, "shares-outstanding": {"Aramark Annual Shares Outstanding (Millions of Shares)": {"2020": "252", "2019": "252", "2018": "253", "2017": "252", "2016": "249", "2015": "247", "2014": "237", "2013": "209", "2012": "210", "2011": "210"}, "Aramark Quarterly Shares Outstanding (Millions of Shares)": {"2020-09-30": "252", "2020-06-30": "253", "2020-03-31": "252", "2019-12-31": "254", "2019-09-30": "252", "2019-06-30": "251", "2019-03-31": "250", "2018-12-31": "254", "2018-09-30": "253", "2018-06-30": "252", "2018-03-31": "252", "2017-12-31": "252", "2017-09-30": "252", "2017-06-30": "251", "2017-03-31": "252", "2016-12-31": "253", "2016-09-30": "249", "2016-06-30": "249", "2016-03-31": "248", "2015-12-31": "248", "2015-09-30": "247", "2015-06-30": "247", "2015-03-31": "246", "2014-12-31": "245", "2014-09-30": "237", "2014-06-30": "244", "2014-03-31": "243", "2013-12-31": "215", "2013-09-30": "210", "2013-06-30": "208", "2013-03-31": "201", "2012-12-31": "209", "2012-09-30": "", "2011-09-30": ""}}, "total-assets": {"Aramark Annual Total Assets (Millions of US $)": {"2020": "$15,713", "2019": "$13,736", "2018": "$13,720", "2017": "$11,006", "2016": "$10,582", "2015": "$10,196", "2014": "$10,456", "2013": "$10,267", "2012": "$10,487", "2011": "$0"}, "Aramark Quarterly Total Assets (Millions of US $)": {"2020-09-30": "$15,713", "2020-06-30": "$15,622", "2020-03-31": "$14,848", "2019-12-31": "$14,273", "2019-09-30": "$13,736", "2019-06-30": "$13,730", "2019-03-31": "$13,711", "2018-12-31": "$13,739", "2018-09-30": "$13,720", "2018-06-30": "$13,666", "2018-03-31": "$13,733", "2017-12-31": "$12,527", "2017-09-30": "$11,006", "2017-06-30": "$10,650", "2017-03-31": "$10,495", "2016-12-31": "$10,384", "2016-09-30": "$10,582", "2016-06-30": "$10,332", "2016-03-31": "$10,328", "2015-12-31": "$10,150", "2015-09-30": "$10,196", "2015-06-30": "$10,213", "2015-03-31": "$10,281", "2014-12-31": "$10,300", "2014-09-30": "$10,456", "2014-06-30": "$10,275", "2014-03-31": "$10,287", "2013-12-31": "$10,249", "2013-09-30": "$10,267", "2013-06-30": "$0", "2013-03-31": "$0", "2012-12-31": "$0", "2012-09-30": "$10,487", "2011-09-30": "$0"}}, "cash-on-hand": {"Aramark Annual Cash on Hand (Millions of US $)": {"2020": "$2,509", "2019": "$247", "2018": "$215", "2017": "$239", "2016": "$153", "2015": "$122", "2014": "$112", "2013": "$111", "2012": "$137", "2011": "$"}, "Aramark Quarterly Cash on Hand (Millions of US $)": {"2020-09-30": "$2,509", "2020-06-30": "$2,417", "2020-03-31": "$1,203", "2019-12-31": "$265", "2019-09-30": "$247", "2019-06-30": "$220", "2019-03-31": "$195", "2018-12-31": "$250", "2018-09-30": "$215", "2018-06-30": "$166", "2018-03-31": "$186", "2017-12-31": "$186", "2017-09-30": "$239", "2017-06-30": "$155", "2017-03-31": "$145", "2016-12-31": "$147", "2016-09-30": "$153", "2016-06-30": "$197", "2016-03-31": "$148", "2015-12-31": "$115", "2015-09-30": "$122", "2015-06-30": "$118", "2015-03-31": "$135", "2014-12-31": "$121", "2014-09-30": "$112", "2014-06-30": "$122", "2014-03-31": "$139", "2013-12-31": "$116", "2013-09-30": "$111", "2013-06-30": "", "2013-03-31": "", "2012-12-31": "", "2012-09-30": "$137", "2011-09-30": ""}}, "long-term-debt": {"Aramark Annual Long Term Debt (Millions of US $)": {"2020": "$9,179", "2019": "$6,612", "2018": "$7,213", "2017": "$5,190", "2016": "$5,224", "2015": "$5,185", "2014": "$5,356", "2013": "$5,758", "2012": "$5,971", "2011": "$"}, "Aramark Quarterly Long Term Debt (Millions of US $)": {"2020-09-30": "$9,179", "2020-06-30": "$9,170", "2020-03-31": "$7,863", "2019-12-31": "$7,088", "2019-09-30": "$6,612", "2019-06-30": "$7,199", "2019-03-31": "$7,134", "2018-12-31": "$7,324", "2018-09-30": "$7,213", "2018-06-30": "$7,788", "2018-03-31": "$7,750", "2017-12-31": "$6,977", "2017-09-30": "$5,190", "2017-06-30": "$5,440", "2017-03-31": "$5,215", "2016-12-31": "$5,365", "2016-09-30": "$5,224", "2016-06-30": "$5,383", "2016-03-31": "$5,366", "2015-12-31": "$5,486", "2015-09-30": "$5,185", "2015-06-30": "$5,532", "2015-03-31": "$5,469", "2014-12-31": "$5,714", "2014-09-30": "$5,356", "2014-06-30": "$5,586", "2014-03-31": "$5,548", "2013-12-31": "$5,556", "2013-09-30": "$5,758", "2013-06-30": "", "2013-03-31": "", "2012-12-31": "", "2012-09-30": "$5,971", "2011-09-30": ""}}, "total-liabilities": {"Aramark Annual Total Liabilities (Millions of US $)": {"2020": "$12,977", "2019": "$10,416", "2018": "$10,691", "2017": "$8,547", "2016": "$8,421", "2015": "$8,313", "2014": "$8,738", "2013": "$9,363", "2012": "$9,520", "2011": "$0"}, "Aramark Quarterly Total Liabilities (Millions of US $)": {"2020-09-30": "$12,977", "2020-06-30": "$12,727", "2020-03-31": "$11,678", "2019-12-31": "$10,821", "2019-09-30": "$10,416", "2019-06-30": "$10,444", "2019-03-31": "$10,477", "2018-12-31": "$10,521", "2018-09-30": "$10,691", "2018-06-30": "$10,820", "2018-03-31": "$10,937", "2017-12-31": "$9,804", "2017-09-30": "$8,547", "2017-06-30": "$8,328", "2017-03-31": "$8,255", "2016-12-31": "$8,145", "2016-09-30": "$8,421", "2016-06-30": "$8,242", "2016-03-31": "$8,279", "2015-12-31": "$8,180", "2015-09-30": "$8,313", "2015-06-30": "$8,347", "2015-03-31": "$8,468", "2014-12-31": "$8,545", "2014-09-30": "$8,738", "2014-06-30": "$8,555", "2014-03-31": "$8,587", "2013-12-31": "$8,566", "2013-09-30": "$9,363", "2013-06-30": "$0", "2013-03-31": "$0", "2012-12-31": "$0", "2012-09-30": "$9,520", "2011-09-30": "$0"}}, "total-share-holder-equity": {"Aramark Annual Share Holder Equity (Millions of US $)": {"2020": "$2,736", "2019": "$3,320", "2018": "$3,030", "2017": "$2,459", "2016": "$2,161", "2015": "$1,883", "2014": "$1,718", "2013": "$904", "2012": "$967", "2011": "$0"}, "Aramark Quarterly Share Holder Equity (Millions of US $)": {"2020-09-30": "$2,736", "2020-06-30": "$2,895", "2020-03-31": "$3,169", "2019-12-31": "$3,452", "2019-09-30": "$3,320", "2019-06-30": "$3,286", "2019-03-31": "$3,234", "2018-12-31": "$3,218", "2018-09-30": "$3,030", "2018-06-30": "$2,846", "2018-03-31": "$2,796", "2017-12-31": "$2,722", "2017-09-30": "$2,459", "2017-06-30": "$2,323", "2017-03-31": "$2,241", "2016-12-31": "$2,239", "2016-09-30": "$2,161", "2016-06-30": "$2,089", "2016-03-31": "$2,049", "2015-12-31": "$1,970", "2015-09-30": "$1,883", "2015-06-30": "$1,866", "2015-03-31": "$1,813", "2014-12-31": "$1,755", "2014-09-30": "$1,718", "2014-06-30": "$1,720", "2014-03-31": "$1,699", "2013-12-31": "$1,683", "2013-09-30": "$904", "2013-06-30": "$0", "2013-03-31": "$0", "2012-12-31": "$0", "2012-09-30": "$967", "2011-09-30": "$0"}}, "profit-margins": {"current": "-3.6%"}, "gross margin": {"2020-09-30": "6.52%", "2020-06-30": "8.12%", "2020-03-31": "10.49%", "2019-12-31": "10.54%", "2019-09-30": "10.45%", "2019-06-30": "10.96%", "2019-03-31": "11.16%", "2018-12-31": "11.31%", "2018-09-30": "11.34%", "2018-06-30": "10.82%", "2018-03-31": "10.54%", "2017-12-31": "10.89%", "2017-09-30": "11.02%", "2017-06-30": "10.93%", "2017-03-31": "10.88%", "2016-12-31": "10.71%", "2016-09-30": "10.59%", "2016-06-30": "10.34%", "2016-03-31": "10.20%", "2015-12-31": "10.11%", "2015-09-30": "10.11%", "2015-06-30": "9.95%", "2015-03-31": "10.02%", "2014-12-31": "9.99%", "2014-09-30": "9.90%", "2014-06-30": "9.94%", "2014-03-31": "9.80%", "2013-12-31": "9.38%", "2013-09-30": "9.21%"}, "operating margin": {"2020-09-30": "-2.07%", "2020-06-30": "0.24%", "2020-03-31": "3.45%", "2019-12-31": "4.76%", "2019-09-30": "5.49%", "2019-06-30": "5.96%", "2019-03-31": "5.96%", "2018-12-31": "6.06%", "2018-09-30": "5.19%", "2018-06-30": "4.83%", "2018-03-31": "4.74%", "2017-12-31": "5.22%", "2017-09-30": "5.48%", "2017-06-30": "5.39%", "2017-03-31": "5.49%", "2016-12-31": "5.37%", "2016-09-30": "5.17%", "2016-06-30": "4.92%", "2016-03-31": "4.59%", "2015-12-31": "4.46%", "2015-09-30": "4.38%", "2015-06-30": "4.20%", "2015-03-31": "4.33%", "2014-12-31": "4.12%", "2014-09-30": "3.80%", "2014-06-30": "3.85%", "2014-03-31": "3.76%", "2013-12-31": "3.50%", "2013-09-30": "3.69%"}, "ebitda margin": {"2020-09-30": "4.79%", "2020-06-30": "6.17%", "2020-03-31": "8.40%", "2019-12-31": "8.40%", "2019-09-30": "9.15%", "2019-06-30": "9.67%", "2019-03-31": "9.73%", "2018-12-31": "9.87%", "2018-09-30": "8.96%", "2018-06-30": "8.53%", "2018-03-31": "8.32%", "2017-12-31": "8.70%", "2017-09-30": "8.97%", "2017-06-30": "8.87%", "2017-03-31": "8.95%", "2016-12-31": "8.80%", "2016-09-30": "8.62%", "2016-06-30": "8.39%", "2016-03-31": "8.10%", "2015-12-31": "8.00%", "2015-09-30": "7.90%", "2015-06-30": "7.66%", "2015-03-31": "7.76%", "2014-12-31": "7.58%", "2014-09-30": "7.32%", "2014-06-30": "7.49%", "2014-03-31": "7.51%", "2013-12-31": "7.35%", "2013-09-30": "7.58%"}, "pre tax profit margin": {"2020-09-30": "-5.04%", "2020-06-30": "-2.29%", "2020-03-31": "1.29%", "2019-12-31": "2.73%", "2019-09-30": "3.43%", "2019-06-30": "3.87%", "2019-03-31": "3.81%", "2018-12-31": "3.85%", "2018-09-30": "2.99%", "2018-06-30": "2.81%", "2018-03-31": "2.86%", "2017-12-31": "3.27%", "2017-09-30": "3.56%", "2017-06-30": "3.36%", "2017-03-31": "3.18%", "2016-12-31": "3.23%", "2016-09-30": "2.99%", "2016-06-30": "2.72%", "2016-03-31": "2.60%", "2015-12-31": "2.48%", "2015-09-30": "2.39%", "2015-06-30": "2.22%", "2015-03-31": "2.36%", "2014-12-31": "1.94%", "2014-09-30": "1.55%", "2014-06-30": "1.50%", "2014-03-31": "1.32%", "2013-12-31": "0.73%", "2013-09-30": "0.65%"}, "net profit margin": {"2020-09-30": "-3.59%", "2020-06-30": "-1.60%", "2020-03-31": "0.71%", "2019-12-31": "2.12%", "2019-09-30": "2.77%", "2019-06-30": "3.32%", "2019-03-31": "3.27%", "2018-12-31": "3.28%", "2018-09-30": "3.60%", "2018-06-30": "3.26%", "2018-03-31": "3.29%", "2017-12-31": "3.64%", "2017-09-30": "2.55%", "2017-06-30": "2.37%", "2017-03-31": "2.23%", "2016-12-31": "2.21%", "2016-09-30": "1.99%", "2016-06-30": "1.81%", "2016-03-31": "1.75%", "2015-12-31": "1.70%", "2015-09-30": "1.65%", "2015-06-30": "1.51%", "2015-03-31": "1.59%", "2014-12-31": "1.28%", "2014-09-30": "1.00%", "2014-06-30": "1.00%", "2014-03-31": "0.88%", "2013-12-31": "0.51%", "2013-09-30": "0.50%"}, "pe ratio": {"current": "0.00", "2021-02-05": "0.00", "2020-09-30": "0.00", "2020-06-30": "0.00", "2020-03-31": "44.84", "2019-12-31": "31.44", "2019-09-30": "24.06", "2019-06-30": "16.59", "2019-03-31": "13.81", "2018-12-31": "13.55", "2018-09-30": "18.55", "2018-06-30": "17.86", "2018-03-31": "19.28", "2017-12-31": "19.14", "2017-09-30": "26.17", "2017-06-30": "28.65", "2017-03-31": "27.29", "2016-12-31": "26.57", "2016-09-30": "31.13", "2016-06-30": "29.86", "2016-03-31": "30.66", "2015-12-31": "30.67", "2015-09-30": "28.98", "2015-06-30": "31.86", "2015-03-31": "30.76", "2014-12-31": "37.66", "2014-09-30": "38.75"}, "price sales": {"2021-02-05": "0.72", "2020-09-30": "0.52", "2020-06-30": "0.40", "2020-03-31": "0.31", "2019-12-31": "0.66", "2019-09-30": "0.66", "2019-06-30": "0.55", "2019-03-31": "0.45", "2018-12-31": "0.44", "2018-09-30": "0.67", "2018-06-30": "0.58", "2018-03-31": "0.63", "2017-12-31": "0.70", "2017-09-30": "0.67", "2017-06-30": "0.68", "2017-03-31": "0.61", "2016-12-31": "0.59", "2016-09-30": "0.62", "2016-06-30": "0.54", "2016-03-31": "0.54", "2015-12-31": "0.52", "2015-09-30": "0.48", "2015-06-30": "0.48", "2015-03-31": "0.48", "2014-12-31": "0.48", "2014-09-30": "0.39"}, "price book": {"current": "3.39", "2021-02-05": "3.39", "2020-09-30": "2.44", "2020-06-30": "1.96", "2020-03-31": "1.57", "2019-12-31": "3.10", "2019-09-30": "3.20", "2019-06-30": "2.66", "2019-03-31": "2.20", "2018-12-31": "2.15", "2018-09-30": "3.40", "2018-06-30": "3.11", "2018-03-31": "3.36", "2017-12-31": "3.71", "2017-09-30": "3.89", "2017-06-30": "4.14", "2017-03-31": "3.84", "2016-12-31": "3.74", "2016-09-30": "4.09", "2016-06-30": "3.69", "2016-03-31": "3.70", "2015-12-31": "3.73", "2015-09-30": "3.54", "2015-06-30": "3.72", "2015-03-31": "3.88", "2014-12-31": "3.90", "2014-09-30": "3.32", "2014-06-30": "3.24", "2014-03-31": "3.63", "2013-12-31": "3.30"}, "price fcf": {"2021-02-05": "", "2020-09-30": "$-0.75", "2020-06-30": "$1.14", "2020-03-31": "$1.34", "2019-12-31": "$1.64", "2019-09-30": "$1.98", "2019-06-30": "$2.34", "2019-03-31": "$2.06", "2018-12-31": "$2.16", "2018-09-30": "$1.71", "2018-06-30": "$0.46", "2018-03-31": "$0.32", "2017-12-31": "$0.88", "2017-09-30": "$2.06", "2017-06-30": "$1.71", "2017-03-31": "$2.33", "2016-12-31": "$2.06", "2016-09-30": "$1.53", "2016-06-30": "$2.28", "2016-03-31": "$1.85", "2015-12-31": "$1.67", "2015-09-30": "$1.20", "2015-06-30": "$0.08", "2015-03-31": "$0.10", "2014-12-31": "$-0.35", "2014-09-30": "$-0.50"}, "net worth": {"value": "$9.32B"}, "current ratio": {"current": "1.99", "2020-09-30": "1.99", "2020-06-30": "2.15", "2020-03-31": "1.59", "2019-12-31": "1.23", "2019-09-30": "0.98", "2019-06-30": "1.22", "2019-03-31": "1.14", "2018-12-31": "1.21", "2018-09-30": "1.17", "2018-06-30": "1.36", "2018-03-31": "1.30", "2017-12-31": "1.40", "2017-09-30": "1.12", "2017-06-30": "1.30", "2017-03-31": "1.17", "2016-12-31": "1.33", "2016-09-30": "1.14", "2016-06-30": "1.35", "2016-03-31": "1.28", "2015-12-31": "1.38", "2015-09-30": "1.09", "2015-06-30": "1.31", "2015-03-31": "1.24", "2014-12-31": "1.32", "2014-09-30": "1.04", "2014-06-30": "1.18", "2014-03-31": "1.18", "2013-12-31": "1.18", "2013-09-30": "0.96", "2013-06-30": "0.00", "2013-03-31": "0.00", "2012-12-31": "0.00", "2012-09-30": "1.01", "2011-09-30": "0.00"}, "quick ratio": {"2020-09-30": "1.81", "2020-06-30": "1.95", "2020-03-31": "1.42", "2019-12-31": "1.06", "2019-09-30": "0.83", "2019-06-30": "1.04", "2019-03-31": "0.97", "2018-12-31": "1.04", "2018-09-30": "0.87", "2018-06-30": "1.03", "2018-03-31": "0.98", "2017-12-31": "1.09", "2017-09-30": "0.86", "2017-06-30": "1.00", "2017-03-31": "0.89", "2016-12-31": "1.02", "2016-09-30": "0.87", "2016-06-30": "1.04", "2016-03-31": "0.97", "2015-12-31": "1.06", "2015-09-30": "0.83", "2015-06-30": "1.01", "2015-03-31": "0.95", "2014-12-31": "1.02", "2014-09-30": "0.80", "2014-06-30": "0.91", "2014-03-31": "0.91", "2013-12-31": "0.91", "2013-09-30": "0.73", "2013-06-30": "0.00", "2013-03-31": "0.00", "2012-12-31": "0.00", "2012-09-30": "0.78", "2011-09-30": "0.00"}, "debt equity ratio": {"current": "3.35", "2020-09-30": "4.74", "2020-06-30": "4.40", "2020-03-31": "3.69", "2019-12-31": "3.14", "2019-09-30": "3.14", "2019-06-30": "3.18", "2019-03-31": "3.24", "2018-12-31": "3.27", "2018-09-30": "3.53", "2018-06-30": "3.80", "2018-03-31": "3.91", "2017-12-31": "3.60", "2017-09-30": "3.48", "2017-06-30": "3.59", "2017-03-31": "3.68", "2016-12-31": "3.64", "2016-09-30": "3.90", "2016-06-30": "3.95", "2016-03-31": "4.04", "2015-12-31": "4.15", "2015-09-30": "4.41", "2015-06-30": "4.47", "2015-03-31": "4.67", "2014-12-31": "4.87", "2014-09-30": "5.09", "2014-06-30": "4.98", "2014-03-31": "5.05", "2013-12-31": "5.09", "2013-09-30": "10.36", "2013-06-30": "0.00", "2013-03-31": "0.00", "2012-12-31": "0.00", "2012-09-30": "9.85", "2011-09-30": "0.00"}, "return on equity": {"2020-09-30": "-15.05%", "2020-06-30": "-7.04%", "2020-03-31": "3.42%", "2019-12-31": "10.35%", "2019-09-30": "13.75%", "2019-06-30": "16.85%", "2019-03-31": "17.13%", "2018-12-31": "17.73%", "2018-09-30": "19.94%", "2018-06-30": "18.70%", "2018-03-31": "19.34%", "2017-12-31": "22.17%", "2017-09-30": "16.11%", "2017-06-30": "15.31%", "2017-03-31": "14.80%", "2016-12-31": "14.94%", "2016-09-30": "13.88%", "2016-06-30": "13.06%", "2016-03-31": "12.87%", "2015-12-31": "12.96%", "2015-09-30": "12.90%", "2015-06-30": "12.47%", "2015-03-31": "13.47%", "2014-12-31": "10.97%", "2014-09-30": "8.74%", "2014-06-30": "9.59%", "2014-03-31": "11.67%", "2013-12-31": "11.13%", "2013-09-30": "30.97%"}, "return on assets": {"2020-09-30": "-3.05%", "2020-06-30": "-1.55%", "2020-03-31": "0.80%", "2019-12-31": "2.48%", "2019-09-30": "3.27%", "2019-06-30": "3.92%", "2019-03-31": "3.85%", "2018-12-31": "3.84%", "2018-09-30": "4.24%", "2018-06-30": "3.97%", "2018-03-31": "4.16%", "2017-12-31": "4.83%", "2017-09-30": "3.51%", "2017-06-30": "3.26%", "2017-03-31": "3.09%", "2016-12-31": "3.07%", "2016-09-30": "2.77%", "2016-06-30": "2.55%", "2016-03-31": "2.45%", "2015-12-31": "2.39%", "2015-09-30": "2.30%", "2015-06-30": "2.16%", "2015-03-31": "2.29%", "2014-12-31": "1.83%", "2014-09-30": "1.44%", "2014-06-30": "1.40%", "2014-03-31": "1.62%", "2013-12-31": "1.40%", "2013-09-30": "2.73%"}, "return on investments": {"2020-09-30": "-2.34%", "2020-06-30": "0.31%", "2020-03-31": "5.25%", "2019-12-31": "7.47%", "2019-09-30": "8.62%", "2019-06-30": "9.27%", "2019-03-31": "9.22%", "2018-12-31": "9.29%", "2018-09-30": "7.97%", "2018-06-30": "7.79%", "2018-03-31": "8.05%", "2017-12-31": "9.51%", "2017-09-30": "10.52%", "2017-06-30": "10.34%", "2017-03-31": "10.63%", "2016-12-31": "10.39%", "2016-09-30": "10.04%", "2016-06-30": "9.64%", "2016-03-31": "8.96%", "2015-12-31": "8.77%", "2015-09-30": "8.60%", "2015-06-30": "8.47%", "2015-03-31": "8.83%", "2014-12-31": "8.37%", "2014-09-30": "7.82%", "2014-06-30": "7.79%", "2014-03-31": "10.16%", "2013-12-31": "14.27%", "2013-09-30": "30.86%"}, "return on tangible equity": {"2020-09-30": "10.74%", "2020-06-30": "5.36%", "2020-03-31": "-2.69%", "2019-12-31": "-8.09%", "2019-09-30": "-10.38%", "2019-06-30": "-12.10%", "2019-03-31": "-11.47%", "2018-12-31": "-11.07%", "2018-09-30": "-11.91%", "2018-06-30": "-11.41%", "2018-03-31": "-12.21%", "2017-12-31": "-14.58%", "2017-09-30": "-10.78%", "2017-06-30": "-9.77%", "2017-03-31": "-9.18%", "2016-12-31": "-8.99%", "2016-09-30": "-7.98%", "2016-06-30": "-7.15%", "2016-03-31": "-6.71%", "2015-12-31": "-6.42%", "2015-09-30": "-6.06%", "2015-06-30": "-5.60%", "2015-03-31": "-5.80%", "2014-12-31": "-4.55%", "2014-09-30": "-3.53%", "2014-06-30": "-3.22%", "2014-03-31": "-3.66%", "2013-12-31": "-3.06%", "2013-09-30": "-5.46%"}, "dividend yield history": {"last payout": "$0.44", "last yield": "1.20%"}}