{"ticker": "ADM", "price": {"title": "Archer Daniels Midland Historical Annual Stock Price Data", "value": 53.3, "historical": {"2021": {"Average Stock Price": "51.9021", "Year Open": "49.8700", "Year High": "53.5000", "Year Low": "49.5800", "Year Close": "53.3000", "Annual % Change": "5.73%"}, "2020": {"Average Stock Price": "42.9023", "Year Open": "46.1100", "Year High": "51.8700", "Year Low": "29.3100", "Year Close": "50.4100", "Annual % Change": "8.76%"}, "2019": {"Average Stock Price": "41.6413", "Year Open": "40.9500", "Year High": "46.3500", "Year Low": "36.7600", "Year Close": "46.3500", "Annual % Change": "13.13%"}, "2018": {"Average Stock Price": "45.6919", "Year Open": "40.0900", "Year High": "51.7900", "Year Low": "39.6200", "Year Close": "40.9700", "Annual % Change": "2.22%"}, "2017": {"Average Stock Price": "42.7463", "Year Open": "46.1900", "Year High": "46.9700", "Year Low": "38.9600", "Year Close": "40.0800", "Annual % Change": "-12.20%"}, "2016": {"Average Stock Price": "40.5944", "Year Open": "35.8400", "Year High": "47.7200", "Year Low": "30.5100", "Year Close": "45.6500", "Annual % Change": "24.45%"}, "2015": {"Average Stock Price": "45.9110", "Year Open": "52.0200", "Year High": "53.1700", "Year Low": "34.1800", "Year Close": "36.6800", "Annual % Change": "-29.46%"}, "2014": {"Average Stock Price": "46.1494", "Year Open": "42.9900", "Year High": "53.7100", "Year Low": "38.2300", "Year Close": "52.0000", "Annual % Change": "19.82%"}, "2013": {"Average Stock Price": "35.3088", "Year Open": "28.6700", "Year High": "43.7900", "Year Low": "28.0100", "Year Close": "43.4000", "Annual % Change": "58.45%"}, "2012": {"Average Stock Price": "29.0001", "Year Open": "28.8900", "Year High": "33.5000", "Year Low": "24.4800", "Year Close": "27.3900", "Annual % Change": "-4.23%"}, "2011": {"Average Stock Price": "31.1342", "Year Open": "30.4000", "Year High": "37.6500", "Year Low": "24.1600", "Year Close": "28.6000", "Annual % Change": "-4.92%"}, "2010": {"Average Stock Price": "29.4378", "Year Open": "31.4700", "Year High": "33.7100", "Year Low": "24.5100", "Year Close": "30.0800", "Annual % Change": "-3.93%"}, "2009": {"Average Stock Price": "28.3551", "Year Open": "29.1900", "Year High": "32.6100", "Year Low": "23.7300", "Year Close": "31.3100", "Annual % Change": "8.60%"}, "2008": {"Average Stock Price": "33.4765", "Year Open": "45.2600", "Year High": "48.1800", "Year Low": "15.2900", "Year Close": "28.8300", "Annual % Change": "-37.91%"}, "2007": {"Average Stock Price": "35.1791", "Year Open": "32.0600", "Year High": "47.0900", "Year Low": "30.7000", "Year Close": "46.4300", "Annual % Change": "45.28%"}, "2006": {"Average Stock Price": "36.6442", "Year Open": "24.3800", "Year High": "45.2500", "Year Low": "24.3800", "Year Close": "31.9600", "Annual % Change": "29.60%"}, "2005": {"Average Stock Price": "22.6706", "Year Open": "21.9600", "Year High": "25.3200", "Year Low": "17.9900", "Year Close": "24.6600", "Annual % Change": "10.53%"}, "2004": {"Average Stock Price": "17.3363", "Year Open": "15.2700", "Year High": "22.3600", "Year Low": "14.9500", "Year Close": "22.3100", "Annual % Change": "46.58%"}, "2003": {"Average Stock Price": "12.7297", "Year Open": "12.5200", "Year High": "15.2200", "Year Low": "10.5400", "Year Close": "15.2200", "Annual % Change": "22.74%"}, "2002": {"Average Stock Price": "13.1588", "Year Open": "14.1700", "Year High": "14.6500", "Year Low": "10.9200", "Year Close": "12.4000", "Annual % Change": "-13.59%"}, "2001": {"Average Stock Price": "13.7329", "Year Open": "14.6300", "Year High": "15.9600", "Year Low": "11.0000", "Year Close": "14.3500", "Annual % Change": "-4.33%"}, "2000": {"Average Stock Price": "10.6411", "Year Open": "12.0000", "Year High": "15.0000", "Year Low": "8.3130", "Year Close": "15.0000", "Annual % Change": "24.28%"}, "1999": {"Average Stock Price": "14.0599", "Year Open": "16.6200", "Year High": "16.8100", "Year Low": "11.5300", "Year Close": "12.0700", "Annual % Change": "-29.50%"}, "1998": {"Average Stock Price": "19.1415", "Year Open": "21.6900", "Year High": "23.5600", "Year Low": "15.0000", "Year Close": "17.1200", "Annual % Change": "-21.07%"}, "1997": {"Average Stock Price": "20.9835", "Year Open": "22.0000", "Year High": "24.1900", "Year Low": "17.2500", "Year Close": "21.6900", "Annual % Change": "-1.41%"}, "1996": {"Average Stock Price": "19.3547", "Year Open": "18.2500", "Year High": "23.0000", "Year Low": "16.6300", "Year Close": "22.0000", "Annual % Change": "22.22%"}, "1995": {"Average Stock Price": "17.8791", "Year Open": "20.2500", "Year High": "20.5000", "Year Low": "15.0000", "Year Close": "18.0000", "Annual % Change": "-12.71%"}, "1994": {"Average Stock Price": "17.0511", "Year Open": "15.3333", "Year High": "20.8700", "Year Low": "15.0000", "Year Close": "20.6200", "Annual % Change": "35.96%"}, "1993": {"Average Stock Price": "16.0192", "Year Open": "17.9133", "Year High": "19.0800", "Year Low": "14.5000", "Year Close": "15.1667", "Annual % Change": "-14.15%"}, "1992": {"Average Stock Price": "17.6908", "Year Open": "21.2467", "Year High": "21.8333", "Year Low": "15.5800", "Year Close": "17.6667", "Annual % Change": "-19.99%"}, "1991": {"Average Stock Price": "16.2691", "Year Open": "14.9200", "Year High": "22.0800", "Year Low": "13.0800", "Year Close": "22.0800", "Annual % Change": "45.58%"}, "1990": {"Average Stock Price": "15.4641", "Year Open": "15.3333", "Year High": "18.0800", "Year Low": "12.4133", "Year Close": "15.1667", "Annual % Change": "-1.60%"}, "1989": {"Average Stock Price": "12.5838", "Year Open": "9.1689", "Year High": "15.4133", "Year Low": "9.1689", "Year Close": "15.4133", "Annual % Change": "66.17%"}, "1988": {"Average Stock Price": "9.0661", "Year Open": "9.9467", "Year High": "10.2222", "Year Low": "8.0000", "Year Close": "9.2756", "Annual % Change": "-1.79%"}, "1987": {"Average Stock Price": "9.6104", "Year Open": "8.2222", "Year High": "12.1111", "Year Low": "7.8889", "Year Close": "9.4444", "Annual % Change": "15.61%"}, "1986": {"Average Stock Price": "8.3444", "Year Open": "7.5911", "Year High": "10.2800", "Year Low": "7.3333", "Year Close": "8.1689", "Annual % Change": "6.04%"}, "1985": {"Average Stock Price": "6.4256", "Year Open": "5.5170", "Year High": "7.8519", "Year Low": "5.5170", "Year Close": "7.7037", "Annual % Change": "35.91%"}, "1984": {"Average Stock Price": "5.4948", "Year Open": "5.7778", "Year High": "6.8889", "Year Low": "4.5926", "Year Close": "5.6681", "Annual % Change": "-4.35%"}}}, "market cap": {"value": "$29.64B"}, "income statement": {"Revenue": {"2020-12-31": "64355.00000", "2019-12-31": "64656.00000", "2018-12-31": "64341.00000", "2017-12-31": "60828.00000", "2016-12-31": "62346.00000", "2015-12-31": "67702.00000", "2014-12-31": "81201.00000", "2013-12-31": "89804.00000", "2012-12-31": "90559.00000", "2012-06-30": "89038.00000", "2011-06-30": "80676.00000", "2010-06-30": "61682.00000", "2009-06-30": "69207.00000", "2008-06-30": "69816.00000", "2007-06-30": "44018.00000", "2006-06-30": "36596.00000", "2005-06-30": "35943.00000"}, "Cost Of Goods Sold": {"2020-12-31": "59902.00000", "2019-12-31": "60509.00000", "2018-12-31": "60160.00000", "2017-12-31": "57310.00000", "2016-12-31": "58728.00000", "2015-12-31": "63736.00000", "2014-12-31": "76433.00000", "2013-12-31": "85915.00000", "2012-12-31": "86936.00000", "2012-06-30": "85370.00000", "2011-06-30": "76376.00000", "2010-06-30": "57839.00000", "2009-06-30": "65118.00000", "2008-06-30": "65974.00000", "2007-06-30": "40781.00000", "2006-06-30": "33630.00000", "2005-06-30": "33512.00000"}, "Gross Profit": {"2020-12-31": "4453.00000", "2019-12-31": "4147.00000", "2018-12-31": "4181.00000", "2017-12-31": "3518.00000", "2016-12-31": "3618.00000", "2015-12-31": "3966.00000", "2014-12-31": "4768.00000", "2013-12-31": "3889.00000", "2012-12-31": "3623.00000", "2012-06-30": "3668.00000", "2011-06-30": "4300.00000", "2010-06-30": "3843.00000", "2009-06-30": "4089.00000", "2008-06-30": "3842.00000", "2007-06-30": "3237.00000", "2006-06-30": "2966.00000", "2005-06-30": "2431.00000"}, "Research And Development Expenses": {"2020-12-31": "", "2019-12-31": "", "2018-12-31": "", "2017-12-31": "", "2016-12-31": "", "2015-12-31": "", "2014-12-31": "", "2013-12-31": "", "2012-12-31": "", "2012-06-30": "", "2011-06-30": "", "2010-06-30": "", "2009-06-30": "", "2008-06-30": "", "2007-06-30": "", "2006-06-30": "", "2005-06-30": ""}, "SG&A Expenses": {"2020-12-31": "2687.00000", "2019-12-31": "2493.00000", "2018-12-31": "2165.00000", "2017-12-31": "1978.00000", "2016-12-31": "1981.00000", "2015-12-31": "1985.00000", "2014-12-31": "1933.00000", "2013-12-31": "1759.00000", "2012-12-31": "1665.00000", "2012-06-30": "1626.00000", "2011-06-30": "1611.00000", "2010-06-30": "1398.00000", "2009-06-30": "1412.00000", "2008-06-30": "1419.00000", "2007-06-30": "1195.00000", "2006-06-30": "1193.00000", "2005-06-30": "1081.00000"}, "Other Operating Income Or Expenses": {"2020-12-31": "", "2019-12-31": "", "2018-12-31": "", "2017-12-31": "", "2016-12-31": "", "2015-12-31": "", "2014-12-31": "", "2013-12-31": "", "2012-12-31": "", "2012-06-30": "", "2011-06-30": "", "2010-06-30": "", "2009-06-30": "", "2008-06-30": "", "2007-06-30": "", "2006-06-30": "", "2005-06-30": ""}, "Operating Expenses": {"2020-12-31": "62589.00000", "2019-12-31": "63002.00000", "2018-12-31": "62325.00000", "2017-12-31": "59288.00000", "2016-12-31": "60709.00000", "2015-12-31": "65721.00000", "2014-12-31": "78366.00000", "2013-12-31": "87674.00000", "2012-12-31": "88601.00000", "2012-06-30": "86996.00000", "2011-06-30": "77987.00000", "2010-06-30": "59237.00000", "2009-06-30": "66530.00000", "2008-06-30": "67393.00000", "2007-06-30": "41976.00000", "2006-06-30": "34823.00000", "2005-06-30": "34593.00000"}, "Operating Income": {"2020-12-31": "1766.00000", "2019-12-31": "1654.00000", "2018-12-31": "2016.00000", "2017-12-31": "1540.00000", "2016-12-31": "1637.00000", "2015-12-31": "1981.00000", "2014-12-31": "2835.00000", "2013-12-31": "2130.00000", "2012-12-31": "1958.00000", "2012-06-30": "2042.00000", "2011-06-30": "2689.00000", "2010-06-30": "2445.00000", "2009-06-30": "2677.00000", "2008-06-30": "2423.00000", "2007-06-30": "2042.00000", "2006-06-30": "1773.00000", "2005-06-30": "1350.00000"}, "Total Non-Operating Income/Expense": {"2020-12-31": "117.00000", "2019-12-31": "-66.00000", "2018-12-31": "44.00000", "2017-12-31": "69.00000", "2016-12-31": "185.00000", "2015-12-31": "303.00000", "2014-12-31": "295.00000", "2013-12-31": "-106.00000", "2012-12-31": "23.00000", "2012-06-30": "-277.00000", "2011-06-30": "326.00000", "2010-06-30": "140.00000", "2009-06-30": "-177.00000", "2008-06-30": "171.00000", "2007-06-30": "1112.00000", "2006-06-30": "82.00000", "2005-06-30": "166.00000"}, "Pre-Tax Income": {"2020-12-31": "1883.00000", "2019-12-31": "1588.00000", "2018-12-31": "2060.00000", "2017-12-31": "1609.00000", "2016-12-31": "1822.00000", "2015-12-31": "2284.00000", "2014-12-31": "3130.00000", "2013-12-31": "2024.00000", "2012-12-31": "1981.00000", "2012-06-30": "1765.00000", "2011-06-30": "3015.00000", "2010-06-30": "2585.00000", "2009-06-30": "2500.00000", "2008-06-30": "2594.00000", "2007-06-30": "3154.00000", "2006-06-30": "1855.00000", "2005-06-30": "1516.00000"}, "Income Taxes": {"2020-12-31": "101.00000", "2019-12-31": "209.00000", "2018-12-31": "245.00000", "2017-12-31": "7.00000", "2016-12-31": "534.00000", "2015-12-31": "438.00000", "2014-12-31": "877.00000", "2013-12-31": "670.00000", "2012-12-31": "589.00000", "2012-06-30": "523.00000", "2011-06-30": "997.00000", "2010-06-30": "666.00000", "2009-06-30": "812.00000", "2008-06-30": "808.00000", "2007-06-30": "992.00000", "2006-06-30": "543.00000", "2005-06-30": "472.00000"}, "Income After Taxes": {"2020-12-31": "1782.00000", "2019-12-31": "1379.00000", "2018-12-31": "1815.00000", "2017-12-31": "1602.00000", "2016-12-31": "1288.00000", "2015-12-31": "1846.00000", "2014-12-31": "2253.00000", "2013-12-31": "1354.00000", "2012-12-31": "1392.00000", "2012-06-30": "1242.00000", "2011-06-30": "2018.00000", "2010-06-30": "1919.00000", "2009-06-30": "1688.00000", "2008-06-30": "1786.00000", "2007-06-30": "2162.00000", "2006-06-30": "1312.00000", "2005-06-30": "1044.00000"}, "Other Income": {"2020-12-31": "", "2019-12-31": "", "2018-12-31": "", "2017-12-31": "", "2016-12-31": "", "2015-12-31": "", "2014-12-31": "", "2013-12-31": "", "2012-12-31": "", "2012-06-30": "", "2011-06-30": "", "2010-06-30": "", "2009-06-30": "", "2008-06-30": "", "2007-06-30": "", "2006-06-30": "", "2005-06-30": ""}, "Income From Continuous Operations": {"2020-12-31": "1782.00000", "2019-12-31": "1379.00000", "2018-12-31": "1815.00000", "2017-12-31": "1602.00000", "2016-12-31": "1288.00000", "2015-12-31": "1846.00000", "2014-12-31": "2253.00000", "2013-12-31": "1354.00000", "2012-12-31": "1392.00000", "2012-06-30": "1242.00000", "2011-06-30": "2018.00000", "2010-06-30": "1919.00000", "2009-06-30": "1688.00000", "2008-06-30": "1786.00000", "2007-06-30": "2162.00000", "2006-06-30": "1312.00000", "2005-06-30": "1044.00000"}, "Income From Discontinued Operations": {"2020-12-31": "", "2019-12-31": "", "2018-12-31": "", "2017-12-31": "", "2016-12-31": "", "2015-12-31": "", "2014-12-31": "", "2013-12-31": "", "2012-12-31": "", "2012-06-30": "", "2011-06-30": "", "2010-06-30": "", "2009-06-30": "", "2008-06-30": "", "2007-06-30": "", "2006-06-30": "", "2005-06-30": ""}, "Net Income": {"2020-12-31": "1772.00000", "2019-12-31": "1379.00000", "2018-12-31": "1810.00000", "2017-12-31": "1595.00000", "2016-12-31": "1279.00000", "2015-12-31": "1849.00000", "2014-12-31": "2248.00000", "2013-12-31": "1342.00000", "2012-12-31": "1375.00000", "2012-06-30": "1223.00000", "2011-06-30": "2036.00000", "2010-06-30": "1930.00000", "2009-06-30": "1684.00000", "2008-06-30": "1780.00000", "2007-06-30": "2162.00000", "2006-06-30": "1312.00000", "2005-06-30": "1044.00000"}, "EBITDA": {"2020-12-31": "2742.00000", "2019-12-31": "2647.00000", "2018-12-31": "2957.00000", "2017-12-31": "2464.00000", "2016-12-31": "2537.00000", "2015-12-31": "2863.00000", "2014-12-31": "3729.00000", "2013-12-31": "3039.00000", "2012-12-31": "2827.00000", "2012-06-30": "2890.00000", "2011-06-30": "3566.00000", "2010-06-30": "3357.00000", "2009-06-30": "3457.00000", "2008-06-30": "3222.00000", "2007-06-30": "2764.00000", "2006-06-30": "2501.00000", "2005-06-30": "2056.00000"}, "EBIT": {"2020-12-31": "1766.00000", "2019-12-31": "1654.00000", "2018-12-31": "2016.00000", "2017-12-31": "1540.00000", "2016-12-31": "1637.00000", "2015-12-31": "1981.00000", "2014-12-31": "2835.00000", "2013-12-31": "2130.00000", "2012-12-31": "1958.00000", "2012-06-30": "2042.00000", "2011-06-30": "2689.00000", "2010-06-30": "2445.00000", "2009-06-30": "2677.00000", "2008-06-30": "2423.00000", "2007-06-30": "2042.00000", "2006-06-30": "1773.00000", "2005-06-30": "1350.00000"}, "Basic Shares Outstanding": {"2020-12-31": "", "2019-12-31": "563.00000", "2018-12-31": "564.00000", "2017-12-31": "569.00000", "2016-12-31": "588.00000", "2015-12-31": "618.00000", "2014-12-31": "653.00000", "2013-12-31": "661.00000", "2012-12-31": "660.00000", "2012-06-30": "665.00000", "2011-06-30": "642.00000", "2010-06-30": "643.00000", "2009-06-30": "643.00000", "2008-06-30": "644.00000", "2007-06-30": "651.00000", "2006-06-30": "654.00000", "2005-06-30": "654.00000"}, "Shares Outstanding": {"2020-12-31": "563.00000", "2019-12-31": "565.00000", "2018-12-31": "567.00000", "2017-12-31": "572.00000", "2016-12-31": "591.00000", "2015-12-31": "621.00000", "2014-12-31": "656.00000", "2013-12-31": "663.00000", "2012-12-31": "662.00000", "2012-06-30": "666.00000", "2011-06-30": "654.00000", "2010-06-30": "644.00000", "2009-06-30": "644.00000", "2008-06-30": "646.00000", "2007-06-30": "656.00000", "2006-06-30": "656.00000", "2005-06-30": "656.00000"}, "Basic EPS": {"2020-12-31": "", "2019-12-31": "2.45000", "2018-12-31": "3.21000", "2017-12-31": "2.80000", "2016-12-31": "2.18000", "2015-12-31": "2.99000", "2014-12-31": "3.44000", "2013-12-31": "2.03000", "2012-12-31": "2.08000", "2012-06-30": "1.84000", "2011-06-30": "3.17000", "2010-06-30": "3.00000", "2009-06-30": "2.62000", "2008-06-30": "2.76000", "2007-06-30": "3.32000", "2006-06-30": "2.01000", "2005-06-30": "1.60000"}, "EPS - Earnings Per Share": {"2020-12-31": "3.15000", "2019-12-31": "2.44000", "2018-12-31": "3.19000", "2017-12-31": "2.79000", "2016-12-31": "2.16000", "2015-12-31": "2.98000", "2014-12-31": "3.43000", "2013-12-31": "2.02000", "2012-12-31": "2.08000", "2012-06-30": "1.84000", "2011-06-30": "3.13000", "2010-06-30": "3.00000", "2009-06-30": "2.62000", "2008-06-30": "2.75000", "2007-06-30": "3.30000", "2006-06-30": "2.00000", "2005-06-30": "1.59000"}}, "income statement, quarterly": {"Revenue": {"2020-12-31": "17978.00000", "2020-09-30": "15126.00000", "2020-06-30": "16281.00000", "2020-03-31": "14970.00000", "2019-12-31": "16329.00000", "2019-09-30": "16726.00000", "2019-06-30": "16297.00000", "2019-03-31": "15304.00000", "2018-12-31": "15947.00000", "2018-09-30": "15800.00000", "2018-06-30": "17068.00000", "2018-03-31": "15526.00000", "2017-12-31": "16070.00000", "2017-09-30": "14827.00000", "2017-06-30": "14943.00000", "2017-03-31": "14988.00000", "2016-12-31": "16501.00000", "2016-09-30": "15832.00000", "2016-06-30": "15629.00000", "2016-03-31": "14384.00000", "2015-12-31": "16445.00000", "2015-09-30": "16565.00000", "2015-06-30": "17186.00000", "2015-03-31": "17506.00000", "2014-12-31": "20894.00000", "2014-09-30": "18117.00000", "2014-06-30": "21494.00000", "2014-03-31": "20696.00000", "2013-12-31": "24143.00000", "2013-09-30": "21393.00000", "2013-06-30": "22541.00000", "2013-03-31": "21727.00000", "2012-12-31": "24921.00000", "2012-09-30": "21808.00000", "2012-06-30": "22675.00000", "2012-03-31": "21155.00000", "2011-12-31": "23306.00000", "2011-09-30": "21902.00000", "2011-06-30": "", "2011-03-31": "20077.00000", "2010-12-31": "20930.00000", "2010-09-30": "16799.00000", "2010-06-30": "", "2010-03-31": "15145.00000", "2009-12-31": "15913.00000", "2009-09-30": "14921.00000", "2009-06-30": "", "2009-03-31": "14842.00000", "2008-12-31": "16673.00000", "2008-09-30": "21160.00000", "2008-06-30": "", "2008-03-31": "18708.00000", "2007-12-31": "16496.00000", "2007-09-30": "12828.00000", "2007-06-30": "", "2007-03-31": "11381.00000", "2006-12-31": "10976.00000", "2006-09-30": "9447.00000", "2006-06-30": "", "2006-03-31": "9122.84100", "2005-12-31": "9298.98500", "2005-09-30": "8626.94900", "2005-06-30": "", "2005-03-31": "8484.17100"}, "Cost Of Goods Sold": {"2020-12-31": "16626.00000", "2020-09-30": "14084.00000", "2020-06-30": "15173.00000", "2020-03-31": "14019.00000", "2019-12-31": "15160.00000", "2019-09-30": "15648.00000", "2019-06-30": "15325.00000", "2019-03-31": "14376.00000", "2018-12-31": "14894.00000", "2018-09-30": "14742.00000", "2018-06-30": "15887.00000", "2018-03-31": "14637.00000", "2017-12-31": "15128.00000", "2017-09-30": "14015.00000", "2017-06-30": "14051.00000", "2017-03-31": "14116.00000", "2016-12-31": "15491.00000", "2016-09-30": "14742.00000", "2016-06-30": "14892.00000", "2016-03-31": "13603.00000", "2015-12-31": "15634.00000", "2015-09-30": "15476.00000", "2015-06-30": "16222.00000", "2015-03-31": "16404.00000", "2014-12-31": "19443.00000", "2014-09-30": "16647.00000", "2014-06-30": "20322.00000", "2014-03-31": "20021.00000", "2013-12-31": "22973.00000", "2013-09-30": "20237.00000", "2013-06-30": "21734.00000", "2013-03-31": "20971.00000", "2012-12-31": "23925.00000", "2012-09-30": "21002.00000", "2012-06-30": "21862.00000", "2012-03-31": "20147.00000", "2011-12-31": "22493.00000", "2011-09-30": "20868.00000", "2011-06-30": "", "2011-03-31": "18917.00000", "2010-12-31": "19696.00000", "2010-09-30": "15991.00000", "2010-06-30": "", "2010-03-31": "14254.00000", "2009-12-31": "14860.00000", "2009-09-30": "13948.00000", "2009-06-30": "", "2009-03-31": "14193.00000", "2008-12-31": "15461.00000", "2008-09-30": "19293.00000", "2008-06-30": "", "2008-03-31": "17551.00000", "2007-12-31": "15548.00000", "2007-09-30": "11898.00000", "2007-06-30": "", "2007-03-31": "10635.00000", "2006-12-31": "10068.00000", "2006-09-30": "8581.00000", "2006-06-30": "", "2006-03-31": "8352.10900", "2005-12-31": "8515.51700", "2005-09-30": "8044.23800", "2005-06-30": "", "2005-03-31": "7909.31500"}, "Gross Profit": {"2020-12-31": "1352.00000", "2020-09-30": "1042.00000", "2020-06-30": "1108.00000", "2020-03-31": "951.00000", "2019-12-31": "1169.00000", "2019-09-30": "1078.00000", "2019-06-30": "972.00000", "2019-03-31": "928.00000", "2018-12-31": "1053.00000", "2018-09-30": "1058.00000", "2018-06-30": "1181.00000", "2018-03-31": "889.00000", "2017-12-31": "942.00000", "2017-09-30": "812.00000", "2017-06-30": "892.00000", "2017-03-31": "872.00000", "2016-12-31": "1010.00000", "2016-09-30": "1090.00000", "2016-06-30": "737.00000", "2016-03-31": "781.00000", "2015-12-31": "811.00000", "2015-09-30": "1089.00000", "2015-06-30": "964.00000", "2015-03-31": "1102.00000", "2014-12-31": "1451.00000", "2014-09-30": "1470.00000", "2014-06-30": "1172.00000", "2014-03-31": "675.00000", "2013-12-31": "1170.00000", "2013-09-30": "1156.00000", "2013-06-30": "807.00000", "2013-03-31": "756.00000", "2012-12-31": "996.00000", "2012-09-30": "806.00000", "2012-06-30": "813.00000", "2012-03-31": "1008.00000", "2011-12-31": "813.00000", "2011-09-30": "1034.00000", "2011-06-30": "", "2011-03-31": "1160.00000", "2010-12-31": "1234.00000", "2010-09-30": "808.00000", "2010-06-30": "", "2010-03-31": "891.00000", "2009-12-31": "1053.00000", "2009-09-30": "973.00000", "2009-06-30": "", "2009-03-31": "649.00000", "2008-12-31": "1212.00000", "2008-09-30": "1867.00000", "2008-06-30": "", "2008-03-31": "1157.00000", "2007-12-31": "948.00000", "2007-09-30": "930.00000", "2007-06-30": "", "2007-03-31": "746.00000", "2006-12-31": "908.00000", "2006-09-30": "866.00000", "2006-06-30": "", "2006-03-31": "770.73140", "2005-12-31": "783.46880", "2005-09-30": "582.71140", "2005-06-30": "", "2005-03-31": "574.85600"}, "Research And Development Expenses": {"2020-12-31": "", "2020-09-30": "", "2020-06-30": "", "2020-03-31": "", "2019-12-31": "", "2019-09-30": "", "2019-06-30": "", "2019-03-31": "", "2018-12-31": "", "2018-09-30": "", "2018-06-30": "", "2018-03-31": "", "2017-12-31": "", "2017-09-30": "", "2017-06-30": "", "2017-03-31": "", "2016-12-31": "", "2016-09-30": "", "2016-06-30": "", "2016-03-31": "", "2015-12-31": "", "2015-09-30": "", "2015-06-30": "", "2015-03-31": "", "2014-12-31": "", "2014-09-30": "", "2014-06-30": "", "2014-03-31": "", "2013-12-31": "", "2013-09-30": "", "2013-06-30": "", "2013-03-31": "", "2012-12-31": "", "2012-09-30": "", "2012-06-30": "", "2012-03-31": "", "2011-12-31": "", "2011-09-30": "", "2011-06-30": "", "2011-03-31": "", "2010-12-31": "", "2010-09-30": "", "2010-06-30": "", "2010-03-31": "", "2009-12-31": "", "2009-09-30": "", "2009-06-30": "", "2009-03-31": "", "2008-12-31": "", "2008-09-30": "", "2008-06-30": "", "2008-03-31": "", "2007-12-31": "", "2007-09-30": "", "2007-06-30": "", "2007-03-31": "", "2006-12-31": "", "2006-09-30": "", "2006-06-30": "", "2006-03-31": "", "2005-12-31": "", "2005-09-30": "", "2005-06-30": "", "2005-03-31": ""}, "SG&A Expenses": {"2020-12-31": "749.00000", "2020-09-30": "636.00000", "2020-06-30": "638.00000", "2020-03-31": "664.00000", "2019-12-31": "654.00000", "2019-09-30": "578.00000", "2019-06-30": "602.00000", "2019-03-31": "659.00000", "2018-12-31": "558.00000", "2018-09-30": "534.00000", "2018-06-30": "560.00000", "2018-03-31": "513.00000", "2017-12-31": "459.00000", "2017-09-30": "478.00000", "2017-06-30": "525.00000", "2017-03-31": "516.00000", "2016-12-31": "456.00000", "2016-09-30": "546.00000", "2016-06-30": "500.00000", "2016-03-31": "479.00000", "2015-12-31": "443.00000", "2015-09-30": "519.00000", "2015-06-30": "525.00000", "2015-03-31": "498.00000", "2014-12-31": "663.00000", "2014-09-30": "451.00000", "2014-06-30": "426.00000", "2014-03-31": "393.00000", "2013-12-31": "442.00000", "2013-09-30": "429.00000", "2013-06-30": "452.00000", "2013-03-31": "436.00000", "2012-12-31": "479.00000", "2012-09-30": "390.00000", "2012-06-30": "394.00000", "2012-03-31": "402.00000", "2011-12-31": "", "2011-09-30": "407.00000", "2011-06-30": "", "2011-03-31": "395.00000", "2010-12-31": "", "2010-09-30": "381.00000", "2010-06-30": "", "2010-03-31": "355.00000", "2009-12-31": "", "2009-09-30": "354.00000", "2009-06-30": "", "2009-03-31": "346.00000", "2008-12-31": "", "2008-09-30": "409.00000", "2008-06-30": "", "2008-03-31": "378.00000", "2007-12-31": "", "2007-09-30": "354.00000", "2007-06-30": "", "2007-03-31": "294.00000", "2006-12-31": "", "2006-09-30": "310.00000", "2006-06-30": "", "2006-03-31": "297.29500", "2005-12-31": "", "2005-09-30": "304.45500", "2005-06-30": "", "2005-03-31": "280.39500"}, "Other Operating Income Or Expenses": {"2020-12-31": "", "2020-09-30": "", "2020-06-30": "", "2020-03-31": "", "2019-12-31": "", "2019-09-30": "", "2019-06-30": "", "2019-03-31": "", "2018-12-31": "", "2018-09-30": "", "2018-06-30": "", "2018-03-31": "", "2017-12-31": "", "2017-09-30": "", "2017-06-30": "", "2017-03-31": "", "2016-12-31": "", "2016-09-30": "", "2016-06-30": "", "2016-03-31": "", "2015-12-31": "", "2015-09-30": "", "2015-06-30": "", "2015-03-31": "", "2014-12-31": "", "2014-09-30": "", "2014-06-30": "", "2014-03-31": "", "2013-12-31": "", "2013-09-30": "", "2013-06-30": "", "2013-03-31": "", "2012-12-31": "", "2012-09-30": "", "2012-06-30": "", "2012-03-31": "", "2011-12-31": "", "2011-09-30": "", "2011-06-30": "", "2011-03-31": "", "2010-12-31": "", "2010-09-30": "", "2010-06-30": "", "2010-03-31": "", "2009-12-31": "", "2009-09-30": "", "2009-06-30": "", "2009-03-31": "", "2008-12-31": "", "2008-09-30": "", "2008-06-30": "", "2008-03-31": "", "2007-12-31": "", "2007-09-30": "", "2007-06-30": "", "2007-03-31": "", "2006-12-31": "", "2006-09-30": "", "2006-06-30": "", "2006-03-31": "", "2005-12-31": "", "2005-09-30": "", "2005-06-30": "", "2005-03-31": ""}, "Operating Expenses": {"2020-12-31": "17375.00000", "2020-09-30": "14720.00000", "2020-06-30": "15811.00000", "2020-03-31": "14683.00000", "2019-12-31": "15814.00000", "2019-09-30": "16226.00000", "2019-06-30": "15927.00000", "2019-03-31": "15035.00000", "2018-12-31": "15452.00000", "2018-09-30": "15276.00000", "2018-06-30": "16447.00000", "2018-03-31": "15150.00000", "2017-12-31": "15587.00000", "2017-09-30": "14493.00000", "2017-06-30": "14576.00000", "2017-03-31": "14632.00000", "2016-12-31": "15947.00000", "2016-09-30": "15288.00000", "2016-06-30": "15392.00000", "2016-03-31": "14082.00000", "2015-12-31": "16077.00000", "2015-09-30": "15995.00000", "2015-06-30": "16747.00000", "2015-03-31": "16902.00000", "2014-12-31": "20106.00000", "2014-09-30": "17098.00000", "2014-06-30": "20748.00000", "2014-03-31": "20414.00000", "2013-12-31": "23415.00000", "2013-09-30": "20666.00000", "2013-06-30": "22186.00000", "2013-03-31": "21407.00000", "2012-12-31": "24404.00000", "2012-09-30": "21392.00000", "2012-06-30": "22256.00000", "2012-03-31": "20549.00000", "2011-12-31": "", "2011-09-30": "21275.00000", "2011-06-30": "", "2011-03-31": "19312.00000", "2010-12-31": "", "2010-09-30": "16372.00000", "2010-06-30": "", "2010-03-31": "14609.00000", "2009-12-31": "", "2009-09-30": "14302.00000", "2009-06-30": "", "2009-03-31": "14539.00000", "2008-12-31": "", "2008-09-30": "19702.00000", "2008-06-30": "", "2008-03-31": "17929.00000", "2007-12-31": "", "2007-09-30": "12252.00000", "2007-06-30": "", "2007-03-31": "10929.00000", "2006-12-31": "", "2006-09-30": "8891.00000", "2006-06-30": "", "2006-03-31": "8649.40400", "2005-12-31": "", "2005-09-30": "8348.69200", "2005-06-30": "", "2005-03-31": "8189.71000"}, "Operating Income": {"2020-12-31": "603.00000", "2020-09-30": "406.00000", "2020-06-30": "470.00000", "2020-03-31": "287.00000", "2019-12-31": "515.00000", "2019-09-30": "500.00000", "2019-06-30": "370.00000", "2019-03-31": "269.00000", "2018-12-31": "495.00000", "2018-09-30": "524.00000", "2018-06-30": "621.00000", "2018-03-31": "376.00000", "2017-12-31": "483.00000", "2017-09-30": "334.00000", "2017-06-30": "367.00000", "2017-03-31": "356.00000", "2016-12-31": "554.00000", "2016-09-30": "544.00000", "2016-06-30": "237.00000", "2016-03-31": "302.00000", "2015-12-31": "368.00000", "2015-09-30": "570.00000", "2015-06-30": "439.00000", "2015-03-31": "604.00000", "2014-12-31": "788.00000", "2014-09-30": "1019.00000", "2014-06-30": "746.00000", "2014-03-31": "282.00000", "2013-12-31": "728.00000", "2013-09-30": "727.00000", "2013-06-30": "355.00000", "2013-03-31": "320.00000", "2012-12-31": "517.00000", "2012-09-30": "416.00000", "2012-06-30": "419.00000", "2012-03-31": "606.00000", "2011-12-31": "23306.00000", "2011-09-30": "627.00000", "2011-06-30": "", "2011-03-31": "765.00000", "2010-12-31": "20930.00000", "2010-09-30": "427.00000", "2010-06-30": "", "2010-03-31": "536.00000", "2009-12-31": "15913.00000", "2009-09-30": "619.00000", "2009-06-30": "", "2009-03-31": "303.00000", "2008-12-31": "16673.00000", "2008-09-30": "1458.00000", "2008-06-30": "", "2008-03-31": "779.00000", "2007-12-31": "16496.00000", "2007-09-30": "576.00000", "2007-06-30": "", "2007-03-31": "452.00000", "2006-12-31": "10976.00000", "2006-09-30": "556.00000", "2006-06-30": "", "2006-03-31": "473.43650", "2005-12-31": "9298.98500", "2005-09-30": "278.25680", "2005-06-30": "", "2005-03-31": "294.46090"}, "Total Non-Operating Income/Expense": {"2020-12-31": "153.00000", "2020-09-30": "-206.00000", "2020-06-30": "82.00000", "2020-03-31": "88.00000", "2019-12-31": "-19.00000", "2019-09-30": "3.00000", "2019-06-30": "-96.00000", "2019-03-31": "46.00000", "2018-12-31": "-183.00000", "2018-09-30": "108.00000", "2018-06-30": "31.00000", "2018-03-31": "88.00000", "2017-12-31": "60.00000", "2017-09-30": "-109.00000", "2017-06-30": "16.00000", "2017-03-31": "102.00000", "2016-12-31": "75.00000", "2016-09-30": "-64.00000", "2016-06-30": "170.00000", "2016-03-31": "4.00000", "2015-12-31": "333.00000", "2015-09-30": "-203.00000", "2015-06-30": "87.00000", "2015-03-31": "86.00000", "2014-12-31": "208.00000", "2014-09-30": "14.00000", "2014-06-30": "-11.00000", "2014-03-31": "84.00000", "2013-12-31": "-105.00000", "2013-09-30": "-18.00000", "2013-06-30": "-38.00000", "2013-03-31": "55.00000", "2012-12-31": "185.00000", "2012-09-30": "-121.00000", "2012-06-30": "-3.00000", "2012-03-31": "-38.00000", "2011-12-31": "", "2011-09-30": "33.00000", "2011-06-30": "", "2011-03-31": "26.00000", "2010-12-31": "", "2010-09-30": "35.00000", "2010-06-30": "", "2010-03-31": "-2.00000", "2009-12-31": "", "2009-09-30": "98.00000", "2009-06-30": "", "2009-03-31": "-160.00000", "2008-12-31": "", "2008-09-30": "28.00000", "2008-06-30": "", "2008-03-31": "-24.00000", "2007-12-31": "", "2007-09-30": "71.00000", "2007-06-30": "", "2007-03-31": "104.00000", "2006-12-31": "", "2006-09-30": "20.00000", "2006-06-30": "", "2006-03-31": "19.52600", "2005-12-31": "", "2005-09-30": "-4.52400", "2005-06-30": "", "2005-03-31": "114.57500"}, "Pre-Tax Income": {"2020-12-31": "756.00000", "2020-09-30": "200.00000", "2020-06-30": "552.00000", "2020-03-31": "375.00000", "2019-12-31": "496.00000", "2019-09-30": "503.00000", "2019-06-30": "274.00000", "2019-03-31": "315.00000", "2018-12-31": "312.00000", "2018-09-30": "632.00000", "2018-06-30": "652.00000", "2018-03-31": "464.00000", "2017-12-31": "543.00000", "2017-09-30": "225.00000", "2017-06-30": "383.00000", "2017-03-31": "458.00000", "2016-12-31": "629.00000", "2016-09-30": "480.00000", "2016-06-30": "407.00000", "2016-03-31": "306.00000", "2015-12-31": "701.00000", "2015-09-30": "367.00000", "2015-06-30": "526.00000", "2015-03-31": "690.00000", "2014-12-31": "996.00000", "2014-09-30": "1033.00000", "2014-06-30": "735.00000", "2014-03-31": "366.00000", "2013-12-31": "623.00000", "2013-09-30": "709.00000", "2013-06-30": "317.00000", "2013-03-31": "375.00000", "2012-12-31": "702.00000", "2012-09-30": "295.00000", "2012-06-30": "416.00000", "2012-03-31": "568.00000", "2011-12-31": "121.00000", "2011-09-30": "660.00000", "2011-06-30": "", "2011-03-31": "791.00000", "2010-12-31": "998.00000", "2010-09-30": "462.00000", "2010-06-30": "", "2010-03-31": "534.00000", "2009-12-31": "784.00000", "2009-09-30": "717.00000", "2009-06-30": "", "2009-03-31": "143.00000", "2008-12-31": "817.00000", "2008-09-30": "1486.00000", "2008-06-30": "", "2008-03-31": "755.00000", "2007-12-31": "685.00000", "2007-09-30": "647.00000", "2007-06-30": "", "2007-03-31": "556.00000", "2006-12-31": "629.00000", "2006-09-30": "576.00000", "2006-06-30": "", "2006-03-31": "492.96300", "2005-12-31": "506.70400", "2005-09-30": "273.73200", "2005-06-30": "", "2005-03-31": "409.03600"}, "Income Taxes": {"2020-12-31": "63.00000", "2020-09-30": "-26.00000", "2020-06-30": "80.00000", "2020-03-31": "-16.00000", "2019-12-31": "-3.00000", "2019-09-30": "95.00000", "2019-06-30": "36.00000", "2019-03-31": "81.00000", "2018-12-31": "-5.00000", "2018-09-30": "96.00000", "2018-06-30": "86.00000", "2018-03-31": "68.00000", "2017-12-31": "-249.00000", "2017-09-30": "30.00000", "2017-06-30": "108.00000", "2017-03-31": "118.00000", "2016-12-31": "203.00000", "2016-09-30": "136.00000", "2016-06-30": "119.00000", "2016-03-31": "76.00000", "2015-12-31": "-16.00000", "2015-09-30": "114.00000", "2015-06-30": "143.00000", "2015-03-31": "197.00000", "2014-12-31": "291.00000", "2014-09-30": "285.00000", "2014-06-30": "203.00000", "2014-03-31": "98.00000", "2013-12-31": "246.00000", "2013-09-30": "228.00000", "2013-06-30": "91.00000", "2013-03-31": "105.00000", "2012-12-31": "192.00000", "2012-09-30": "111.00000", "2012-06-30": "123.00000", "2012-03-31": "163.00000", "2011-12-31": "38.00000", "2011-09-30": "199.00000", "2011-06-30": "", "2011-03-31": "223.00000", "2010-12-31": "269.00000", "2010-09-30": "120.00000", "2010-06-30": "", "2010-03-31": "118.00000", "2009-12-31": "223.00000", "2009-09-30": "220.00000", "2009-06-30": "", "2009-03-31": "140.00000", "2008-12-31": "238.00000", "2008-09-30": "440.00000", "2008-06-30": "", "2008-03-31": "238.00000", "2007-12-31": "212.00000", "2007-09-30": "206.00000", "2007-06-30": "", "2007-03-31": "193.00000", "2006-12-31": "188.00000", "2006-09-30": "173.00000", "2006-06-30": "", "2006-03-31": "145.16700", "2005-12-31": "139.02700", "2005-09-30": "87.39400", "2005-06-30": "", "2005-03-31": "139.94100"}, "Income After Taxes": {"2020-12-31": "693.00000", "2020-09-30": "226.00000", "2020-06-30": "472.00000", "2020-03-31": "391.00000", "2019-12-31": "499.00000", "2019-09-30": "408.00000", "2019-06-30": "238.00000", "2019-03-31": "234.00000", "2018-12-31": "317.00000", "2018-09-30": "536.00000", "2018-06-30": "566.00000", "2018-03-31": "396.00000", "2017-12-31": "792.00000", "2017-09-30": "195.00000", "2017-06-30": "275.00000", "2017-03-31": "340.00000", "2016-12-31": "426.00000", "2016-09-30": "344.00000", "2016-06-30": "288.00000", "2016-03-31": "230.00000", "2015-12-31": "717.00000", "2015-09-30": "253.00000", "2015-06-30": "383.00000", "2015-03-31": "493.00000", "2014-12-31": "705.00000", "2014-09-30": "748.00000", "2014-06-30": "532.00000", "2014-03-31": "268.00000", "2013-12-31": "377.00000", "2013-09-30": "481.00000", "2013-06-30": "226.00000", "2013-03-31": "270.00000", "2012-12-31": "510.00000", "2012-09-30": "184.00000", "2012-06-30": "293.00000", "2012-03-31": "405.00000", "2011-12-31": "", "2011-09-30": "461.00000", "2011-06-30": "", "2011-03-31": "568.00000", "2010-12-31": "", "2010-09-30": "342.00000", "2010-06-30": "", "2010-03-31": "416.00000", "2009-12-31": "", "2009-09-30": "497.00000", "2009-06-30": "", "2009-03-31": "3.00000", "2008-12-31": "", "2008-09-30": "1046.00000", "2008-06-30": "", "2008-03-31": "517.00000", "2007-12-31": "", "2007-09-30": "441.00000", "2007-06-30": "", "2007-03-31": "363.00000", "2006-12-31": "", "2006-09-30": "403.00000", "2006-06-30": "", "2006-03-31": "347.79600", "2005-12-31": "", "2005-09-30": "186.33800", "2005-06-30": "", "2005-03-31": "269.09500"}, "Other Income": {"2020-12-31": "", "2020-09-30": "", "2020-06-30": "", "2020-03-31": "", "2019-12-31": "", "2019-09-30": "", "2019-06-30": "", "2019-03-31": "", "2018-12-31": "", "2018-09-30": "", "2018-06-30": "", "2018-03-31": "", "2017-12-31": "", "2017-09-30": "", "2017-06-30": "", "2017-03-31": "", "2016-12-31": "", "2016-09-30": "", "2016-06-30": "", "2016-03-31": "", "2015-12-31": "", "2015-09-30": "", "2015-06-30": "", "2015-03-31": "", "2014-12-31": "", "2014-09-30": "", "2014-06-30": "", "2014-03-31": "", "2013-12-31": "", "2013-09-30": "", "2013-06-30": "", "2013-03-31": "", "2012-12-31": "", "2012-09-30": "", "2012-06-30": "", "2012-03-31": "", "2011-12-31": "", "2011-09-30": "", "2011-06-30": "", "2011-03-31": "", "2010-12-31": "", "2010-09-30": "", "2010-06-30": "", "2010-03-31": "", "2009-12-31": "", "2009-09-30": "", "2009-06-30": "", "2009-03-31": "", "2008-12-31": "", "2008-09-30": "", "2008-06-30": "", "2008-03-31": "", "2007-12-31": "", "2007-09-30": "", "2007-06-30": "", "2007-03-31": "", "2006-12-31": "", "2006-09-30": "", "2006-06-30": "", "2006-03-31": "", "2005-12-31": "", "2005-09-30": "", "2005-06-30": "", "2005-03-31": ""}, "Income From Continuous Operations": {"2020-12-31": "693.00000", "2020-09-30": "226.00000", "2020-06-30": "472.00000", "2020-03-31": "391.00000", "2019-12-31": "499.00000", "2019-09-30": "408.00000", "2019-06-30": "238.00000", "2019-03-31": "234.00000", "2018-12-31": "317.00000", "2018-09-30": "536.00000", "2018-06-30": "566.00000", "2018-03-31": "396.00000", "2017-12-31": "792.00000", "2017-09-30": "195.00000", "2017-06-30": "275.00000", "2017-03-31": "340.00000", "2016-12-31": "426.00000", "2016-09-30": "344.00000", "2016-06-30": "288.00000", "2016-03-31": "230.00000", "2015-12-31": "717.00000", "2015-09-30": "253.00000", "2015-06-30": "383.00000", "2015-03-31": "493.00000", "2014-12-31": "705.00000", "2014-09-30": "748.00000", "2014-06-30": "532.00000", "2014-03-31": "268.00000", "2013-12-31": "377.00000", "2013-09-30": "481.00000", "2013-06-30": "226.00000", "2013-03-31": "270.00000", "2012-12-31": "510.00000", "2012-09-30": "184.00000", "2012-06-30": "293.00000", "2012-03-31": "405.00000", "2011-12-31": "", "2011-09-30": "461.00000", "2011-06-30": "", "2011-03-31": "568.00000", "2010-12-31": "", "2010-09-30": "342.00000", "2010-06-30": "", "2010-03-31": "416.00000", "2009-12-31": "", "2009-09-30": "497.00000", "2009-06-30": "", "2009-03-31": "3.00000", "2008-12-31": "", "2008-09-30": "1046.00000", "2008-06-30": "", "2008-03-31": "517.00000", "2007-12-31": "", "2007-09-30": "441.00000", "2007-06-30": "", "2007-03-31": "363.00000", "2006-12-31": "", "2006-09-30": "403.00000", "2006-06-30": "", "2006-03-31": "347.79600", "2005-12-31": "", "2005-09-30": "186.33800", "2005-06-30": "", "2005-03-31": "269.09500"}, "Income From Discontinued Operations": {"2020-12-31": "", "2020-09-30": "", "2020-06-30": "", "2020-03-31": "", "2019-12-31": "", "2019-09-30": "", "2019-06-30": "", "2019-03-31": "", "2018-12-31": "", "2018-09-30": "", "2018-06-30": "", "2018-03-31": "", "2017-12-31": "", "2017-09-30": "", "2017-06-30": "", "2017-03-31": "", "2016-12-31": "", "2016-09-30": "", "2016-06-30": "", "2016-03-31": "", "2015-12-31": "", "2015-09-30": "", "2015-06-30": "", "2015-03-31": "", "2014-12-31": "", "2014-09-30": "", "2014-06-30": "", "2014-03-31": "", "2013-12-31": "", "2013-09-30": "", "2013-06-30": "", "2013-03-31": "", "2012-12-31": "", "2012-09-30": "", "2012-06-30": "", "2012-03-31": "", "2011-12-31": "", "2011-09-30": "", "2011-06-30": "", "2011-03-31": "", "2010-12-31": "", "2010-09-30": "", "2010-06-30": "", "2010-03-31": "", "2009-12-31": "", "2009-09-30": "", "2009-06-30": "", "2009-03-31": "", "2008-12-31": "", "2008-09-30": "", "2008-06-30": "", "2008-03-31": "", "2007-12-31": "", "2007-09-30": "", "2007-06-30": "", "2007-03-31": "", "2006-12-31": "", "2006-09-30": "", "2006-06-30": "", "2006-03-31": "", "2005-12-31": "", "2005-09-30": "", "2005-06-30": "", "2005-03-31": ""}, "Net Income": {"2020-12-31": "687.00000", "2020-09-30": "225.00000", "2020-06-30": "469.00000", "2020-03-31": "391.00000", "2019-12-31": "504.00000", "2019-09-30": "407.00000", "2019-06-30": "235.00000", "2019-03-31": "233.00000", "2018-12-31": "315.00000", "2018-09-30": "536.00000", "2018-06-30": "566.00000", "2018-03-31": "393.00000", "2017-12-31": "788.00000", "2017-09-30": "192.00000", "2017-06-30": "276.00000", "2017-03-31": "339.00000", "2016-12-31": "424.00000", "2016-09-30": "341.00000", "2016-06-30": "284.00000", "2016-03-31": "230.00000", "2015-12-31": "718.00000", "2015-09-30": "252.00000", "2015-06-30": "386.00000", "2015-03-31": "493.00000", "2014-12-31": "701.00000", "2014-09-30": "747.00000", "2014-06-30": "533.00000", "2014-03-31": "267.00000", "2013-12-31": "374.00000", "2013-09-30": "476.00000", "2013-06-30": "223.00000", "2013-03-31": "269.00000", "2012-12-31": "510.00000", "2012-09-30": "182.00000", "2012-06-30": "284.00000", "2012-03-31": "399.00000", "2011-12-31": "80.00000", "2011-09-30": "460.00000", "2011-06-30": "", "2011-03-31": "578.00000", "2010-12-31": "732.00000", "2010-09-30": "345.00000", "2010-06-30": "", "2010-03-31": "421.00000", "2009-12-31": "567.00000", "2009-09-30": "496.00000", "2009-06-30": "", "2009-03-31": "3.00000", "2008-12-31": "578.00000", "2008-09-30": "1045.00000", "2008-06-30": "", "2008-03-31": "517.00000", "2007-12-31": "473.00000", "2007-09-30": "441.00000", "2007-06-30": "", "2007-03-31": "363.00000", "2006-12-31": "441.00000", "2006-09-30": "403.00000", "2006-06-30": "", "2006-03-31": "347.79600", "2005-12-31": "367.67700", "2005-09-30": "186.33800", "2005-06-30": "", "2005-03-31": "269.09500"}, "EBITDA": {"2020-12-31": "", "2020-09-30": "644.00000", "2020-06-30": "714.00000", "2020-03-31": "532.00000", "2019-12-31": "766.00000", "2019-09-30": "749.00000", "2019-06-30": "618.00000", "2019-03-31": "514.00000", "2018-12-31": "730.00000", "2018-09-30": "756.00000", "2018-06-30": "860.00000", "2018-03-31": "611.00000", "2017-12-31": "723.00000", "2017-09-30": "566.00000", "2017-06-30": "594.00000", "2017-03-31": "581.00000", "2016-12-31": "776.00000", "2016-09-30": "770.00000", "2016-06-30": "458.00000", "2016-03-31": "533.00000", "2015-12-31": "592.00000", "2015-09-30": "787.00000", "2015-06-30": "664.00000", "2015-03-31": "820.00000", "2014-12-31": "1036.00000", "2014-09-30": "1233.00000", "2014-06-30": "959.00000", "2014-03-31": "501.00000", "2013-12-31": "956.00000", "2013-09-30": "954.00000", "2013-06-30": "582.00000", "2013-03-31": "547.00000", "2012-12-31": "714.00000", "2012-09-30": "633.00000", "2012-06-30": "821.00000", "2012-03-31": "820.00000", "2011-12-31": "23513.00000", "2011-09-30": "627.00000", "2011-06-30": "", "2011-03-31": "1430.00000", "2010-12-31": "21141.00000", "2010-09-30": "427.00000", "2010-06-30": "", "2010-03-31": "1209.00000", "2009-12-31": "16135.00000", "2009-09-30": "619.00000", "2009-06-30": "", "2009-03-31": "879.00000", "2008-12-31": "16877.00000", "2008-09-30": "1458.00000", "2008-06-30": "", "2008-03-31": "1341.00000", "2007-12-31": "16692.00000", "2007-09-30": "576.00000", "2007-06-30": "", "2007-03-31": "973.00000", "2006-12-31": "11150.00000", "2006-09-30": "556.00000", "2006-06-30": "", "2006-03-31": "991.22950", "2005-12-31": "9484.80300", "2005-09-30": "278.25680", "2005-06-30": "", "2005-03-31": "803.95590"}, "EBIT": {"2020-12-31": "603.00000", "2020-09-30": "406.00000", "2020-06-30": "470.00000", "2020-03-31": "287.00000", "2019-12-31": "515.00000", "2019-09-30": "500.00000", "2019-06-30": "370.00000", "2019-03-31": "269.00000", "2018-12-31": "495.00000", "2018-09-30": "524.00000", "2018-06-30": "621.00000", "2018-03-31": "376.00000", "2017-12-31": "483.00000", "2017-09-30": "334.00000", "2017-06-30": "367.00000", "2017-03-31": "356.00000", "2016-12-31": "554.00000", "2016-09-30": "544.00000", "2016-06-30": "237.00000", "2016-03-31": "302.00000", "2015-12-31": "368.00000", "2015-09-30": "570.00000", "2015-06-30": "439.00000", "2015-03-31": "604.00000", "2014-12-31": "788.00000", "2014-09-30": "1019.00000", "2014-06-30": "746.00000", "2014-03-31": "282.00000", "2013-12-31": "728.00000", "2013-09-30": "727.00000", "2013-06-30": "355.00000", "2013-03-31": "320.00000", "2012-12-31": "517.00000", "2012-09-30": "416.00000", "2012-06-30": "419.00000", "2012-03-31": "606.00000", "2011-12-31": "", "2011-09-30": "627.00000", "2011-06-30": "", "2011-03-31": "765.00000", "2010-12-31": "", "2010-09-30": "427.00000", "2010-06-30": "", "2010-03-31": "536.00000", "2009-12-31": "", "2009-09-30": "619.00000", "2009-06-30": "", "2009-03-31": "303.00000", "2008-12-31": "", "2008-09-30": "1458.00000", "2008-06-30": "", "2008-03-31": "779.00000", "2007-12-31": "", "2007-09-30": "576.00000", "2007-06-30": "", "2007-03-31": "452.00000", "2006-12-31": "", "2006-09-30": "556.00000", "2006-06-30": "", "2006-03-31": "473.43650", "2005-12-31": "", "2005-09-30": "278.25680", "2005-06-30": "", "2005-03-31": "294.46090"}, "Basic Shares Outstanding": {"2020-12-31": "", "2020-09-30": "561.00000", "2020-06-30": "561.00000", "2020-03-31": "563.00000", "2019-12-31": "563.00000", "2019-09-30": "562.00000", "2019-06-30": "565.00000", "2019-03-31": "565.00000", "2018-12-31": "564.00000", "2018-09-30": "565.00000", "2018-06-30": "564.00000", "2018-03-31": "563.00000", "2017-12-31": "569.00000", "2017-09-30": "566.00000", "2017-06-30": "571.00000", "2017-03-31": "576.00000", "2016-12-31": "588.00000", "2016-09-30": "586.00000", "2016-06-30": "591.00000", "2016-03-31": "595.00000", "2015-12-31": "618.00000", "2015-09-30": "612.00000", "2015-06-30": "624.00000", "2015-03-31": "636.00000", "2014-12-31": "653.00000", "2014-09-30": "650.00000", "2014-06-30": "656.00000", "2014-03-31": "660.00000", "2013-12-31": "661.00000", "2013-09-30": "661.00000", "2013-06-30": "661.00000", "2013-03-31": "661.00000", "2012-12-31": "660.00000", "2012-09-30": "660.00000", "2012-06-30": "660.00000", "2012-03-31": "662.00000", "2011-12-31": "666.00000", "2011-09-30": "673.00000", "2011-06-30": "", "2011-03-31": "638.00000", "2010-12-31": "639.00000", "2010-09-30": "640.00000", "2010-06-30": "", "2010-03-31": "643.00000", "2009-12-31": "643.00000", "2009-09-30": "642.00000", "2009-06-30": "", "2009-03-31": "642.00000", "2008-12-31": "642.00000", "2008-09-30": "644.00000", "2008-06-30": "", "2008-03-31": "644.00000", "2007-12-31": "643.00000", "2007-09-30": "644.00000", "2007-06-30": "", "2007-03-31": "649.00000", "2006-12-31": "657.00000", "2006-09-30": "657.00000", "2006-06-30": "", "2006-03-31": "653.99500", "2005-12-31": "653.27000", "2005-09-30": "651.94500", "2005-06-30": "", "2005-03-31": "656.16300"}, "Shares Outstanding": {"2020-12-31": "563.00000", "2020-09-30": "562.00000", "2020-06-30": "562.00000", "2020-03-31": "564.00000", "2019-12-31": "565.00000", "2019-09-30": "563.00000", "2019-06-30": "566.00000", "2019-03-31": "566.00000", "2018-12-31": "567.00000", "2018-09-30": "568.00000", "2018-06-30": "567.00000", "2018-03-31": "565.00000", "2017-12-31": "572.00000", "2017-09-30": "569.00000", "2017-06-30": "574.00000", "2017-03-31": "579.00000", "2016-12-31": "591.00000", "2016-09-30": "589.00000", "2016-06-30": "594.00000", "2016-03-31": "597.00000", "2015-12-31": "621.00000", "2015-09-30": "615.00000", "2015-06-30": "627.00000", "2015-03-31": "639.00000", "2014-12-31": "656.00000", "2014-09-30": "653.00000", "2014-06-30": "659.00000", "2014-03-31": "663.00000", "2013-12-31": "663.00000", "2013-09-30": "664.00000", "2013-06-30": "663.00000", "2013-03-31": "662.00000", "2012-12-31": "662.00000", "2012-09-30": "661.00000", "2012-06-30": "661.00000", "2012-03-31": "663.00000", "2011-12-31": "667.00000", "2011-09-30": "674.00000", "2011-06-30": "", "2011-03-31": "684.00000", "2010-12-31": "641.00000", "2010-09-30": "641.00000", "2010-06-30": "", "2010-03-31": "645.00000", "2009-12-31": "645.00000", "2009-09-30": "644.00000", "2009-06-30": "", "2009-03-31": "644.00000", "2008-12-31": "643.00000", "2008-09-30": "645.00000", "2008-06-30": "", "2008-03-31": "647.00000", "2007-12-31": "646.00000", "2007-09-30": "647.00000", "2007-06-30": "", "2007-03-31": "653.00000", "2006-12-31": "661.00000", "2006-09-30": "661.00000", "2006-06-30": "", "2006-03-31": "657.13000", "2005-12-31": "655.50800", "2005-09-30": "653.80500", "2005-06-30": "", "2005-03-31": "658.90400"}, "Basic EPS": {"2020-12-31": "", "2020-09-30": "0.40000", "2020-06-30": "0.84000", "2020-03-31": "0.69000", "2019-12-31": "0.90000", "2019-09-30": "0.72000", "2019-06-30": "0.42000", "2019-03-31": "0.41000", "2018-12-31": "0.56000", "2018-09-30": "0.95000", "2018-06-30": "1.00000", "2018-03-31": "0.70000", "2017-12-31": "1.39000", "2017-09-30": "0.34000", "2017-06-30": "0.48000", "2017-03-31": "0.59000", "2016-12-31": "0.73000", "2016-09-30": "0.58000", "2016-06-30": "0.48000", "2016-03-31": "0.39000", "2015-12-31": "1.18000", "2015-09-30": "0.41000", "2015-06-30": "0.62000", "2015-03-31": "0.78000", "2014-12-31": "1.08000", "2014-09-30": "1.15000", "2014-06-30": "0.81000", "2014-03-31": "0.40000", "2013-12-31": "0.56000", "2013-09-30": "0.72000", "2013-06-30": "0.34000", "2013-03-31": "0.41000", "2012-12-31": "0.77000", "2012-09-30": "0.28000", "2012-06-30": "0.43000", "2012-03-31": "0.60000", "2011-12-31": "0.12000", "2011-09-30": "0.68000", "2011-06-30": "", "2011-03-31": "0.91000", "2010-12-31": "1.15000", "2010-09-30": "0.54000", "2010-06-30": "", "2010-03-31": "0.65000", "2009-12-31": "0.88000", "2009-09-30": "0.77000", "2009-06-30": "", "2009-03-31": "0.00000", "2008-12-31": "0.90000", "2008-09-30": "1.62000", "2008-06-30": "", "2008-03-31": "0.80000", "2007-12-31": "0.74000", "2007-09-30": "0.68000", "2007-06-30": "", "2007-03-31": "0.56000", "2006-12-31": "0.67000", "2006-09-30": "0.61000", "2006-06-30": "", "2006-03-31": "0.53000", "2005-12-31": "0.56000", "2005-09-30": "0.29000", "2005-06-30": "", "2005-03-31": "0.41000"}, "EPS - Earnings Per Share": {"2020-12-31": "1.22000", "2020-09-30": "0.40000", "2020-06-30": "0.84000", "2020-03-31": "0.69000", "2019-12-31": "0.89000", "2019-09-30": "0.72000", "2019-06-30": "0.42000", "2019-03-31": "0.41000", "2018-12-31": "0.55000", "2018-09-30": "0.94000", "2018-06-30": "1.00000", "2018-03-31": "0.70000", "2017-12-31": "1.38000", "2017-09-30": "0.34000", "2017-06-30": "0.48000", "2017-03-31": "0.59000", "2016-12-31": "0.71000", "2016-09-30": "0.58000", "2016-06-30": "0.48000", "2016-03-31": "0.39000", "2015-12-31": "1.18000", "2015-09-30": "0.41000", "2015-06-30": "0.62000", "2015-03-31": "0.77000", "2014-12-31": "1.08000", "2014-09-30": "1.14000", "2014-06-30": "0.81000", "2014-03-31": "0.40000", "2013-12-31": "0.55000", "2013-09-30": "0.72000", "2013-06-30": "0.34000", "2013-03-31": "0.41000", "2012-12-31": "0.77000", "2012-09-30": "0.28000", "2012-06-30": "0.43000", "2012-03-31": "0.60000", "2011-12-31": "0.12000", "2011-09-30": "0.68000", "2011-06-30": "0.00000", "2011-03-31": "0.86000", "2010-12-31": "1.14000", "2010-09-30": "0.54000", "2010-06-30": "0.00000", "2010-03-31": "0.65000", "2009-12-31": "0.88000", "2009-09-30": "0.77000", "2009-06-30": "0.00000", "2009-03-31": "0.00000", "2008-12-31": "0.90000", "2008-09-30": "1.62000", "2008-06-30": "0.00000", "2008-03-31": "0.80000", "2007-12-31": "0.73000", "2007-09-30": "0.68000", "2007-06-30": "0.00000", "2007-03-31": "0.56000", "2006-12-31": "0.67000", "2006-09-30": "0.61000", "2006-06-30": "0.00000", "2006-03-31": "0.53000", "2005-12-31": "0.56000", "2005-09-30": "0.29000", "2005-06-30": "0.00000", "2005-03-31": "0.41000"}}, "balance sheet": {"Cash On Hand": {"2020-12-31": "667.00000", "2019-12-31": "5310.00000", "2018-12-31": "6503.00000", "2017-12-31": "5630.00000", "2016-12-31": "5926.00000", "2015-12-31": "6562.00000", "2014-12-31": "6491.00000", "2013-12-31": "7515.00000", "2012-12-31": "5928.00000", "2012-06-30": "4730.00000", "2011-06-30": "4750.00000", "2010-06-30": "3777.00000", "2009-06-30": "3985.00000", "2008-06-30": "3300.00000", "2007-06-30": "2299.00000", "2006-06-30": "2334.00000", "2005-06-30": "1430.42100"}, "Receivables": {"2020-12-31": "", "2019-12-31": "2267.00000", "2018-12-31": "2233.00000", "2017-12-31": "1947.00000", "2016-12-31": "1905.00000", "2015-12-31": "1738.00000", "2014-12-31": "2704.00000", "2013-12-31": "3224.00000", "2012-12-31": "3450.00000", "2012-06-30": "3439.00000", "2011-06-30": "4808.00000", "2010-06-30": "6122.00000", "2009-06-30": "7311.00000", "2008-06-30": "11483.00000", "2007-06-30": "6404.00000", "2006-06-30": "4471.00000", "2005-06-30": "4102.26300"}, "Inventory": {"2020-12-31": "", "2019-12-31": "9170.00000", "2018-12-31": "8813.00000", "2017-12-31": "9173.00000", "2016-12-31": "8831.00000", "2015-12-31": "8243.00000", "2014-12-31": "9374.00000", "2013-12-31": "11441.00000", "2012-12-31": "13836.00000", "2012-06-30": "12192.00000", "2011-06-30": "12055.00000", "2010-06-30": "7871.00000", "2009-06-30": "7782.00000", "2008-06-30": "10160.00000", "2007-06-30": "6060.00000", "2006-06-30": "4677.00000", "2005-06-30": "3906.69800"}, "Pre-Paid Expenses": {"2020-12-31": "", "2019-12-31": "", "2018-12-31": "", "2017-12-31": "", "2016-12-31": "", "2015-12-31": "", "2014-12-31": "", "2013-12-31": "", "2012-12-31": "", "2012-06-30": "", "2011-06-30": "", "2010-06-30": "", "2009-06-30": "", "2008-06-30": "", "2007-06-30": "", "2006-06-30": "", "2005-06-30": ""}, "Other Current Assets": {"2020-12-31": "10481.00000", "2019-12-31": "4600.00000", "2018-12-31": "3039.00000", "2017-12-31": "3175.00000", "2016-12-31": "4383.00000", "2015-12-31": "5286.00000", "2014-12-31": "7459.00000", "2013-12-31": "6350.00000", "2012-12-31": "6548.00000", "2012-06-30": "6593.00000", "2011-06-30": "5891.00000", "2010-06-30": "624.00000", "2009-06-30": "330.00000", "2008-06-30": "512.00000", "2007-06-30": "359.00000", "2006-06-30": "344.00000", "2005-06-30": "271.31900"}, "Total Current Assets": {"2020-12-31": "11148.00000", "2019-12-31": "21347.00000", "2018-12-31": "20588.00000", "2017-12-31": "19925.00000", "2016-12-31": "21045.00000", "2015-12-31": "21829.00000", "2014-12-31": "26028.00000", "2013-12-31": "28530.00000", "2012-12-31": "29762.00000", "2012-06-30": "26954.00000", "2011-06-30": "27504.00000", "2010-06-30": "18394.00000", "2009-06-30": "19408.00000", "2008-06-30": "25455.00000", "2007-06-30": "15122.00000", "2006-06-30": "11826.00000", "2005-06-30": "9710.70100"}, "Property, Plant, And Equipment": {"2020-12-31": "9951.00000", "2019-12-31": "10106.00000", "2018-12-31": "9953.00000", "2017-12-31": "10138.00000", "2016-12-31": "9758.00000", "2015-12-31": "9853.00000", "2014-12-31": "9851.00000", "2013-12-31": "10137.00000", "2012-12-31": "10123.00000", "2012-06-30": "9812.00000", "2011-06-30": "9500.00000", "2010-06-30": "8712.00000", "2009-06-30": "7950.00000", "2008-06-30": "7125.00000", "2007-06-30": "6010.00000", "2006-06-30": "5293.00000", "2005-06-30": "5184.38000"}, "Long-Term Investments": {"2020-12-31": "4913.00000", "2019-12-31": "5132.00000", "2018-12-31": "5317.00000", "2017-12-31": "5180.00000", "2016-12-31": "4684.00000", "2015-12-31": "4340.00000", "2014-12-31": "4377.00000", "2013-12-31": "4046.00000", "2012-12-31": "3887.00000", "2012-06-30": "3650.00000", "2011-06-30": "3906.00000", "2010-06-30": "3477.00000", "2009-06-30": "3085.00000", "2008-06-30": "3363.00000", "2007-06-30": "3155.00000", "2006-06-30": "3096.00000", "2005-06-30": "2929.45300"}, "Goodwill And Intangible Assets": {"2020-12-31": "5413.00000", "2019-12-31": "5476.00000", "2018-12-31": "4041.00000", "2017-12-31": "3918.00000", "2016-12-31": "3703.00000", "2015-12-31": "3688.00000", "2014-12-31": "3392.00000", "2013-12-31": "561.00000", "2012-12-31": "759.00000", "2012-06-30": "603.00000", "2011-06-30": "602.00000", "2010-06-30": "523.00000", "2009-06-30": "532.00000", "2008-06-30": "506.00000", "2007-06-30": "317.00000", "2006-06-30": "322.00000", "2005-06-30": "325.16700"}, "Other Long-Term Assets": {"2020-12-31": "2156.00000", "2019-12-31": "1936.00000", "2018-12-31": "934.00000", "2017-12-31": "802.00000", "2016-12-31": "579.00000", "2015-12-31": "447.00000", "2014-12-31": "349.00000", "2013-12-31": "478.00000", "2012-12-31": "605.00000", "2012-06-30": "534.00000", "2011-06-30": "681.00000", "2010-06-30": "702.00000", "2009-06-30": "607.00000", "2008-06-30": "607.00000", "2007-06-30": "514.00000", "2006-06-30": "732.00000", "2005-06-30": "448.40400"}, "Total Long-Term Assets": {"2020-12-31": "22433.00000", "2019-12-31": "22650.00000", "2018-12-31": "20245.00000", "2017-12-31": "20038.00000", "2016-12-31": "18724.00000", "2015-12-31": "18328.00000", "2014-12-31": "17969.00000", "2013-12-31": "15222.00000", "2012-12-31": "15374.00000", "2012-06-30": "14599.00000", "2011-06-30": "14689.00000", "2010-06-30": "13414.00000", "2009-06-30": "12174.00000", "2008-06-30": "11601.00000", "2007-06-30": "9996.00000", "2006-06-30": "9443.00000", "2005-06-30": "8887.40400"}, "Total Assets": {"2020-12-31": "33581.00000", "2019-12-31": "43997.00000", "2018-12-31": "40833.00000", "2017-12-31": "39963.00000", "2016-12-31": "39769.00000", "2015-12-31": "40157.00000", "2014-12-31": "43997.00000", "2013-12-31": "43752.00000", "2012-12-31": "45136.00000", "2012-06-30": "41553.00000", "2011-06-30": "42193.00000", "2010-06-30": "31808.00000", "2009-06-30": "31582.00000", "2008-06-30": "37056.00000", "2007-06-30": "25118.00000", "2006-06-30": "21269.00000", "2005-06-30": "18598.11000"}, "Total Current Liabilities": {"2020-12-31": "2042.00000", "2019-12-31": "13734.00000", "2018-12-31": "11776.00000", "2017-12-31": "12570.00000", "2016-12-31": "13173.00000", "2015-12-31": "13505.00000", "2014-12-31": "15602.00000", "2013-12-31": "15658.00000", "2012-12-31": "16993.00000", "2012-06-30": "14626.00000", "2011-06-30": "13218.00000", "2010-06-30": "8833.00000", "2009-06-30": "8885.00000", "2008-06-30": "14621.00000", "2007-06-30": "7868.00000", "2006-06-30": "6165.00000", "2005-06-30": "5366.86400"}, "Long Term Debt": {"2020-12-31": "7887.00000", "2019-12-31": "7672.00000", "2018-12-31": "7698.00000", "2017-12-31": "6623.00000", "2016-12-31": "6504.00000", "2015-12-31": "5779.00000", "2014-12-31": "5528.00000", "2013-12-31": "5347.00000", "2012-12-31": "6456.00000", "2012-06-30": "6535.00000", "2011-06-30": "8266.00000", "2010-06-30": "6830.00000", "2009-06-30": "7592.00000", "2008-06-30": "7690.00000", "2007-06-30": "4752.00000", "2006-06-30": "4050.00000", "2005-06-30": "3530.14000"}, "Other Non-Current Liabilities": {"2020-12-31": "", "2019-12-31": "2114.00000", "2018-12-31": "1247.00000", "2017-12-31": "1342.00000", "2016-12-31": "1218.00000", "2015-12-31": "1395.00000", "2014-12-31": "1575.00000", "2013-12-31": "1105.00000", "2012-12-31": "1289.00000", "2012-06-30": "1440.00000", "2011-06-30": "1012.00000", "2010-06-30": "1075.00000", "2009-06-30": "1144.00000", "2008-06-30": "782.00000", "2007-06-30": "713.00000", "2006-06-30": "490.00000", "2005-06-30": "488.20200"}, "Total Long Term Liabilities": {"2020-12-31": "11517.00000", "2019-12-31": "11038.00000", "2018-12-31": "10061.00000", "2017-12-31": "9071.00000", "2016-12-31": "9415.00000", "2015-12-31": "8737.00000", "2014-12-31": "8765.00000", "2013-12-31": "7900.00000", "2012-12-31": "9012.00000", "2012-06-30": "8758.00000", "2011-06-30": "10137.00000", "2010-06-30": "8344.00000", "2009-06-30": "9044.00000", "2008-06-30": "8945.00000", "2007-06-30": "5997.00000", "2006-06-30": "5297.00000", "2005-06-30": "4797.76900"}, "Total Liabilities": {"2020-12-31": "13559.00000", "2019-12-31": "24772.00000", "2018-12-31": "21837.00000", "2017-12-31": "21641.00000", "2016-12-31": "22588.00000", "2015-12-31": "22242.00000", "2014-12-31": "24367.00000", "2013-12-31": "23558.00000", "2012-12-31": "26005.00000", "2012-06-30": "23384.00000", "2011-06-30": "23355.00000", "2010-06-30": "17177.00000", "2009-06-30": "17929.00000", "2008-06-30": "23566.00000", "2007-06-30": "13865.00000", "2006-06-30": "11462.00000", "2005-06-30": "10164.63000"}, "Common Stock Net": {"2020-12-31": "", "2019-12-31": "2655.00000", "2018-12-31": "2560.00000", "2017-12-31": "2398.00000", "2016-12-31": "2327.00000", "2015-12-31": "3180.00000", "2014-12-31": "5115.00000", "2013-12-31": "6136.00000", "2012-12-31": "6134.00000", "2012-06-30": "6102.00000", "2011-06-30": "6636.00000", "2010-06-30": "5151.00000", "2009-06-30": "5204.00000", "2008-06-30": "5039.00000", "2007-06-30": "5090.00000", "2006-06-30": "5511.00000", "2005-06-30": "5385.84000"}, "Retained Earnings (Accumulated Deficit)": {"2020-12-31": "", "2019-12-31": "18958.00000", "2018-12-31": "18527.00000", "2017-12-31": "17552.00000", "2016-12-31": "17444.00000", "2015-12-31": "16865.00000", "2014-12-31": "15701.00000", "2013-12-31": "14077.00000", "2012-12-31": "13236.00000", "2012-06-30": "12774.00000", "2011-06-30": "11996.00000", "2010-06-30": "10357.00000", "2009-06-30": "8778.00000", "2008-06-30": "7494.00000", "2007-06-30": "5982.00000", "2006-06-30": "4082.00000", "2005-06-30": "3011.01500"}, "Comprehensive Income": {"2020-12-31": "", "2019-12-31": "-2405.00000", "2018-12-31": "-2106.00000", "2017-12-31": "-1637.00000", "2016-12-31": "-2598.00000", "2015-12-31": "-2146.00000", "2014-12-31": "-1241.00000", "2013-12-31": "-57.00000", "2012-12-31": "-450.00000", "2012-06-30": "-907.00000", "2011-06-30": "176.00000", "2010-06-30": "-899.00000", "2009-06-30": "-355.00000", "2008-06-30": "957.00000", "2007-06-30": "181.00000", "2006-06-30": "214.00000", "2005-06-30": "36.61700"}, "Other Share Holders Equity": {"2020-12-31": "", "2019-12-31": "", "2018-12-31": "", "2017-12-31": "", "2016-12-31": "", "2015-12-31": "", "2014-12-31": "", "2013-12-31": "", "2012-12-31": "", "2012-06-30": "", "2011-06-30": "", "2010-06-30": "", "2009-06-30": "", "2008-06-30": "", "2007-06-30": "", "2006-06-30": "", "2005-06-30": ""}, "Share Holder Equity": {"2020-12-31": "20022.00000", "2019-12-31": "19225.00000", "2018-12-31": "18996.00000", "2017-12-31": "18322.00000", "2016-12-31": "17181.00000", "2015-12-31": "17915.00000", "2014-12-31": "19630.00000", "2013-12-31": "20194.00000", "2012-12-31": "19131.00000", "2012-06-30": "18169.00000", "2011-06-30": "18838.00000", "2010-06-30": "14631.00000", "2009-06-30": "13653.00000", "2008-06-30": "13490.00000", "2007-06-30": "11253.00000", "2006-06-30": "9807.00000", "2005-06-30": "8433.47200"}, "Total Liabilities And Share Holders Equity": {"2020-12-31": "33581.00000", "2019-12-31": "43997.00000", "2018-12-31": "40833.00000", "2017-12-31": "39963.00000", "2016-12-31": "39769.00000", "2015-12-31": "40157.00000", "2014-12-31": "43997.00000", "2013-12-31": "43752.00000", "2012-12-31": "45136.00000", "2012-06-30": "41553.00000", "2011-06-30": "42193.00000", "2010-06-30": "31808.00000", "2009-06-30": "31582.00000", "2008-06-30": "37056.00000", "2007-06-30": "25118.00000", "2006-06-30": "21269.00000", "2005-06-30": "18598.11000"}}, "balance sheet, quarterly": {"Cash On Hand": {"2020-12-31": "667.00000", "2020-09-30": "6432.00000", "2020-06-30": "6248.00000", "2020-03-31": "9832.00000", "2019-12-31": "5310.00000", "2019-09-30": "5347.00000", "2019-06-30": "5234.00000", "2019-03-31": "5176.00000", "2018-12-31": "6503.00000", "2018-09-30": "5341.00000", "2018-06-30": "5152.00000", "2018-03-31": "5205.00000", "2017-12-31": "5630.00000", "2017-09-30": "5819.00000", "2017-06-30": "5740.00000", "2017-03-31": "6124.00000", "2016-12-31": "5926.00000", "2016-09-30": "6354.00000", "2016-06-30": "6270.00000", "2016-03-31": "6502.00000", "2015-12-31": "6562.00000", "2015-09-30": "6303.00000", "2015-06-30": "5908.00000", "2015-03-31": "6021.00000", "2014-12-31": "6491.00000", "2014-09-30": "9638.00000", "2014-06-30": "6359.00000", "2014-03-31": "5746.00000", "2013-12-31": "7515.00000", "2013-09-30": "7486.00000", "2013-06-30": "5783.00000", "2013-03-31": "5489.00000", "2012-12-31": "5928.00000", "2012-09-30": "5521.00000", "2012-06-30": "4730.00000", "2012-03-31": "4788.00000", "2011-12-31": "4909.00000", "2011-09-30": "5203.00000", "2011-06-30": "4750.00000", "2011-03-31": "4674.00000", "2010-12-31": "4383.00000", "2010-09-30": "4302.00000", "2010-06-30": "3777.00000", "2010-03-31": "4567.00000", "2009-12-31": "3821.00000", "2009-09-30": "5103.00000", "2009-06-30": "3985.00000", "2009-03-31": "4808.00000", "2008-12-31": "5212.00000", "2008-09-30": "5270.00000", "2008-06-30": "3300.00000", "2008-03-31": "3826.00000", "2007-12-31": "2427.00000", "2007-09-30": "2303.00000", "2007-06-30": "2299.00000", "2007-03-31": "2298.91500", "2006-12-31": "2164.49800", "2006-09-30": "2172.09100", "2006-06-30": "2333.51900", "2006-03-31": "2058.19700", "2005-12-31": "1816.99600", "2005-09-30": "2046.56900", "2005-06-30": "1430.42100", "2005-03-31": "1663.14200"}, "Receivables": {"2020-12-31": "", "2020-09-30": "2616.00000", "2020-06-30": "2583.00000", "2020-03-31": "2437.00000", "2019-12-31": "2267.00000", "2019-09-30": "2241.00000", "2019-06-30": "2433.00000", "2019-03-31": "2515.00000", "2018-12-31": "2233.00000", "2018-09-30": "1934.00000", "2018-06-30": "1900.00000", "2018-03-31": "2147.00000", "2017-12-31": "1947.00000", "2017-09-30": "1911.00000", "2017-06-30": "1717.00000", "2017-03-31": "1757.00000", "2016-12-31": "1905.00000", "2016-09-30": "2253.00000", "2016-06-30": "2257.00000", "2016-03-31": "1965.00000", "2015-12-31": "1738.00000", "2015-09-30": "2132.00000", "2015-06-30": "2224.00000", "2015-03-31": "2036.00000", "2014-12-31": "2704.00000", "2014-09-30": "2121.00000", "2014-06-30": "4089.00000", "2014-03-31": "2779.00000", "2013-12-31": "3224.00000", "2013-09-30": "3447.00000", "2013-06-30": "3520.00000", "2013-03-31": "3553.00000", "2012-12-31": "3450.00000", "2012-09-30": "3003.00000", "2012-06-30": "3439.00000", "2012-03-31": "3078.00000", "2011-12-31": "5093.00000", "2011-09-30": "10336.00000", "2011-06-30": "4808.00000", "2011-03-31": "10428.00000", "2010-12-31": "10625.00000", "2010-09-30": "8174.00000", "2010-06-30": "6122.00000", "2010-03-31": "5876.00000", "2009-12-31": "7075.00000", "2009-09-30": "6600.00000", "2009-06-30": "7311.00000", "2009-03-31": "7236.00000", "2008-12-31": "8673.00000", "2008-09-30": "8884.00000", "2008-06-30": "11483.00000", "2008-03-31": "10447.00000", "2007-12-31": "10026.00000", "2007-09-30": "8428.00000", "2007-06-30": "6404.00000", "2007-03-31": "5805.08700", "2006-12-31": "5978.88800", "2006-09-30": "4774.54800", "2006-06-30": "4471.20100", "2006-03-31": "4486.54100", "2005-12-31": "4225.49800", "2005-09-30": "4309.04300", "2005-06-30": "4102.26300", "2005-03-31": "3991.15300"}, "Inventory": {"2020-12-31": "", "2020-09-30": "8762.00000", "2020-06-30": "7626.00000", "2020-03-31": "8830.00000", "2019-12-31": "9170.00000", "2019-09-30": "8075.00000", "2019-06-30": "8294.00000", "2019-03-31": "8946.00000", "2018-12-31": "8813.00000", "2018-09-30": "8483.00000", "2018-06-30": "7953.00000", "2018-03-31": "9820.00000", "2017-12-31": "9173.00000", "2017-09-30": "8326.00000", "2017-06-30": "7846.00000", "2017-03-31": "8664.00000", "2016-12-31": "8831.00000", "2016-09-30": "7228.00000", "2016-06-30": "8000.00000", "2016-03-31": "7914.00000", "2015-12-31": "8243.00000", "2015-09-30": "7428.00000", "2015-06-30": "7845.00000", "2015-03-31": "8372.00000", "2014-12-31": "9374.00000", "2014-09-30": "8034.00000", "2014-06-30": "9024.00000", "2014-03-31": "11394.00000", "2013-12-31": "11441.00000", "2013-09-30": "9278.00000", "2013-06-30": "10194.00000", "2013-03-31": "12408.00000", "2012-12-31": "13836.00000", "2012-09-30": "13699.00000", "2012-06-30": "12192.00000", "2012-03-31": "13232.00000", "2011-12-31": "12415.00000", "2011-09-30": "11122.00000", "2011-06-30": "12055.00000", "2011-03-31": "13409.00000", "2010-12-31": "12654.00000", "2010-09-30": "9024.00000", "2010-06-30": "7611.00000", "2010-03-31": "8219.00000", "2009-12-31": "9126.00000", "2009-09-30": "7139.00000", "2009-06-30": "7782.00000", "2009-03-31": "7840.00000", "2008-12-31": "7681.00000", "2008-09-30": "8333.00000", "2008-06-30": "10160.00000", "2008-03-31": "10569.00000", "2007-12-31": "9517.00000", "2007-09-30": "7747.00000", "2007-06-30": "6060.00000", "2007-03-31": "6603.44900", "2006-12-31": "6286.53600", "2006-09-30": "5003.77800", "2006-06-30": "4677.50800", "2006-03-31": "4456.07700", "2005-12-31": "4363.05500", "2005-09-30": "4159.29900", "2005-06-30": "3906.69800", "2005-03-31": "3966.73000"}, "Pre-Paid Expenses": {"2020-12-31": "", "2020-09-30": "", "2020-06-30": "", "2020-03-31": "", "2019-12-31": "", "2019-09-30": "", "2019-06-30": "", "2019-03-31": "", "2018-12-31": "", "2018-09-30": "", "2018-06-30": "", "2018-03-31": "", "2017-12-31": "", "2017-09-30": "", "2017-06-30": "", "2017-03-31": "", "2016-12-31": "", "2016-09-30": "", "2016-06-30": "", "2016-03-31": "", "2015-12-31": "", "2015-09-30": "", "2015-06-30": "", "2015-03-31": "", "2014-12-31": "", "2014-09-30": "", "2014-06-30": "", "2014-03-31": "", "2013-12-31": "", "2013-09-30": "", "2013-06-30": "", "2013-03-31": "", "2012-12-31": "", "2012-09-30": "", "2012-06-30": "", "2012-03-31": "", "2011-12-31": "", "2011-09-30": "", "2011-06-30": "", "2011-03-31": "", "2010-12-31": "", "2010-09-30": "", "2010-06-30": "", "2010-03-31": "", "2009-12-31": "", "2009-09-30": "", "2009-06-30": "", "2009-03-31": "", "2008-12-31": "", "2008-09-30": "", "2008-06-30": "", "2008-03-31": "", "2007-12-31": "", "2007-09-30": "", "2007-06-30": "", "2007-03-31": "", "2006-12-31": "0.00000", "2006-09-30": "", "2006-06-30": "", "2006-03-31": "", "2005-12-31": "", "2005-09-30": "", "2005-06-30": "", "2005-03-31": ""}, "Other Current Assets": {"2020-12-31": "10481.00000", "2020-09-30": "4956.00000", "2020-06-30": "5554.00000", "2020-03-31": "5047.00000", "2019-12-31": "4600.00000", "2019-09-30": "3515.00000", "2019-06-30": "3587.00000", "2019-03-31": "3625.00000", "2018-12-31": "3039.00000", "2018-09-30": "3707.00000", "2018-06-30": "3642.00000", "2018-03-31": "3734.00000", "2017-12-31": "3175.00000", "2017-09-30": "3084.00000", "2017-06-30": "2898.00000", "2017-03-31": "3941.00000", "2016-12-31": "4383.00000", "2016-09-30": "4708.00000", "2016-06-30": "4340.00000", "2016-03-31": "4589.00000", "2015-12-31": "5286.00000", "2015-09-30": "7182.00000", "2015-06-30": "6611.00000", "2015-03-31": "7467.00000", "2014-12-31": "7459.00000", "2014-09-30": "6846.00000", "2014-06-30": "5186.00000", "2014-03-31": "6307.00000", "2013-12-31": "6350.00000", "2013-09-30": "5879.00000", "2013-06-30": "5539.00000", "2013-03-31": "6415.00000", "2012-12-31": "6548.00000", "2012-09-30": "7931.00000", "2012-06-30": "6593.00000", "2012-03-31": "6117.00000", "2011-12-31": "4807.00000", "2011-09-30": "618.00000", "2011-06-30": "5891.00000", "2011-03-31": "741.00000", "2010-12-31": "695.00000", "2010-09-30": "586.00000", "2010-06-30": "624.00000", "2010-03-31": "538.00000", "2009-12-31": "366.00000", "2009-09-30": "313.00000", "2009-06-30": "330.00000", "2009-03-31": "430.00000", "2008-12-31": "538.00000", "2008-09-30": "587.00000", "2008-06-30": "512.00000", "2008-03-31": "387.00000", "2007-12-31": "690.00000", "2007-09-30": "540.00000", "2007-06-30": "359.00000", "2007-03-31": "535.90700", "2006-12-31": "762.97800", "2006-09-30": "428.79000", "2006-06-30": "344.04900", "2006-03-31": "331.55500", "2005-12-31": "628.49600", "2005-09-30": "304.15900", "2005-06-30": "271.31900", "2005-03-31": "423.57100"}, "Total Current Assets": {"2020-12-31": "11148.00000", "2020-09-30": "22766.00000", "2020-06-30": "22011.00000", "2020-03-31": "26146.00000", "2019-12-31": "21347.00000", "2019-09-30": "19178.00000", "2019-06-30": "19548.00000", "2019-03-31": "20262.00000", "2018-12-31": "20588.00000", "2018-09-30": "19465.00000", "2018-06-30": "18647.00000", "2018-03-31": "20906.00000", "2017-12-31": "19925.00000", "2017-09-30": "19140.00000", "2017-06-30": "18201.00000", "2017-03-31": "20486.00000", "2016-12-31": "21045.00000", "2016-09-30": "20543.00000", "2016-06-30": "20867.00000", "2016-03-31": "20970.00000", "2015-12-31": "21829.00000", "2015-09-30": "23045.00000", "2015-06-30": "22588.00000", "2015-03-31": "23896.00000", "2014-12-31": "26028.00000", "2014-09-30": "26639.00000", "2014-06-30": "24658.00000", "2014-03-31": "26226.00000", "2013-12-31": "28530.00000", "2013-09-30": "26090.00000", "2013-06-30": "25036.00000", "2013-03-31": "27865.00000", "2012-12-31": "29762.00000", "2012-09-30": "30154.00000", "2012-06-30": "26954.00000", "2012-03-31": "27215.00000", "2011-12-31": "27224.00000", "2011-09-30": "27279.00000", "2011-06-30": "27504.00000", "2011-03-31": "29252.00000", "2010-12-31": "28357.00000", "2010-09-30": "22086.00000", "2010-06-30": "18134.00000", "2010-03-31": "19200.00000", "2009-12-31": "20388.00000", "2009-09-30": "19155.00000", "2009-06-30": "19408.00000", "2009-03-31": "20314.00000", "2008-12-31": "22104.00000", "2008-09-30": "23074.00000", "2008-06-30": "25455.00000", "2008-03-31": "25229.00000", "2007-12-31": "22660.00000", "2007-09-30": "19018.00000", "2007-06-30": "15122.00000", "2007-03-31": "15243.36000", "2006-12-31": "15192.90000", "2006-09-30": "12379.21000", "2006-06-30": "11826.28000", "2006-03-31": "11332.37000", "2005-12-31": "11034.04000", "2005-09-30": "10819.07000", "2005-06-30": "9710.70100", "2005-03-31": "10044.60000"}, "Property, Plant, And Equipment": {"2020-12-31": "9951.00000", "2020-09-30": "9816.00000", "2020-06-30": "9833.00000", "2020-03-31": "9883.00000", "2019-12-31": "10106.00000", "2019-09-30": "10101.00000", "2019-06-30": "10245.00000", "2019-03-31": "10299.00000", "2018-12-31": "9953.00000", "2018-09-30": "9885.00000", "2018-06-30": "9948.00000", "2018-03-31": "10123.00000", "2017-12-31": "10138.00000", "2017-09-30": "9956.00000", "2017-06-30": "9945.00000", "2017-03-31": "9771.00000", "2016-12-31": "9758.00000", "2016-09-30": "9853.00000", "2016-06-30": "9802.00000", "2016-03-31": "9891.00000", "2015-12-31": "9853.00000", "2015-09-30": "9900.00000", "2015-06-30": "9897.00000", "2015-03-31": "9833.00000", "2014-12-31": "9851.00000", "2014-09-30": "9995.00000", "2014-06-30": "10110.00000", "2014-03-31": "10102.00000", "2013-12-31": "10137.00000", "2013-09-30": "10125.00000", "2013-06-30": "10091.00000", "2013-03-31": "10122.00000", "2012-12-31": "10123.00000", "2012-09-30": "9883.00000", "2012-06-30": "9812.00000", "2012-03-31": "9800.00000", "2011-12-31": "9601.00000", "2011-09-30": "9655.00000", "2011-06-30": "9500.00000", "2011-03-31": "9315.00000", "2010-12-31": "9194.00000", "2010-09-30": "8908.00000", "2010-06-30": "8712.00000", "2010-03-31": "8642.00000", "2009-12-31": "8636.00000", "2009-09-30": "8366.00000", "2009-06-30": "7950.00000", "2009-03-31": "7583.00000", "2008-12-31": "7412.00000", "2008-09-30": "7155.00000", "2008-06-30": "7125.00000", "2008-03-31": "6860.00000", "2007-12-31": "6574.00000", "2007-09-30": "6228.00000", "2007-06-30": "6010.00000", "2007-03-31": "5822.95900", "2006-12-31": "5697.77000", "2006-09-30": "5378.87300", "2006-06-30": "5293.03200", "2006-03-31": "5235.52400", "2005-12-31": "5170.55100", "2005-09-30": "5213.52900", "2005-06-30": "5184.38000", "2005-03-31": "5248.86000"}, "Long-Term Investments": {"2020-12-31": "4913.00000", "2020-09-30": "4771.00000", "2020-06-30": "5239.00000", "2020-03-31": "5143.00000", "2019-12-31": "5132.00000", "2019-09-30": "5409.00000", "2019-06-30": "5457.00000", "2019-03-31": "5354.00000", "2018-12-31": "5317.00000", "2018-09-30": "5319.00000", "2018-06-30": "5388.00000", "2018-03-31": "5242.00000", "2017-12-31": "5180.00000", "2017-09-30": "5179.00000", "2017-06-30": "5055.00000", "2017-03-31": "4896.00000", "2016-12-31": "4684.00000", "2016-09-30": "4959.00000", "2016-06-30": "4916.00000", "2016-03-31": "4530.00000", "2015-12-31": "4340.00000", "2015-09-30": "4345.00000", "2015-06-30": "4422.00000", "2015-03-31": "4466.00000", "2014-12-31": "4377.00000", "2014-09-30": "4031.00000", "2014-06-30": "3958.00000", "2014-03-31": "3919.00000", "2013-12-31": "4046.00000", "2013-09-30": "3868.00000", "2013-06-30": "3865.00000", "2013-03-31": "3935.00000", "2012-12-31": "3887.00000", "2012-09-30": "3625.00000", "2012-06-30": "3650.00000", "2012-03-31": "3705.00000", "2011-12-31": "3563.00000", "2011-09-30": "3508.00000", "2011-06-30": "3906.00000", "2011-03-31": "3909.00000", "2010-12-31": "3798.00000", "2010-09-30": "3777.00000", "2010-06-30": "3477.00000", "2010-03-31": "3344.00000", "2009-12-31": "3344.00000", "2009-09-30": "3203.00000", "2009-06-30": "3085.00000", "2009-03-31": "2989.00000", "2008-12-31": "3273.00000", "2008-09-30": "3393.00000", "2008-06-30": "3363.00000", "2008-03-31": "3530.00000", "2007-12-31": "3415.00000", "2007-09-30": "3308.00000", "2007-06-30": "3155.00000", "2007-03-31": "3225.96700", "2006-12-31": "3078.58700", "2006-09-30": "3171.95900", "2006-06-30": "3095.83900", "2006-03-31": "3095.53500", "2005-12-31": "3078.25200", "2005-09-30": "3028.23200", "2005-06-30": "2929.45300", "2005-03-31": "2883.44200"}, "Goodwill And Intangible Assets": {"2020-12-31": "5413.00000", "2020-09-30": "5275.00000", "2020-06-30": "5212.00000", "2020-03-31": "5194.00000", "2019-12-31": "5476.00000", "2019-09-30": "5401.00000", "2019-06-30": "5545.00000", "2019-03-31": "5459.00000", "2018-12-31": "4041.00000", "2018-09-30": "4065.00000", "2018-06-30": "3834.00000", "2018-03-31": "3970.00000", "2017-12-31": "3918.00000", "2017-09-30": "3939.00000", "2017-06-30": "3866.00000", "2017-03-31": "3780.00000", "2016-12-31": "3703.00000", "2016-09-30": "3852.00000", "2016-06-30": "3865.00000", "2016-03-31": "3889.00000", "2015-12-31": "3688.00000", "2015-09-30": "3213.00000", "2015-06-30": "3256.00000", "2015-03-31": "3124.00000", "2014-12-31": "3392.00000", "2014-09-30": "732.00000", "2014-06-30": "753.00000", "2014-03-31": "758.00000", "2013-12-31": "561.00000", "2013-09-30": "552.00000", "2013-06-30": "545.00000", "2013-03-31": "544.00000", "2012-12-31": "759.00000", "2012-09-30": "541.00000", "2012-06-30": "603.00000", "2012-03-31": "596.00000", "2011-12-31": "591.00000", "2011-09-30": "607.00000", "2011-06-30": "602.00000", "2011-03-31": "594.00000", "2010-12-31": "587.00000", "2010-09-30": "531.00000", "2010-06-30": "523.00000", "2010-03-31": "519.00000", "2009-12-31": "524.00000", "2009-09-30": "531.00000", "2009-06-30": "532.00000", "2009-03-31": "493.00000", "2008-12-31": "501.00000", "2008-09-30": "501.00000", "2008-06-30": "506.00000", "2008-03-31": "329.00000", "2007-12-31": "323.00000", "2007-09-30": "319.00000", "2007-06-30": "317.00000", "2007-03-31": "320.32200", "2006-12-31": "319.79900", "2006-09-30": "321.64900", "2006-06-30": "322.29200", "2006-03-31": "318.97800", "2005-12-31": "323.84500", "2005-09-30": "345.02200", "2005-06-30": "325.16700", "2005-03-31": "344.62200"}, "Other Long-Term Assets": {"2020-12-31": "2156.00000", "2020-09-30": "2167.00000", "2020-06-30": "2046.00000", "2020-03-31": "2029.00000", "2019-12-31": "1936.00000", "2019-09-30": "1715.00000", "2019-06-30": "1821.00000", "2019-03-31": "1777.00000", "2018-12-31": "934.00000", "2018-09-30": "930.00000", "2018-06-30": "938.00000", "2018-03-31": "859.00000", "2017-12-31": "802.00000", "2017-09-30": "755.00000", "2017-06-30": "750.00000", "2017-03-31": "697.00000", "2016-12-31": "579.00000", "2016-09-30": "646.00000", "2016-06-30": "648.00000", "2016-03-31": "401.00000", "2015-12-31": "447.00000", "2015-09-30": "374.00000", "2015-06-30": "405.00000", "2015-03-31": "396.00000", "2014-12-31": "349.00000", "2014-09-30": "424.00000", "2014-06-30": "451.00000", "2014-03-31": "439.00000", "2013-12-31": "478.00000", "2013-09-30": "813.00000", "2013-06-30": "701.00000", "2013-03-31": "760.00000", "2012-12-31": "605.00000", "2012-09-30": "557.00000", "2012-06-30": "534.00000", "2012-03-31": "542.00000", "2011-12-31": "537.00000", "2011-09-30": "399.00000", "2011-06-30": "681.00000", "2011-03-31": "693.00000", "2010-12-31": "674.00000", "2010-09-30": "734.00000", "2010-06-30": "702.00000", "2010-03-31": "621.00000", "2009-12-31": "637.00000", "2009-09-30": "606.00000", "2009-06-30": "607.00000", "2009-03-31": "596.00000", "2008-12-31": "611.00000", "2008-09-30": "584.00000", "2008-06-30": "607.00000", "2008-03-31": "565.00000", "2007-12-31": "518.00000", "2007-09-30": "519.00000", "2007-06-30": "514.00000", "2007-03-31": "738.81000", "2006-12-31": "756.55800", "2006-09-30": "720.33200", "2006-06-30": "731.59000", "2006-03-31": "564.07400", "2005-12-31": "492.01500", "2005-09-30": "446.94000", "2005-06-30": "448.40400", "2005-03-31": "460.27700"}, "Total Long-Term Assets": {"2020-12-31": "22433.00000", "2020-09-30": "22029.00000", "2020-06-30": "22330.00000", "2020-03-31": "22249.00000", "2019-12-31": "22650.00000", "2019-09-30": "22626.00000", "2019-06-30": "23068.00000", "2019-03-31": "22889.00000", "2018-12-31": "20245.00000", "2018-09-30": "20199.00000", "2018-06-30": "20108.00000", "2018-03-31": "20194.00000", "2017-12-31": "20038.00000", "2017-09-30": "19829.00000", "2017-06-30": "19616.00000", "2017-03-31": "19144.00000", "2016-12-31": "18724.00000", "2016-09-30": "19310.00000", "2016-06-30": "19231.00000", "2016-03-31": "18711.00000", "2015-12-31": "18328.00000", "2015-09-30": "17832.00000", "2015-06-30": "17980.00000", "2015-03-31": "17819.00000", "2014-12-31": "17969.00000", "2014-09-30": "15182.00000", "2014-06-30": "15272.00000", "2014-03-31": "15218.00000", "2013-12-31": "15222.00000", "2013-09-30": "15358.00000", "2013-06-30": "15202.00000", "2013-03-31": "15361.00000", "2012-12-31": "15374.00000", "2012-09-30": "14606.00000", "2012-06-30": "14599.00000", "2012-03-31": "14643.00000", "2011-12-31": "14292.00000", "2011-09-30": "14169.00000", "2011-06-30": "14689.00000", "2011-03-31": "14511.00000", "2010-12-31": "14253.00000", "2010-09-30": "13950.00000", "2010-06-30": "13414.00000", "2010-03-31": "13126.00000", "2009-12-31": "13141.00000", "2009-09-30": "12706.00000", "2009-06-30": "12174.00000", "2009-03-31": "11661.00000", "2008-12-31": "11797.00000", "2008-09-30": "11633.00000", "2008-06-30": "11601.00000", "2008-03-31": "11284.00000", "2007-12-31": "10830.00000", "2007-09-30": "10374.00000", "2007-06-30": "9996.00000", "2007-03-31": "10108.06000", "2006-12-31": "9852.71400", "2006-09-30": "9592.81300", "2006-06-30": "9442.75300", "2006-03-31": "9214.11000", "2005-12-31": "9064.66200", "2005-09-30": "9033.72400", "2005-06-30": "8887.40400", "2005-03-31": "8937.20100"}, "Total Assets": {"2020-12-31": "33581.00000", "2020-09-30": "44795.00000", "2020-06-30": "44341.00000", "2020-03-31": "48395.00000", "2019-12-31": "43997.00000", "2019-09-30": "41804.00000", "2019-06-30": "42616.00000", "2019-03-31": "43151.00000", "2018-12-31": "40833.00000", "2018-09-30": "39664.00000", "2018-06-30": "38755.00000", "2018-03-31": "41100.00000", "2017-12-31": "39963.00000", "2017-09-30": "38969.00000", "2017-06-30": "37817.00000", "2017-03-31": "39630.00000", "2016-12-31": "39769.00000", "2016-09-30": "39853.00000", "2016-06-30": "40098.00000", "2016-03-31": "39681.00000", "2015-12-31": "40157.00000", "2015-09-30": "40877.00000", "2015-06-30": "40568.00000", "2015-03-31": "41715.00000", "2014-12-31": "43997.00000", "2014-09-30": "41821.00000", "2014-06-30": "39930.00000", "2014-03-31": "41444.00000", "2013-12-31": "43752.00000", "2013-09-30": "41448.00000", "2013-06-30": "40238.00000", "2013-03-31": "43226.00000", "2012-12-31": "45136.00000", "2012-09-30": "44760.00000", "2012-06-30": "41553.00000", "2012-03-31": "41858.00000", "2011-12-31": "41516.00000", "2011-09-30": "41448.00000", "2011-06-30": "42193.00000", "2011-03-31": "43763.00000", "2010-12-31": "42610.00000", "2010-09-30": "36036.00000", "2010-06-30": "31548.00000", "2010-03-31": "32326.00000", "2009-12-31": "33529.00000", "2009-09-30": "31861.00000", "2009-06-30": "31582.00000", "2009-03-31": "31975.00000", "2008-12-31": "33901.00000", "2008-09-30": "34707.00000", "2008-06-30": "37056.00000", "2008-03-31": "36513.00000", "2007-12-31": "33490.00000", "2007-09-30": "29392.00000", "2007-06-30": "25118.00000", "2007-03-31": "25351.42000", "2006-12-31": "25045.61000", "2006-09-30": "21972.02000", "2006-06-30": "21269.03000", "2006-03-31": "20546.48000", "2005-12-31": "20098.71000", "2005-09-30": "19852.79000", "2005-06-30": "18598.11000", "2005-03-31": "18981.80000"}, "Total Current Liabilities": {"2020-12-31": "2042.00000", "2020-09-30": "13907.00000", "2020-06-30": "12809.00000", "2020-03-31": "17317.00000", "2019-12-31": "13734.00000", "2019-09-30": "12020.00000", "2019-06-30": "12602.00000", "2019-03-31": "13361.00000", "2018-12-31": "11776.00000", "2018-09-30": "11648.00000", "2018-06-30": "11718.00000", "2018-03-31": "13285.00000", "2017-12-31": "12570.00000", "2017-09-30": "11873.00000", "2017-06-30": "11421.00000", "2017-03-31": "13602.00000", "2016-12-31": "13173.00000", "2016-09-30": "12737.00000", "2016-06-30": "13778.00000", "2016-03-31": "12867.00000", "2015-12-31": "13505.00000", "2015-09-30": "14130.00000", "2015-06-30": "12859.00000", "2015-03-31": "14235.00000", "2014-12-31": "15602.00000", "2014-09-30": "13751.00000", "2014-06-30": "11891.00000", "2014-03-31": "13456.00000", "2013-12-31": "15658.00000", "2013-09-30": "13753.00000", "2013-06-30": "13123.00000", "2013-03-31": "16142.00000", "2012-12-31": "16993.00000", "2012-09-30": "17562.00000", "2012-06-30": "14626.00000", "2012-03-31": "14794.00000", "2011-12-31": "14829.00000", "2011-09-30": "14479.00000", "2011-06-30": "13218.00000", "2011-03-31": "16863.00000", "2010-12-31": "18063.00000", "2010-09-30": "12235.00000", "2010-06-30": "8573.00000", "2010-03-31": "9236.00000", "2009-12-31": "9600.00000", "2009-09-30": "8547.00000", "2009-06-30": "8885.00000", "2009-03-31": "9411.00000", "2008-12-31": "11101.00000", "2008-09-30": "12101.00000", "2008-06-30": "14621.00000", "2008-03-31": "15885.00000", "2007-12-31": "14561.00000", "2007-09-30": "11526.00000", "2007-06-30": "7868.00000", "2007-03-31": "8301.55600", "2006-12-31": "8982.57400", "2006-09-30": "6416.68700", "2006-06-30": "6164.76700", "2006-03-31": "6159.08500", "2005-12-31": "5981.73300", "2005-09-30": "5857.80500", "2005-06-30": "5366.86400", "2005-03-31": "5460.87800"}, "Long Term Debt": {"2020-12-31": "7887.00000", "2020-09-30": "7922.00000", "2020-06-30": "8632.00000", "2020-03-31": "8613.00000", "2019-12-31": "7672.00000", "2019-09-30": "7631.00000", "2019-06-30": "7701.00000", "2019-03-31": "7675.00000", "2018-12-31": "7698.00000", "2018-09-30": "6730.00000", "2018-06-30": "5981.00000", "2018-03-31": "6657.00000", "2017-12-31": "6623.00000", "2017-09-30": "6595.00000", "2017-06-30": "6056.00000", "2017-03-31": "5956.00000", "2016-12-31": "6504.00000", "2016-09-30": "6594.00000", "2016-06-30": "5561.00000", "2016-03-31": "5851.00000", "2015-12-31": "5779.00000", "2015-09-30": "5829.00000", "2015-06-30": "5965.00000", "2015-03-31": "5575.00000", "2014-12-31": "5528.00000", "2014-09-30": "5346.00000", "2014-06-30": "5369.00000", "2014-03-31": "5353.00000", "2013-12-31": "5347.00000", "2013-09-30": "5364.00000", "2013-06-30": "5366.00000", "2013-03-31": "5374.00000", "2012-12-31": "6456.00000", "2012-09-30": "6547.00000", "2012-06-30": "6535.00000", "2012-03-31": "6543.00000", "2011-12-31": "6762.00000", "2011-09-30": "6678.00000", "2011-06-30": "8266.00000", "2011-03-31": "8350.00000", "2010-12-31": "6848.00000", "2010-09-30": "6834.00000", "2010-06-30": "6830.00000", "2010-03-31": "6910.00000", "2009-12-31": "7398.00000", "2009-09-30": "7573.00000", "2009-06-30": "7592.00000", "2009-03-31": "7751.00000", "2008-12-31": "7751.00000", "2008-09-30": "7754.00000", "2008-06-30": "7690.00000", "2008-03-31": "6026.00000", "2007-12-31": "5233.00000", "2007-09-30": "4733.00000", "2007-06-30": "4752.00000", "2007-03-31": "5157.27100", "2006-12-31": "4011.19400", "2006-09-30": "4012.67600", "2006-06-30": "4050.32300", "2006-03-31": "4027.78700", "2005-12-31": "4025.11200", "2005-09-30": "4071.54400", "2005-06-30": "3530.14000", "2005-03-31": "3575.47700"}, "Other Non-Current Liabilities": {"2020-12-31": "", "2020-09-30": "2196.00000", "2020-06-30": "2157.00000", "2020-03-31": "2071.00000", "2019-12-31": "2114.00000", "2019-09-30": "1903.00000", "2019-06-30": "1976.00000", "2019-03-31": "1906.00000", "2018-12-31": "1247.00000", "2018-09-30": "1275.00000", "2018-06-30": "1289.00000", "2018-03-31": "1325.00000", "2017-12-31": "1342.00000", "2017-09-30": "1117.00000", "2017-06-30": "1289.00000", "2017-03-31": "1235.00000", "2016-12-31": "1218.00000", "2016-09-30": "1284.00000", "2016-06-30": "1364.00000", "2016-03-31": "1429.00000", "2015-12-31": "1395.00000", "2015-09-30": "1362.00000", "2015-06-30": "1568.00000", "2015-03-31": "1534.00000", "2014-12-31": "1575.00000", "2014-09-30": "941.00000", "2014-06-30": "962.00000", "2014-03-31": "1093.00000", "2013-12-31": "1105.00000", "2013-09-30": "1483.00000", "2013-06-30": "1469.00000", "2013-03-31": "1478.00000", "2012-12-31": "1289.00000", "2012-09-30": "1435.00000", "2012-06-30": "1440.00000", "2012-03-31": "1097.00000", "2011-12-31": "863.00000", "2011-09-30": "1046.00000", "2011-06-30": "1012.00000", "2011-03-31": "1353.00000", "2010-12-31": "1249.00000", "2010-09-30": "1185.00000", "2010-06-30": "1075.00000", "2010-03-31": "986.00000", "2009-12-31": "1183.00000", "2009-09-30": "1182.00000", "2009-06-30": "1144.00000", "2009-03-31": "742.00000", "2008-12-31": "735.00000", "2008-09-30": "771.00000", "2008-06-30": "782.00000", "2008-03-31": "843.00000", "2007-12-31": "773.00000", "2007-09-30": "761.00000", "2007-06-30": "713.00000", "2007-03-31": "536.59000", "2006-12-31": "536.03400", "2006-09-30": "507.26000", "2006-06-30": "490.46000", "2006-03-31": "502.54000", "2005-12-31": "546.56000", "2005-09-30": "501.80600", "2005-06-30": "488.20200", "2005-03-31": "615.62700"}, "Total Long Term Liabilities": {"2020-12-31": "11517.00000", "2020-09-30": "11547.00000", "2020-06-30": "12221.00000", "2020-03-31": "12102.00000", "2019-12-31": "11038.00000", "2019-09-30": "10889.00000", "2019-06-30": "11035.00000", "2019-03-31": "10880.00000", "2018-12-31": "10061.00000", "2018-09-30": "9016.00000", "2018-06-30": "8325.00000", "2018-03-31": "9078.00000", "2017-12-31": "9071.00000", "2017-09-30": "9519.00000", "2017-06-30": "8978.00000", "2017-03-31": "8899.00000", "2016-12-31": "9415.00000", "2016-09-30": "9560.00000", "2016-06-30": "8651.00000", "2016-03-31": "8901.00000", "2015-12-31": "8737.00000", "2015-09-30": "8869.00000", "2015-06-30": "9151.00000", "2015-03-31": "8723.00000", "2014-12-31": "8765.00000", "2014-09-30": "7809.00000", "2014-06-30": "7820.00000", "2014-03-31": "7926.00000", "2013-12-31": "7900.00000", "2013-09-30": "8129.00000", "2013-06-30": "8102.00000", "2013-03-31": "8108.00000", "2012-12-31": "9012.00000", "2012-09-30": "8757.00000", "2012-06-30": "8758.00000", "2012-03-31": "8513.00000", "2011-12-31": "8522.00000", "2011-09-30": "8560.00000", "2011-06-30": "10137.00000", "2011-03-31": "10220.00000", "2010-12-31": "8643.00000", "2010-09-30": "8414.00000", "2010-06-30": "8344.00000", "2010-03-31": "8321.00000", "2009-12-31": "9134.00000", "2009-09-30": "9071.00000", "2009-06-30": "9044.00000", "2009-03-31": "9137.00000", "2008-12-31": "9106.00000", "2008-09-30": "9073.00000", "2008-06-30": "8945.00000", "2008-03-31": "7466.00000", "2007-12-31": "6605.00000", "2007-09-30": "6046.00000", "2007-06-30": "5997.00000", "2007-03-31": "6370.51100", "2006-12-31": "5290.35600", "2006-09-30": "5265.58800", "2006-06-30": "5297.38300", "2006-03-31": "5211.99800", "2005-12-31": "5251.62300", "2005-09-30": "5344.54000", "2005-06-30": "4797.76900", "2005-03-31": "4947.81300"}, "Total Liabilities": {"2020-12-31": "13559.00000", "2020-09-30": "25454.00000", "2020-06-30": "25030.00000", "2020-03-31": "29419.00000", "2019-12-31": "24772.00000", "2019-09-30": "22909.00000", "2019-06-30": "23637.00000", "2019-03-31": "24241.00000", "2018-12-31": "21837.00000", "2018-09-30": "20664.00000", "2018-06-30": "20043.00000", "2018-03-31": "22363.00000", "2017-12-31": "21641.00000", "2017-09-30": "21392.00000", "2017-06-30": "20399.00000", "2017-03-31": "22501.00000", "2016-12-31": "22588.00000", "2016-09-30": "22297.00000", "2016-06-30": "22429.00000", "2016-03-31": "21768.00000", "2015-12-31": "22242.00000", "2015-09-30": "22999.00000", "2015-06-30": "22010.00000", "2015-03-31": "22958.00000", "2014-12-31": "24367.00000", "2014-09-30": "21560.00000", "2014-06-30": "19711.00000", "2014-03-31": "21382.00000", "2013-12-31": "23558.00000", "2013-09-30": "21882.00000", "2013-06-30": "21225.00000", "2013-03-31": "24250.00000", "2012-12-31": "26005.00000", "2012-09-30": "26319.00000", "2012-06-30": "23384.00000", "2012-03-31": "23307.00000", "2011-12-31": "23351.00000", "2011-09-30": "23039.00000", "2011-06-30": "23355.00000", "2011-03-31": "27083.00000", "2010-12-31": "26706.00000", "2010-09-30": "20649.00000", "2010-06-30": "16917.00000", "2010-03-31": "17557.00000", "2009-12-31": "18734.00000", "2009-09-30": "17618.00000", "2009-06-30": "17929.00000", "2009-03-31": "18548.00000", "2008-12-31": "20207.00000", "2008-09-30": "21174.00000", "2008-06-30": "23566.00000", "2008-03-31": "23351.00000", "2007-12-31": "21166.00000", "2007-09-30": "17572.00000", "2007-06-30": "13865.00000", "2007-03-31": "14672.07000", "2006-12-31": "14272.93000", "2006-09-30": "11682.28000", "2006-06-30": "11462.15000", "2006-03-31": "11371.08000", "2005-12-31": "11233.36000", "2005-09-30": "11202.34000", "2005-06-30": "10164.63000", "2005-03-31": "10408.69000"}, "Common Stock Net": {"2020-12-31": "", "2020-09-30": "2760.00000", "2020-06-30": "2705.00000", "2020-03-31": "2690.00000", "2019-12-31": "2655.00000", "2019-09-30": "2617.00000", "2019-06-30": "2588.00000", "2019-03-31": "2584.00000", "2018-12-31": "2560.00000", "2018-09-30": "2541.00000", "2018-06-30": "2489.00000", "2018-03-31": "2428.00000", "2017-12-31": "2398.00000", "2017-09-30": "2390.00000", "2017-06-30": "2376.00000", "2017-03-31": "2350.00000", "2016-12-31": "2327.00000", "2016-09-30": "2536.00000", "2016-06-30": "2714.00000", "2016-03-31": "2875.00000", "2015-12-31": "3180.00000", "2015-09-30": "3412.00000", "2015-06-30": "4017.00000", "2015-03-31": "4584.00000", "2014-12-31": "5115.00000", "2014-09-30": "5541.00000", "2014-06-30": "5692.00000", "2014-03-31": "5995.00000", "2013-12-31": "6136.00000", "2013-09-30": "6108.00000", "2013-06-30": "6150.00000", "2013-03-31": "6175.00000", "2012-12-31": "6134.00000", "2012-09-30": "6130.00000", "2012-06-30": "6102.00000", "2012-03-31": "6170.00000", "2011-12-31": "6218.00000", "2011-09-30": "6408.00000", "2011-06-30": "6636.00000", "2011-03-31": "5086.00000", "2010-12-31": "5095.00000", "2010-09-30": "5138.00000", "2010-06-30": "5151.00000", "2010-03-31": "5245.00000", "2009-12-31": "5234.00000", "2009-09-30": "5219.00000", "2009-06-30": "5204.00000", "2009-03-31": "5016.00000", "2008-12-31": "4999.00000", "2008-09-30": "5001.00000", "2008-06-30": "5039.00000", "2008-03-31": "5121.00000", "2007-12-31": "5083.00000", "2007-09-30": "5056.00000", "2007-06-30": "5090.00000", "2007-03-31": "5067.90100", "2006-12-31": "5457.64900", "2006-09-30": "5571.92200", "2006-06-30": "5511.01900", "2006-03-31": "5471.07000", "2005-12-31": "5487.33200", "2005-09-30": "5430.86600", "2005-06-30": "5385.84000", "2005-03-31": "5492.80900"}, "Retained Earnings (Accumulated Deficit)": {"2020-12-31": "", "2020-09-30": "19311.00000", "2020-06-30": "19293.00000", "2020-03-31": "19026.00000", "2019-12-31": "18958.00000", "2019-09-30": "18651.00000", "2019-06-30": "18497.00000", "2019-03-31": "18553.00000", "2018-12-31": "18527.00000", "2018-09-30": "18478.00000", "2018-06-30": "18132.00000", "2018-03-31": "17755.00000", "2017-12-31": "17552.00000", "2017-09-30": "17023.00000", "2017-06-30": "17176.00000", "2017-03-31": "17345.00000", "2016-12-31": "17444.00000", "2016-09-30": "17192.00000", "2016-06-30": "17079.00000", "2016-03-31": "16971.00000", "2015-12-31": "16865.00000", "2015-09-30": "16313.00000", "2015-06-30": "16232.00000", "2015-03-31": "16019.00000", "2014-12-31": "15701.00000", "2014-09-30": "15154.00000", "2014-06-30": "14562.00000", "2014-03-31": "14186.00000", "2013-12-31": "14077.00000", "2013-09-30": "13828.00000", "2013-06-30": "13478.00000", "2013-03-31": "13369.00000", "2012-12-31": "13236.00000", "2012-09-30": "12841.00000", "2012-06-30": "12774.00000", "2012-03-31": "12606.00000", "2011-12-31": "12322.00000", "2011-09-30": "12349.00000", "2011-06-30": "11996.00000", "2011-03-31": "11718.00000", "2010-12-31": "11242.00000", "2010-09-30": "10605.00000", "2010-06-30": "10357.00000", "2010-03-31": "10011.00000", "2009-12-31": "9686.00000", "2009-09-30": "9185.00000", "2009-06-30": "8778.00000", "2009-03-31": "8866.00000", "2008-12-31": "8947.00000", "2008-09-30": "8446.00000", "2008-06-30": "7494.00000", "2008-03-31": "7206.00000", "2007-12-31": "6773.00000", "2007-09-30": "6375.00000", "2007-06-30": "5982.00000", "2007-03-31": "5088.22200", "2006-12-31": "4793.88900", "2006-09-30": "4418.36600", "2006-06-30": "4081.49000", "2006-03-31": "3735.88200", "2005-12-31": "3414.40700", "2005-09-30": "3141.29500", "2005-06-30": "3011.01500", "2005-03-31": "2878.68400"}, "Comprehensive Income": {"2020-12-31": "", "2020-09-30": "-2749.00000", "2020-06-30": "-2705.00000", "2020-03-31": "-2764.00000", "2019-12-31": "-2405.00000", "2019-09-30": "-2395.00000", "2019-06-30": "-2130.00000", "2019-03-31": "-2242.00000", "2018-12-31": "-2106.00000", "2018-09-30": "-2032.00000", "2018-06-30": "-1911.00000", "2018-03-31": "-1451.00000", "2017-12-31": "-1637.00000", "2017-09-30": "-1843.00000", "2017-06-30": "-2141.00000", "2017-03-31": "-2574.00000", "2016-12-31": "-2598.00000", "2016-09-30": "-2190.00000", "2016-06-30": "-2138.00000", "2016-03-31": "-1947.00000", "2015-12-31": "-2146.00000", "2015-09-30": "-1862.00000", "2015-06-30": "-1705.00000", "2015-03-31": "-1879.00000", "2014-12-31": "-1241.00000", "2014-09-30": "-469.00000", "2014-06-30": "-70.00000", "2014-03-31": "-158.00000", "2013-12-31": "-57.00000", "2013-09-30": "-398.00000", "2013-06-30": "-638.00000", "2013-03-31": "-591.00000", "2012-12-31": "-450.00000", "2012-09-30": "-734.00000", "2012-06-30": "-907.00000", "2012-03-31": "-423.00000", "2011-12-31": "-563.00000", "2011-09-30": "-374.00000", "2011-06-30": "176.00000", "2011-03-31": "-152.00000", "2010-12-31": "-451.00000", "2010-09-30": "-375.00000", "2010-06-30": "-899.00000", "2010-03-31": "-512.00000", "2009-12-31": "-155.00000", "2009-09-30": "-197.00000", "2009-06-30": "-355.00000", "2009-03-31": "-455.00000", "2008-12-31": "-252.00000", "2008-09-30": "86.00000", "2008-06-30": "957.00000", "2008-03-31": "835.00000", "2007-12-31": "468.00000", "2007-09-30": "389.00000", "2007-06-30": "181.00000", "2007-03-31": "523.22600", "2006-12-31": "521.14600", "2006-09-30": "299.45700", "2006-06-30": "214.37100", "2006-03-31": "-31.55400", "2005-12-31": "-36.38700", "2005-09-30": "78.28700", "2005-06-30": "36.61700", "2005-03-31": "201.61300"}, "Other Share Holders Equity": {"2020-12-31": "", "2020-09-30": "", "2020-06-30": "", "2020-03-31": "", "2019-12-31": "", "2019-09-30": "", "2019-06-30": "", "2019-03-31": "", "2018-12-31": "", "2018-09-30": "", "2018-06-30": "", "2018-03-31": "", "2017-12-31": "", "2017-09-30": "", "2017-06-30": "", "2017-03-31": "", "2016-12-31": "", "2016-09-30": "", "2016-06-30": "", "2016-03-31": "", "2015-12-31": "", "2015-09-30": "", "2015-06-30": "", "2015-03-31": "", "2014-12-31": "", "2014-09-30": "", "2014-06-30": "", "2014-03-31": "", "2013-12-31": "", "2013-09-30": "", "2013-06-30": "", "2013-03-31": "", "2012-12-31": "", "2012-09-30": "", "2012-06-30": "", "2012-03-31": "", "2011-12-31": "", "2011-09-30": "", "2011-06-30": "", "2011-03-31": "", "2010-12-31": "", "2010-09-30": "", "2010-06-30": "", "2010-03-31": "", "2009-12-31": "", "2009-09-30": "", "2009-06-30": "", "2009-03-31": "", "2008-12-31": "", "2008-09-30": "", "2008-06-30": "", "2008-03-31": "", "2007-12-31": "", "2007-09-30": "", "2007-06-30": "", "2007-03-31": "", "2006-12-31": "", "2006-09-30": "", "2006-06-30": "", "2006-03-31": "", "2005-12-31": "", "2005-09-30": "", "2005-06-30": "", "2005-03-31": ""}, "Share Holder Equity": {"2020-12-31": "20022.00000", "2020-09-30": "19341.00000", "2020-06-30": "19311.00000", "2020-03-31": "18976.00000", "2019-12-31": "19225.00000", "2019-09-30": "18895.00000", "2019-06-30": "18979.00000", "2019-03-31": "18910.00000", "2018-12-31": "18996.00000", "2018-09-30": "19000.00000", "2018-06-30": "18712.00000", "2018-03-31": "18737.00000", "2017-12-31": "18322.00000", "2017-09-30": "17577.00000", "2017-06-30": "17418.00000", "2017-03-31": "17129.00000", "2016-12-31": "17181.00000", "2016-09-30": "17556.00000", "2016-06-30": "17669.00000", "2016-03-31": "17913.00000", "2015-12-31": "17915.00000", "2015-09-30": "17878.00000", "2015-06-30": "18558.00000", "2015-03-31": "18757.00000", "2014-12-31": "19630.00000", "2014-09-30": "20261.00000", "2014-06-30": "20219.00000", "2014-03-31": "20062.00000", "2013-12-31": "20194.00000", "2013-09-30": "19566.00000", "2013-06-30": "19013.00000", "2013-03-31": "18976.00000", "2012-12-31": "19131.00000", "2012-09-30": "18441.00000", "2012-06-30": "18169.00000", "2012-03-31": "18551.00000", "2011-12-31": "18165.00000", "2011-09-30": "18409.00000", "2011-06-30": "18838.00000", "2011-03-31": "16680.00000", "2010-12-31": "15904.00000", "2010-09-30": "15387.00000", "2010-06-30": "14631.00000", "2010-03-31": "14769.00000", "2009-12-31": "14795.00000", "2009-09-30": "14243.00000", "2009-06-30": "13653.00000", "2009-03-31": "13427.00000", "2008-12-31": "13694.00000", "2008-09-30": "13533.00000", "2008-06-30": "13490.00000", "2008-03-31": "13162.00000", "2007-12-31": "12324.00000", "2007-09-30": "11820.00000", "2007-06-30": "11253.00000", "2007-03-31": "10679.35000", "2006-12-31": "10772.68000", "2006-09-30": "10289.75000", "2006-06-30": "9806.88000", "2006-03-31": "9175.39800", "2005-12-31": "8865.35200", "2005-09-30": "8650.44800", "2005-06-30": "8433.47200", "2005-03-31": "8573.10600"}, "Total Liabilities And Share Holders Equity": {"2020-12-31": "33581.00000", "2020-09-30": "44795.00000", "2020-06-30": "44341.00000", "2020-03-31": "48395.00000", "2019-12-31": "43997.00000", "2019-09-30": "41804.00000", "2019-06-30": "42616.00000", "2019-03-31": "43151.00000", "2018-12-31": "40833.00000", "2018-09-30": "39664.00000", "2018-06-30": "38755.00000", "2018-03-31": "41100.00000", "2017-12-31": "39963.00000", "2017-09-30": "38969.00000", "2017-06-30": "37817.00000", "2017-03-31": "39630.00000", "2016-12-31": "39769.00000", "2016-09-30": "39853.00000", "2016-06-30": "40098.00000", "2016-03-31": "39681.00000", "2015-12-31": "40157.00000", "2015-09-30": "40877.00000", "2015-06-30": "40568.00000", "2015-03-31": "41715.00000", "2014-12-31": "43997.00000", "2014-09-30": "41821.00000", "2014-06-30": "39930.00000", "2014-03-31": "41444.00000", "2013-12-31": "43752.00000", "2013-09-30": "41448.00000", "2013-06-30": "40238.00000", "2013-03-31": "43226.00000", "2012-12-31": "45136.00000", "2012-09-30": "44760.00000", "2012-06-30": "41553.00000", "2012-03-31": "41858.00000", "2011-12-31": "41516.00000", "2011-09-30": "41448.00000", "2011-06-30": "42193.00000", "2011-03-31": "43763.00000", "2010-12-31": "42610.00000", "2010-09-30": "36036.00000", "2010-06-30": "31548.00000", "2010-03-31": "32326.00000", "2009-12-31": "33529.00000", "2009-09-30": "31861.00000", "2009-06-30": "31582.00000", "2009-03-31": "31975.00000", "2008-12-31": "33901.00000", "2008-09-30": "34707.00000", "2008-06-30": "37056.00000", "2008-03-31": "36513.00000", "2007-12-31": "33490.00000", "2007-09-30": "29392.00000", "2007-06-30": "25118.00000", "2007-03-31": "25351.42000", "2006-12-31": "25045.61000", "2006-09-30": "21972.02000", "2006-06-30": "21269.03000", "2006-03-31": "20546.48000", "2005-12-31": "20098.71000", "2005-09-30": "19852.79000", "2005-06-30": "18598.11000", "2005-03-31": "18981.80000"}}, "cash flow statement": {"Net Income/Loss": {"2020-12-31": "1782.00000", "2019-12-31": "1379.00000", "2018-12-31": "1815.00000", "2017-12-31": "1602.00000", "2016-12-31": "1288.00000", "2015-12-31": "1846.00000", "2014-12-31": "2253.00000", "2013-12-31": "1354.00000", "2012-12-31": "1392.00000", "2012-06-30": "1242.00000", "2011-06-30": "2018.00000", "2010-06-30": "1919.00000", "2009-06-30": "1688.00000", "2008-06-30": "1786.00000", "2007-06-30": "2162.00000", "2006-06-30": "1312.00000", "2005-06-30": "1044.00000"}, "Total Depreciation And Amortization - Cash Flow": {"2020-12-31": "976.00000", "2019-12-31": "993.00000", "2018-12-31": "941.00000", "2017-12-31": "924.00000", "2016-12-31": "900.00000", "2015-12-31": "882.00000", "2014-12-31": "894.00000", "2013-12-31": "909.00000", "2012-12-31": "869.00000", "2012-06-30": "848.00000", "2011-06-30": "877.00000", "2010-06-30": "912.00000", "2009-06-30": "780.00000", "2008-06-30": "799.00000", "2007-06-30": "722.00000", "2006-06-30": "728.00000", "2005-06-30": "706.00000"}, "Other Non-Cash Items": {"2020-12-31": "-4232.00000", "2019-12-31": "-7767.00000", "2018-12-31": "-7922.00000", "2017-12-31": "-8808.00000", "2016-12-31": "-8191.00000", "2015-12-31": "-496.00000", "2014-12-31": "-445.00000", "2013-12-31": "30.00000", "2012-12-31": "156.00000", "2012-06-30": "465.00000", "2011-06-30": "-3.00000", "2010-06-30": "-153.00000", "2009-06-30": "-209.00000", "2008-06-30": "-19.00000", "2007-06-30": "-959.00000", "2006-06-30": "-263.00000", "2005-06-30": "105.00000"}, "Total Non-Cash Items": {"2020-12-31": "-3256.00000", "2019-12-31": "-6774.00000", "2018-12-31": "-6981.00000", "2017-12-31": "-7884.00000", "2016-12-31": "-7291.00000", "2015-12-31": "386.00000", "2014-12-31": "449.00000", "2013-12-31": "939.00000", "2012-12-31": "1025.00000", "2012-06-30": "1313.00000", "2011-06-30": "874.00000", "2010-06-30": "759.00000", "2009-06-30": "571.00000", "2008-06-30": "780.00000", "2007-06-30": "-237.00000", "2006-06-30": "465.00000", "2005-06-30": "811.00000"}, "Change In Accounts Receivable": {"2020-12-31": "", "2019-12-31": "287.00000", "2018-12-31": "-376.00000", "2017-12-31": "73.00000", "2016-12-31": "-160.00000", "2015-12-31": "913.00000", "2014-12-31": "425.00000", "2013-12-31": "296.00000", "2012-12-31": "1753.00000", "2012-06-30": "974.00000", "2011-06-30": "-687.00000", "2010-06-30": "-540.00000", "2009-06-30": "3680.00000", "2008-06-30": "-4781.00000", "2007-06-30": "-1671.00000", "2006-06-30": "-177.00000", "2005-06-30": "-217.00000"}, "Change In Inventories": {"2020-12-31": "", "2019-12-31": "-21.00000", "2018-12-31": "226.00000", "2017-12-31": "-137.00000", "2016-12-31": "-654.00000", "2015-12-31": "872.00000", "2014-12-31": "1274.00000", "2013-12-31": "2541.00000", "2012-12-31": "-1304.00000", "2012-06-30": "-272.00000", "2011-06-30": "-3412.00000", "2010-06-30": "-404.00000", "2009-06-30": "1899.00000", "2008-06-30": "-3736.00000", "2007-06-30": "-1213.00000", "2006-06-30": "-601.00000", "2005-06-30": "825.00000"}, "Change In Accounts Payable": {"2020-12-31": "", "2019-12-31": "-64.00000", "2018-12-31": "-300.00000", "2017-12-31": "181.00000", "2016-12-31": "161.00000", "2015-12-31": "-774.00000", "2014-12-31": "-94.00000", "2013-12-31": "-291.00000", "2012-12-31": "648.00000", "2012-06-30": "-117.00000", "2011-06-30": "339.00000", "2010-06-30": "-75.00000", "2009-06-30": "", "2008-06-30": "", "2007-06-30": "", "2006-06-30": "", "2005-06-30": ""}, "Change In Assets/Liabilities": {"2020-12-31": "-912.00000", "2019-12-31": "-824.00000", "2018-12-31": "797.00000", "2017-12-31": "675.00000", "2016-12-31": "253.00000", "2015-12-31": "-595.00000", "2014-12-31": "433.00000", "2013-12-31": "136.00000", "2012-12-31": "-1879.00000", "2012-06-30": "-915.00000", "2011-06-30": "-3487.00000", "2010-06-30": "1143.00000", "2009-06-30": "-274.00000", "2008-06-30": "-788.00000", "2007-06-30": "-257.00000", "2006-06-30": "-268.00000", "2005-06-30": "-73.00000"}, "Total Change In Assets/Liabilities": {"2020-12-31": "-912.00000", "2019-12-31": "-57.00000", "2018-12-31": "382.00000", "2017-12-31": "316.00000", "2016-12-31": "-505.00000", "2015-12-31": "-527.00000", "2014-12-31": "2241.00000", "2013-12-31": "2933.00000", "2012-12-31": "-85.00000", "2012-06-30": "340.00000", "2011-06-30": "-5232.00000", "2010-06-30": "6.00000", "2009-06-30": "3082.00000", "2008-06-30": "-5770.00000", "2007-06-30": "-1622.00000", "2006-06-30": "-401.00000", "2005-06-30": "271.00000"}, "Cash Flow From Operating Activities": {"2020-12-31": "-2386.00000", "2019-12-31": "-5452.00000", "2018-12-31": "-4784.00000", "2017-12-31": "-5966.00000", "2016-12-31": "-6508.00000", "2015-12-31": "1705.00000", "2014-12-31": "4943.00000", "2013-12-31": "5226.00000", "2012-12-31": "2332.00000", "2012-06-30": "2895.00000", "2011-06-30": "-2340.00000", "2010-06-30": "2684.00000", "2009-06-30": "5341.00000", "2008-06-30": "-3204.00000", "2007-06-30": "303.00000", "2006-06-30": "1376.00000", "2005-06-30": "2126.00000"}, "Net Change In Property, Plant, And Equipment": {"2020-12-31": "-823.00000", "2019-12-31": "-828.00000", "2018-12-31": "-842.00000", "2017-12-31": "-1049.00000", "2016-12-31": "-882.00000", "2015-12-31": "-1125.00000", "2014-12-31": "-894.00000", "2013-12-31": "-913.00000", "2012-12-31": "-720.00000", "2012-06-30": "-1429.00000", "2011-06-30": "-1175.00000", "2010-06-30": "-1572.00000", "2009-06-30": "-1833.00000", "2008-06-30": "-1727.00000", "2007-06-30": "-1153.00000", "2006-06-30": "-708.00000", "2005-06-30": "-580.00000"}, "Net Change In Intangible Assets": {"2020-12-31": "", "2019-12-31": "", "2018-12-31": "", "2017-12-31": "", "2016-12-31": "", "2015-12-31": "", "2014-12-31": "", "2013-12-31": "", "2012-12-31": "", "2012-06-30": "", "2011-06-30": "", "2010-06-30": "", "2009-06-30": "", "2008-06-30": "", "2007-06-30": "", "2006-06-30": "", "2005-06-30": ""}, "Net Acquisitions/Divestitures": {"2020-12-31": "713.00000", "2019-12-31": "-1653.00000", "2018-12-31": "-273.00000", "2017-12-31": "8.00000", "2016-12-31": "65.00000", "2015-12-31": "1286.00000", "2014-12-31": "-2356.00000", "2013-12-31": "42.00000", "2012-12-31": "-61.00000", "2012-06-30": "-371.00000", "2011-06-30": "-218.00000", "2010-06-30": "-62.00000", "2009-06-30": "60.00000", "2008-06-30": "-2.00000", "2007-06-30": "282.00000", "2006-06-30": "-182.00000", "2005-06-30": "-24.00000"}, "Net Change In Short-term Investments": {"2020-12-31": "4.00000", "2019-12-31": "77.00000", "2018-12-31": "13.00000", "2017-12-31": "447.00000", "2016-12-31": "258.00000", "2015-12-31": "35.00000", "2014-12-31": "-105.00000", "2013-12-31": "104.00000", "2012-12-31": "-445.00000", "2012-06-30": "648.00000", "2011-06-30": "-285.00000", "2010-06-30": "67.00000", "2009-06-30": "-90.00000", "2008-06-30": "-183.00000", "2007-06-30": "475.00000", "2006-06-30": "-104.00000", "2005-06-30": "241.00000"}, "Net Change In Long-Term Investments": {"2020-12-31": "-5.00000", "2019-12-31": "-13.00000", "2018-12-31": "-157.00000", "2017-12-31": "-280.00000", "2016-12-31": "-662.00000", "2015-12-31": "-226.00000", "2014-12-31": "-184.00000", "2013-12-31": "", "2012-12-31": "", "2012-06-30": "", "2011-06-30": "", "2010-06-30": "-146.00000", "2009-06-30": "-15.00000", "2008-06-30": "-32.00000", "2007-06-30": "-53.00000", "2006-06-30": "-126.00000", "2005-06-30": "-112.00000"}, "Net Change In Investments - Total": {"2020-12-31": "-1.00000", "2019-12-31": "64.00000", "2018-12-31": "-144.00000", "2017-12-31": "167.00000", "2016-12-31": "-404.00000", "2015-12-31": "-191.00000", "2014-12-31": "-289.00000", "2013-12-31": "104.00000", "2012-12-31": "-445.00000", "2012-06-30": "648.00000", "2011-06-30": "-285.00000", "2010-06-30": "-79.00000", "2009-06-30": "-105.00000", "2008-06-30": "-215.00000", "2007-06-30": "422.00000", "2006-06-30": "-230.00000", "2005-06-30": "129.00000"}, "Investing Activities - Other": {"2020-12-31": "4576.00000", "2019-12-31": "7676.00000", "2018-12-31": "7841.00000", "2017-12-31": "8165.00000", "2016-12-31": "8073.00000", "2015-12-31": "9.00000", "2014-12-31": "132.00000", "2013-12-31": "190.00000", "2012-12-31": "65.00000", "2012-06-30": "30.00000", "2011-06-30": "3.00000", "2010-06-30": "48.00000", "2009-06-30": "7.00000", "2008-06-30": "49.00000", "2007-06-30": "94.00000", "2006-06-30": "51.00000", "2005-06-30": "174.00000"}, "Cash Flow From Investing Activities": {"2020-12-31": "4465.00000", "2019-12-31": "5259.00000", "2018-12-31": "6582.00000", "2017-12-31": "7291.00000", "2016-12-31": "6852.00000", "2015-12-31": "-21.00000", "2014-12-31": "-3407.00000", "2013-12-31": "-577.00000", "2012-12-31": "-1161.00000", "2012-06-30": "-1122.00000", "2011-06-30": "-1675.00000", "2010-06-30": "-1665.00000", "2009-06-30": "-1871.00000", "2008-06-30": "-1895.00000", "2007-06-30": "-355.00000", "2006-06-30": "-1069.00000", "2005-06-30": "-301.00000"}, "Net Long-Term Debt": {"2020-12-31": "-345.00000", "2019-12-31": "-618.00000", "2018-12-31": "1732.00000", "2017-12-31": "-303.00000", "2016-12-31": "1027.00000", "2015-12-31": "69.00000", "2014-12-31": "-1250.00000", "2013-12-31": "-252.00000", "2012-12-31": "-1705.00000", "2012-06-30": "-305.00000", "2011-06-30": "1126.00000", "2010-06-30": "-596.00000", "2009-06-30": "101.00000", "2008-06-30": "3026.00000", "2007-06-30": "617.00000", "2006-06-30": "378.00000", "2005-06-30": "-167.00000"}, "Net Current Debt": {"2020-12-31": "837.00000", "2019-12-31": "919.00000", "2018-12-31": "-743.00000", "2017-12-31": "685.00000", "2016-12-31": "61.00000", "2015-12-31": "-18.00000", "2014-12-31": "-458.00000", "2013-12-31": "-2461.00000", "2012-12-31": "1933.00000", "2012-06-30": "197.00000", "2011-06-30": "1381.00000", "2010-06-30": "29.00000", "2009-06-30": "-2890.00000", "2008-06-30": "2574.00000", "2007-06-30": "-110.00000", "2006-06-30": "105.00000", "2005-06-30": "-1358.00000"}, "Debt Issuance/Retirement Net - Total": {"2020-12-31": "492.00000", "2019-12-31": "301.00000", "2018-12-31": "989.00000", "2017-12-31": "382.00000", "2016-12-31": "1088.00000", "2015-12-31": "51.00000", "2014-12-31": "-1708.00000", "2013-12-31": "-2713.00000", "2012-12-31": "228.00000", "2012-06-30": "-108.00000", "2011-06-30": "2507.00000", "2010-06-30": "-567.00000", "2009-06-30": "-2789.00000", "2008-06-30": "5600.00000", "2007-06-30": "507.00000", "2006-06-30": "483.00000", "2005-06-30": "-1525.00000"}, "Net Common Equity Issued/Repurchased": {"2020-12-31": "-133.00000", "2019-12-31": "-150.00000", "2018-12-31": "-77.00000", "2017-12-31": "-750.00000", "2016-12-31": "-1000.00000", "2015-12-31": "-2040.00000", "2014-12-31": "-1183.00000", "2013-12-31": "-101.00000", "2012-12-31": "-100.00000", "2012-06-30": "-546.00000", "2011-06-30": "1449.00000", "2010-06-30": "-100.00000", "2009-06-30": "-100.00000", "2008-06-30": "-61.00000", "2007-06-30": "-363.00000", "2006-06-30": "-2.00000", "2005-06-30": "-139.00000"}, "Net Total Equity Issued/Repurchased": {"2020-12-31": "-133.00000", "2019-12-31": "-150.00000", "2018-12-31": "-77.00000", "2017-12-31": "-750.00000", "2016-12-31": "-1000.00000", "2015-12-31": "-2040.00000", "2014-12-31": "-1183.00000", "2013-12-31": "-101.00000", "2012-12-31": "-100.00000", "2012-06-30": "-546.00000", "2011-06-30": "1449.00000", "2010-06-30": "-100.00000", "2009-06-30": "-100.00000", "2008-06-30": "-61.00000", "2007-06-30": "-363.00000", "2006-06-30": "-2.00000", "2005-06-30": "-139.00000"}, "Total Common And Preferred Stock Dividends Paid": {"2020-12-31": "-809.00000", "2019-12-31": "-789.00000", "2018-12-31": "-758.00000", "2017-12-31": "-730.00000", "2016-12-31": "-701.00000", "2015-12-31": "-687.00000", "2014-12-31": "-624.00000", "2013-12-31": "-501.00000", "2012-12-31": "-461.00000", "2012-06-30": "-455.00000", "2011-06-30": "-395.00000", "2010-06-30": "-372.00000", "2009-06-30": "-347.00000", "2008-06-30": "-316.00000", "2007-06-30": "-281.00000", "2006-06-30": "-242.00000", "2005-06-30": "-209.00000"}, "Financial Activities - Other": {"2020-12-31": "27.00000", "2019-12-31": "-22.00000", "2018-12-31": "33.00000", "2017-12-31": "70.00000", "2016-12-31": "34.00000", "2015-12-31": "27.00000", "2014-12-31": "-62.00000", "2013-12-31": "73.00000", "2012-12-31": "12.00000", "2012-06-30": "12.00000", "2011-06-30": "23.00000", "2010-06-30": "11.00000", "2009-06-30": "11.00000", "2008-06-30": "23.00000", "2007-06-30": "-261.00000", "2006-06-30": "45.00000", "2005-06-30": "30.00000"}, "Cash Flow From Financial Activities": {"2020-12-31": "-423.00000", "2019-12-31": "-660.00000", "2018-12-31": "187.00000", "2017-12-31": "-1028.00000", "2016-12-31": "-579.00000", "2015-12-31": "-2649.00000", "2014-12-31": "-3577.00000", "2013-12-31": "-3242.00000", "2012-12-31": "-321.00000", "2012-06-30": "-1097.00000", "2011-06-30": "3584.00000", "2010-06-30": "-1028.00000", "2009-06-30": "-3225.00000", "2008-06-30": "5246.00000", "2007-06-30": "-398.00000", "2006-06-30": "284.00000", "2005-06-30": "-1843.00000"}, "Net Cash Flow": {"2020-12-31": "1656.00000", "2019-12-31": "-853.00000", "2018-12-31": "1985.00000", "2017-12-31": "297.00000", "2016-12-31": "-235.00000", "2015-12-31": "-965.00000", "2014-12-31": "-2041.00000", "2013-12-31": "1407.00000", "2012-12-31": "850.00000", "2012-06-30": "676.00000", "2011-06-30": "-431.00000", "2010-06-30": "-9.00000", "2009-06-30": "245.00000", "2008-06-30": "147.00000", "2007-06-30": "-450.00000", "2006-06-30": "591.00000", "2005-06-30": "-18.00000"}, "Stock-Based Compensation": {"2020-12-31": "", "2019-12-31": "89.00000", "2018-12-31": "109.00000", "2017-12-31": "66.00000", "2016-12-31": "74.00000", "2015-12-31": "79.00000", "2014-12-31": "55.00000", "2013-12-31": "43.00000", "2012-12-31": "44.00000", "2012-06-30": "48.00000", "2011-06-30": "47.00000", "2010-06-30": "45.00000", "2009-06-30": "65.00000", "2008-06-30": "99.00000", "2007-06-30": "45.00000", "2006-06-30": "25.00000", "2005-06-30": "24.00000"}, "Common Stock Dividends Paid": {"2020-12-31": "-809.00000", "2019-12-31": "-789.00000", "2018-12-31": "-758.00000", "2017-12-31": "-730.00000", "2016-12-31": "-701.00000", "2015-12-31": "-687.00000", "2014-12-31": "-624.00000", "2013-12-31": "-501.00000", "2012-12-31": "-461.00000", "2012-06-30": "-455.00000", "2011-06-30": "-395.00000", "2010-06-30": "-372.00000", "2009-06-30": "-347.00000", "2008-06-30": "-316.00000", "2007-06-30": "-281.00000", "2006-06-30": "-242.00000", "2005-06-30": "-209.00000"}}, "cash flow statement, quarterly": {"Net Income/Loss": {"2020-12-31": 693, "2020-09-30": 226, "2020-06-30": 472, "2020-03-31": "391.00000", "2019-12-31": 499, "2019-09-30": 408, "2019-06-30": 238, "2019-03-31": "234.00000", "2018-12-31": 317, "2018-09-30": 536, "2018-06-30": 566, "2018-03-31": "396.00000", "2017-12-31": 792, "2017-09-30": 195, "2017-06-30": 275, "2017-03-31": "340.00000", "2016-12-31": 426, "2016-09-30": 344, "2016-06-30": 288, "2016-03-31": "230.00000", "2015-12-31": 717, "2015-09-30": 253, "2015-06-30": 383, "2015-03-31": "493.00000", "2014-12-31": 705, "2014-09-30": 748, "2014-06-30": 532, "2014-03-31": "268.00000", "2013-12-31": 377, "2013-09-30": 481, "2013-06-30": 226, "2013-03-31": "270.00000", "2012-12-31": 510, "2012-09-30": 184, "2012-06-30": 293, "2012-03-31": "405.00000", "2011-12-31": 83, "2011-09-30": 461, "2011-06-30": -1639, "2011-03-31": "1639.00000", "2010-12-31": 729, "2010-09-30": 342, "2010-06-30": -1474, "2010-03-31": "1474.00000", "2009-12-31": 561, "2009-09-30": 497, "2009-06-30": -1628, "2009-03-31": "1628.00000", "2008-12-31": 579, "2008-09-30": 1046, "2008-06-30": -1430, "2008-03-31": "1430.00000", "2007-12-31": 472, "2007-09-30": 441, "2007-06-30": -1207, "2007-03-31": "1207.00000", "2006-12-31": 441, "2006-09-30": 403, "2006-06-30": -901.811, "2006-03-31": "901.81100", "2005-12-31": 367.677, "2005-09-30": 186.338, "2005-06-30": -848.901, "2005-03-31": "848.90100"}, "Total Depreciation And Amortization - Cash Flow": {"2020-12-31": 249, "2020-09-30": 238, "2020-06-30": 244, "2020-03-31": "245.00000", "2019-12-31": 251, "2019-09-30": 249, "2019-06-30": 248, "2019-03-31": "245.00000", "2018-12-31": 235, "2018-09-30": 232, "2018-06-30": 239, "2018-03-31": "235.00000", "2017-12-31": 240, "2017-09-30": 232, "2017-06-30": 227, "2017-03-31": "225.00000", "2016-12-31": 222, "2016-09-30": 226, "2016-06-30": 221, "2016-03-31": "231.00000", "2015-12-31": 224, "2015-09-30": 217, "2015-06-30": 225, "2015-03-31": "216.00000", "2014-12-31": 248, "2014-09-30": 214, "2014-06-30": 213, "2014-03-31": "219.00000", "2013-12-31": 228, "2013-09-30": 227, "2013-06-30": 227, "2013-03-31": "227.00000", "2012-12-31": 218, "2012-09-30": 217, "2012-06-30": 220, "2012-03-31": "214.00000", "2011-12-31": 207, "2011-09-30": 207, "2011-06-30": -665, "2011-03-31": "665.00000", "2010-12-31": 211, "2010-09-30": 252, "2010-06-30": -673, "2010-03-31": "673.00000", "2009-12-31": 222, "2009-09-30": 209, "2009-06-30": -576, "2009-03-31": "576.00000", "2008-12-31": 204, "2008-09-30": 177, "2008-06-30": -562, "2008-03-31": "562.00000", "2007-12-31": 196, "2007-09-30": 185, "2007-06-30": -521, "2007-03-31": "521.00000", "2006-12-31": 174, "2006-09-30": 171, "2006-06-30": -517.793, "2006-03-31": "517.79300", "2005-12-31": 185.817, "2005-09-30": 164.173, "2005-06-30": -509.495, "2005-03-31": "509.49500"}, "Other Non-Cash Items": {"2020-12-31": -108, "2020-09-30": -1927, "2020-06-30": -355, "2020-03-31": "-1842.00000", "2019-12-31": -2131, "2019-09-30": -2074, "2019-06-30": -1771, "2019-03-31": "-1791.00000", "2018-12-31": -2211, "2018-09-30": -1306, "2018-06-30": -1877, "2018-03-31": "-2528.00000", "2017-12-31": -3510, "2017-09-30": -1138, "2017-06-30": -1918, "2017-03-31": "-2242.00000", "2016-12-31": -8212, "2016-09-30": -47, "2016-06-30": -28, "2016-03-31": "96.00000", "2015-12-31": -196, "2015-09-30": -177, "2015-06-30": 9, "2015-03-31": "-132.00000", "2014-12-31": -198, "2014-09-30": -67, "2014-06-30": 79, "2014-03-31": "-259.00000", "2013-12-31": 242, "2013-09-30": 31, "2013-06-30": -108, "2013-03-31": "-135.00000", "2012-12-31": -114, "2012-09-30": 257, "2012-06-30": 113, "2012-03-31": "-100.00000", "2011-12-31": 338, "2011-09-30": 114, "2011-06-30": 83, "2011-03-31": "-83.00000", "2010-12-31": 60, "2010-09-30": -84, "2010-06-30": 129, "2010-03-31": "-129.00000", "2009-12-31": 147, "2009-09-30": 24, "2009-06-30": 184, "2009-03-31": "-184.00000", "2008-12-31": 23, "2008-09-30": -457, "2008-06-30": -218, "2008-03-31": "218.00000", "2007-12-31": 54, "2007-09-30": 17, "2007-06-30": -4, "2007-03-31": "4.00000", "2006-12-31": 55, "2006-09-30": 7, "2006-06-30": 268.7, "2006-03-31": "-268.70000", "2005-12-31": -65.901, "2005-09-30": -161.882, "2005-06-30": -31.742, "2005-03-31": "31.74200"}, "Total Non-Cash Items": {"2020-12-31": 141, "2020-09-30": -1689, "2020-06-30": -111, "2020-03-31": "-1597.00000", "2019-12-31": -1880, "2019-09-30": -1825, "2019-06-30": -1523, "2019-03-31": "-1546.00000", "2018-12-31": -1976, "2018-09-30": -1074, "2018-06-30": -1638, "2018-03-31": "-2293.00000", "2017-12-31": -3270, "2017-09-30": -906, "2017-06-30": -1691, "2017-03-31": "-2017.00000", "2016-12-31": -7990, "2016-09-30": 179, "2016-06-30": 193, "2016-03-31": "327.00000", "2015-12-31": 28, "2015-09-30": 40, "2015-06-30": 234, "2015-03-31": "84.00000", "2014-12-31": 50, "2014-09-30": 147, "2014-06-30": 292, "2014-03-31": "-40.00000", "2013-12-31": 470, "2013-09-30": 258, "2013-06-30": 119, "2013-03-31": "92.00000", "2012-12-31": 104, "2012-09-30": 474, "2012-06-30": 333, "2012-03-31": "114.00000", "2011-12-31": 545, "2011-09-30": 321, "2011-06-30": -582, "2011-03-31": "582.00000", "2010-12-31": 271, "2010-09-30": 168, "2010-06-30": -544, "2010-03-31": "544.00000", "2009-12-31": 369, "2009-09-30": 233, "2009-06-30": -392, "2009-03-31": "392.00000", "2008-12-31": 227, "2008-09-30": -280, "2008-06-30": -780, "2008-03-31": "780.00000", "2007-12-31": 250, "2007-09-30": 202, "2007-06-30": -525, "2007-03-31": "525.00000", "2006-12-31": 229, "2006-09-30": 178, "2006-06-30": -249.093, "2006-03-31": "249.09300", "2005-12-31": 119.916, "2005-09-30": 2.291, "2005-06-30": -541.2371, "2005-03-31": "541.23710"}, "Change In Accounts Receivable": {"2020-12-31": 343, "2020-09-30": 21, "2020-06-30": -113, "2020-03-31": "-251.00000", "2019-12-31": 11, "2019-09-30": 147, "2019-06-30": 95, "2019-03-31": "34.00000", "2018-12-31": -314, "2018-09-30": -32, "2018-06-30": 155, "2018-03-31": "-185.00000", "2017-12-31": -33, "2017-09-30": -172, "2017-06-30": 109, "2017-03-31": "169.00000", "2016-12-31": 303, "2016-09-30": 14, "2016-06-30": -305, "2016-03-31": "-172.00000", "2015-12-31": 418, "2015-09-30": 72, "2015-06-30": -127, "2015-03-31": "550.00000", "2014-12-31": -532, "2014-09-30": 1853, "2014-06-30": -1329, "2014-03-31": "433.00000", "2013-12-31": 204, "2013-09-30": 189, "2013-06-30": 49, "2013-03-31": "-146.00000", "2012-12-31": -434, "2012-09-30": 472, "2012-06-30": -455, "2012-03-31": "2170.00000", "2011-12-31": -118, "2011-09-30": -623, "2011-06-30": 876, "2011-03-31": "-876.00000", "2010-12-31": 975, "2010-09-30": -1685, "2010-06-30": -1228, "2010-03-31": "1228.00000", "2009-12-31": -499, "2009-09-30": 713, "2009-06-30": -3468, "2009-03-31": "3468.00000", "2008-12-31": -73, "2008-09-30": 2216, "2008-06-30": 2231, "2008-03-31": "-2231.00000", "2007-12-31": -880, "2007-09-30": -814, "2007-06-30": 544, "2007-03-31": "-544.00000", "2006-12-31": -686, "2006-09-30": -126, "2006-06-30": 266.137, "2006-03-31": "-266.13700", "2005-12-31": -7.94, "2005-09-30": 15.552, "2005-06-30": 50.074, "2005-03-31": "-50.07400"}, "Change In Inventories": {"2020-12-31": -370, "2020-09-30": -1069, "2020-06-30": 1257, "2020-03-31": "182.00000", "2019-12-31": -1015, "2019-09-30": 142, "2019-06-30": 686, "2019-03-31": "166.00000", "2018-12-31": -352, "2018-09-30": -578, "2018-06-30": 1756, "2018-03-31": "-600.00000", "2017-12-31": -840, "2017-09-30": -426, "2017-06-30": 907, "2017-03-31": "222.00000", "2016-12-31": -1707, "2016-09-30": 770, "2016-06-30": -123, "2016-03-31": "406.00000", "2015-12-31": -815, "2015-09-30": 353, "2015-06-30": 595, "2015-03-31": "739.00000", "2014-12-31": -1907, "2014-09-30": 780, "2014-06-30": 2373, "2014-03-31": "28.00000", "2013-12-31": -2247, "2013-09-30": 1161, "2013-06-30": 2241, "2013-03-31": "1386.00000", "2012-12-31": -97, "2012-09-30": -1415, "2012-06-30": 837, "2012-03-31": "-629.00000", "2011-12-31": -1289, "2011-09-30": 809, "2011-06-30": 5121, "2011-03-31": "-5121.00000", "2010-12-31": -3463, "2010-09-30": -1157, "2010-06-30": 551, "2010-03-31": "-551.00000", "2009-12-31": -2009, "2009-09-30": 735, "2009-06-30": -1575, "2009-03-31": "1575.00000", "2008-12-31": 502, "2008-09-30": 1353, "2008-06-30": 4506, "2008-03-31": "-4506.00000", "2007-12-31": -2126, "2007-09-30": -1858, "2007-06-30": 1918, "2007-03-31": "-1918.00000", "2006-12-31": -1205, "2006-09-30": -421, "2006-06-30": 519.857, "2006-03-31": "-519.85700", "2005-12-31": -376.026, "2005-09-30": -117.113, "2005-06-30": -762.976, "2005-03-31": "762.97600"}, "Change In Accounts Payable": {"2020-12-31": 389, "2020-09-30": 430, "2020-06-30": -559, "2020-03-31": "-260.00000", "2019-12-31": 744, "2019-09-30": -66, "2019-06-30": -482, "2019-03-31": "-260.00000", "2018-12-31": 476, "2018-09-30": 489, "2018-06-30": -698, "2018-03-31": "-567.00000", "2017-12-31": 440, "2017-09-30": 498, "2017-06-30": -548, "2017-03-31": "-209.00000", "2016-12-31": 715, "2016-09-30": 156, "2016-06-30": -183, "2016-03-31": "-527.00000", "2015-12-31": 424, "2015-09-30": 28, "2015-06-30": -155, "2015-03-31": "-1071.00000", "2014-12-31": 1213, "2014-09-30": 295, "2014-06-30": -751, "2014-03-31": "-851.00000", "2013-12-31": 1863, "2013-09-30": -95, "2013-06-30": -507, "2013-03-31": "-1552.00000", "2012-12-31": 1113, "2012-09-30": 1197, "2012-06-30": -591, "2012-03-31": "-1071.00000", "2011-12-31": 831, "2011-09-30": 714, "2011-06-30": -1102, "2011-03-31": "1102.00000", "2010-12-31": 1640, "2010-09-30": 0, "2010-06-30": 0, "2010-03-31": "", "2009-12-31": 0, "2009-09-30": 0, "2009-06-30": 0, "2009-03-31": "", "2008-12-31": 0, "2008-09-30": 0, "2008-06-30": 0, "2008-03-31": "", "2007-12-31": 0, "2007-09-30": 0, "2007-06-30": 0, "2007-03-31": "", "2006-12-31": 0, "2006-09-30": 0, "2006-06-30": 0, "2006-03-31": "", "2005-12-31": 0, "2005-09-30": 0, "2005-06-30": 0, "2005-03-31": ""}, "Change In Assets/Liabilities": {"2020-12-31": -1652, "2020-09-30": 347, "2020-06-30": 1, "2020-03-31": "392.00000", "2019-12-31": -943, "2019-09-30": 402, "2019-06-30": 211, "2019-03-31": "-494.00000", "2018-12-31": 806, "2018-09-30": 445, "2018-06-30": 102, "2018-03-31": "-556.00000", "2017-12-31": -816, "2017-09-30": -413, "2017-06-30": 1357, "2017-03-31": "547.00000", "2016-12-31": 267, "2016-09-30": -91, "2016-06-30": -153, "2016-03-31": "230.00000", "2015-12-31": -103, "2015-09-30": -839, "2015-06-30": 327, "2015-03-31": "20.00000", "2014-12-31": 750, "2014-09-30": -1760, "2014-06-30": 1264, "2014-03-31": "179.00000", "2013-12-31": -251, "2013-09-30": -794, "2013-06-30": 939, "2013-03-31": "242.00000", "2012-12-31": 1595, "2012-09-30": -1751, "2012-06-30": -285, "2012-03-31": "-1438.00000", "2011-12-31": 902, "2011-09-30": -5, "2011-06-30": 3605, "2011-03-31": "-3605.00000", "2010-12-31": -3784, "2010-09-30": -530, "2010-06-30": 278, "2010-03-31": "-278.00000", "2009-12-31": 67, "2009-09-30": 137, "2009-06-30": 37, "2009-03-31": "-37.00000", "2008-12-31": 431, "2008-09-30": -221, "2008-06-30": 729, "2008-03-31": "-729.00000", "2007-12-31": -184, "2007-09-30": 175, "2007-06-30": 242, "2007-03-31": "-242.00000", "2006-12-31": -236, "2006-09-30": -29, "2006-06-30": 278.479, "2006-03-31": "-278.47900", "2005-12-31": -182.13, "2005-09-30": -20.896, "2005-06-30": 217.414, "2005-03-31": "-217.41400"}, "Total Change In Assets/Liabilities": {"2020-12-31": -1704, "2020-09-30": 383, "2020-06-30": -142, "2020-03-31": "551.00000", "2019-12-31": -432, "2019-09-30": 491, "2019-06-30": 607, "2019-03-31": "-723.00000", "2018-12-31": 555, "2018-09-30": 37, "2018-06-30": 1467, "2018-03-31": "-1677.00000", "2017-12-31": -239, "2017-09-30": -458, "2017-06-30": 825, "2017-03-31": "188.00000", "2016-12-31": -240, "2016-09-30": 1142, "2016-06-30": -875, "2016-03-31": "-532.00000", "2015-12-31": -138, "2015-09-30": 398, "2015-06-30": -255, "2015-03-31": "-532.00000", "2014-12-31": -236, "2014-09-30": 2546, "2014-06-30": 517, "2014-03-31": "-586.00000", "2013-12-31": -490, "2013-09-30": 1782, "2013-06-30": 1646, "2013-03-31": "-5.00000", "2012-12-31": 1381, "2012-09-30": -175, "2012-06-30": 11, "2012-03-31": "-1302.00000", "2011-12-31": 326, "2011-09-30": 1305, "2011-06-30": 6970, "2011-03-31": "-6970.00000", "2010-12-31": -4212, "2010-09-30": -1381, "2010-06-30": -757, "2010-03-31": "757.00000", "2009-12-31": -1542, "2009-09-30": 1262, "2009-06-30": -3831, "2009-03-31": "3831.00000", "2008-12-31": 379, "2008-09-30": 3914, "2008-06-30": 5377, "2008-03-31": "-5377.00000", "2007-12-31": -2438, "2007-09-30": -1853, "2007-06-30": 1766, "2007-03-31": "-1766.00000", "2006-12-31": -1043, "2006-09-30": -504, "2006-06-30": 251.224, "2006-03-31": "-251.22400", "2005-12-31": -148.424, "2005-09-30": 216.401, "2005-06-30": -653.6141, "2005-03-31": "653.61410"}, "Cash Flow From Operating Activities": {"2020-12-31": -870, "2020-09-30": -1080, "2020-06-30": 219, "2020-03-31": "-655.00000", "2019-12-31": -1813, "2019-09-30": -926, "2019-06-30": -678, "2019-03-31": "-2035.00000", "2018-12-31": -1104, "2018-09-30": -501, "2018-06-30": 395, "2018-03-31": "-3574.00000", "2017-12-31": -2717, "2017-09-30": -1169, "2017-06-30": -591, "2017-03-31": "-1489.00000", "2016-12-31": -7804, "2016-09-30": 1665, "2016-06-30": -394, "2016-03-31": "25.00000", "2015-12-31": 607, "2015-09-30": 691, "2015-06-30": 362, "2015-03-31": "45.00000", "2014-12-31": 519, "2014-09-30": 3441, "2014-06-30": 1341, "2014-03-31": "-358.00000", "2013-12-31": 357, "2013-09-30": 2521, "2013-06-30": 1991, "2013-03-31": "357.00000", "2012-12-31": 1995, "2012-09-30": 483, "2012-06-30": 637, "2012-03-31": "-783.00000", "2011-12-31": 954, "2011-09-30": 2087, "2011-06-30": 4749, "2011-03-31": "-4749.00000", "2010-12-31": -3212, "2010-09-30": -871, "2010-06-30": -2775, "2010-03-31": "2775.00000", "2009-12-31": -612, "2009-09-30": 1992, "2009-06-30": -5851, "2009-03-31": "5851.00000", "2008-12-31": 1185, "2008-09-30": 4680, "2008-06-30": 3167, "2008-03-31": "-3167.00000", "2007-12-31": -1716, "2007-09-30": -1210, "2007-06-30": 34, "2007-03-31": "-34.00000", "2006-12-31": -373, "2006-09-30": 77, "2006-06-30": -899.68, "2006-03-31": "899.68000", "2005-12-31": 339.169, "2005-09-30": 405.03, "2005-06-30": -2043.752, "2005-03-31": "2043.75200"}, "Net Change In Property, Plant, And Equipment": {"2020-12-31": -973, "2020-09-30": 510, "2020-06-30": -166, "2020-03-31": "-194.00000", "2019-12-31": -305, "2019-09-30": -140, "2019-06-30": -185, "2019-03-31": "-198.00000", "2018-12-31": -287, "2018-09-30": -176, "2018-06-30": -183, "2018-03-31": "-196.00000", "2017-12-31": -353, "2017-09-30": -244, "2017-06-30": -252, "2017-03-31": "-200.00000", "2016-12-31": -365, "2016-09-30": -121, "2016-06-30": -216, "2016-03-31": "-180.00000", "2015-12-31": -306, "2015-09-30": -414, "2015-06-30": -167, "2015-03-31": "-238.00000", "2014-12-31": -289, "2014-09-30": -226, "2014-06-30": -197, "2014-03-31": "-182.00000", "2013-12-31": -290, "2013-09-30": -207, "2013-06-30": -178, "2013-03-31": "-238.00000", "2012-12-31": 125, "2012-09-30": -244, "2012-06-30": -275, "2012-03-31": "-326.00000", "2011-12-31": -866, "2011-09-30": 38, "2011-06-30": 861, "2011-03-31": "-861.00000", "2010-12-31": -306, "2010-09-30": -294, "2010-06-30": 1205, "2010-03-31": "-1205.00000", "2009-12-31": -427, "2009-09-30": -490, "2009-06-30": 1404, "2009-03-31": "-1404.00000", "2008-12-31": -564, "2008-09-30": -451, "2008-06-30": 1312, "2008-03-31": "-1312.00000", "2007-12-31": -546, "2007-09-30": -350, "2007-06-30": 844, "2007-03-31": "-844.00000", "2006-12-31": -320, "2006-09-30": -240, "2006-06-30": 491.469, "2006-03-31": "-491.46900", "2005-12-31": -152.292, "2005-09-30": -154.018, "2005-06-30": 422.151, "2005-03-31": "-422.15100"}, "Net Change In Intangible Assets": {"2020-12-31": 0, "2020-09-30": 0, "2020-06-30": 0, "2020-03-31": "", "2019-12-31": 0, "2019-09-30": 0, "2019-06-30": 0, "2019-03-31": "", "2018-12-31": 0, "2018-09-30": 0, "2018-06-30": 0, "2018-03-31": "", "2017-12-31": 0, "2017-09-30": 0, "2017-06-30": 0, "2017-03-31": "", "2016-12-31": 0, "2016-09-30": 0, "2016-06-30": 0, "2016-03-31": "", "2015-12-31": 0, "2015-09-30": 0, "2015-06-30": 0, "2015-03-31": "", "2014-12-31": 0, "2014-09-30": 0, "2014-06-30": 0, "2014-03-31": "", "2013-12-31": 0, "2013-09-30": 0, "2013-06-30": 0, "2013-03-31": "", "2012-12-31": 0, "2012-09-30": 0, "2012-06-30": 0, "2012-03-31": "", "2011-12-31": 0, "2011-09-30": 0, "2011-06-30": 0, "2011-03-31": "", "2010-12-31": 0, "2010-09-30": 0, "2010-06-30": 0, "2010-03-31": "", "2009-12-31": 0, "2009-09-30": 0, "2009-06-30": 0, "2009-03-31": "", "2008-12-31": 0, "2008-09-30": 0, "2008-06-30": 0, "2008-03-31": "", "2007-12-31": 0, "2007-09-30": 0, "2007-06-30": 0, "2007-03-31": "", "2006-12-31": 0, "2006-09-30": 0, "2006-06-30": 0, "2006-03-31": "", "2005-12-31": 0, "2005-09-30": 0, "2005-06-30": 0, "2005-03-31": ""}, "Net Acquisitions/Divestitures": {"2020-12-31": 716, "2020-09-30": -91, "2020-06-30": 89, "2020-03-31": "-1.00000", "2019-12-31": 293, "2019-09-30": -25, "2019-06-30": -63, "2019-03-31": "-1858.00000", "2018-12-31": -126, "2018-09-30": -173, "2018-06-30": 12, "2018-03-31": "14.00000", "2017-12-31": 23, "2017-09-30": 16, "2017-06-30": 34, "2017-03-31": "-65.00000", "2016-12-31": 201, "2016-09-30": -112, "2016-06-30": 49, "2016-03-31": "-73.00000", "2015-12-31": 775, "2015-09-30": 580, "2015-06-30": -69, "2015-03-31": "", "2014-12-31": -2382, "2014-09-30": 26, "2014-06-30": 0, "2014-03-31": "", "2013-12-31": 77, "2013-09-30": -19, "2013-06-30": 0, "2013-03-31": "-16.00000", "2012-12-31": -5, "2012-09-30": -21, "2012-06-30": -2, "2012-03-31": "-33.00000", "2011-12-31": -194, "2011-09-30": -12, "2011-06-30": 206, "2011-03-31": "-206.00000", "2010-12-31": -163, "2010-09-30": 0, "2010-06-30": 59, "2010-03-31": "-59.00000", "2009-12-31": -57, "2009-09-30": 0, "2009-06-30": -214, "2009-03-31": "214.00000", "2008-12-31": 1, "2008-09-30": 212, "2008-06-30": 0, "2008-03-31": "", "2007-12-31": 3, "2007-09-30": -5, "2007-06-30": 92, "2007-03-31": "-92.00000", "2006-12-31": -35, "2006-09-30": -20, "2006-06-30": 168.52, "2006-03-31": "-168.52000", "2005-12-31": -34.787, "2005-09-30": -57.124, "2005-06-30": 4.67, "2005-03-31": "-4.67000"}, "Net Change In Short-term Investments": {"2020-12-31": 5, "2020-09-30": 2, "2020-06-30": -8, "2020-03-31": "5.00000", "2019-12-31": 36, "2019-09-30": -24, "2019-06-30": 15, "2019-03-31": "50.00000", "2018-12-31": 13, "2018-09-30": 2, "2018-06-30": -2, "2018-03-31": "", "2017-12-31": 374, "2017-09-30": -33, "2017-06-30": 34, "2017-03-31": "72.00000", "2016-12-31": 223, "2016-09-30": -28, "2016-06-30": 113, "2016-03-31": "-50.00000", "2015-12-31": -87, "2015-09-30": -68, "2015-06-30": 90, "2015-03-31": "100.00000", "2014-12-31": -171, "2014-09-30": 16, "2014-06-30": 91, "2014-03-31": "-41.00000", "2013-12-31": -192, "2013-09-30": -28, "2013-06-30": -67, "2013-03-31": "391.00000", "2012-12-31": -579, "2012-09-30": -319, "2012-06-30": 252, "2012-03-31": "201.00000", "2011-12-31": 376, "2011-09-30": -181, "2011-06-30": 504, "2011-03-31": "-504.00000", "2010-12-31": -144, "2010-09-30": -214, "2010-06-30": -74, "2010-03-31": "74.00000", "2009-12-31": 141, "2009-09-30": 57, "2009-06-30": 21, "2009-03-31": "-21.00000", "2008-12-31": -670, "2008-09-30": -67, "2008-06-30": 312, "2008-03-31": "-312.00000", "2007-12-31": -164, "2007-09-30": 120, "2007-06-30": 83, "2007-03-31": "-83.00000", "2006-12-31": -191, "2006-09-30": -65, "2006-06-30": 145.194, "2006-03-31": "-145.19400", "2005-12-31": -266.01, "2005-09-30": -55.607, "2005-06-30": -275.194, "2005-03-31": "275.19400"}, "Net Change In Long-Term Investments": {"2020-12-31": 0, "2020-09-30": 0, "2020-06-30": -2, "2020-03-31": "-3.00000", "2019-12-31": -1, "2019-09-30": -2, "2019-06-30": -1, "2019-03-31": "-9.00000", "2018-12-31": -30, "2018-09-30": 5, "2018-06-30": -132, "2018-03-31": "", "2017-12-31": 1, "2017-09-30": -95, "2017-06-30": -1, "2017-03-31": "-185.00000", "2016-12-31": -34, "2016-09-30": -164, "2016-06-30": -315, "2016-03-31": "-149.00000", "2015-12-31": -100, "2015-09-30": -1, "2015-06-30": -125, "2015-03-31": "", "2014-12-31": -151, "2014-09-30": -2, "2014-06-30": -31, "2014-03-31": "", "2013-12-31": 0, "2013-09-30": 0, "2013-06-30": 0, "2013-03-31": "", "2012-12-31": 0, "2012-09-30": 0, "2012-06-30": 0, "2012-03-31": "", "2011-12-31": 0, "2011-09-30": 0, "2011-06-30": 0, "2011-03-31": "", "2010-12-31": 0, "2010-09-30": 0, "2010-06-30": 0, "2010-03-31": "", "2009-12-31": 0, "2009-09-30": 0, "2009-06-30": 0, "2009-03-31": "", "2008-12-31": 0, "2008-09-30": 0, "2008-06-30": 28, "2008-03-31": "-28.00000", "2007-12-31": 0, "2007-09-30": 0, "2007-06-30": 49, "2007-03-31": "-49.00000", "2006-12-31": -46, "2006-09-30": 0, "2006-06-30": 111.426, "2006-03-31": "-111.42600", "2005-12-31": -67.672, "2005-09-30": -27.04, "2005-06-30": 96.967, "2005-03-31": "-96.96700"}, "Net Change In Investments - Total": {"2020-12-31": 5, "2020-09-30": 2, "2020-06-30": -10, "2020-03-31": "2.00000", "2019-12-31": 35, "2019-09-30": -26, "2019-06-30": 14, "2019-03-31": "41.00000", "2018-12-31": -17, "2018-09-30": 7, "2018-06-30": -134, "2018-03-31": "", "2017-12-31": 375, "2017-09-30": -128, "2017-06-30": 33, "2017-03-31": "-113.00000", "2016-12-31": 189, "2016-09-30": -192, "2016-06-30": -202, "2016-03-31": "-199.00000", "2015-12-31": -187, "2015-09-30": -69, "2015-06-30": -35, "2015-03-31": "100.00000", "2014-12-31": -322, "2014-09-30": 14, "2014-06-30": 60, "2014-03-31": "-41.00000", "2013-12-31": -192, "2013-09-30": -28, "2013-06-30": -67, "2013-03-31": "391.00000", "2012-12-31": -579, "2012-09-30": -319, "2012-06-30": 252, "2012-03-31": "201.00000", "2011-12-31": 376, "2011-09-30": -181, "2011-06-30": 504, "2011-03-31": "-504.00000", "2010-12-31": -144, "2010-09-30": -214, "2010-06-30": -74, "2010-03-31": "74.00000", "2009-12-31": 141, "2009-09-30": 57, "2009-06-30": 21, "2009-03-31": "-21.00000", "2008-12-31": -670, "2008-09-30": -67, "2008-06-30": 340, "2008-03-31": "-340.00000", "2007-12-31": -164, "2007-09-30": 120, "2007-06-30": 132, "2007-03-31": "-132.00000", "2006-12-31": -237, "2006-09-30": -65, "2006-06-30": 256.62, "2006-03-31": "-256.62000", "2005-12-31": -333.682, "2005-09-30": -82.647, "2005-06-30": -178.227, "2005-03-31": "178.22700"}, "Investing Activities - Other": {"2020-12-31": -11, "2020-09-30": 2134, "2020-06-30": 407, "2020-03-31": "2046.00000", "2019-12-31": 1985, "2019-09-30": 2096, "2019-06-30": 1851, "2019-03-31": "1744.00000", "2018-12-31": 2437, "2018-09-30": 1369, "2018-06-30": 1673, "2018-03-31": "2362.00000", "2017-12-31": 2775, "2017-09-30": 1479, "2017-06-30": 1485, "2017-03-31": "2426.00000", "2016-12-31": 8058, "2016-09-30": 7, "2016-06-30": 4, "2016-03-31": "4.00000", "2015-12-31": 4, "2015-09-30": 3, "2015-06-30": 125, "2015-03-31": "-123.00000", "2014-12-31": 6, "2014-09-30": 23, "2014-06-30": 25, "2014-03-31": "78.00000", "2013-12-31": 2, "2013-09-30": 22, "2013-06-30": 134, "2013-03-31": "32.00000", "2012-12-31": 48, "2012-09-30": 22, "2012-06-30": 0, "2012-03-31": "-5.00000", "2011-12-31": -1, "2011-09-30": -94, "2011-06-30": 16, "2011-03-31": "-16.00000", "2010-12-31": -26, "2010-09-30": 6, "2010-06-30": 23, "2010-03-31": "-23.00000", "2009-12-31": -8, "2009-09-30": 4, "2009-06-30": 11, "2009-03-31": "-11.00000", "2008-12-31": -25, "2008-09-30": 7, "2008-06-30": -24, "2008-03-31": "24.00000", "2007-12-31": -15, "2007-09-30": 11, "2007-06-30": -118, "2007-03-31": "118.00000", "2006-12-31": 89, "2006-09-30": 9, "2006-06-30": -32.302, "2006-03-31": "32.30200", "2005-12-31": 7.026, "2005-09-30": 16.338, "2005-06-30": -143.924, "2005-03-31": "143.92400"}, "Cash Flow From Investing Activities": {"2020-12-31": -263, "2020-09-30": 2555, "2020-06-30": 320, "2020-03-31": "1853.00000", "2019-12-31": 2008, "2019-09-30": 1905, "2019-06-30": 1617, "2019-03-31": "-271.00000", "2018-12-31": 2007, "2018-09-30": 1027, "2018-06-30": 1368, "2018-03-31": "2180.00000", "2017-12-31": 2820, "2017-09-30": 1123, "2017-06-30": 1300, "2017-03-31": "2048.00000", "2016-12-31": 8083, "2016-09-30": -418, "2016-06-30": -365, "2016-03-31": "-448.00000", "2015-12-31": 286, "2015-09-30": 100, "2015-06-30": -146, "2015-03-31": "-261.00000", "2014-12-31": -2987, "2014-09-30": -163, "2014-06-30": -112, "2014-03-31": "-145.00000", "2013-12-31": -403, "2013-09-30": -232, "2013-06-30": -111, "2013-03-31": "169.00000", "2012-12-31": -411, "2012-09-30": -562, "2012-06-30": -25, "2012-03-31": "-163.00000", "2011-12-31": -685, "2011-09-30": -249, "2011-06-30": 1587, "2011-03-31": "-1587.00000", "2010-12-31": -639, "2010-09-30": -502, "2010-06-30": 1213, "2010-03-31": "-1213.00000", "2009-12-31": -351, "2009-09-30": -429, "2009-06-30": 1222, "2009-03-31": "-1222.00000", "2008-12-31": -1258, "2008-09-30": -299, "2008-06-30": 1628, "2008-03-31": "-1628.00000", "2007-12-31": -722, "2007-09-30": -224, "2007-06-30": 950, "2007-03-31": "-950.00000", "2006-12-31": -503, "2006-09-30": -316, "2006-06-30": 884.307, "2006-03-31": "-884.30700", "2005-12-31": -513.735, "2005-09-30": -277.451, "2005-06-30": 104.67, "2005-03-31": "-104.67000"}, "Net Long-Term Debt": {"2020-12-31": -103, "2020-09-30": -1195, "2020-06-30": -527, "2020-03-31": "1480.00000", "2019-12-31": -6, "2019-09-30": -3, "2019-06-30": -605, "2019-03-31": "-4.00000", "2018-12-31": 983, "2018-09-30": 755, "2018-06-30": -5, "2018-03-31": "-1.00000", "2017-12-31": 28, "2017-09-30": -79, "2017-06-30": -250, "2017-03-31": "-2.00000", "2016-12-31": 0, "2016-09-30": 1035, "2016-06-30": -4, "2016-03-31": "-4.00000", "2015-12-31": -212, "2015-09-30": -935, "2015-06-30": 1215, "2015-03-31": "1.00000", "2014-12-31": -84, "2014-09-30": -5, "2014-06-30": -8, "2014-03-31": "-1153.00000", "2013-12-31": -10, "2013-09-30": -2, "2013-06-30": -7, "2013-03-31": "-233.00000", "2012-12-31": -117, "2012-09-30": -1409, "2012-06-30": -132, "2012-03-31": "-47.00000", "2011-12-31": 1, "2011-09-30": -83, "2011-06-30": -1257, "2011-03-31": "1257.00000", "2010-12-31": -190, "2010-09-30": -12, "2010-06-30": 603, "2010-03-31": "-603.00000", "2009-12-31": 8, "2009-09-30": -34, "2009-06-30": -84, "2009-03-31": "84.00000", "2008-12-31": -1, "2008-09-30": 87, "2008-06-30": -1249, "2008-03-31": "1249.00000", "2007-12-31": 488, "2007-09-30": -22, "2007-06-30": -1035, "2007-03-31": "1035.00000", "2006-12-31": -83, "2006-09-30": -32, "2006-06-30": -341.832, "2006-03-31": "341.83200", "2005-12-31": -19.563, "2005-09-30": 496.388, "2005-06-30": 165.471, "2005-03-31": "-165.47100"}, "Net Current Debt": {"2020-12-31": 1830, "2020-09-30": -326, "2020-06-30": -2855, "2020-03-31": "2188.00000", "2019-12-31": -41, "2019-09-30": -453, "2019-06-30": 104, "2019-03-31": "1309.00000", "2018-12-31": -426, "2018-09-30": -513, "2018-06-30": -1278, "2018-03-31": "1474.00000", "2017-12-31": 127, "2017-09-30": 363, "2017-06-30": -68, "2017-03-31": "263.00000", "2016-12-31": -46, "2016-09-30": -1347, "2016-06-30": 757, "2016-03-31": "697.00000", "2015-12-31": -852, "2015-09-30": 784, "2015-06-30": -692, "2015-03-31": "742.00000", "2014-12-31": -280, "2014-09-30": -49, "2014-06-30": -66, "2014-03-31": "-63.00000", "2013-12-31": 28, "2013-09-30": -702, "2013-06-30": -1346, "2013-03-31": "-441.00000", "2012-12-31": -887, "2012-09-30": 1547, "2012-06-30": 161, "2012-03-31": "1112.00000", "2011-12-31": -413, "2011-09-30": -663, "2011-06-30": -5259, "2011-03-31": "5259.00000", "2010-12-31": 3855, "2010-09-30": 1324, "2010-06-30": 89, "2010-03-31": "-89.00000", "2009-12-31": -33, "2009-09-30": -107, "2009-06-30": 2989, "2009-03-31": "-2989.00000", "2008-12-31": -128, "2008-09-30": -2570, "2008-06-30": -4362, "2008-03-31": "4362.00000", "2007-12-31": 2001, "2007-09-30": 2041, "2007-06-30": -570, "2007-03-31": "570.00000", "2006-12-31": 1012, "2006-09-30": 168, "2006-06-30": -196.982, "2006-03-31": "196.98200", "2005-12-31": -83.622, "2005-09-30": 56.134, "2005-06-30": 1520.661, "2005-03-31": "-1520.66100"}, "Debt Issuance/Retirement Net - Total": {"2020-12-31": 1727, "2020-09-30": -1521, "2020-06-30": -3382, "2020-03-31": "3668.00000", "2019-12-31": -47, "2019-09-30": -456, "2019-06-30": -501, "2019-03-31": "1305.00000", "2018-12-31": 557, "2018-09-30": 242, "2018-06-30": -1283, "2018-03-31": "1473.00000", "2017-12-31": 155, "2017-09-30": 284, "2017-06-30": -318, "2017-03-31": "261.00000", "2016-12-31": -46, "2016-09-30": -312, "2016-06-30": 753, "2016-03-31": "693.00000", "2015-12-31": -1064, "2015-09-30": -151, "2015-06-30": 523, "2015-03-31": "743.00000", "2014-12-31": -364, "2014-09-30": -54, "2014-06-30": -74, "2014-03-31": "-1216.00000", "2013-12-31": 18, "2013-09-30": -704, "2013-06-30": -1353, "2013-03-31": "-674.00000", "2012-12-31": -1004, "2012-09-30": 138, "2012-06-30": 29, "2012-03-31": "1065.00000", "2011-12-31": -412, "2011-09-30": -746, "2011-06-30": -6516, "2011-03-31": "6516.00000", "2010-12-31": 3665, "2010-09-30": 1312, "2010-06-30": 692, "2010-03-31": "-692.00000", "2009-12-31": -25, "2009-09-30": -141, "2009-06-30": 2905, "2009-03-31": "-2905.00000", "2008-12-31": -129, "2008-09-30": -2483, "2008-06-30": -5611, "2008-03-31": "5611.00000", "2007-12-31": 2489, "2007-09-30": 2019, "2007-06-30": -1605, "2007-03-31": "1605.00000", "2006-12-31": 929, "2006-09-30": 136, "2006-06-30": -538.814, "2006-03-31": "538.81400", "2005-12-31": -103.185, "2005-09-30": 552.522, "2005-06-30": 1686.132, "2005-03-31": "-1686.13200"}, "Net Common Equity Issued/Repurchased": {"2020-12-31": -16, "2020-09-30": -5, "2020-06-30": 0, "2020-03-31": "-112.00000", "2019-12-31": 0, "2019-09-30": -56, "2019-06-30": -94, "2019-03-31": "", "2018-12-31": -77, "2018-09-30": 0, "2018-06-30": 0, "2018-03-31": "", "2017-12-31": -74, "2017-09-30": -165, "2017-06-30": -263, "2017-03-31": "-248.00000", "2016-12-31": -246, "2016-09-30": -267, "2016-06-30": -191, "2016-03-31": "-296.00000", "2015-12-31": -252, "2015-09-30": -624, "2015-06-30": -598, "2015-03-31": "-566.00000", "2014-12-31": -324, "2014-09-30": -209, "2014-06-30": -475, "2014-03-31": "-175.00000", "2013-12-31": -6, "2013-09-30": -84, "2013-06-30": -11, "2013-03-31": "", "2012-12-31": 0, "2012-09-30": 0, "2012-06-30": -44, "2012-03-31": "-56.00000", "2011-12-31": -206, "2011-09-30": -240, "2011-06-30": 94, "2011-03-31": "-94.00000", "2010-12-31": -55, "2010-09-30": -31, "2010-06-30": 0, "2010-03-31": "", "2009-12-31": 0, "2009-09-30": 0, "2009-06-30": 100, "2009-03-31": "-100.00000", "2008-12-31": 0, "2008-09-30": -100, "2008-06-30": 61, "2008-03-31": "-61.00000", "2007-12-31": -1, "2007-09-30": -60, "2007-06-30": 363, "2007-03-31": "-363.00000", "2006-12-31": -136, "2006-09-30": 0, "2006-06-30": 0.074, "2006-03-31": "-0.07400", "2005-12-31": -0.011, "2005-09-30": -0.018, "2005-06-30": -22.693, "2005-03-31": "22.69300"}, "Net Total Equity Issued/Repurchased": {"2020-12-31": -16, "2020-09-30": -5, "2020-06-30": 0, "2020-03-31": "-112.00000", "2019-12-31": 0, "2019-09-30": -56, "2019-06-30": -94, "2019-03-31": "", "2018-12-31": -77, "2018-09-30": 0, "2018-06-30": 0, "2018-03-31": "", "2017-12-31": -74, "2017-09-30": -165, "2017-06-30": -263, "2017-03-31": "-248.00000", "2016-12-31": -246, "2016-09-30": -267, "2016-06-30": -191, "2016-03-31": "-296.00000", "2015-12-31": -252, "2015-09-30": -624, "2015-06-30": -598, "2015-03-31": "-566.00000", "2014-12-31": -324, "2014-09-30": -209, "2014-06-30": -475, "2014-03-31": "-175.00000", "2013-12-31": -6, "2013-09-30": -84, "2013-06-30": -11, "2013-03-31": "", "2012-12-31": 0, "2012-09-30": 0, "2012-06-30": -44, "2012-03-31": "-56.00000", "2011-12-31": -206, "2011-09-30": -240, "2011-06-30": 94, "2011-03-31": "-94.00000", "2010-12-31": -55, "2010-09-30": -31, "2010-06-30": 0, "2010-03-31": "", "2009-12-31": 0, "2009-09-30": 0, "2009-06-30": 100, "2009-03-31": "-100.00000", "2008-12-31": 0, "2008-09-30": -100, "2008-06-30": 61, "2008-03-31": "-61.00000", "2007-12-31": -1, "2007-09-30": -60, "2007-06-30": 363, "2007-03-31": "-363.00000", "2006-12-31": -136, "2006-09-30": 0, "2006-06-30": 0.074, "2006-03-31": "-0.07400", "2005-12-31": -0.011, "2005-09-30": -0.018, "2005-06-30": -22.693, "2005-03-31": "22.69300"}, "Total Common And Preferred Stock Dividends Paid": {"2020-12-31": -202, "2020-09-30": -202, "2020-06-30": -202, "2020-03-31": "-203.00000", "2019-12-31": -197, "2019-09-30": -197, "2019-06-30": -197, "2019-03-31": "-198.00000", "2018-12-31": -190, "2018-09-30": -189, "2018-06-30": -189, "2018-03-31": "-190.00000", "2017-12-31": -186, "2017-09-30": -180, "2017-06-30": -181, "2017-03-31": "-183.00000", "2016-12-31": -173, "2016-09-30": -175, "2016-06-30": -176, "2016-03-31": "-177.00000", "2015-12-31": -167, "2015-09-30": -170, "2015-06-30": -173, "2015-03-31": "-177.00000", "2014-12-31": -154, "2014-09-30": -155, "2014-06-30": -157, "2014-03-31": "-158.00000", "2013-12-31": -125, "2013-09-30": -126, "2013-06-30": -125, "2013-03-31": "-125.00000", "2012-12-31": -115, "2012-09-30": -115, "2012-06-30": -116, "2012-03-31": "-115.00000", "2011-12-31": -117, "2011-09-30": -107, "2011-06-30": 293, "2011-03-31": "-293.00000", "2010-12-31": -96, "2010-09-30": -96, "2010-06-30": 276, "2010-03-31": "-276.00000", "2009-12-31": -90, "2009-09-30": -90, "2009-06-30": 257, "2009-03-31": "-257.00000", "2008-12-31": -83, "2008-09-30": -84, "2008-06-30": 232, "2008-03-31": "-232.00000", "2007-12-31": -74, "2007-09-30": -74, "2007-06-30": 207, "2007-03-31": "-207.00000", "2006-12-31": -65, "2006-09-30": -66, "2006-06-30": 176.433, "2006-03-31": "-176.43300", "2005-12-31": -55.53, "2005-09-30": -55.491, "2005-06-30": 153.967, "2005-03-31": "-153.96700"}, "Financial Activities - Other": {"2020-12-31": 11, "2020-09-30": 13, "2020-06-30": 14, "2020-03-31": "-11.00000", "2019-12-31": 14, "2019-09-30": 6, "2019-06-30": 0, "2019-03-31": "-42.00000", "2018-12-31": 1, "2018-09-30": 19, "2018-06-30": 19, "2018-03-31": "-6.00000", "2017-12-31": 66, "2017-09-30": 11, "2017-06-30": 3, "2017-03-31": "-10.00000", "2016-12-31": 20, "2016-09-30": 17, "2016-06-30": -4, "2016-03-31": "1.00000", "2015-12-31": 4, "2015-09-30": 7, "2015-06-30": 9, "2015-03-31": "7.00000", "2014-12-31": -149, "2014-09-30": 49, "2014-06-30": 24, "2014-03-31": "14.00000", "2013-12-31": 28, "2013-09-30": 29, "2013-06-30": 9, "2013-03-31": "7.00000", "2012-12-31": 14, "2012-09-30": 0, "2012-06-30": -8, "2012-03-31": "6.00000", "2011-12-31": 10, "2011-09-30": -40, "2011-06-30": -19, "2011-03-31": "19.00000", "2010-12-31": 1, "2010-09-30": 4, "2010-06-30": -10, "2010-03-31": "10.00000", "2009-12-31": 5, "2009-09-30": 3, "2009-06-30": -11, "2009-03-31": "11.00000", "2008-12-31": 1, "2008-09-30": 8, "2008-06-30": -20, "2008-03-31": "20.00000", "2007-12-31": 8, "2007-09-30": 7, "2007-06-30": 267, "2007-03-31": "-267.00000", "2006-12-31": 13, "2006-09-30": 14, "2006-06-30": -18.128, "2006-03-31": "18.12800", "2005-12-31": 2.321, "2005-09-30": 7.825, "2005-06-30": 0, "2005-03-31": ""}, "Cash Flow From Financial Activities": {"2020-12-31": 1520, "2020-09-30": -1715, "2020-06-30": -3570, "2020-03-31": "3342.00000", "2019-12-31": -230, "2019-09-30": -703, "2019-06-30": -792, "2019-03-31": "1065.00000", "2018-12-31": 291, "2018-09-30": 72, "2018-06-30": -1453, "2018-03-31": "1277.00000", "2017-12-31": -39, "2017-09-30": -50, "2017-06-30": -759, "2017-03-31": "-180.00000", "2016-12-31": -445, "2016-09-30": -737, "2016-06-30": 382, "2016-03-31": "221.00000", "2015-12-31": -1479, "2015-09-30": -938, "2015-06-30": -239, "2015-03-31": "7.00000", "2014-12-31": -991, "2014-09-30": -369, "2014-06-30": -682, "2014-03-31": "-1535.00000", "2013-12-31": -85, "2013-09-30": -885, "2013-06-30": -1480, "2013-03-31": "-792.00000", "2012-12-31": -1105, "2012-09-30": 23, "2012-06-30": -139, "2012-03-31": "900.00000", "2011-12-31": -725, "2011-09-30": -1133, "2011-06-30": -6148, "2011-03-31": "6148.00000", "2010-12-31": 3515, "2010-09-30": 1189, "2010-06-30": 958, "2010-03-31": "-958.00000", "2009-12-31": -110, "2009-09-30": -228, "2009-06-30": 3251, "2009-03-31": "-3251.00000", "2008-12-31": -211, "2008-09-30": -2659, "2008-06-30": -5338, "2008-03-31": "5338.00000", "2007-12-31": 2422, "2007-09-30": 1892, "2007-06-30": -768, "2007-03-31": "768.00000", "2006-12-31": 741, "2006-09-30": 84, "2006-06-30": -380.435, "2006-03-31": "380.43500", "2005-12-31": -156.405, "2005-09-30": 504.838, "2005-06-30": 1817.406, "2005-03-31": "-1817.40600"}, "Net Cash Flow": {"2020-12-31": 387, "2020-09-30": -240, "2020-06-30": -3031, "2020-03-31": "4540.00000", "2019-12-31": -35, "2019-09-30": 276, "2019-06-30": 147, "2019-03-31": "-1241.00000", "2018-12-31": 1194, "2018-09-30": 598, "2018-06-30": 310, "2018-03-31": "-117.00000", "2017-12-31": 64, "2017-09-30": -96, "2017-06-30": -50, "2017-03-31": "379.00000", "2016-12-31": -166, "2016-09-30": 510, "2016-06-30": -377, "2016-03-31": "-202.00000", "2015-12-31": -586, "2015-09-30": -147, "2015-06-30": -23, "2015-03-31": "-209.00000", "2014-12-31": -3459, "2014-09-30": 2909, "2014-06-30": 547, "2014-03-31": "-2038.00000", "2013-12-31": -131, "2013-09-30": 1404, "2013-06-30": 400, "2013-03-31": "-266.00000", "2012-12-31": 479, "2012-09-30": -56, "2012-06-30": 473, "2012-03-31": "-46.00000", "2011-12-31": -456, "2011-09-30": 705, "2011-06-30": 188, "2011-03-31": "-188.00000", "2010-12-31": -336, "2010-09-30": -184, "2010-06-30": -604, "2010-03-31": "604.00000", "2009-12-31": -1073, "2009-09-30": 1335, "2009-06-30": -1378, "2009-03-31": "1378.00000", "2008-12-31": -284, "2008-09-30": 1722, "2008-06-30": -543, "2008-03-31": "543.00000", "2007-12-31": -16, "2007-09-30": 458, "2007-06-30": 216, "2007-03-31": "-216.00000", "2006-12-31": -135, "2006-09-30": -155, "2006-06-30": -395.808, "2006-03-31": "395.80800", "2005-12-31": -330.971, "2005-09-30": 632.417, "2005-06-30": -121.676, "2005-03-31": "121.67600"}, "Stock-Based Compensation": {"2020-12-31": -114, "2020-09-30": 39, "2020-06-30": 24, "2020-03-31": "51.00000", "2019-12-31": 23, "2019-09-30": 21, "2019-06-30": 2, "2019-03-31": "43.00000", "2018-12-31": 21, "2018-09-30": 25, "2018-06-30": 34, "2018-03-31": "29.00000", "2017-12-31": 3, "2017-09-30": 15, "2017-06-30": 16, "2017-03-31": "32.00000", "2016-12-31": 16, "2016-09-30": 13, "2016-06-30": 17, "2016-03-31": "28.00000", "2015-12-31": 15, "2015-09-30": 22, "2015-06-30": 16, "2015-03-31": "26.00000", "2014-12-31": 12, "2014-09-30": 10, "2014-06-30": 13, "2014-03-31": "20.00000", "2013-12-31": 13, "2013-09-30": 11, "2013-06-30": 4, "2013-03-31": "15.00000", "2012-12-31": 8, "2012-09-30": 22, "2012-06-30": 7, "2012-03-31": "7.00000", "2011-12-31": 7, "2011-09-30": 27, "2011-06-30": -41, "2011-03-31": "41.00000", "2010-12-31": 11, "2010-09-30": 25, "2010-06-30": -41, "2010-03-31": "41.00000", "2009-12-31": 11, "2009-09-30": 20, "2009-06-30": 0, "2009-03-31": "", "2008-12-31": 0, "2008-09-30": 0, "2008-06-30": 0, "2008-03-31": "", "2007-12-31": 0, "2007-09-30": 0, "2007-06-30": 0, "2007-03-31": "", "2006-12-31": 0, "2006-09-30": 0, "2006-06-30": -18.652, "2006-03-31": "18.65200", "2005-12-31": 6.205, "2005-09-30": 6.079, "2005-06-30": -17.581, "2005-03-31": "17.58100"}, "Common Stock Dividends Paid": {"2020-12-31": -202, "2020-09-30": -202, "2020-06-30": -202, "2020-03-31": "-203.00000", "2019-12-31": -197, "2019-09-30": -197, "2019-06-30": -197, "2019-03-31": "-198.00000", "2018-12-31": -190, "2018-09-30": -189, "2018-06-30": -189, "2018-03-31": "-190.00000", "2017-12-31": -186, "2017-09-30": -180, "2017-06-30": -181, "2017-03-31": "-183.00000", "2016-12-31": -173, "2016-09-30": -175, "2016-06-30": -176, "2016-03-31": "-177.00000", "2015-12-31": -167, "2015-09-30": -170, "2015-06-30": -173, "2015-03-31": "-177.00000", "2014-12-31": -154, "2014-09-30": -155, "2014-06-30": -157, "2014-03-31": "-158.00000", "2013-12-31": -125, "2013-09-30": -126, "2013-06-30": -125, "2013-03-31": "-125.00000", "2012-12-31": -115, "2012-09-30": -115, "2012-06-30": -116, "2012-03-31": "-115.00000", "2011-12-31": -117, "2011-09-30": -107, "2011-06-30": 293, "2011-03-31": "-293.00000", "2010-12-31": -96, "2010-09-30": -96, "2010-06-30": 276, "2010-03-31": "-276.00000", "2009-12-31": -90, "2009-09-30": -90, "2009-06-30": 257, "2009-03-31": "-257.00000", "2008-12-31": -83, "2008-09-30": -84, "2008-06-30": 232, "2008-03-31": "-232.00000", "2007-12-31": -74, "2007-09-30": -74, "2007-06-30": 207, "2007-03-31": "-207.00000", "2006-12-31": -65, "2006-09-30": -66, "2006-06-30": 176.433, "2006-03-31": "-176.43300", "2005-12-31": -55.53, "2005-09-30": -55.491, "2005-06-30": 153.967, "2005-03-31": "-153.96700"}}, "financial ratios": {"Current Ratio": {"2019-12-31": "1.55430", "2018-12-31": "1.74830", "2017-12-31": "1.58510", "2016-12-31": "1.59760", "2015-12-31": "1.61640", "2014-12-31": "1.66820", "2013-12-31": "1.82210", "2012-12-31": "1.75140", "2012-06-30": "1.84290", "2011-06-30": "2.08080", "2010-06-30": "2.08240", "2009-06-30": "2.18440", "2008-06-30": "1.74100", "2007-06-30": "1.92200", "2006-06-30": "1.91820", "2005-06-30": "1.80940"}, "Long-term Debt / Capital": {"2019-12-31": "0.28520", "2018-12-31": "0.28840", "2017-12-31": "0.26550", "2016-12-31": "0.27460", "2015-12-31": "0.24390", "2014-12-31": "0.21970", "2013-12-31": "0.20930", "2012-12-31": "0.25230", "2012-06-30": "0.26450", "2011-06-30": "0.30500", "2010-06-30": "0.31830", "2009-06-30": "0.35740", "2008-06-30": "0.36310", "2007-06-30": "0.29690", "2006-06-30": "0.29230", "2005-06-30": "0.29510"}, "Debt/Equity Ratio": {"2019-12-31": "0.46200", "2018-12-31": "0.44160", "2017-12-31": "0.40900", "2016-12-31": "0.40340", "2015-12-31": "0.32800", "2014-12-31": "0.28830", "2013-12-31": "0.34020", "2012-12-31": "0.49870", "2012-06-30": "0.56800", "2011-06-30": "0.54780", "2010-06-30": "0.51590", "2009-06-30": "0.58570", "2008-06-30": "0.81880", "2007-06-30": "0.46970", "2006-06-30": "0.47720", "2005-06-30": "0.49550"}, "Gross Margin": {"2019-12-31": "6.41390", "2018-12-31": "6.49820", "2017-12-31": "5.78350", "2016-12-31": "5.80310", "2015-12-31": "5.85800", "2014-12-31": "5.87180", "2013-12-31": "4.33050", "2012-12-31": "4.00070", "2012-06-30": "4.11960", "2011-06-30": "5.33000", "2010-06-30": "6.23030", "2009-06-30": "5.90840", "2008-06-30": "5.50300", "2007-06-30": "7.35380", "2006-06-30": "8.10470", "2005-06-30": "6.76350"}, "Operating Margin": {"2019-12-31": "2.55820", "2018-12-31": "3.13330", "2017-12-31": "2.53170", "2016-12-31": "2.62570", "2015-12-31": "2.92610", "2014-12-31": "3.49130", "2013-12-31": "2.37180", "2012-12-31": "2.16210", "2012-06-30": "2.29340", "2011-06-30": "3.33310", "2010-06-30": "3.96390", "2009-06-30": "3.86810", "2008-06-30": "3.47060", "2007-06-30": "4.63900", "2006-06-30": "4.84480", "2005-06-30": "3.75590"}, "EBIT Margin": {"2019-12-31": "2.55820", "2018-12-31": "3.13330", "2017-12-31": "2.53170", "2016-12-31": "2.62570", "2015-12-31": "2.92610", "2014-12-31": "3.49130", "2013-12-31": "2.37180", "2012-12-31": "2.16210", "2012-06-30": "2.29340", "2011-06-30": "3.33310", "2010-06-30": "3.96390", "2009-06-30": "3.86810", "2008-06-30": "3.47060", "2007-06-30": "4.63900", "2006-06-30": "4.84480", "2005-06-30": "3.75590"}, "EBITDA Margin": {"2019-12-31": "4.09400", "2018-12-31": "4.59580", "2017-12-31": "4.05080", "2016-12-31": "4.06920", "2015-12-31": "4.22880", "2014-12-31": "4.59230", "2013-12-31": "3.38400", "2012-12-31": "3.12170", "2012-06-30": "3.24580", "2011-06-30": "4.42020", "2010-06-30": "5.44240", "2009-06-30": "4.99520", "2008-06-30": "4.61500", "2007-06-30": "6.27930", "2006-06-30": "6.83410", "2005-06-30": "5.72020"}, "Pre-Tax Profit Margin": {"2019-12-31": "2.45610", "2018-12-31": "3.20170", "2017-12-31": "2.64520", "2016-12-31": "2.92240", "2015-12-31": "3.37360", "2014-12-31": "3.85460", "2013-12-31": "2.25380", "2012-12-31": "2.18750", "2012-06-30": "1.98230", "2011-06-30": "3.73720", "2010-06-30": "4.19090", "2009-06-30": "3.61240", "2008-06-30": "3.71550", "2007-06-30": "7.16530", "2006-06-30": "5.06890", "2005-06-30": "4.21780"}, "Net Profit Margin": {"2019-12-31": "2.13280", "2018-12-31": "2.81310", "2017-12-31": "2.62210", "2016-12-31": "2.05150", "2015-12-31": "2.73110", "2014-12-31": "2.76840", "2013-12-31": "1.49440", "2012-12-31": "1.51830", "2012-06-30": "1.37360", "2011-06-30": "2.52370", "2010-06-30": "3.12900", "2009-06-30": "2.43330", "2008-06-30": "2.54960", "2007-06-30": "4.91160", "2006-06-30": "3.58510", "2005-06-30": "2.90460"}, "Asset Turnover": {"2019-12-31": "1.46960", "2018-12-31": "1.57570", "2017-12-31": "1.52210", "2016-12-31": "1.56770", "2015-12-31": "1.68590", "2014-12-31": "1.84560", "2013-12-31": "2.05260", "2012-12-31": "2.00640", "2012-06-30": "2.14280", "2011-06-30": "1.91210", "2010-06-30": "1.93920", "2009-06-30": "2.19130", "2008-06-30": "1.88410", "2007-06-30": "1.75240", "2006-06-30": "1.72060", "2005-06-30": "1.93260"}, "Inventory Turnover Ratio": {"2019-12-31": "6.59860", "2018-12-31": "6.82630", "2017-12-31": "6.24770", "2016-12-31": "6.65020", "2015-12-31": "7.73210", "2014-12-31": "8.15370", "2013-12-31": "7.50940", "2012-12-31": "6.28330", "2012-06-30": "7.00210", "2011-06-30": "6.33560", "2010-06-30": "7.34840", "2009-06-30": "8.36780", "2008-06-30": "6.49350", "2007-06-30": "6.72950", "2006-06-30": "7.19050", "2005-06-30": "8.57810"}, "Receiveable Turnover": {"2019-12-31": "28.52050", "2018-12-31": "28.81370", "2017-12-31": "31.24190", "2016-12-31": "32.72760", "2015-12-31": "38.95400", "2014-12-31": "30.03000", "2013-12-31": "27.85480", "2012-12-31": "26.24900", "2012-06-30": "25.89070", "2011-06-30": "16.77950", "2010-06-30": "10.07550", "2009-06-30": "9.46610", "2008-06-30": "6.07990", "2007-06-30": "6.87350", "2006-06-30": "8.18520", "2005-06-30": "8.76170"}, "Days Sales In Receivables": {"2019-12-31": "12.79780", "2018-12-31": "12.66760", "2017-12-31": "11.68300", "2016-12-31": "11.15270", "2015-12-31": "9.37000", "2014-12-31": "12.15450", "2013-12-31": "13.10370", "2012-12-31": "13.90530", "2012-06-30": "14.09770", "2011-06-30": "21.75270", "2010-06-30": "36.22660", "2009-06-30": "38.55850", "2008-06-30": "60.03350", "2007-06-30": "53.10240", "2006-06-30": "44.59270", "2005-06-30": "41.65840"}, "ROE - Return On Equity": {"2019-12-31": "7.17300", "2018-12-31": "9.55460", "2017-12-31": "8.74360", "2016-12-31": "7.49670", "2015-12-31": "10.30420", "2014-12-31": "11.47730", "2013-12-31": "6.70500", "2012-12-31": "7.27610", "2012-06-30": "6.83580", "2011-06-30": "10.71240", "2010-06-30": "13.11600", "2009-06-30": "12.36360", "2008-06-30": "13.23940", "2007-06-30": "19.21270", "2006-06-30": "13.37820", "2005-06-30": "12.37920"}, "Return On Tangible Equity": {"2019-12-31": "10.02980", "2018-12-31": "12.13640", "2017-12-31": "11.12190", "2016-12-31": "9.55630", "2015-12-31": "12.97530", "2014-12-31": "13.87490", "2013-12-31": "6.89660", "2012-12-31": "7.57670", "2012-06-30": "7.07050", "2011-06-30": "11.06600", "2010-06-30": "13.60220", "2009-06-30": "12.86490", "2008-06-30": "13.75540", "2007-06-30": "19.76960", "2006-06-30": "13.83240", "2005-06-30": "12.87570"}, "ROA - Return On Assets": {"2019-12-31": "3.13430", "2018-12-31": "4.44490", "2017-12-31": "4.00870", "2016-12-31": "3.23870", "2015-12-31": "4.59700", "2014-12-31": "5.12080", "2013-12-31": "3.09470", "2012-12-31": "3.08400", "2012-06-30": "2.98900", "2011-06-30": "4.78280", "2010-06-30": "6.03310", "2009-06-30": "5.34480", "2008-06-30": "4.81970", "2007-06-30": "8.60740", "2006-06-30": "6.16860", "2005-06-30": "5.61350"}, "ROI - Return On Investment": {"2019-12-31": "5.12700", "2018-12-31": "6.79930", "2017-12-31": "6.42210", "2016-12-31": "5.43800", "2015-12-31": "7.79100", "2014-12-31": "8.95540", "2013-12-31": "5.30130", "2012-12-31": "5.44030", "2012-06-30": "5.02750", "2011-06-30": "7.44540", "2010-06-30": "8.94180", "2009-06-30": "7.94540", "2008-06-30": "8.43250", "2007-06-30": "13.50830", "2006-06-30": "9.46810", "2005-06-30": "8.72650"}, "Book Value Per Share": {"2019-12-31": "34.51530", "2018-12-31": "33.98210", "2017-12-31": "32.89410", "2016-12-31": "29.98430", "2015-12-31": "30.10920", "2014-12-31": "30.81630", "2013-12-31": "30.64340", "2012-12-31": "29.03040", "2012-06-30": "27.57060", "2011-06-30": "27.86690", "2010-06-30": "22.89670", "2009-06-30": "21.26640", "2008-06-30": "20.94720", "2007-06-30": "17.50080", "2006-06-30": "14.94970", "2005-06-30": "12.96660"}, "Operating Cash Flow Per Share": {"2019-12-31": -1.2122, "2018-12-31": 1.9927, "2017-12-31": 0.5817, "2016-12-31": -13.7574, "2015-12-31": -4.7895, "2014-12-31": -0.3473, "2013-12-31": 4.3597, "2012-12-31": -0.8241, "2012-06-30": 7.9248, "2011-06-30": -7.7457, "2010-06-30": -4.1258, "2009-06-30": 13.2533, "2008-06-30": -5.4217, "2007-06-30": -1.6357, "2006-06-30": -1.1433, "2005-06-30": 3.2409}, "Free Cash Flow Per Share": {"2019-12-31": -1.1926, "2018-12-31": 2.3416, "2017-12-31": 0.2402, "2016-12-31": -13.4382, "2015-12-31": -5.2383, "2014-12-31": -0.333, "2013-12-31": 4.0703, "2012-12-31": 0.2338, "2012-06-30": 7.5758, "2011-06-30": -7.1013, "2010-06-30": -3.7205, "2009-06-30": 13.0803, "2008-06-30": -6.3374, "2007-06-30": -2.314, "2006-06-30": -1.3384, "2005-06-30": 2.3567}}, "financial ratios, quarterly": {"Current Ratio": {"2020-09-30": "1.63700", "2020-06-30": "1.71840", "2020-03-31": "1.50980", "2019-12-31": "1.55430", "2019-09-30": "1.59550", "2019-06-30": "1.55120", "2019-03-31": "1.51650", "2018-12-31": "1.74830", "2018-09-30": "1.67110", "2018-06-30": "1.59130", "2018-03-31": "1.57370", "2017-12-31": "1.58510", "2017-09-30": "1.61210", "2017-06-30": "1.59360", "2017-03-31": "1.50610", "2016-12-31": "1.59760", "2016-09-30": "1.61290", "2016-06-30": "1.51450", "2016-03-31": "1.62980", "2015-12-31": "1.61640", "2015-09-30": "1.63090", "2015-06-30": "1.75660", "2015-03-31": "1.67870", "2014-12-31": "1.66820", "2014-09-30": "1.93720", "2014-06-30": "2.07370", "2014-03-31": "1.94900", "2013-12-31": "1.82210", "2013-09-30": "1.89700", "2013-06-30": "1.90780", "2013-03-31": "1.72620", "2012-12-31": "1.75140", "2012-09-30": "1.71700", "2012-06-30": "1.84290", "2012-03-31": "1.83960", "2011-12-31": "1.83590", "2011-09-30": "1.88400", "2011-06-30": "", "2011-03-31": "1.73470", "2010-12-31": "1.56990", "2010-09-30": "1.80510", "2010-06-30": "", "2010-03-31": "2.07880", "2009-12-31": "2.12380", "2009-09-30": "2.24110", "2009-06-30": "", "2009-03-31": "2.15850", "2008-12-31": "1.99120", "2008-09-30": "1.90680", "2008-06-30": "", "2008-03-31": "1.58820", "2007-12-31": "1.55620", "2007-09-30": "1.65000", "2007-06-30": "", "2007-03-31": "1.83620", "2006-12-31": "1.69140", "2006-09-30": "1.92920", "2006-06-30": "", "2006-03-31": "1.83990", "2005-12-31": "1.84460", "2005-09-30": "1.84690", "2005-06-30": "", "2005-03-31": "1.83940"}, "Long-term Debt / Capital": {"2020-09-30": "0.29060", "2020-06-30": "0.30890", "2020-03-31": "0.31220", "2019-12-31": "0.28520", "2019-09-30": "0.28770", "2019-06-30": "0.28860", "2019-03-31": "0.28870", "2018-12-31": "0.28840", "2018-09-30": "0.26160", "2018-06-30": "0.24220", "2018-03-31": "0.26210", "2017-12-31": "0.26550", "2017-09-30": "0.27280", "2017-06-30": "0.25800", "2017-03-31": "0.25800", "2016-12-31": "0.27460", "2016-09-30": "0.27300", "2016-06-30": "0.23940", "2016-03-31": "0.24620", "2015-12-31": "0.24390", "2015-09-30": "0.24590", "2015-06-30": "0.24320", "2015-03-31": "0.22910", "2014-12-31": "0.21970", "2014-09-30": "0.20880", "2014-06-30": "0.20980", "2014-03-31": "0.21060", "2013-12-31": "0.20930", "2013-09-30": "0.21520", "2013-06-30": "0.22010", "2013-03-31": "0.22070", "2012-12-31": "0.25230", "2012-09-30": "0.26200", "2012-06-30": "0.26450", "2012-03-31": "0.26070", "2011-12-31": "0.27130", "2011-09-30": "0.26620", "2011-06-30": "", "2011-03-31": "0.33360", "2010-12-31": "0.30100", "2010-09-30": "0.30750", "2010-06-30": "", "2010-03-31": "0.31870", "2009-12-31": "0.33330", "2009-09-30": "0.34710", "2009-06-30": "", "2009-03-31": "0.36600", "2008-12-31": "0.36140", "2008-09-30": "0.36430", "2008-06-30": "", "2008-03-31": "0.31410", "2007-12-31": "0.29810", "2007-09-30": "0.28590", "2007-06-30": "", "2007-03-31": "0.32570", "2006-12-31": "0.27130", "2006-09-30": "0.28060", "2006-06-30": "", "2006-03-31": "0.30510", "2005-12-31": "0.31230", "2005-09-30": "0.32000", "2005-06-30": "", "2005-03-31": "0.29430"}, "Debt/Equity Ratio": {"2020-09-30": "0.42050", "2020-06-30": "0.47500", "2020-03-31": "0.65890", "2019-12-31": "0.46200", "2019-09-30": "0.47040", "2019-06-30": "0.49590", "2019-03-31": "0.52270", "2018-12-31": "0.44160", "2018-09-30": "0.41330", "2018-06-30": "0.40740", "2018-03-31": "0.48030", "2017-12-31": "0.40900", "2017-09-30": "0.41740", "2017-06-30": "0.40070", "2017-03-31": "0.42070", "2016-12-31": "0.40340", "2016-09-30": "0.40290", "2016-06-30": "0.41800", "2016-03-31": "0.37100", "2015-12-31": "0.32800", "2015-09-30": "0.37930", "2015-06-30": "0.37300", "2015-03-31": "0.34340", "2014-12-31": "0.28830", "2014-09-30": "0.27350", "2014-06-30": "0.27810", "2014-03-31": "0.28280", "2013-12-31": "0.34020", "2013-09-30": "0.35180", "2013-06-30": "0.39570", "2013-03-31": "0.46710", "2012-12-31": "0.49870", "2012-09-30": "0.56900", "2012-06-30": "0.56800", "2012-03-31": "0.55680", "2011-12-31": "0.50640", "2011-09-30": "0.51590", "2011-06-30": "", "2011-03-31": "0.85480", "2010-12-31": "0.79760", "2010-09-30": "0.57860", "2010-06-30": "", "2010-03-31": "0.50250", "2009-12-31": "0.53160", "2009-09-30": "0.55300", "2009-06-30": "", "2009-03-31": "0.59950", "2008-12-31": "0.61070", "2008-09-30": "0.62850", "2008-06-30": "", "2008-03-31": "0.83540", "2007-12-31": "0.79750", "2007-09-30": "0.61950", "2007-06-30": "", "2007-03-31": "0.59670", "2006-12-31": "0.54060", "2006-09-30": "0.46790", "2006-06-30": "", "2006-03-31": "0.51370", "2005-12-31": "0.52040", "2005-09-30": "0.54580", "2005-06-30": "", "2005-03-31": "0.46990"}, "Gross Margin": {"2020-09-30": "6.88880", "2020-06-30": "6.80550", "2020-03-31": "6.35270", "2019-12-31": "7.15900", "2019-09-30": "6.44510", "2019-06-30": "5.96430", "2019-03-31": "6.06380", "2018-12-31": "6.60310", "2018-09-30": "6.69620", "2018-06-30": "6.91940", "2018-03-31": "5.72590", "2017-12-31": "5.86190", "2017-09-30": "5.47650", "2017-06-30": "5.96940", "2017-03-31": "5.81800", "2016-12-31": "6.12080", "2016-09-30": "6.88480", "2016-06-30": "4.71560", "2016-03-31": "5.42960", "2015-12-31": "4.93160", "2015-09-30": "6.57410", "2015-06-30": "5.60920", "2015-03-31": "6.29500", "2014-12-31": "6.94460", "2014-09-30": "8.11390", "2014-06-30": "5.45270", "2014-03-31": "3.26150", "2013-12-31": "4.84610", "2013-09-30": "5.40360", "2013-06-30": "3.58010", "2013-03-31": "3.47950", "2012-12-31": "3.99660", "2012-09-30": "3.69590", "2012-06-30": "4.44870", "2012-03-31": "4.76480", "2011-12-31": "3.48840", "2011-09-30": "4.72100", "2011-06-30": "", "2011-03-31": "5.77780", "2010-12-31": "5.89580", "2010-09-30": "4.80980", "2010-06-30": "", "2010-03-31": "5.88310", "2009-12-31": "6.61720", "2009-09-30": "6.52100", "2009-06-30": "", "2009-03-31": "4.37270", "2008-12-31": "7.26920", "2008-09-30": "8.82330", "2008-06-30": "", "2008-03-31": "6.18450", "2007-12-31": "5.74680", "2007-09-30": "7.24980", "2007-06-30": "", "2007-03-31": "6.55480", "2006-12-31": "8.27260", "2006-09-30": "9.16690", "2006-06-30": "", "2006-03-31": "8.44840", "2005-12-31": "8.42530", "2005-09-30": "6.75450", "2005-06-30": "", "2005-03-31": "6.77560"}, "Operating Margin": {"2020-09-30": "2.68410", "2020-06-30": "2.88680", "2020-03-31": "1.91720", "2019-12-31": "3.15390", "2019-09-30": "2.98940", "2019-06-30": "2.27040", "2019-03-31": "1.75770", "2018-12-31": "3.10400", "2018-09-30": "3.31650", "2018-06-30": "3.63840", "2018-03-31": "2.42170", "2017-12-31": "3.00560", "2017-09-30": "2.25260", "2017-06-30": "2.45600", "2017-03-31": "2.37520", "2016-12-31": "3.35740", "2016-09-30": "3.43610", "2016-06-30": "1.51640", "2016-03-31": "2.09960", "2015-12-31": "2.23780", "2015-09-30": "3.44100", "2015-06-30": "2.55440", "2015-03-31": "3.45020", "2014-12-31": "3.77140", "2014-09-30": "5.62460", "2014-06-30": "3.47070", "2014-03-31": "1.36260", "2013-12-31": "3.01540", "2013-09-30": "3.39830", "2013-06-30": "1.57490", "2013-03-31": "1.47280", "2012-12-31": "2.07460", "2012-09-30": "1.90760", "2012-06-30": "4.88890", "2012-03-31": "2.86460", "2011-12-31": "100.00000", "2011-09-30": "2.86280", "2011-06-30": "", "2011-03-31": "3.81030", "2010-12-31": "100.00000", "2010-09-30": "2.54180", "2010-06-30": "", "2010-03-31": "3.53910", "2009-12-31": "100.00000", "2009-09-30": "4.14850", "2009-06-30": "", "2009-03-31": "2.04150", "2008-12-31": "100.00000", "2008-09-30": "6.89040", "2008-06-30": "", "2008-03-31": "4.16400", "2007-12-31": "100.00000", "2007-09-30": "4.49020", "2007-06-30": "", "2007-03-31": "3.97150", "2006-12-31": "100.00000", "2006-09-30": "5.88550", "2006-06-30": "", "2006-03-31": "5.18960", "2005-12-31": "100.00000", "2005-09-30": "3.22540", "2005-06-30": "", "2005-03-31": "3.47070"}, "EBIT Margin": {"2020-09-30": "2.68410", "2020-06-30": "2.88680", "2020-03-31": "1.91720", "2019-12-31": "3.15390", "2019-09-30": "2.98940", "2019-06-30": "2.27040", "2019-03-31": "1.75770", "2018-12-31": "3.10400", "2018-09-30": "3.31650", "2018-06-30": "3.63840", "2018-03-31": "2.42170", "2017-12-31": "3.00560", "2017-09-30": "2.25260", "2017-06-30": "2.45600", "2017-03-31": "2.37520", "2016-12-31": "3.35740", "2016-09-30": "3.43610", "2016-06-30": "1.51640", "2016-03-31": "2.09960", "2015-12-31": "2.23780", "2015-09-30": "3.44100", "2015-06-30": "2.55440", "2015-03-31": "3.45020", "2014-12-31": "3.77140", "2014-09-30": "5.62460", "2014-06-30": "3.47070", "2014-03-31": "1.36260", "2013-12-31": "3.01540", "2013-09-30": "3.39830", "2013-06-30": "1.57490", "2013-03-31": "1.47280", "2012-12-31": "2.07460", "2012-09-30": "1.90760", "2012-06-30": "2.56840", "2012-03-31": "2.86460", "2011-12-31": "", "2011-09-30": "2.86280", "2011-06-30": "", "2011-03-31": "3.81030", "2010-12-31": "", "2010-09-30": "2.54180", "2010-06-30": "", "2010-03-31": "3.53910", "2009-12-31": "", "2009-09-30": "4.14850", "2009-06-30": "", "2009-03-31": "2.04150", "2008-12-31": "", "2008-09-30": "6.89040", "2008-06-30": "", "2008-03-31": "4.16400", "2007-12-31": "", "2007-09-30": "4.49020", "2007-06-30": "", "2007-03-31": "3.97150", "2006-12-31": "", "2006-09-30": "5.88550", "2006-06-30": "", "2006-03-31": "5.18960", "2005-12-31": "", "2005-09-30": "3.22540", "2005-06-30": "", "2005-03-31": "3.47070"}, "EBITDA Margin": {"2020-09-30": "", "2020-06-30": "", "2020-03-31": "", "2019-12-31": "", "2019-09-30": "", "2019-06-30": "", "2019-03-31": "", "2018-12-31": "", "2018-09-30": "", "2018-06-30": "", "2018-03-31": "", "2017-12-31": "", "2017-09-30": "", "2017-06-30": "", "2017-03-31": "", "2016-12-31": "", "2016-09-30": "", "2016-06-30": "", "2016-03-31": "", "2015-12-31": "", "2015-09-30": "", "2015-06-30": "", "2015-03-31": "", "2014-12-31": "", "2014-09-30": "", "2014-06-30": "", "2014-03-31": "", "2013-12-31": "", "2013-09-30": "", "2013-06-30": "", "2013-03-31": "", "2012-12-31": "", "2012-09-30": "", "2012-06-30": "", "2012-03-31": "", "2011-12-31": "", "2011-09-30": "", "2011-06-30": "", "2011-03-31": "", "2010-12-31": "", "2010-09-30": "", "2010-06-30": "", "2010-03-31": "", "2009-12-31": "", "2009-09-30": "", "2009-06-30": "", "2009-03-31": "", "2008-12-31": "", "2008-09-30": "", "2008-06-30": "", "2008-03-31": "", "2007-12-31": "", "2007-09-30": "", "2007-06-30": "", "2007-03-31": "", "2006-12-31": "", "2006-09-30": "", "2006-06-30": "", "2006-03-31": "", "2005-12-31": "", "2005-09-30": "", "2005-06-30": "", "2005-03-31": ""}, "Pre-Tax Profit Margin": {"2020-09-30": "1.32220", "2020-06-30": "3.39050", "2020-03-31": "2.50500", "2019-12-31": "3.03750", "2019-09-30": "3.00730", "2019-06-30": "1.68130", "2019-03-31": "2.05830", "2018-12-31": "1.95650", "2018-09-30": "4.00000", "2018-06-30": "3.82000", "2018-03-31": "2.98850", "2017-12-31": "3.37900", "2017-09-30": "1.51750", "2017-06-30": "2.56310", "2017-03-31": "3.05580", "2016-12-31": "3.81190", "2016-09-30": "3.03180", "2016-06-30": "2.60410", "2016-03-31": "2.12740", "2015-12-31": "4.26270", "2015-09-30": "2.21550", "2015-06-30": "3.06060", "2015-03-31": "3.94150", "2014-12-31": "4.76690", "2014-09-30": "5.70180", "2014-06-30": "3.41960", "2014-03-31": "1.76850", "2013-12-31": "2.58050", "2013-09-30": "3.31420", "2013-06-30": "1.40630", "2013-03-31": "1.72600", "2012-12-31": "2.81690", "2012-09-30": "1.35270", "2012-06-30": "1.77780", "2012-03-31": "2.68490", "2011-12-31": "0.51920", "2011-09-30": "3.01340", "2011-06-30": "", "2011-03-31": "3.93980", "2010-12-31": "4.76830", "2010-09-30": "2.75020", "2010-06-30": "", "2010-03-31": "3.52590", "2009-12-31": "4.92680", "2009-09-30": "4.80530", "2009-06-30": "", "2009-03-31": "0.96350", "2008-12-31": "4.90010", "2008-09-30": "7.02270", "2008-06-30": "", "2008-03-31": "4.03570", "2007-12-31": "4.15250", "2007-09-30": "5.04370", "2007-06-30": "", "2007-03-31": "4.88530", "2006-12-31": "5.73070", "2006-09-30": "6.09720", "2006-06-30": "", "2006-03-31": "5.40360", "2005-12-31": "5.44900", "2005-09-30": "3.17300", "2005-06-30": "", "2005-03-31": "4.82120"}, "Net Profit Margin": {"2020-09-30": "1.48750", "2020-06-30": "2.88070", "2020-03-31": "2.61190", "2019-12-31": "3.08650", "2019-09-30": "2.43330", "2019-06-30": "1.44200", "2019-03-31": "1.52250", "2018-12-31": "1.97530", "2018-09-30": "3.39240", "2018-06-30": "3.31610", "2018-03-31": "2.53120", "2017-12-31": "4.90350", "2017-09-30": "1.29490", "2017-06-30": "1.84700", "2017-03-31": "2.26180", "2016-12-31": "2.56950", "2016-09-30": "2.15390", "2016-06-30": "1.81710", "2016-03-31": "1.59900", "2015-12-31": "4.36610", "2015-09-30": "1.52130", "2015-06-30": "2.24600", "2015-03-31": "2.81620", "2014-12-31": "3.35500", "2014-09-30": "4.12320", "2014-06-30": "2.47980", "2014-03-31": "1.29010", "2013-12-31": "1.54910", "2013-09-30": "2.22500", "2013-06-30": "0.98930", "2013-03-31": "1.23810", "2012-12-31": "2.04650", "2012-09-30": "0.83460", "2012-06-30": "1.52990", "2012-03-31": "1.88610", "2011-12-31": "0.34330", "2011-09-30": "2.10030", "2011-06-30": "", "2011-03-31": "2.87890", "2010-12-31": "3.49740", "2010-09-30": "2.05370", "2010-06-30": "", "2010-03-31": "2.77980", "2009-12-31": "3.56310", "2009-09-30": "3.32420", "2009-06-30": "", "2009-03-31": "0.02020", "2008-12-31": "3.46670", "2008-09-30": "4.93860", "2008-06-30": "", "2008-03-31": "2.76350", "2007-12-31": "2.86740", "2007-09-30": "3.43780", "2007-06-30": "", "2007-03-31": "3.18950", "2006-12-31": "4.01790", "2006-09-30": "4.26590", "2006-06-30": "", "2006-03-31": "3.81240", "2005-12-31": "3.95390", "2005-09-30": "2.16000", "2005-06-30": "", "2005-03-31": "3.17170"}, "Asset Turnover": {"2020-09-30": "0.33770", "2020-06-30": "0.36720", "2020-03-31": "0.30930", "2019-12-31": "0.37110", "2019-09-30": "0.40010", "2019-06-30": "0.38240", "2019-03-31": "0.35470", "2018-12-31": "0.39050", "2018-09-30": "0.39830", "2018-06-30": "0.44040", "2018-03-31": "0.37780", "2017-12-31": "0.40210", "2017-09-30": "0.38050", "2017-06-30": "0.39510", "2017-03-31": "0.37820", "2016-12-31": "0.41490", "2016-09-30": "0.39730", "2016-06-30": "0.38980", "2016-03-31": "0.36250", "2015-12-31": "0.40950", "2015-09-30": "0.40520", "2015-06-30": "0.42360", "2015-03-31": "0.41970", "2014-12-31": "0.47490", "2014-09-30": "0.43320", "2014-06-30": "0.53830", "2014-03-31": "0.49940", "2013-12-31": "0.55180", "2013-09-30": "0.51610", "2013-06-30": "0.56020", "2013-03-31": "0.50260", "2012-12-31": "0.55210", "2012-09-30": "0.48720", "2012-06-30": "0.56310", "2012-03-31": "0.50540", "2011-12-31": "0.56140", "2011-09-30": "0.52840", "2011-06-30": "", "2011-03-31": "0.45880", "2010-12-31": "0.49120", "2010-09-30": "0.46620", "2010-06-30": "", "2010-03-31": "0.46850", "2009-12-31": "0.47460", "2009-09-30": "0.46830", "2009-06-30": "", "2009-03-31": "0.46420", "2008-12-31": "0.49180", "2008-09-30": "0.60970", "2008-06-30": "", "2008-03-31": "0.51240", "2007-12-31": "0.49260", "2007-09-30": "0.43640", "2007-06-30": "", "2007-03-31": "0.44890", "2006-12-31": "0.43820", "2006-09-30": "0.43000", "2006-06-30": "", "2006-03-31": "0.44400", "2005-12-31": "0.46270", "2005-09-30": "0.43450", "2005-06-30": "", "2005-03-31": "0.44700"}, "Inventory Turnover Ratio": {"2020-09-30": "1.60740", "2020-06-30": "1.98960", "2020-03-31": "1.58770", "2019-12-31": "1.65320", "2019-09-30": "1.93780", "2019-06-30": "1.84770", "2019-03-31": "1.60700", "2018-12-31": "1.69000", "2018-09-30": "1.73780", "2018-06-30": "1.99760", "2018-03-31": "1.49050", "2017-12-31": "1.64920", "2017-09-30": "1.68330", "2017-06-30": "1.79080", "2017-03-31": "1.62930", "2016-12-31": "1.75420", "2016-09-30": "2.03960", "2016-06-30": "1.86150", "2016-03-31": "1.71890", "2015-12-31": "1.89660", "2015-09-30": "2.08350", "2015-06-30": "2.06780", "2015-03-31": "1.95940", "2014-12-31": "2.07410", "2014-09-30": "2.07210", "2014-06-30": "2.25200", "2014-03-31": "1.75720", "2013-12-31": "2.00800", "2013-09-30": "2.18120", "2013-06-30": "2.13200", "2013-03-31": "1.69010", "2012-12-31": "1.72920", "2012-09-30": "1.53310", "2012-06-30": "1.83390", "2012-03-31": "1.52260", "2011-12-31": "1.81180", "2011-09-30": "1.87630", "2011-06-30": "", "2011-03-31": "1.41080", "2010-12-31": "1.55650", "2010-09-30": "1.77210", "2010-06-30": "", "2010-03-31": "1.73430", "2009-12-31": "1.62830", "2009-09-30": "1.95380", "2009-06-30": "", "2009-03-31": "1.81030", "2008-12-31": "2.01290", "2008-09-30": "2.31530", "2008-06-30": "", "2008-03-31": "1.66060", "2007-12-31": "1.63370", "2007-09-30": "1.53580", "2007-06-30": "", "2007-03-31": "1.61050", "2006-12-31": "1.60150", "2006-09-30": "1.71490", "2006-06-30": "", "2006-03-31": "1.87430", "2005-12-31": "1.95170", "2005-09-30": "1.93400", "2005-06-30": "", "2005-03-31": "1.99390"}, "Receiveable Turnover": {"2020-09-30": "5.78210", "2020-06-30": "6.30310", "2020-03-31": "6.14280", "2019-12-31": "7.20290", "2019-09-30": "7.46360", "2019-06-30": "6.69830", "2019-03-31": "6.08510", "2018-12-31": "7.14150", "2018-09-30": "8.16960", "2018-06-30": "8.98320", "2018-03-31": "7.23150", "2017-12-31": "8.25370", "2017-09-30": "7.75880", "2017-06-30": "8.70300", "2017-03-31": "8.53050", "2016-12-31": "8.66190", "2016-09-30": "7.02710", "2016-06-30": "6.92470", "2016-03-31": "7.32010", "2015-12-31": "9.46200", "2015-09-30": "7.76970", "2015-06-30": "7.72750", "2015-03-31": "8.59820", "2014-12-31": "7.72710", "2014-09-30": "8.54170", "2014-06-30": "5.25650", "2014-03-31": "7.44730", "2013-12-31": "7.48850", "2013-09-30": "6.20630", "2013-06-30": "6.40370", "2013-03-31": "6.11510", "2012-12-31": "7.22350", "2012-09-30": "7.26210", "2012-06-30": "6.80430", "2012-03-31": "6.87300", "2011-12-31": "4.57610", "2011-09-30": "2.11900", "2011-06-30": "", "2011-03-31": "1.92530", "2010-12-31": "1.96990", "2010-09-30": "2.05520", "2010-06-30": "", "2010-03-31": "2.57740", "2009-12-31": "2.24920", "2009-09-30": "2.26080", "2009-06-30": "", "2009-03-31": "2.05110", "2008-12-31": "1.92240", "2008-09-30": "2.38180", "2008-06-30": "", "2008-03-31": "1.79080", "2007-12-31": "1.64530", "2007-09-30": "1.52210", "2007-06-30": "", "2007-03-31": "1.96050", "2006-12-31": "1.83580", "2006-09-30": "1.97860", "2006-06-30": "", "2006-03-31": "2.03340", "2005-12-31": "2.20070", "2005-09-30": "2.00210", "2005-06-30": "", "2005-03-31": "2.12570"}, "Days Sales In Receivables": {"2020-09-30": "15.56530", "2020-06-30": "14.27860", "2020-03-31": "14.65130", "2019-12-31": "12.49500", "2019-09-30": "12.05850", "2019-06-30": "13.43620", "2019-03-31": "14.79030", "2018-12-31": "12.60240", "2018-09-30": "11.01650", "2018-06-30": "10.01880", "2018-03-31": "12.44560", "2017-12-31": "10.90420", "2017-09-30": "11.59980", "2017-06-30": "10.34130", "2017-03-31": "10.55040", "2016-12-31": "10.39030", "2016-09-30": "12.80760", "2016-06-30": "12.99700", "2016-03-31": "12.29490", "2015-12-31": "9.51170", "2015-09-30": "11.58350", "2015-06-30": "11.64670", "2015-03-31": "10.46730", "2014-12-31": "11.64740", "2014-09-30": "10.53650", "2014-06-30": "17.12150", "2014-03-31": "12.08490", "2013-12-31": "12.01840", "2013-09-30": "14.50150", "2013-06-30": "14.05440", "2013-03-31": "14.71760", "2012-12-31": "12.45940", "2012-09-30": "12.39320", "2012-06-30": "13.22690", "2012-03-31": "13.09480", "2011-12-31": "19.66750", "2011-09-30": "42.47280", "2011-06-30": "", "2011-03-31": "46.74600", "2010-12-31": "45.68800", "2010-09-30": "43.79190", "2010-06-30": "", "2010-03-31": "34.91850", "2009-12-31": "40.01450", "2009-09-30": "39.80970", "2009-06-30": "", "2009-03-31": "43.87820", "2008-12-31": "46.81640", "2008-09-30": "37.78640", "2008-06-30": "", "2008-03-31": "50.25820", "2007-12-31": "54.70050", "2007-09-30": "59.13000", "2007-06-30": "", "2007-03-31": "45.90610", "2006-12-31": "49.02510", "2006-09-30": "45.48630", "2006-06-30": "", "2006-03-31": "44.26130", "2005-12-31": "40.89640", "2005-09-30": "44.95380", "2005-06-30": "", "2005-03-31": "42.33810"}, "ROE - Return On Equity": {"2020-09-30": "1.16850", "2020-06-30": "2.44420", "2020-03-31": "2.06050", "2019-12-31": "2.59560", "2019-09-30": "2.15930", "2019-06-30": "1.25400", "2019-03-31": "1.23740", "2018-12-31": "1.66880", "2018-09-30": "2.82110", "2018-06-30": "3.02480", "2018-03-31": "2.11350", "2017-12-31": "4.32270", "2017-09-30": "1.10940", "2017-06-30": "1.57880", "2017-03-31": "1.98490", "2016-12-31": "2.47950", "2016-09-30": "1.95940", "2016-06-30": "1.63000", "2016-03-31": "1.28400", "2015-12-31": "4.00220", "2015-09-30": "1.41510", "2015-06-30": "2.06380", "2015-03-31": "2.62840", "2014-12-31": "3.59140", "2014-09-30": "3.69180", "2014-06-30": "2.63120", "2014-03-31": "1.33590", "2013-12-31": "1.86690", "2013-09-30": "2.45830", "2013-06-30": "1.18870", "2013-03-31": "1.42290", "2012-12-31": "2.66580", "2012-09-30": "0.99780", "2012-06-30": "1.61260", "2012-03-31": "2.18320", "2011-12-31": "", "2011-09-30": "2.50420", "2011-06-30": "", "2011-03-31": "3.40530", "2010-12-31": "", "2010-09-30": "2.22270", "2010-06-30": "", "2010-03-31": "2.81670", "2009-12-31": "", "2009-09-30": "3.48940", "2009-06-30": "", "2009-03-31": "0.02230", "2008-12-31": "", "2008-09-30": "7.72930", "2008-06-30": "", "2008-03-31": "3.92800", "2007-12-31": "", "2007-09-30": "3.73100", "2007-06-30": "", "2007-03-31": "3.39910", "2006-12-31": "", "2006-09-30": "3.91650", "2006-06-30": "", "2006-03-31": "3.79050", "2005-12-31": "", "2005-09-30": "2.15410", "2005-06-30": "", "2005-03-31": "3.13880"}, "Return On Tangible Equity": {"2020-09-30": "1.60670", "2020-06-30": "3.34780", "2020-03-31": "2.83700", "2019-12-31": "3.62940", "2019-09-30": "3.02360", "2019-06-30": "1.77160", "2019-03-31": "1.73960", "2018-12-31": "2.11970", "2018-09-30": "3.58890", "2018-06-30": "3.80430", "2018-03-31": "2.68170", "2017-12-31": "5.49850", "2017-09-30": "1.42980", "2017-06-30": "2.02920", "2017-03-31": "2.54700", "2016-12-31": "3.16070", "2016-09-30": "2.51020", "2016-06-30": "2.08640", "2016-03-31": "1.64000", "2015-12-31": "5.03970", "2015-09-30": "1.72520", "2015-06-30": "2.50290", "2015-03-31": "3.15360", "2014-12-31": "4.34170", "2014-09-30": "3.83020", "2014-06-30": "2.73300", "2014-03-31": "1.38830", "2013-12-31": "1.92020", "2013-09-30": "2.52970", "2013-06-30": "1.22370", "2013-03-31": "1.46480", "2012-12-31": "2.77600", "2012-09-30": "1.02790", "2012-06-30": "1.66800", "2012-03-31": "2.25560", "2011-12-31": "", "2011-09-30": "2.58960", "2011-06-30": "", "2011-03-31": "3.53100", "2010-12-31": "", "2010-09-30": "2.30210", "2010-06-30": "", "2010-03-31": "2.91930", "2009-12-31": "", "2009-09-30": "3.62460", "2009-06-30": "", "2009-03-31": "0.02320", "2008-12-31": "", "2008-09-30": "8.02640", "2008-06-30": "", "2008-03-31": "4.02870", "2007-12-31": "", "2007-09-30": "3.83440", "2007-06-30": "", "2007-03-31": "3.50420", "2006-12-31": "", "2006-09-30": "4.04290", "2006-06-30": "", "2006-03-31": "3.92710", "2005-12-31": "", "2005-09-30": "2.24360", "2005-06-30": "", "2005-03-31": "3.27030"}, "ROA - Return On Assets": {"2020-09-30": "0.50450", "2020-06-30": "1.06450", "2020-03-31": "0.80790", "2019-12-31": "1.13420", "2019-09-30": "0.97600", "2019-06-30": "0.55850", "2019-03-31": "0.54230", "2018-12-31": "0.77630", "2018-09-30": "1.35140", "2018-06-30": "1.46050", "2018-03-31": "0.96350", "2017-12-31": "1.98180", "2017-09-30": "0.50040", "2017-06-30": "0.72720", "2017-03-31": "0.85790", "2016-12-31": "1.07120", "2016-09-30": "0.86320", "2016-06-30": "0.71820", "2016-03-31": "0.57960", "2015-12-31": "1.78550", "2015-09-30": "0.61890", "2015-06-30": "0.94410", "2015-03-31": "1.18180", "2014-12-31": "1.60240", "2014-09-30": "1.78860", "2014-06-30": "1.33230", "2014-03-31": "0.64670", "2013-12-31": "0.86170", "2013-09-30": "1.16050", "2013-06-30": "0.56170", "2013-03-31": "0.62460", "2012-12-31": "1.12990", "2012-09-30": "0.41110", "2012-06-30": "0.70510", "2012-03-31": "0.96760", "2011-12-31": "", "2011-09-30": "1.11220", "2011-06-30": "", "2011-03-31": "1.29790", "2010-12-31": "", "2010-09-30": "0.94910", "2010-06-30": "", "2010-03-31": "1.28690", "2009-12-31": "", "2009-09-30": "1.55990", "2009-06-30": "", "2009-03-31": "0.00940", "2008-12-31": "", "2008-09-30": "3.01380", "2008-06-30": "", "2008-03-31": "1.41590", "2007-12-31": "", "2007-09-30": "1.50040", "2007-06-30": "", "2007-03-31": "1.43190", "2006-12-31": "", "2006-09-30": "1.83420", "2006-06-30": "", "2006-03-31": "1.69270", "2005-12-31": "", "2005-09-30": "0.93860", "2005-06-30": "", "2005-03-31": "1.41760"}, "ROI - Return On Investment": {"2020-09-30": "0.82900", "2020-06-30": "1.68920", "2020-03-31": "1.41720", "2019-12-31": "1.85520", "2019-09-30": "1.53810", "2019-06-30": "0.89210", "2019-03-31": "0.88020", "2018-12-31": "1.18750", "2018-09-30": "2.08320", "2018-06-30": "2.29210", "2018-03-31": "1.55940", "2017-12-31": "3.17500", "2017-09-30": "0.80670", "2017-06-30": "1.17150", "2017-03-31": "1.47280", "2016-12-31": "1.79860", "2016-09-30": "1.42440", "2016-06-30": "1.23980", "2016-03-31": "0.96790", "2015-12-31": "3.02610", "2015-09-30": "1.06720", "2015-06-30": "1.56180", "2015-03-31": "2.02610", "2014-12-31": "2.80230", "2014-09-30": "2.92110", "2014-06-30": "2.07910", "2014-03-31": "1.05450", "2013-12-31": "1.47610", "2013-09-30": "1.92940", "2013-06-30": "0.92700", "2013-03-31": "1.10880", "2012-12-31": "1.99320", "2012-09-30": "0.73640", "2012-06-30": "1.18600", "2012-03-31": "1.61390", "2011-12-31": "", "2011-09-30": "1.83760", "2011-06-30": "", "2011-03-31": "2.26930", "2010-12-31": "", "2010-09-30": "1.53910", "2010-06-30": "", "2010-03-31": "1.91890", "2009-12-31": "", "2009-09-30": "2.27810", "2009-06-30": "", "2009-03-31": "0.01420", "2008-12-31": "", "2008-09-30": "4.91380", "2008-06-30": "", "2008-03-31": "2.69440", "2007-12-31": "", "2007-09-30": "2.66420", "2007-06-30": "", "2007-03-31": "2.29220", "2006-12-31": "", "2006-09-30": "2.81770", "2006-06-30": "", "2006-03-31": "2.63420", "2005-12-31": "", "2005-09-30": "1.46470", "2005-06-30": "", "2005-03-31": "2.21500"}, "Book Value Per Share": {"2020-09-30": "34.78600", "2020-06-30": "34.73200", "2020-03-31": "34.19100", "2019-12-31": "34.51530", "2019-09-30": "33.92280", "2019-06-30": "34.01260", "2019-03-31": "33.76790", "2018-12-31": "33.98210", "2018-09-30": "33.92860", "2018-06-30": "33.47410", "2018-03-31": "33.51880", "2017-12-31": "32.89410", "2017-09-30": "31.44370", "2017-06-30": "30.93780", "2017-03-31": "30.10370", "2016-12-31": "29.98430", "2016-09-30": "30.37370", "2016-06-30": "30.30700", "2016-03-31": "30.51620", "2015-12-31": "30.10920", "2015-09-30": "29.74710", "2015-06-30": "30.22480", "2015-03-31": "30.01120", "2014-12-31": "30.81630", "2014-09-30": "31.36380", "2014-06-30": "31.20220", "2014-03-31": "30.62900", "2013-12-31": "30.64340", "2013-09-30": "29.73560", "2013-06-30": "28.85130", "2013-03-31": "28.79520", "2012-12-31": "29.03040", "2012-09-30": "27.98330", "2012-06-30": "27.57060", "2012-03-31": "28.10760", "2011-12-31": "27.43960", "2011-09-30": "27.55840", "2011-06-30": "", "2011-03-31": "26.14420", "2010-12-31": "24.96700", "2010-09-30": "24.07980", "2010-06-30": "", "2010-03-31": "22.96890", "2009-12-31": "23.00930", "2009-09-30": "22.18540", "2009-06-30": "", "2009-03-31": "20.91430", "2008-12-31": "21.33020", "2008-09-30": "21.11230", "2008-06-30": "", "2008-03-31": "20.43790", "2007-12-31": "19.13670", "2007-09-30": "18.38260", "2007-06-30": "", "2007-03-31": "", "2006-12-31": "16.50410", "2006-09-30": "15.65590", "2006-06-30": "", "2006-03-31": "14.02030", "2005-12-31": "13.55950", "2005-09-30": "13.24360", "2005-06-30": "", "2005-03-31": "13.05910"}, "Operating Cash Flow Per Share": {"2020-09-30": -1.9217, "2020-06-30": 0.3855, "2020-03-31": "-1.16130", "2019-12-31": -3.186, "2019-09-30": -1.6703, "2019-06-30": -1.1979, "2019-03-31": "-3.59540", "2018-12-31": -1.9585, "2018-09-30": -0.8722, "2018-06-30": 0.719, "2018-03-31": "-6.32570", "2017-12-31": -4.7201, "2017-09-30": -2.0863, "2017-06-30": -1.052, "2017-03-31": "-2.57170", "2016-12-31": -13.2121, "2016-09-30": 2.8215, "2016-06-30": -0.6631, "2016-03-31": "0.04190", "2015-12-31": 0.9602, "2015-09-30": 1.1363, "2015-06-30": 0.5787, "2015-03-31": "0.07040", "2014-12-31": 0.7602, "2014-09-30": 5.2832, "2014-06-30": 2.0317, "2014-03-31": "-0.54000", "2013-12-31": 0.5496, "2013-09-30": 3.7913, "2013-06-30": 3.0022, "2013-03-31": "0.53930", "2012-12-31": 3.0129, "2012-09-30": -3.837, "2012-06-30": 5.5278, "2012-03-31": "-1.18100", "2011-12-31": 1.4628, "2011-09-30": 3.0964, "2011-06-30": 6.943, "2011-03-31": "-6.94300", "2010-12-31": -5.0109, "2010-09-30": -1.3588, "2010-06-30": -4.3023, "2010-03-31": "4.30230", "2009-12-31": -0.9537, "2009-09-30": 3.0932, "2009-06-30": -9.0854, "2009-03-31": "9.08540", "2008-12-31": 1.8655, "2008-09-30": 7.2558, "2008-06-30": 4.8949, "2008-03-31": "-4.89490", "2007-12-31": -2.6592, "2007-09-30": -1.8702, "2007-06-30": 0.0521, "2007-03-31": "-0.05210", "2006-12-31": -0.5643, "2006-09-30": 0.1165, "2006-06-30": -1.3691, "2006-03-31": "1.36910", "2005-12-31": 0.5158, "2005-09-30": 0.6195, "2005-06-30": -3.1017, "2005-03-31": "3.10170"}, "Free Cash Flow Per Share": {"2020-09-30": -1.0142, "2020-06-30": 0.0889, "2020-03-31": "-1.50530", "2019-12-31": -3.7225, "2019-09-30": -1.9225, "2019-06-30": -1.5248, "2019-03-31": "-3.94520", "2018-12-31": -2.4664, "2018-09-30": -1.1809, "2018-06-30": 0.3975, "2018-03-31": "-6.67260", "2017-12-31": -5.3308, "2017-09-30": -2.522, "2017-06-30": -1.4941, "2017-03-31": "-2.91710", "2016-12-31": -13.8268, "2016-09-30": 2.6105, "2016-06-30": -1.0283, "2016-03-31": "-0.25960", "2015-12-31": 0.4803, "2015-09-30": 0.4505, "2015-06-30": 0.3052, "2015-03-31": "-0.30200", "2014-12-31": 0.3239, "2014-09-30": 4.9319, "2014-06-30": 1.731, "2014-03-31": "-0.81450", "2013-12-31": 0.1107, "2013-09-30": 3.4806, "2013-06-30": 2.7342, "2013-03-31": "0.17980", "2012-12-31": 3.2035, "2012-09-30": -2.9697, "2012-06-30": 3.8739, "2012-03-31": "-1.67270", "2011-12-31": 0.165, "2011-09-30": 3.1528, "2011-06-30": 8.2018, "2011-03-31": "-8.20180", "2010-12-31": -5.4883, "2010-09-30": -1.8175, "2010-06-30": -2.4341, "2010-03-31": "2.43410", "2009-12-31": -1.6145, "2009-09-30": 2.3323, "2009-06-30": -6.9053, "2009-03-31": "6.90530", "2008-12-31": 0.9862, "2008-09-30": 6.5566, "2008-06-30": 6.9227, "2008-03-31": "-6.92270", "2007-12-31": -3.5053, "2007-09-30": -2.4111, "2007-06-30": 1.3446, "2007-03-31": "-1.34460", "2006-12-31": -1.0484, "2006-09-30": -0.2466, "2006-06-30": -0.6212, "2006-03-31": "0.62120", "2005-12-31": 0.2841, "2005-09-30": 0.3839, "2005-06-30": -2.4611, "2005-03-31": "2.46110"}}, "revenue": {"Archer Daniels Midland Annual Revenue (Millions of US $)": {"2020": "$64,355", "2019": "$64,656", "2018": "$64,341", "2017": "$60,828", "2016": "$62,346", "2015": "$67,702", "2014": "$81,201", "2013": "$89,804", "2012": "$89,038", "2011": "$80,676", "2010": "$61,682", "2009": "$69,207", "2008": "$69,816", "2007": "$44,018", "2006": "$36,596", "2005": "$35,943"}, "Archer Daniels Midland Quarterly Revenue (Millions of US $)": {"2020-12-31": "$17,978", "2020-09-30": "$15,126", "2020-06-30": "$16,281", "2020-03-31": "$14,970", "2019-12-31": "$16,329", "2019-09-30": "$16,726", "2019-06-30": "$16,297", "2019-03-31": "$15,304", "2018-12-31": "$15,947", "2018-09-30": "$15,800", "2018-06-30": "$17,068", "2018-03-31": "$15,526", "2017-12-31": "$16,070", "2017-09-30": "$14,827", "2017-06-30": "$14,943", "2017-03-31": "$14,988", "2016-12-31": "$16,501", "2016-09-30": "$15,832", "2016-06-30": "$15,629", "2016-03-31": "$14,384", "2015-12-31": "$16,445", "2015-09-30": "$16,565", "2015-06-30": "$17,186", "2015-03-31": "$17,506", "2014-12-31": "$20,894", "2014-09-30": "$18,117", "2014-06-30": "$21,494", "2014-03-31": "$20,696", "2013-12-31": "$24,143", "2013-09-30": "$21,393", "2013-06-30": "$22,541", "2013-03-31": "$21,727", "2012-12-31": "$24,921", "2012-09-30": "$21,808", "2012-06-30": "$22,675", "2012-03-31": "$21,155", "2011-12-31": "$23,306", "2011-09-30": "$21,902", "2011-06-30": "", "2011-03-31": "$20,077", "2010-12-31": "$20,930", "2010-09-30": "$16,799", "2010-06-30": "", "2010-03-31": "$15,145", "2009-12-31": "$15,913", "2009-09-30": "$14,921", "2009-06-30": "", "2009-03-31": "$14,842", "2008-12-31": "$16,673", "2008-09-30": "$21,160", "2008-06-30": "", "2008-03-31": "$18,708", "2007-12-31": "$16,496", "2007-09-30": "$12,828", "2007-06-30": "", "2007-03-31": "$11,381", "2006-12-31": "$10,976", "2006-09-30": "$9,447", "2006-06-30": "", "2006-03-31": "$9,123", "2005-12-31": "$9,299", "2005-09-30": "$8,627", "2005-06-30": "", "2005-03-31": "$8,484"}}, "gross-profit": {"Archer Daniels Midland Annual Gross Profit (Millions of US $)": {"2020": "$4,453", "2019": "$4,147", "2018": "$4,181", "2017": "$3,518", "2016": "$3,618", "2015": "$3,966", "2014": "$4,768", "2013": "$3,889", "2012": "$3,668", "2011": "$4,300", "2010": "$3,843", "2009": "$4,089", "2008": "$3,842", "2007": "$3,237", "2006": "$2,966", "2005": "$2,431"}, "Archer Daniels Midland Quarterly Gross Profit (Millions of US $)": {"2020-12-31": "$1,352", "2020-09-30": "$1,042", "2020-06-30": "$1,108", "2020-03-31": "$951", "2019-12-31": "$1,169", "2019-09-30": "$1,078", "2019-06-30": "$972", "2019-03-31": "$928", "2018-12-31": "$1,053", "2018-09-30": "$1,058", "2018-06-30": "$1,181", "2018-03-31": "$889", "2017-12-31": "$942", "2017-09-30": "$812", "2017-06-30": "$892", "2017-03-31": "$872", "2016-12-31": "$1,010", "2016-09-30": "$1,090", "2016-06-30": "$737", "2016-03-31": "$781", "2015-12-31": "$811", "2015-09-30": "$1,089", "2015-06-30": "$964", "2015-03-31": "$1,102", "2014-12-31": "$1,451", "2014-09-30": "$1,470", "2014-06-30": "$1,172", "2014-03-31": "$675", "2013-12-31": "$1,170", "2013-09-30": "$1,156", "2013-06-30": "$807", "2013-03-31": "$756", "2012-12-31": "$996", "2012-09-30": "$806", "2012-06-30": "$813", "2012-03-31": "$1,008", "2011-12-31": "$813", "2011-09-30": "$1,034", "2011-06-30": "", "2011-03-31": "$1,160", "2010-12-31": "$1,234", "2010-09-30": "$808", "2010-06-30": "", "2010-03-31": "$891", "2009-12-31": "$1,053", "2009-09-30": "$973", "2009-06-30": "", "2009-03-31": "$649", "2008-12-31": "$1,212", "2008-09-30": "$1,867", "2008-06-30": "", "2008-03-31": "$1,157", "2007-12-31": "$948", "2007-09-30": "$930", "2007-06-30": "", "2007-03-31": "$746", "2006-12-31": "$908", "2006-09-30": "$866", "2006-06-30": "", "2006-03-31": "$771", "2005-12-31": "$783", "2005-09-30": "$583", "2005-06-30": "", "2005-03-31": "$575"}}, "operating-income": {"Archer Daniels Midland Annual Operating Income (Millions of US $)": {"2020": "$1,766", "2019": "$1,654", "2018": "$2,016", "2017": "$1,540", "2016": "$1,637", "2015": "$1,981", "2014": "$2,835", "2013": "$2,130", "2012": "$2,042", "2011": "$2,689", "2010": "$2,445", "2009": "$2,677", "2008": "$2,423", "2007": "$2,042", "2006": "$1,773", "2005": "$1,350"}, "Archer Daniels Midland Quarterly Operating Income (Millions of US $)": {"2020-12-31": "$603", "2020-09-30": "$406", "2020-06-30": "$470", "2020-03-31": "$287", "2019-12-31": "$515", "2019-09-30": "$500", "2019-06-30": "$370", "2019-03-31": "$269", "2018-12-31": "$495", "2018-09-30": "$524", "2018-06-30": "$621", "2018-03-31": "$376", "2017-12-31": "$483", "2017-09-30": "$334", "2017-06-30": "$367", "2017-03-31": "$356", "2016-12-31": "$554", "2016-09-30": "$544", "2016-06-30": "$237", "2016-03-31": "$302", "2015-12-31": "$368", "2015-09-30": "$570", "2015-06-30": "$439", "2015-03-31": "$604", "2014-12-31": "$788", "2014-09-30": "$1,019", "2014-06-30": "$746", "2014-03-31": "$282", "2013-12-31": "$728", "2013-09-30": "$727", "2013-06-30": "$355", "2013-03-31": "$320", "2012-12-31": "$517", "2012-09-30": "$416", "2012-06-30": "$419", "2012-03-31": "$606", "2011-12-31": "$23,306", "2011-09-30": "$627", "2011-06-30": "", "2011-03-31": "$765", "2010-12-31": "$20,930", "2010-09-30": "$427", "2010-06-30": "", "2010-03-31": "$536", "2009-12-31": "$15,913", "2009-09-30": "$619", "2009-06-30": "", "2009-03-31": "$303", "2008-12-31": "$16,673", "2008-09-30": "$1,458", "2008-06-30": "", "2008-03-31": "$779", "2007-12-31": "$16,496", "2007-09-30": "$576", "2007-06-30": "", "2007-03-31": "$452", "2006-12-31": "$10,976", "2006-09-30": "$556", "2006-06-30": "", "2006-03-31": "$473", "2005-12-31": "$9,299", "2005-09-30": "$278", "2005-06-30": "", "2005-03-31": "$294"}}, "ebitda": {"Archer Daniels Midland Annual EBITDA (Millions of US $)": {"2019": "$2,647", "2018": "$2,957", "2017": "$2,464", "2016": "$2,537", "2015": "$2,863", "2014": "$3,729", "2013": "$3,039", "2012": "$2,890", "2011": "$3,566", "2010": "$3,357", "2009": "$3,457", "2008": "$3,222", "2007": "$2,764", "2006": "$2,501", "2005": "$2,056"}, "Archer Daniels Midland Quarterly EBITDA (Millions of US $)": {"2020-09-30": "$644", "2020-06-30": "$714", "2020-03-31": "$532", "2019-12-31": "$766", "2019-09-30": "$749", "2019-06-30": "$618", "2019-03-31": "$514", "2018-12-31": "$730", "2018-09-30": "$756", "2018-06-30": "$860", "2018-03-31": "$611", "2017-12-31": "$723", "2017-09-30": "$566", "2017-06-30": "$594", "2017-03-31": "$581", "2016-12-31": "$776", "2016-09-30": "$770", "2016-06-30": "$458", "2016-03-31": "$533", "2015-12-31": "$592", "2015-09-30": "$787", "2015-06-30": "$664", "2015-03-31": "$820", "2014-12-31": "$1,036", "2014-09-30": "$1,233", "2014-06-30": "$959", "2014-03-31": "$501", "2013-12-31": "$956", "2013-09-30": "$954", "2013-06-30": "$582", "2013-03-31": "$547", "2012-12-31": "$714", "2012-09-30": "$633", "2012-06-30": "$821", "2012-03-31": "$820", "2011-12-31": "$23,513", "2011-09-30": "$627", "2011-06-30": "", "2011-03-31": "$1,430", "2010-12-31": "$21,141", "2010-09-30": "$427", "2010-06-30": "", "2010-03-31": "$1,209", "2009-12-31": "$16,135", "2009-09-30": "$619", "2009-06-30": "", "2009-03-31": "$879", "2008-12-31": "$16,877", "2008-09-30": "$1,458", "2008-06-30": "", "2008-03-31": "$1,341", "2007-12-31": "$16,692", "2007-09-30": "$576", "2007-06-30": "", "2007-03-31": "$973", "2006-12-31": "$11,150", "2006-09-30": "$556", "2006-06-30": "", "2006-03-31": "$991", "2005-12-31": "$9,485", "2005-09-30": "$278", "2005-06-30": "", "2005-03-31": "$804"}}, "net-income": {"Archer Daniels Midland Annual Net Income (Millions of US $)": {"2020": "$1,772", "2019": "$1,379", "2018": "$1,810", "2017": "$1,595", "2016": "$1,279", "2015": "$1,849", "2014": "$2,248", "2013": "$1,342", "2012": "$1,223", "2011": "$2,036", "2010": "$1,930", "2009": "$1,684", "2008": "$1,780", "2007": "$2,162", "2006": "$1,312", "2005": "$1,044"}, "Archer Daniels Midland Quarterly Net Income (Millions of US $)": {"2020-12-31": "$687", "2020-09-30": "$225", "2020-06-30": "$469", "2020-03-31": "$391", "2019-12-31": "$504", "2019-09-30": "$407", "2019-06-30": "$235", "2019-03-31": "$233", "2018-12-31": "$315", "2018-09-30": "$536", "2018-06-30": "$566", "2018-03-31": "$393", "2017-12-31": "$788", "2017-09-30": "$192", "2017-06-30": "$276", "2017-03-31": "$339", "2016-12-31": "$424", "2016-09-30": "$341", "2016-06-30": "$284", "2016-03-31": "$230", "2015-12-31": "$718", "2015-09-30": "$252", "2015-06-30": "$386", "2015-03-31": "$493", "2014-12-31": "$701", "2014-09-30": "$747", "2014-06-30": "$533", "2014-03-31": "$267", "2013-12-31": "$374", "2013-09-30": "$476", "2013-06-30": "$223", "2013-03-31": "$269", "2012-12-31": "$510", "2012-09-30": "$182", "2012-06-30": "$284", "2012-03-31": "$399", "2011-12-31": "$80", "2011-09-30": "$460", "2011-06-30": "", "2011-03-31": "$578", "2010-12-31": "$732", "2010-09-30": "$345", "2010-06-30": "", "2010-03-31": "$421", "2009-12-31": "$567", "2009-09-30": "$496", "2009-06-30": "", "2009-03-31": "$3", "2008-12-31": "$578", "2008-09-30": "$1,045", "2008-06-30": "", "2008-03-31": "$517", "2007-12-31": "$473", "2007-09-30": "$441", "2007-06-30": "", "2007-03-31": "$363", "2006-12-31": "$441", "2006-09-30": "$403", "2006-06-30": "", "2006-03-31": "$348", "2005-12-31": "$368", "2005-09-30": "$186", "2005-06-30": "", "2005-03-31": "$269"}}, "eps-earnings-per-share-diluted": {"Archer Daniels Midland Annual EPS": {"2020": "$3.15", "2019": "$2.44", "2018": "$3.19", "2017": "$2.79", "2016": "$2.16", "2015": "$2.98", "2014": "$3.43", "2013": "$2.02", "2012": "$1.84", "2011": "$3.13", "2010": "$3.00", "2009": "$2.62", "2008": "$2.75", "2007": "$3.30", "2006": "$2.00", "2005": "$1.59"}, "Archer Daniels Midland Quarterly EPS": {"2020-12-31": "$1.22", "2020-09-30": "$0.40", "2020-06-30": "$0.84", "2020-03-31": "$0.69", "2019-12-31": "$0.89", "2019-09-30": "$0.72", "2019-06-30": "$0.42", "2019-03-31": "$0.41", "2018-12-31": "$0.55", "2018-09-30": "$0.94", "2018-06-30": "$1.00", "2018-03-31": "$0.70", "2017-12-31": "$1.38", "2017-09-30": "$0.34", "2017-06-30": "$0.48", "2017-03-31": "$0.59", "2016-12-31": "$0.71", "2016-09-30": "$0.58", "2016-06-30": "$0.48", "2016-03-31": "$0.39", "2015-12-31": "$1.18", "2015-09-30": "$0.41", "2015-06-30": "$0.62", "2015-03-31": "$0.77", "2014-12-31": "$1.08", "2014-09-30": "$1.14", "2014-06-30": "$0.81", "2014-03-31": "$0.40", "2013-12-31": "$0.55", "2013-09-30": "$0.72", "2013-06-30": "$0.34", "2013-03-31": "$0.41", "2012-12-31": "$0.77", "2012-09-30": "$0.28", "2012-06-30": "$0.43", "2012-03-31": "$0.60", "2011-12-31": "$0.12", "2011-09-30": "$0.68", "2011-06-30": "$0.00", "2011-03-31": "$0.86", "2010-12-31": "$1.14", "2010-09-30": "$0.54", "2010-06-30": "$0.00", "2010-03-31": "$0.65", "2009-12-31": "$0.88", "2009-09-30": "$0.77", "2009-06-30": "$0.00", "2009-03-31": "$0.00", "2008-12-31": "$0.90", "2008-09-30": "$1.62", "2008-06-30": "$0.00", "2008-03-31": "$0.80", "2007-12-31": "$0.73", "2007-09-30": "$0.68", "2007-06-30": "$0.00", "2007-03-31": "$0.56", "2006-12-31": "$0.67", "2006-09-30": "$0.61", "2006-06-30": "$0.00", "2006-03-31": "$0.53", "2005-12-31": "$0.56", "2005-09-30": "$0.29", "2005-06-30": "$0.00", "2005-03-31": "$0.41"}}, "shares-outstanding": {"Archer Daniels Midland Annual Shares Outstanding (Millions of Shares)": {"2020": "563", "2019": "565", "2018": "567", "2017": "572", "2016": "591", "2015": "621", "2014": "656", "2013": "663", "2012": "666", "2011": "654", "2010": "644", "2009": "644", "2008": "646", "2007": "656", "2006": "656", "2005": "656"}, "Archer Daniels Midland Quarterly Shares Outstanding (Millions of Shares)": {"2020-12-31": "563", "2020-09-30": "562", "2020-06-30": "562", "2020-03-31": "564", "2019-12-31": "565", "2019-09-30": "563", "2019-06-30": "566", "2019-03-31": "566", "2018-12-31": "567", "2018-09-30": "568", "2018-06-30": "567", "2018-03-31": "565", "2017-12-31": "572", "2017-09-30": "569", "2017-06-30": "574", "2017-03-31": "579", "2016-12-31": "591", "2016-09-30": "589", "2016-06-30": "594", "2016-03-31": "597", "2015-12-31": "621", "2015-09-30": "615", "2015-06-30": "627", "2015-03-31": "639", "2014-12-31": "656", "2014-09-30": "653", "2014-06-30": "659", "2014-03-31": "663", "2013-12-31": "663", "2013-09-30": "664", "2013-06-30": "663", "2013-03-31": "662", "2012-12-31": "662", "2012-09-30": "661", "2012-06-30": "661", "2012-03-31": "663", "2011-12-31": "667", "2011-09-30": "674", "2011-06-30": "", "2011-03-31": "684", "2010-12-31": "641", "2010-09-30": "641", "2010-06-30": "", "2010-03-31": "645", "2009-12-31": "645", "2009-09-30": "644", "2009-06-30": "", "2009-03-31": "644", "2008-12-31": "643", "2008-09-30": "645", "2008-06-30": "", "2008-03-31": "647", "2007-12-31": "646", "2007-09-30": "647", "2007-06-30": "", "2007-03-31": "653", "2006-12-31": "661", "2006-09-30": "661", "2006-06-30": "", "2006-03-31": "657", "2005-12-31": "656", "2005-09-30": "654", "2005-06-30": "", "2005-03-31": "659"}}, "total-assets": {"Archer Daniels Midland Annual Total Assets (Millions of US $)": {"2019": "$43,997", "2018": "$40,833", "2017": "$39,963", "2016": "$39,769", "2015": "$40,157", "2014": "$43,997", "2013": "$43,752", "2012": "$41,553", "2011": "$42,193", "2010": "$31,808", "2009": "$31,582", "2008": "$37,056", "2007": "$25,118", "2006": "$21,269", "2005": "$18,598"}, "Archer Daniels Midland Quarterly Total Assets (Millions of US $)": {"2020-09-30": "$44,795", "2020-06-30": "$44,341", "2020-03-31": "$48,395", "2019-12-31": "$43,997", "2019-09-30": "$41,804", "2019-06-30": "$42,616", "2019-03-31": "$43,151", "2018-12-31": "$40,833", "2018-09-30": "$39,664", "2018-06-30": "$38,755", "2018-03-31": "$41,100", "2017-12-31": "$39,963", "2017-09-30": "$38,969", "2017-06-30": "$37,817", "2017-03-31": "$39,630", "2016-12-31": "$39,769", "2016-09-30": "$39,853", "2016-06-30": "$40,098", "2016-03-31": "$39,681", "2015-12-31": "$40,157", "2015-09-30": "$40,877", "2015-06-30": "$40,568", "2015-03-31": "$41,715", "2014-12-31": "$43,997", "2014-09-30": "$41,821", "2014-06-30": "$39,930", "2014-03-31": "$41,444", "2013-12-31": "$43,752", "2013-09-30": "$41,448", "2013-06-30": "$40,238", "2013-03-31": "$43,226", "2012-12-31": "$45,136", "2012-09-30": "$44,760", "2012-06-30": "$41,553", "2012-03-31": "$41,858", "2011-12-31": "$41,516", "2011-09-30": "$41,448", "2011-06-30": "$42,193", "2011-03-31": "$43,763", "2010-12-31": "$42,610", "2010-09-30": "$36,036", "2010-06-30": "$31,548", "2010-03-31": "$32,326", "2009-12-31": "$33,529", "2009-09-30": "$31,861", "2009-06-30": "$31,582", "2009-03-31": "$31,975", "2008-12-31": "$33,901", "2008-09-30": "$34,707", "2008-06-30": "$37,056", "2008-03-31": "$36,513", "2007-12-31": "$33,490", "2007-09-30": "$29,392", "2007-06-30": "$25,118", "2007-03-31": "$25,351", "2006-12-31": "$25,046", "2006-09-30": "$21,972", "2006-06-30": "$21,269", "2006-03-31": "$20,546", "2005-12-31": "$20,099", "2005-09-30": "$19,853", "2005-06-30": "$18,598", "2005-03-31": "$18,982"}}, "cash-on-hand": {"Archer Daniels Midland Annual Cash on Hand (Millions of US $)": {"2019": "$5,310", "2018": "$6,503", "2017": "$5,630", "2016": "$5,926", "2015": "$6,562", "2014": "$6,491", "2013": "$7,515", "2012": "$4,730", "2011": "$4,750", "2010": "$3,777", "2009": "$3,985", "2008": "$3,300", "2007": "$2,299", "2006": "$2,334", "2005": "$1,430"}, "Archer Daniels Midland Quarterly Cash on Hand (Millions of US $)": {"2020-09-30": "$6,432", "2020-06-30": "$6,248", "2020-03-31": "$9,832", "2019-12-31": "$5,310", "2019-09-30": "$5,347", "2019-06-30": "$5,234", "2019-03-31": "$5,176", "2018-12-31": "$6,503", "2018-09-30": "$5,341", "2018-06-30": "$5,152", "2018-03-31": "$5,205", "2017-12-31": "$5,630", "2017-09-30": "$5,819", "2017-06-30": "$5,740", "2017-03-31": "$6,124", "2016-12-31": "$5,926", "2016-09-30": "$6,354", "2016-06-30": "$6,270", "2016-03-31": "$6,502", "2015-12-31": "$6,562", "2015-09-30": "$6,303", "2015-06-30": "$5,908", "2015-03-31": "$6,021", "2014-12-31": "$6,491", "2014-09-30": "$9,638", "2014-06-30": "$6,359", "2014-03-31": "$5,746", "2013-12-31": "$7,515", "2013-09-30": "$7,486", "2013-06-30": "$5,783", "2013-03-31": "$5,489", "2012-12-31": "$5,928", "2012-09-30": "$5,521", "2012-06-30": "$4,730", "2012-03-31": "$4,788", "2011-12-31": "$4,909", "2011-09-30": "$5,203", "2011-06-30": "$4,750", "2011-03-31": "$4,674", "2010-12-31": "$4,383", "2010-09-30": "$4,302", "2010-06-30": "$3,777", "2010-03-31": "$4,567", "2009-12-31": "$3,821", "2009-09-30": "$5,103", "2009-06-30": "$3,985", "2009-03-31": "$4,808", "2008-12-31": "$5,212", "2008-09-30": "$5,270", "2008-06-30": "$3,300", "2008-03-31": "$3,826", "2007-12-31": "$2,427", "2007-09-30": "$2,303", "2007-06-30": "$2,299", "2007-03-31": "$2,299", "2006-12-31": "$2,164", "2006-09-30": "$2,172", "2006-06-30": "$2,334", "2006-03-31": "$2,058", "2005-12-31": "$1,817", "2005-09-30": "$2,047", "2005-06-30": "$1,430", "2005-03-31": "$1,663"}}, "long-term-debt": {"Archer Daniels Midland Annual Long Term Debt (Millions of US $)": {"2019": "$7,672", "2018": "$7,698", "2017": "$6,623", "2016": "$6,504", "2015": "$5,779", "2014": "$5,528", "2013": "$5,347", "2012": "$6,535", "2011": "$8,266", "2010": "$6,830", "2009": "$7,592", "2008": "$7,690", "2007": "$4,752", "2006": "$4,050", "2005": "$3,530"}, "Archer Daniels Midland Quarterly Long Term Debt (Millions of US $)": {"2020-09-30": "$7,922", "2020-06-30": "$8,632", "2020-03-31": "$8,613", "2019-12-31": "$7,672", "2019-09-30": "$7,631", "2019-06-30": "$7,701", "2019-03-31": "$7,675", "2018-12-31": "$7,698", "2018-09-30": "$6,730", "2018-06-30": "$5,981", "2018-03-31": "$6,657", "2017-12-31": "$6,623", "2017-09-30": "$6,595", "2017-06-30": "$6,056", "2017-03-31": "$5,956", "2016-12-31": "$6,504", "2016-09-30": "$6,594", "2016-06-30": "$5,561", "2016-03-31": "$5,851", "2015-12-31": "$5,779", "2015-09-30": "$5,829", "2015-06-30": "$5,965", "2015-03-31": "$5,575", "2014-12-31": "$5,528", "2014-09-30": "$5,346", "2014-06-30": "$5,369", "2014-03-31": "$5,353", "2013-12-31": "$5,347", "2013-09-30": "$5,364", "2013-06-30": "$5,366", "2013-03-31": "$5,374", "2012-12-31": "$6,456", "2012-09-30": "$6,547", "2012-06-30": "$6,535", "2012-03-31": "$6,543", "2011-12-31": "$6,762", "2011-09-30": "$6,678", "2011-06-30": "$8,266", "2011-03-31": "$8,350", "2010-12-31": "$6,848", "2010-09-30": "$6,834", "2010-06-30": "$6,830", "2010-03-31": "$6,910", "2009-12-31": "$7,398", "2009-09-30": "$7,573", "2009-06-30": "$7,592", "2009-03-31": "$7,751", "2008-12-31": "$7,751", "2008-09-30": "$7,754", "2008-06-30": "$7,690", "2008-03-31": "$6,026", "2007-12-31": "$5,233", "2007-09-30": "$4,733", "2007-06-30": "$4,752", "2007-03-31": "$5,157", "2006-12-31": "$4,011", "2006-09-30": "$4,013", "2006-06-30": "$4,050", "2006-03-31": "$4,028", "2005-12-31": "$4,025", "2005-09-30": "$4,072", "2005-06-30": "$3,530", "2005-03-31": "$3,575"}}, "total-liabilities": {"Archer Daniels Midland Annual Total Liabilities (Millions of US $)": {"2019": "$24,772", "2018": "$21,837", "2017": "$21,641", "2016": "$22,588", "2015": "$22,242", "2014": "$24,367", "2013": "$23,558", "2012": "$23,384", "2011": "$23,355", "2010": "$17,177", "2009": "$17,929", "2008": "$23,566", "2007": "$13,865", "2006": "$11,462", "2005": "$10,165"}, "Archer Daniels Midland Quarterly Total Liabilities (Millions of US $)": {"2020-09-30": "$25,454", "2020-06-30": "$25,030", "2020-03-31": "$29,419", "2019-12-31": "$24,772", "2019-09-30": "$22,909", "2019-06-30": "$23,637", "2019-03-31": "$24,241", "2018-12-31": "$21,837", "2018-09-30": "$20,664", "2018-06-30": "$20,043", "2018-03-31": "$22,363", "2017-12-31": "$21,641", "2017-09-30": "$21,392", "2017-06-30": "$20,399", "2017-03-31": "$22,501", "2016-12-31": "$22,588", "2016-09-30": "$22,297", "2016-06-30": "$22,429", "2016-03-31": "$21,768", "2015-12-31": "$22,242", "2015-09-30": "$22,999", "2015-06-30": "$22,010", "2015-03-31": "$22,958", "2014-12-31": "$24,367", "2014-09-30": "$21,560", "2014-06-30": "$19,711", "2014-03-31": "$21,382", "2013-12-31": "$23,558", "2013-09-30": "$21,882", "2013-06-30": "$21,225", "2013-03-31": "$24,250", "2012-12-31": "$26,005", "2012-09-30": "$26,319", "2012-06-30": "$23,384", "2012-03-31": "$23,307", "2011-12-31": "$23,351", "2011-09-30": "$23,039", "2011-06-30": "$23,355", "2011-03-31": "$27,083", "2010-12-31": "$26,706", "2010-09-30": "$20,649", "2010-06-30": "$16,917", "2010-03-31": "$17,557", "2009-12-31": "$18,734", "2009-09-30": "$17,618", "2009-06-30": "$17,929", "2009-03-31": "$18,548", "2008-12-31": "$20,207", "2008-09-30": "$21,174", "2008-06-30": "$23,566", "2008-03-31": "$23,351", "2007-12-31": "$21,166", "2007-09-30": "$17,572", "2007-06-30": "$13,865", "2007-03-31": "$14,672", "2006-12-31": "$14,273", "2006-09-30": "$11,682", "2006-06-30": "$11,462", "2006-03-31": "$11,371", "2005-12-31": "$11,233", "2005-09-30": "$11,202", "2005-06-30": "$10,165", "2005-03-31": "$10,409"}}, "total-share-holder-equity": {"Archer Daniels Midland Annual Share Holder Equity (Millions of US $)": {"2019": "$19,225", "2018": "$18,996", "2017": "$18,322", "2016": "$17,181", "2015": "$17,915", "2014": "$19,630", "2013": "$20,194", "2012": "$18,169", "2011": "$18,838", "2010": "$14,631", "2009": "$13,653", "2008": "$13,490", "2007": "$11,253", "2006": "$9,807", "2005": "$8,433"}, "Archer Daniels Midland Quarterly Share Holder Equity (Millions of US $)": {"2020-09-30": "$19,341", "2020-06-30": "$19,311", "2020-03-31": "$18,976", "2019-12-31": "$19,225", "2019-09-30": "$18,895", "2019-06-30": "$18,979", "2019-03-31": "$18,910", "2018-12-31": "$18,996", "2018-09-30": "$19,000", "2018-06-30": "$18,712", "2018-03-31": "$18,737", "2017-12-31": "$18,322", "2017-09-30": "$17,577", "2017-06-30": "$17,418", "2017-03-31": "$17,129", "2016-12-31": "$17,181", "2016-09-30": "$17,556", "2016-06-30": "$17,669", "2016-03-31": "$17,913", "2015-12-31": "$17,915", "2015-09-30": "$17,878", "2015-06-30": "$18,558", "2015-03-31": "$18,757", "2014-12-31": "$19,630", "2014-09-30": "$20,261", "2014-06-30": "$20,219", "2014-03-31": "$20,062", "2013-12-31": "$20,194", "2013-09-30": "$19,566", "2013-06-30": "$19,013", "2013-03-31": "$18,976", "2012-12-31": "$19,131", "2012-09-30": "$18,441", "2012-06-30": "$18,169", "2012-03-31": "$18,551", "2011-12-31": "$18,165", "2011-09-30": "$18,409", "2011-06-30": "$18,838", "2011-03-31": "$16,680", "2010-12-31": "$15,904", "2010-09-30": "$15,387", "2010-06-30": "$14,631", "2010-03-31": "$14,769", "2009-12-31": "$14,795", "2009-09-30": "$14,243", "2009-06-30": "$13,653", "2009-03-31": "$13,427", "2008-12-31": "$13,694", "2008-09-30": "$13,533", "2008-06-30": "$13,490", "2008-03-31": "$13,162", "2007-12-31": "$12,324", "2007-09-30": "$11,820", "2007-06-30": "$11,253", "2007-03-31": "$10,679", "2006-12-31": "$10,773", "2006-09-30": "$10,290", "2006-06-30": "$9,807", "2006-03-31": "$9,175", "2005-12-31": "$8,865", "2005-09-30": "$8,650", "2005-06-30": "$8,433", "2005-03-31": "$8,573"}}, "profit-margins": {"current": "2.75%"}, "gross margin": {"2020-12-31": "6.92%", "2020-09-30": "6.81%", "2020-06-30": "6.70%", "2020-03-31": "6.48%", "2019-12-31": "6.41%", "2019-09-30": "6.27%", "2019-06-30": "6.33%", "2019-03-31": "6.58%", "2018-12-31": "6.50%", "2018-09-30": "6.31%", "2018-06-30": "6.02%", "2018-03-31": "5.76%", "2017-12-31": "5.78%", "2017-09-30": "5.85%", "2017-06-30": "6.21%", "2017-03-31": "5.89%", "2016-12-31": "5.80%", "2016-09-30": "5.49%", "2016-06-30": "5.42%", "2016-03-31": "5.64%", "2015-12-31": "5.86%", "2015-09-30": "6.38%", "2015-06-30": "6.77%", "2015-03-31": "6.66%", "2014-12-31": "5.87%", "2014-09-30": "5.31%", "2014-06-30": "4.76%", "2014-03-31": "4.29%", "2013-12-31": "4.33%", "2013-09-30": "4.10%", "2013-06-30": "3.70%", "2013-03-31": "3.70%", "2012-12-31": "4.00%", "2012-09-30": "3.87%", "2012-06-30": "4.12%", "2011-12-31": "4.61%", "2011-09-30": "5.45%", "2010-12-31": "5.55%", "2010-09-30": "5.75%", "2009-12-31": "5.86%", "2009-09-30": "6.10%", "2008-12-31": "7.49%", "2008-09-30": "7.05%", "2007-12-31": "6.45%", "2007-09-30": "7.34%", "2006-12-31": "8.61%", "2006-09-30": "8.68%", "2005-12-31": "7.35%"}, "operating margin": {"2020-12-31": "2.74%", "2020-09-30": "2.68%", "2020-06-30": "2.76%", "2020-03-31": "2.60%", "2019-12-31": "2.56%", "2019-09-30": "2.54%", "2019-06-30": "2.62%", "2019-03-31": "2.98%", "2018-12-31": "3.13%", "2018-09-30": "3.11%", "2018-06-30": "2.86%", "2018-03-31": "2.54%", "2017-12-31": "2.53%", "2017-09-30": "2.63%", "2017-06-30": "2.92%", "2017-03-31": "2.69%", "2016-12-31": "2.63%", "2016-09-30": "2.33%", "2016-06-30": "2.34%", "2016-03-31": "2.60%", "2015-12-31": "2.93%", "2015-09-30": "3.33%", "2015-06-30": "3.87%", "2015-03-31": "4.05%", "2014-12-31": "3.49%", "2014-09-30": "3.29%", "2014-06-30": "2.83%", "2014-03-31": "2.36%", "2013-12-31": "2.37%", "2013-09-30": "2.12%", "2013-06-30": "1.77%", "2013-03-31": "1.83%", "2012-12-31": "2.16%", "2012-09-30": "27.82%", "2012-06-30": "28.03%", "2011-12-31": "37.83%", "2011-09-30": "35.48%", "2010-12-31": "41.41%", "2010-09-30": "35.26%", "2009-12-31": "36.86%", "2009-09-30": "37.89%", "2008-12-31": "33.44%", "2008-09-30": "33.24%", "2007-12-31": "43.05%", "2007-09-30": "34.12%", "2006-12-31": "40.63%", "2006-09-30": "37.06%", "2005-12-31": "37.38%"}, "ebitda margin": {"2020-09-30": "4.24%", "2020-06-30": "4.29%", "2020-03-31": "4.14%", "2019-12-31": "4.09%", "2019-09-30": "4.06%", "2019-06-30": "4.13%", "2019-03-31": "4.46%", "2018-12-31": "4.60%", "2018-09-30": "4.58%", "2018-06-30": "4.35%", "2018-03-31": "4.06%", "2017-12-31": "4.05%", "2017-09-30": "4.11%", "2017-06-30": "4.37%", "2017-03-31": "4.11%", "2016-12-31": "4.07%", "2016-09-30": "3.78%", "2016-06-30": "3.76%", "2016-03-31": "3.99%", "2015-12-31": "4.23%", "2015-09-30": "4.58%", "2015-06-30": "5.09%", "2015-03-31": "5.19%", "2014-12-31": "4.59%", "2014-09-30": "4.32%", "2014-06-30": "3.84%", "2014-03-31": "3.37%", "2013-12-31": "3.38%", "2013-09-30": "3.09%", "2013-06-30": "2.72%", "2013-03-31": "2.98%", "2012-12-31": "3.30%", "2012-09-30": "28.99%", "2012-06-30": "28.96%", "2011-12-31": "39.17%", "2011-09-30": "36.88%", "2010-12-31": "43.08%", "2010-09-30": "37.13%", "2009-12-31": "38.60%", "2009-09-30": "39.57%", "2008-12-31": "34.80%", "2008-09-30": "34.58%", "2007-12-31": "44.81%", "2007-09-30": "36.09%", "2006-12-31": "42.97%", "2006-09-30": "39.59%", "2005-12-31": "40.01%"}, "pre tax profit margin": {"2020-12-31": "2.93%", "2020-09-30": "2.59%", "2020-06-30": "3.00%", "2020-03-31": "2.56%", "2019-12-31": "2.46%", "2019-09-30": "2.18%", "2019-06-30": "2.42%", "2019-03-31": "2.98%", "2018-12-31": "3.20%", "2018-09-30": "3.55%", "2018-06-30": "2.97%", "2018-03-31": "2.63%", "2017-12-31": "2.65%", "2017-09-30": "2.77%", "2017-06-30": "3.13%", "2017-03-31": "3.14%", "2016-12-31": "2.92%", "2016-09-30": "3.04%", "2016-06-30": "2.83%", "2016-03-31": "2.94%", "2015-12-31": "3.37%", "2015-09-30": "3.57%", "2015-06-30": "4.40%", "2015-03-31": "4.43%", "2014-12-31": "3.85%", "2014-09-30": "3.26%", "2014-06-30": "2.77%", "2014-03-31": "2.27%", "2013-12-31": "2.25%", "2013-09-30": "2.32%", "2013-06-30": "1.86%", "2013-03-31": "1.96%", "2012-12-31": "2.19%", "2012-09-30": "1.57%", "2012-06-30": "1.98%", "2011-12-31": "2.41%", "2011-09-30": "3.89%", "2010-12-31": "3.77%", "2010-09-30": "3.72%", "2009-12-31": "3.60%", "2009-09-30": "3.61%", "2008-12-31": "5.41%", "2008-09-30": "5.19%", "2007-12-31": "4.64%", "2007-09-30": "5.21%", "2006-12-31": "5.75%", "2006-09-30": "5.66%", "2005-12-31": "4.51%"}, "net profit margin": {"2020-12-31": "2.75%", "2020-09-30": "2.53%", "2020-06-30": "2.75%", "2020-03-31": "2.39%", "2019-12-31": "2.13%", "2019-09-30": "1.85%", "2019-06-30": "2.08%", "2019-03-31": "2.57%", "2018-12-31": "2.81%", "2018-09-30": "3.54%", "2018-06-30": "3.05%", "2018-03-31": "2.69%", "2017-12-31": "2.62%", "2017-09-30": "2.01%", "2017-06-30": "2.22%", "2017-03-31": "2.20%", "2016-12-31": "2.05%", "2016-09-30": "2.53%", "2016-06-30": "2.35%", "2016-03-31": "2.46%", "2015-12-31": "2.73%", "2015-09-30": "2.54%", "2015-06-30": "3.16%", "2015-03-31": "3.17%", "2014-12-31": "2.77%", "2014-09-30": "2.27%", "2014-06-30": "1.88%", "2014-03-31": "1.51%", "2013-12-31": "1.49%", "2013-09-30": "1.63%", "2013-06-30": "1.30%", "2013-03-31": "1.37%", "2012-12-31": "1.52%", "2012-09-30": "1.06%", "2012-06-30": "1.37%", "2011-12-31": "1.71%", "2011-09-30": "2.81%", "2010-12-31": "2.83%", "2010-09-30": "2.79%", "2009-12-31": "2.33%", "2009-09-30": "2.32%", "2008-12-31": "3.78%", "2008-09-30": "3.61%", "2007-12-31": "3.14%", "2007-09-30": "3.54%", "2006-12-31": "4.03%", "2006-09-30": "4.02%", "2005-12-31": "3.12%"}, "pe ratio": {"current": "14.85", "2021-02-05": "27.62", "2020-12-31": "26.12", "2020-09-30": "16.31", "2020-06-30": "12.47", "2020-03-31": "12.56", "2019-12-31": "18.29", "2019-09-30": "18.67", "2019-06-30": "16.64", "2019-03-31": "13.97", "2018-12-31": "11.96", "2018-09-30": "11.57", "2018-06-30": "12.31", "2018-03-31": "13.63", "2017-12-31": "12.99", "2017-09-30": "17.88", "2017-06-30": "15.53", "2017-03-31": "17.15", "2016-12-31": "18.43", "2016-09-30": "13.96", "2016-06-30": "15.07", "2016-03-31": "11.98", "2015-12-31": "10.47", "2015-09-30": "12.19", "2015-06-30": "11.25", "2015-03-31": "10.45", "2014-12-31": "12.62", "2014-09-30": "14.55", "2014-06-30": "14.61", "2014-03-31": "17.62", "2013-12-31": "17.43", "2013-09-30": "13.35", "2013-06-30": "15.21", "2013-03-31": "14.33", "2012-12-31": "10.51", "2012-09-30": "15.07", "2012-06-30": "12.70", "2012-03-31": "17.71", "2011-12-31": "13.42", "2011-09-30": "7.17", "2011-06-30": "9.14", "2011-03-31": "10.86", "2010-12-31": "9.85", "2010-09-30": "11.70", "2010-06-30": "8.48", "2010-03-31": "9.44", "2009-12-31": "14.09", "2009-09-30": "12.86", "2009-06-30": "7.77", "2009-03-31": "8.02", "2008-12-31": "6.32", "2008-09-30": "5.05", "2008-06-30": "11.07", "2008-03-31": "13.46", "2007-12-31": "16.98", "2007-09-30": "12.44", "2007-06-30": "12.87", "2007-03-31": "14.23", "2006-12-31": "12.56"}, "price sales": {"2021-02-05": "0.47", "2020-12-31": "0.44", "2020-09-30": "0.41", "2020-06-30": "0.34", "2020-03-31": "0.30", "2019-12-31": "0.39", "2019-09-30": "0.35", "2019-06-30": "0.35", "2019-03-31": "0.36", "2018-12-31": "0.34", "2018-09-30": "0.41", "2018-06-30": "0.38", "2018-03-31": "0.37", "2017-12-31": "0.34", "2017-09-30": "0.36", "2017-06-30": "0.35", "2017-03-31": "0.38", "2016-12-31": "0.38", "2016-09-30": "0.36", "2016-06-30": "0.36", "2016-03-31": "0.30", "2015-12-31": "0.29", "2015-09-30": "0.31", "2015-06-30": "0.35", "2015-03-31": "0.33", "2014-12-31": "0.35", "2014-09-30": "0.33", "2014-06-30": "0.27", "2014-03-31": "0.27", "2013-12-31": "0.26", "2013-09-30": "0.22", "2013-06-30": "0.20", "2013-03-31": "0.20", "2012-12-31": "0.16", "2012-09-30": "0.16", "2012-06-30": "0.17", "2012-03-31": "0.25", "2011-12-31": "0.23", "2011-09-30": "0.20", "2011-06-30": "0.26", "2011-03-31": "0.31", "2010-12-31": "0.28", "2010-09-30": "0.33", "2010-06-30": "0.27", "2010-03-31": "0.30", "2009-12-31": "0.33", "2009-09-30": "0.30", "2009-06-30": "0.24", "2009-03-31": "0.25", "2008-12-31": "0.24", "2008-09-30": "0.18", "2008-06-30": "0.33", "2008-03-31": "0.40", "2007-12-31": "0.53", "2007-09-30": "0.44", "2007-06-30": "0.49", "2007-03-31": "0.54", "2006-12-31": "0.51"}, "price book": {"current": "1.48", "2021-02-05": "1.53", "2020-09-30": "1.33", "2020-06-30": "1.13", "2020-03-31": "1.00", "2019-12-31": "1.30", "2019-09-30": "1.16", "2019-06-30": "1.14", "2019-03-31": "1.20", "2018-12-31": "1.13", "2018-09-30": "1.37", "2018-06-30": "1.26", "2018-03-31": "1.18", "2017-12-31": "1.11", "2017-09-30": "1.22", "2017-06-30": "1.19", "2017-03-31": "1.36", "2016-12-31": "1.34", "2016-09-30": "1.21", "2016-06-30": "1.23", "2016-03-31": "1.02", "2015-12-31": "1.04", "2015-09-30": "1.18", "2015-06-30": "1.34", "2015-03-31": "1.32", "2014-12-31": "1.40", "2014-09-30": "1.35", "2014-06-30": "1.17", "2014-03-31": "1.16", "2013-12-31": "1.15", "2013-09-30": "1.01", "2013-06-30": "0.95", "2013-03-31": "0.94", "2012-12-31": "0.75", "2012-09-30": "0.77", "2012-06-30": "0.84", "2012-03-31": "0.88", "2011-12-31": "0.81", "2011-09-30": "0.70", "2011-06-30": "0.00", "2011-03-31": "1.06", "2010-12-31": "0.92", "2010-09-30": "1.01", "2010-06-30": "0.00", "2010-03-31": "0.94", "2009-12-31": "1.02", "2009-09-30": "0.98", "2009-06-30": "0.00", "2009-03-31": "0.98", "2008-12-31": "0.99", "2008-09-30": "0.76", "2008-06-30": "0.00", "2008-03-31": "1.46", "2007-12-31": "1.75", "2007-09-30": "1.29", "2007-06-30": "0.00", "2007-03-31": "0.00", "2006-12-31": "1.38", "2006-09-30": "1.72", "2006-06-30": "0.00", "2006-03-31": "1.69"}, "price fcf": {"2021-02-05": "", "2020-09-30": "$-6.15", "2020-06-30": "$-7.06", "2020-03-31": "$-8.68", "2019-12-31": "$-11.12", "2019-09-30": "$-9.86", "2019-06-30": "$-9.12", "2019-03-31": "$-7.20", "2018-12-31": "$-9.92", "2018-09-30": "$-12.79", "2018-06-30": "$-14.13", "2018-03-31": "$-16.02", "2017-12-31": "$-12.26", "2017-09-30": "$-20.76", "2017-06-30": "$-15.63", "2017-03-31": "$-15.16", "2016-12-31": "$-12.50", "2016-09-30": "$1.80", "2016-06-30": "$-0.36", "2016-03-31": "$0.98", "2015-12-31": "$0.93", "2015-09-30": "$0.78", "2015-06-30": "$5.26", "2015-03-31": "$6.68", "2014-12-31": "$6.17", "2014-09-30": "$5.96", "2014-06-30": "$4.51", "2014-03-31": "$5.51", "2013-12-31": "$6.51", "2013-09-30": "$9.60", "2013-06-30": "$3.15", "2013-03-31": "$4.29", "2012-12-31": "$2.44", "2012-09-30": "$-0.60", "2012-06-30": "$5.52", "2012-03-31": "$9.85", "2011-12-31": "$3.32", "2011-09-30": "$-2.34", "2011-06-30": "$-7.31", "2011-03-31": "$-17.94", "2010-12-31": "$-7.31", "2010-09-30": "$-3.43", "2010-06-30": "$0.72", "2010-03-31": "$-3.75", "2009-12-31": "$0.72", "2009-09-30": "$3.32", "2009-06-30": "$7.54", "2009-03-31": "$21.37", "2008-12-31": "$7.54", "2008-09-30": "$3.05", "2008-06-30": "$-5.92", "2008-03-31": "$-11.49", "2007-12-31": "$-5.92", "2007-09-30": "$-3.46", "2007-06-30": "$-1.30", "2007-03-31": "$-3.26", "2006-12-31": "$-1.30"}, "net worth": {"value": "$29.64B"}, "current ratio": {"2020-12-31": "5.46", "2020-09-30": "1.64", "2020-06-30": "1.72", "2020-03-31": "1.51", "2019-12-31": "1.55", "2019-09-30": "1.60", "2019-06-30": "1.55", "2019-03-31": "1.52", "2018-12-31": "1.75", "2018-09-30": "1.67", "2018-06-30": "1.59", "2018-03-31": "1.57", "2017-12-31": "1.59", "2017-09-30": "1.61", "2017-06-30": "1.59", "2017-03-31": "1.51", "2016-12-31": "1.60", "2016-09-30": "1.61", "2016-06-30": "1.52", "2016-03-31": "1.63", "2015-12-31": "1.62", "2015-09-30": "1.63", "2015-06-30": "1.76", "2015-03-31": "1.68", "2014-12-31": "1.67", "2014-09-30": "1.94", "2014-06-30": "2.07", "2014-03-31": "1.95", "2013-12-31": "1.82", "2013-09-30": "1.90", "2013-06-30": "1.91", "2013-03-31": "1.73", "2012-12-31": "1.75", "2012-09-30": "1.72", "2012-06-30": "1.84", "2012-03-31": "1.84", "2011-12-31": "1.84", "2011-09-30": "1.88", "2011-06-30": "2.08", "2011-03-31": "1.74", "2010-12-31": "1.57", "2010-09-30": "1.81", "2010-06-30": "2.12", "2010-03-31": "2.08", "2009-12-31": "2.12", "2009-09-30": "2.24", "2009-06-30": "2.18", "2009-03-31": "2.16", "2008-12-31": "1.99", "2008-09-30": "1.91", "2008-06-30": "1.74", "2008-03-31": "1.59", "2007-12-31": "1.56", "2007-09-30": "1.65", "2007-06-30": "1.92", "2007-03-31": "1.84", "2006-12-31": "1.69", "2006-09-30": "1.93", "2006-06-30": "1.92", "2006-03-31": "1.84", "2005-12-31": "1.85", "2005-09-30": "1.85", "2005-06-30": "1.81", "2005-03-31": "1.84"}, "quick ratio": {"2020-12-31": "0.00", "2020-09-30": "1.01", "2020-06-30": "1.12", "2020-03-31": "1.00", "2019-12-31": "0.89", "2019-09-30": "0.92", "2019-06-30": "0.89", "2019-03-31": "0.85", "2018-12-31": "1.00", "2018-09-30": "0.94", "2018-06-30": "0.91", "2018-03-31": "0.83", "2017-12-31": "0.86", "2017-09-30": "0.91", "2017-06-30": "0.91", "2017-03-31": "0.87", "2016-12-31": "0.93", "2016-09-30": "1.05", "2016-06-30": "0.93", "2016-03-31": "1.02", "2015-12-31": "1.01", "2015-09-30": "1.11", "2015-06-30": "1.15", "2015-03-31": "1.09", "2014-12-31": "1.07", "2014-09-30": "1.35", "2014-06-30": "1.32", "2014-03-31": "1.10", "2013-12-31": "1.09", "2013-09-30": "1.22", "2013-06-30": "1.13", "2013-03-31": "0.96", "2012-12-31": "0.94", "2012-09-30": "0.94", "2012-06-30": "1.01", "2012-03-31": "0.95", "2011-12-31": "1.00", "2011-09-30": "1.12", "2011-06-30": "1.17", "2011-03-31": "0.94", "2010-12-31": "0.87", "2010-09-30": "1.07", "2010-06-30": "1.23", "2010-03-31": "1.19", "2009-12-31": "1.17", "2009-09-30": "1.41", "2009-06-30": "1.31", "2009-03-31": "1.33", "2008-12-31": "1.30", "2008-09-30": "1.22", "2008-06-30": "1.05", "2008-03-31": "0.92", "2007-12-31": "0.90", "2007-09-30": "0.98", "2007-06-30": "1.15", "2007-03-31": "1.04", "2006-12-31": "0.99", "2006-09-30": "1.15", "2006-06-30": "1.16", "2006-03-31": "1.12", "2005-12-31": "1.12", "2005-09-30": "1.14", "2005-06-30": "1.08", "2005-03-31": "1.11"}, "debt equity ratio": {"current": "0.39", "2020-12-31": "0.68", "2020-09-30": "1.32", "2020-06-30": "1.30", "2020-03-31": "1.55", "2019-12-31": "1.29", "2019-09-30": "1.21", "2019-06-30": "1.25", "2019-03-31": "1.28", "2018-12-31": "1.15", "2018-09-30": "1.09", "2018-06-30": "1.07", "2018-03-31": "1.19", "2017-12-31": "1.18", "2017-09-30": "1.22", "2017-06-30": "1.17", "2017-03-31": "1.31", "2016-12-31": "1.32", "2016-09-30": "1.27", "2016-06-30": "1.27", "2016-03-31": "1.22", "2015-12-31": "1.24", "2015-09-30": "1.29", "2015-06-30": "1.19", "2015-03-31": "1.22", "2014-12-31": "1.24", "2014-09-30": "1.06", "2014-06-30": "0.98", "2014-03-31": "1.07", "2013-12-31": "1.17", "2013-09-30": "1.12", "2013-06-30": "1.12", "2013-03-31": "1.28", "2012-12-31": "1.36", "2012-09-30": "1.43", "2012-06-30": "1.29", "2012-03-31": "1.26", "2011-12-31": "1.29", "2011-09-30": "1.25", "2011-06-30": "1.24", "2011-03-31": "1.62", "2010-12-31": "1.68", "2010-09-30": "1.34", "2010-06-30": "1.16", "2010-03-31": "1.19", "2009-12-31": "1.27", "2009-09-30": "1.24", "2009-06-30": "1.31", "2009-03-31": "1.38", "2008-12-31": "1.48", "2008-09-30": "1.57", "2008-06-30": "1.75", "2008-03-31": "1.77", "2007-12-31": "1.72", "2007-09-30": "1.49", "2007-06-30": "1.23", "2007-03-31": "1.37", "2006-12-31": "1.33", "2006-09-30": "1.14", "2006-06-30": "1.17", "2006-03-31": "1.24", "2005-12-31": "1.27", "2005-09-30": "1.30", "2005-06-30": "1.21", "2005-03-31": "1.21"}, "return on equity": {"2020-12-31": "9.13%", "2020-09-30": "8.27%", "2020-06-30": "9.27%", "2020-03-31": "8.08%", "2019-12-31": "7.26%", "2019-09-30": "6.28%", "2019-06-30": "6.95%", "2019-03-31": "8.73%", "2018-12-31": "9.60%", "2018-09-30": "12.21%", "2018-06-30": "10.57%", "2018-03-31": "9.15%", "2017-12-31": "9.06%", "2017-09-30": "7.10%", "2017-06-30": "7.97%", "2017-03-31": "7.98%", "2016-12-31": "7.28%", "2016-09-30": "8.86%", "2016-06-30": "8.32%", "2016-03-31": "8.78%", "2015-12-31": "10.12%", "2015-09-30": "9.79%", "2015-06-30": "12.06%", "2015-03-31": "12.55%", "2014-12-31": "11.22%", "2014-09-30": "9.52%", "2014-06-30": "8.25%", "2014-03-31": "6.80%", "2013-12-31": "6.90%", "2013-09-30": "7.71%", "2013-06-30": "6.27%", "2013-03-31": "6.67%", "2012-12-31": "7.40%", "2012-09-30": "5.16%", "2012-06-30": "6.67%", "2011-12-31": "6.20%", "2011-09-30": "10.14%", "2010-12-31": "9.87%", "2010-09-30": "8.95%", "2009-12-31": "7.60%", "2009-09-30": "7.83%", "2008-12-31": "15.89%", "2008-09-30": "15.50%", "2007-12-31": "11.09%", "2007-09-30": "11.18%", "2006-12-31": "11.91%", "2006-09-30": "11.74%", "2005-12-31": "9.54%"}, "return on assets": {"2020-12-31": "4.14%", "2020-09-30": "3.50%", "2020-06-30": "3.97%", "2020-03-31": "3.48%", "2019-12-31": "3.22%", "2019-09-30": "2.83%", "2019-06-30": "3.17%", "2019-03-31": "4.06%", "2018-12-31": "4.52%", "2018-09-30": "5.73%", "2018-06-30": "4.88%", "2018-03-31": "4.18%", "2017-12-31": "4.08%", "2017-09-30": "3.15%", "2017-06-30": "3.51%", "2017-03-31": "3.48%", "2016-12-31": "3.21%", "2016-09-30": "3.94%", "2016-06-30": "3.69%", "2016-03-31": "3.93%", "2015-12-31": "4.53%", "2015-09-30": "4.38%", "2015-06-30": "5.54%", "2015-03-31": "5.91%", "2014-12-31": "5.38%", "2014-09-30": "4.60%", "2014-06-30": "3.96%", "2014-03-31": "3.21%", "2013-12-31": "3.18%", "2013-09-30": "3.48%", "2013-06-30": "2.73%", "2013-03-31": "2.85%", "2012-12-31": "3.17%", "2012-09-30": "2.23%", "2012-06-30": "2.94%", "2011-12-31": "2.65%", "2011-09-30": "4.16%", "2010-12-31": "4.20%", "2010-09-30": "4.00%", "2009-12-31": "3.31%", "2009-09-30": "3.33%", "2008-12-31": "6.02%", "2008-09-30": "5.74%", "2007-12-31": "4.51%", "2007-09-30": "4.75%", "2006-12-31": "5.37%", "2006-09-30": "5.34%", "2005-12-31": "4.25%"}, "return on investments": {"2020-12-31": "6.38%", "2020-09-30": "6.12%", "2020-06-30": "6.51%", "2020-03-31": "6.21%", "2019-12-31": "6.20%", "2019-09-30": "6.14%", "2019-06-30": "6.28%", "2019-03-31": "7.36%", "2018-12-31": "7.87%", "2018-09-30": "7.96%", "2018-06-30": "7.31%", "2018-03-31": "6.37%", "2017-12-31": "6.44%", "2017-09-30": "6.83%", "2017-06-30": "7.72%", "2017-03-31": "7.18%", "2016-12-31": "6.91%", "2016-09-30": "6.12%", "2016-06-30": "6.26%", "2016-03-31": "7.02%", "2015-12-31": "8.23%", "2015-09-30": "9.83%", "2015-06-30": "11.44%", "2015-03-31": "12.54%", "2014-12-31": "11.14%", "2014-09-30": "10.87%", "2014-06-30": "9.79%", "2014-03-31": "8.35%", "2013-12-31": "8.59%", "2013-09-30": "7.73%", "2013-06-30": "6.48%", "2013-03-31": "6.71%", "2012-12-31": "7.80%", "2012-09-30": "99.27%", "2012-06-30": "100.02%", "2011-12-31": "96.71%", "2011-09-30": "89.31%", "2010-12-31": "99.39%", "2010-09-30": "77.10%", "2009-12-31": "77.91%", "2009-09-30": "82.14%", "2008-12-31": "91.02%", "2008-09-30": "94.60%", "2007-12-31": "106.28%", "2007-09-30": "76.00%", "2006-12-31": "85.53%", "2006-09-30": "76.15%", "2005-12-31": "79.40%"}, "return on tangible equity": {"2020-09-30": "11.41%", "2020-06-30": "12.85%", "2020-03-31": "11.29%", "2019-12-31": "10.19%", "2019-09-30": "8.60%", "2019-06-30": "9.29%", "2019-03-31": "11.34%", "2018-12-31": "12.16%", "2018-09-30": "15.48%", "2018-06-30": "13.44%", "2018-03-31": "11.70%", "2017-12-31": "11.61%", "2017-09-30": "9.12%", "2017-06-30": "10.21%", "2017-03-31": "10.22%", "2016-12-31": "9.30%", "2016-09-30": "11.28%", "2016-06-30": "10.47%", "2016-03-31": "10.90%", "2015-12-31": "12.36%", "2015-09-30": "11.85%", "2015-06-30": "13.95%", "2015-03-31": "13.96%", "2014-12-31": "12.06%", "2014-09-30": "9.86%", "2014-06-30": "8.53%", "2014-03-31": "7.01%", "2013-12-31": "7.11%", "2013-09-30": "7.96%", "2013-06-30": "6.47%", "2013-03-31": "6.89%", "2012-12-31": "7.66%", "2012-09-30": "5.32%", "2012-06-30": "6.90%", "2011-12-31": "6.42%", "2011-09-30": "10.50%", "2010-12-31": "10.24%", "2010-09-30": "9.28%", "2009-12-31": "7.89%", "2009-09-30": "8.13%", "2008-12-31": "16.45%", "2008-09-30": "16.01%", "2007-12-31": "11.40%", "2007-09-30": "11.51%", "2006-12-31": "12.30%", "2006-09-30": "12.15%", "2005-12-31": "9.92%"}, "dividend yield history": {"last payout": "$1.44", "last yield": "2.70%"}}