{"ticker": "ARNC", "price": {"title": "Arconic Historical Annual Stock Price Data", "value": 26.16, "historical": {"2020": {"Average Stock Price": "19.1598", "Year Open": "6.2100", "Year High": "30.9000", "Year Low": "6.2100", "Year Close": "29.8000", "Annual % Change": "0.00%"}}}, "market cap": {"value": "$2.86B"}, "income statement": {"Revenue": {"2019-12-31": "7277.00000", "2018-12-31": "7442.00000", "2017-12-31": "6824.00000"}, "Cost Of Goods Sold": {"2019-12-31": "6270.00000", "2018-12-31": "6549.00000", "2017-12-31": "5866.00000"}, "Gross Profit": {"2019-12-31": "1007.00000", "2018-12-31": "893.00000", "2017-12-31": "958.00000"}, "Research And Development Expenses": {"2019-12-31": "45.00000", "2018-12-31": "63.00000", "2017-12-31": "66.00000"}, "SG&A Expenses": {"2019-12-31": "346.00000", "2018-12-31": "288.00000", "2017-12-31": "361.00000"}, "Other Operating Income Or Expenses": {"2019-12-31": "", "2018-12-31": "", "2017-12-31": ""}, "Operating Expenses": {"2019-12-31": "7000.00000", "2018-12-31": "7068.00000", "2017-12-31": "6692.00000"}, "Operating Income": {"2019-12-31": "277.00000", "2018-12-31": "374.00000", "2017-12-31": "132.00000"}, "Total Non-Operating Income/Expense": {"2019-12-31": "-100.00000", "2018-12-31": "-133.00000", "2017-12-31": "119.00000"}, "Pre-Tax Income": {"2019-12-31": "177.00000", "2018-12-31": "241.00000", "2017-12-31": "251.00000"}, "Income Taxes": {"2019-12-31": "-48.00000", "2018-12-31": "71.00000", "2017-12-31": "42.00000"}, "Income After Taxes": {"2019-12-31": "225.00000", "2018-12-31": "170.00000", "2017-12-31": "209.00000"}, "Other Income": {"2019-12-31": "", "2018-12-31": "", "2017-12-31": ""}, "Income From Continuous Operations": {"2019-12-31": "225.00000", "2018-12-31": "170.00000", "2017-12-31": "209.00000"}, "Income From Discontinued Operations": {"2019-12-31": "", "2018-12-31": "", "2017-12-31": ""}, "Net Income": {"2019-12-31": "225.00000", "2018-12-31": "170.00000", "2017-12-31": "209.00000"}, "EBITDA": {"2019-12-31": "529.00000", "2018-12-31": "646.00000", "2017-12-31": "398.00000"}, "EBIT": {"2019-12-31": "277.00000", "2018-12-31": "374.00000", "2017-12-31": "132.00000"}, "Basic Shares Outstanding": {"2019-12-31": "", "2018-12-31": "", "2017-12-31": ""}, "Shares Outstanding": {"2019-12-31": "", "2018-12-31": "", "2017-12-31": ""}, "Basic EPS": {"2019-12-31": "", "2018-12-31": "", "2017-12-31": ""}, "EPS - Earnings Per Share": {"2019-12-31": "0.00000", "2018-12-31": "0.00000", "2017-12-31": "0.00000"}}, "income statement, quarterly": {"Revenue": {"2020-09-30": "1415.00000", "2020-06-30": "1187.00000", "2020-03-31": "1611.00000", "2019-12-31": "1708.00000", "2019-09-30": "1805.00000", "2019-06-30": "1923.00000", "2019-03-31": "1841.00000", "2018-12-31": "", "2017-12-31": ""}, "Cost Of Goods Sold": {"2020-09-30": "1218.00000", "2020-06-30": "1046.00000", "2020-03-31": "1327.00000", "2019-12-31": "1438.00000", "2019-09-30": "1565.00000", "2019-06-30": "1671.00000", "2019-03-31": "1596.00000", "2018-12-31": "", "2017-12-31": ""}, "Gross Profit": {"2020-09-30": "197.00000", "2020-06-30": "141.00000", "2020-03-31": "284.00000", "2019-12-31": "270.00000", "2019-09-30": "240.00000", "2019-06-30": "252.00000", "2019-03-31": "245.00000", "2018-12-31": "", "2017-12-31": ""}, "Research And Development Expenses": {"2020-09-30": "8.00000", "2020-06-30": "8.00000", "2020-03-31": "11.00000", "2019-12-31": "11.00000", "2019-09-30": "9.00000", "2019-06-30": "11.00000", "2019-03-31": "14.00000", "2018-12-31": "", "2017-12-31": ""}, "SG&A Expenses": {"2020-09-30": "59.00000", "2020-06-30": "55.00000", "2020-03-31": "80.00000", "2019-12-31": "74.00000", "2019-09-30": "82.00000", "2019-06-30": "87.00000", "2019-03-31": "86.00000", "2018-12-31": "", "2017-12-31": ""}, "Other Operating Income Or Expenses": {"2020-09-30": "", "2020-06-30": "", "2020-03-31": "", "2019-12-31": "", "2019-09-30": "", "2019-06-30": "", "2019-03-31": "", "2018-12-31": "", "2017-12-31": ""}, "Operating Expenses": {"2020-09-30": "1351.00000", "2020-06-30": "1254.00000", "2020-03-31": "1459.00000", "2019-12-31": "1585.00000", "2019-09-30": "1783.00000", "2019-06-30": "1871.00000", "2019-03-31": "1761.00000", "2018-12-31": "", "2017-12-31": ""}, "Operating Income": {"2020-09-30": "64.00000", "2020-06-30": "-67.00000", "2020-03-31": "152.00000", "2019-12-31": "123.00000", "2019-09-30": "22.00000", "2019-06-30": "52.00000", "2019-03-31": "80.00000", "2018-12-31": "", "2017-12-31": ""}, "Total Non-Operating Income/Expense": {"2020-09-30": "-49.00000", "2020-06-30": "-56.00000", "2020-03-31": "-61.00000", "2019-12-31": "-18.00000", "2019-09-30": "-29.00000", "2019-06-30": "-39.00000", "2019-03-31": "-14.00000", "2018-12-31": "", "2017-12-31": ""}, "Pre-Tax Income": {"2020-09-30": "15.00000", "2020-06-30": "-123.00000", "2020-03-31": "91.00000", "2019-12-31": "105.00000", "2019-09-30": "-7.00000", "2019-06-30": "13.00000", "2019-03-31": "66.00000", "2018-12-31": "", "2017-12-31": ""}, "Income Taxes": {"2020-09-30": "10.00000", "2020-06-30": "-31.00000", "2020-03-31": "31.00000", "2019-12-31": "-98.00000", "2019-09-30": "17.00000", "2019-06-30": "8.00000", "2019-03-31": "25.00000", "2018-12-31": "", "2017-12-31": ""}, "Income After Taxes": {"2020-09-30": "5.00000", "2020-06-30": "-92.00000", "2020-03-31": "60.00000", "2019-12-31": "203.00000", "2019-09-30": "-24.00000", "2019-06-30": "5.00000", "2019-03-31": "41.00000", "2018-12-31": "", "2017-12-31": ""}, "Other Income": {"2020-09-30": "", "2020-06-30": "", "2020-03-31": "", "2019-12-31": "0.00000", "2019-09-30": "", "2019-06-30": "", "2019-03-31": "", "2018-12-31": "", "2017-12-31": ""}, "Income From Continuous Operations": {"2020-09-30": "5.00000", "2020-06-30": "-92.00000", "2020-03-31": "60.00000", "2019-12-31": "203.00000", "2019-09-30": "-24.00000", "2019-06-30": "5.00000", "2019-03-31": "41.00000", "2018-12-31": "", "2017-12-31": ""}, "Income From Discontinued Operations": {"2020-09-30": "", "2020-06-30": "", "2020-03-31": "", "2019-12-31": "0.00000", "2019-09-30": "", "2019-06-30": "", "2019-03-31": "", "2018-12-31": "", "2017-12-31": ""}, "Net Income": {"2020-09-30": "5.00000", "2020-06-30": "-92.00000", "2020-03-31": "60.00000", "2019-12-31": "203.00000", "2019-09-30": "-24.00000", "2019-06-30": "5.00000", "2019-03-31": "41.00000", "2018-12-31": "", "2017-12-31": ""}, "EBITDA": {"2020-09-30": "129.00000", "2020-06-30": "22.00000", "2020-03-31": "212.00000", "2019-12-31": "185.00000", "2019-09-30": "85.00000", "2019-06-30": "116.00000", "2019-03-31": "143.00000", "2018-12-31": "", "2017-12-31": ""}, "EBIT": {"2020-09-30": "64.00000", "2020-06-30": "-67.00000", "2020-03-31": "152.00000", "2019-12-31": "123.00000", "2019-09-30": "22.00000", "2019-06-30": "52.00000", "2019-03-31": "80.00000", "2018-12-31": "", "2017-12-31": ""}, "Basic Shares Outstanding": {"2020-09-30": "109.00000", "2020-06-30": "109.00000", "2020-03-31": "109.09100", "2019-12-31": "", "2019-09-30": "109.00000", "2019-06-30": "109.00000", "2019-03-31": "107.89500", "2018-12-31": "", "2017-12-31": ""}, "Shares Outstanding": {"2020-09-30": "113.00000", "2020-06-30": "109.00000", "2020-03-31": "109.09100", "2019-12-31": "", "2019-09-30": "109.00000", "2019-06-30": "109.00000", "2019-03-31": "107.89500", "2018-12-31": "", "2017-12-31": ""}, "Basic EPS": {"2020-09-30": "0.05000", "2020-06-30": "-0.84000", "2020-03-31": "0.55000", "2019-12-31": "", "2019-09-30": "-0.22000", "2019-06-30": "0.04000", "2019-03-31": "0.38000", "2018-12-31": "", "2017-12-31": ""}, "EPS - Earnings Per Share": {"2020-09-30": "0.05000", "2020-06-30": "-0.84000", "2020-03-31": "0.55000", "2019-12-31": "0.00000", "2019-09-30": "-0.22000", "2019-06-30": "0.04000", "2019-03-31": "0.38000", "2018-12-31": "0.00000", "2017-12-31": "0.00000"}}, "balance sheet": {"Cash On Hand": {"2019-12-31": "72.00000", "2018-12-31": "81.00000", "2017-12-31": ""}, "Receivables": {"2019-12-31": "520.00000", "2018-12-31": "535.00000", "2017-12-31": ""}, "Inventory": {"2019-12-31": "820.00000", "2018-12-31": "818.00000", "2017-12-31": ""}, "Pre-Paid Expenses": {"2019-12-31": "28.00000", "2018-12-31": "42.00000", "2017-12-31": ""}, "Other Current Assets": {"2019-12-31": "", "2018-12-31": "", "2017-12-31": ""}, "Total Current Assets": {"2019-12-31": "1440.00000", "2018-12-31": "1476.00000", "2017-12-31": ""}, "Property, Plant, And Equipment": {"2019-12-31": "2744.00000", "2018-12-31": "2861.00000", "2017-12-31": ""}, "Long-Term Investments": {"2019-12-31": "", "2018-12-31": "", "2017-12-31": ""}, "Goodwill And Intangible Assets": {"2019-12-31": "386.00000", "2018-12-31": "385.00000", "2017-12-31": "0.00000"}, "Other Long-Term Assets": {"2019-12-31": "32.00000", "2018-12-31": "58.00000", "2017-12-31": ""}, "Total Long-Term Assets": {"2019-12-31": "3301.00000", "2018-12-31": "3319.00000", "2017-12-31": ""}, "Total Assets": {"2019-12-31": "4741.00000", "2018-12-31": "4795.00000", "2017-12-31": "0.00000"}, "Total Current Liabilities": {"2019-12-31": "1341.00000", "2018-12-31": "1393.00000", "2017-12-31": ""}, "Long Term Debt": {"2019-12-31": "250.00000", "2018-12-31": "250.00000", "2017-12-31": ""}, "Other Non-Current Liabilities": {"2019-12-31": "175.00000", "2018-12-31": "338.00000", "2017-12-31": ""}, "Total Long Term Liabilities": {"2019-12-31": "672.00000", "2018-12-31": "725.00000", "2017-12-31": ""}, "Total Liabilities": {"2019-12-31": "2013.00000", "2018-12-31": "2118.00000", "2017-12-31": "0.00000"}, "Common Stock Net": {"2019-12-31": "", "2018-12-31": "", "2017-12-31": "0.00000"}, "Retained Earnings (Accumulated Deficit)": {"2019-12-31": "", "2018-12-31": "", "2017-12-31": ""}, "Comprehensive Income": {"2019-12-31": "295.00000", "2018-12-31": "250.00000", "2017-12-31": ""}, "Other Share Holders Equity": {"2019-12-31": "2419.00000", "2018-12-31": "2415.00000", "2017-12-31": "0.00000"}, "Share Holder Equity": {"2019-12-31": "2728.00000", "2018-12-31": "2677.00000", "2017-12-31": "0.00000"}, "Total Liabilities And Share Holders Equity": {"2019-12-31": "4741.00000", "2018-12-31": "4795.00000", "2017-12-31": "0.00000"}}, "balance sheet, quarterly": {"Cash On Hand": {"2020-09-30": "802.00000", "2020-06-30": "595.00000", "2020-03-31": "1228.00000", "2019-12-31": "72.00000", "2019-09-30": "", "2019-06-30": "", "2019-03-31": "", "2018-12-31": "81.00000", "2017-12-31": ""}, "Receivables": {"2020-09-30": "758.00000", "2020-06-30": "683.00000", "2020-03-31": "799.00000", "2019-12-31": "520.00000", "2019-09-30": "", "2019-06-30": "", "2019-03-31": "", "2018-12-31": "535.00000", "2017-12-31": ""}, "Inventory": {"2020-09-30": "901.00000", "2020-06-30": "678.00000", "2020-03-31": "844.00000", "2019-12-31": "1137.00000", "2019-09-30": "", "2019-06-30": "", "2019-03-31": "", "2018-12-31": "818.00000", "2017-12-31": ""}, "Pre-Paid Expenses": {"2020-09-30": "60.00000", "2020-06-30": "54.00000", "2020-03-31": "42.00000", "2019-12-31": "28.00000", "2019-09-30": "", "2019-06-30": "", "2019-03-31": "", "2018-12-31": "", "2017-12-31": ""}, "Other Current Assets": {"2020-09-30": "", "2020-06-30": "", "2020-03-31": "", "2019-12-31": "", "2019-09-30": "", "2019-06-30": "", "2019-03-31": "", "2018-12-31": "42.00000", "2017-12-31": ""}, "Total Current Assets": {"2020-09-30": "2521.00000", "2020-06-30": "2010.00000", "2020-03-31": "2913.00000", "2019-12-31": "1757.00000", "2019-09-30": "", "2019-06-30": "", "2019-03-31": "", "2018-12-31": "1476.00000", "2017-12-31": ""}, "Property, Plant, And Equipment": {"2020-09-30": "2708.00000", "2020-06-30": "2725.00000", "2020-03-31": "2681.00000", "2019-12-31": "2744.00000", "2019-09-30": "", "2019-06-30": "", "2019-03-31": "", "2018-12-31": "", "2017-12-31": ""}, "Long-Term Investments": {"2020-09-30": "", "2020-06-30": "", "2020-03-31": "", "2019-12-31": "", "2019-09-30": "", "2019-06-30": "", "2019-03-31": "", "2018-12-31": "", "2017-12-31": ""}, "Goodwill And Intangible Assets": {"2020-09-30": "381.00000", "2020-06-30": "374.00000", "2020-03-31": "374.00000", "2019-12-31": "386.00000", "2019-09-30": "0.00000", "2019-06-30": "0.00000", "2019-03-31": "0.00000", "2018-12-31": "385.00000", "2017-12-31": "0.00000"}, "Other Long-Term Assets": {"2020-09-30": "100.00000", "2020-06-30": "104.00000", "2020-03-31": "50.00000", "2019-12-31": "32.00000", "2019-09-30": "", "2019-06-30": "", "2019-03-31": "", "2018-12-31": "58.00000", "2017-12-31": ""}, "Total Long-Term Assets": {"2020-09-30": "3625.00000", "2020-06-30": "3723.00000", "2020-03-31": "3556.00000", "2019-12-31": "3301.00000", "2019-09-30": "", "2019-06-30": "", "2019-03-31": "", "2018-12-31": "458.00000", "2017-12-31": ""}, "Total Assets": {"2020-09-30": "6146.00000", "2020-06-30": "5733.00000", "2020-03-31": "6469.00000", "2019-12-31": "5058.00000", "2019-09-30": "0.00000", "2019-06-30": "0.00000", "2019-03-31": "0.00000", "2018-12-31": "4795.00000", "2017-12-31": "0.00000"}, "Total Current Liabilities": {"2020-09-30": "1226.00000", "2020-06-30": "1084.00000", "2020-03-31": "1279.00000", "2019-12-31": "1341.00000", "2019-09-30": "", "2019-06-30": "", "2019-03-31": "", "2018-12-31": "1393.00000", "2017-12-31": ""}, "Long Term Debt": {"2020-09-30": "1277.00000", "2020-06-30": "1276.00000", "2020-03-31": "1419.00000", "2019-12-31": "250.00000", "2019-09-30": "", "2019-06-30": "", "2019-03-31": "", "2018-12-31": "250.00000", "2017-12-31": ""}, "Other Non-Current Liabilities": {"2020-09-30": "208.00000", "2020-06-30": "233.00000", "2020-03-31": "170.00000", "2019-12-31": "175.00000", "2019-09-30": "", "2019-06-30": "", "2019-03-31": "", "2018-12-31": "393.00000", "2017-12-31": ""}, "Total Long Term Liabilities": {"2020-09-30": "3432.00000", "2020-06-30": "3489.00000", "2020-03-31": "3564.00000", "2019-12-31": "744.00000", "2019-09-30": "", "2019-06-30": "", "2019-03-31": "", "2018-12-31": "725.00000", "2017-12-31": ""}, "Total Liabilities": {"2020-09-30": "4658.00000", "2020-06-30": "4573.00000", "2020-03-31": "4843.00000", "2019-12-31": "2085.00000", "2019-09-30": "0.00000", "2019-06-30": "0.00000", "2019-03-31": "0.00000", "2018-12-31": "2118.00000", "2017-12-31": "0.00000"}, "Common Stock Net": {"2020-09-30": "1.00000", "2020-06-30": "1.00000", "2020-03-31": "", "2019-12-31": "0.00000", "2019-09-30": "0.00000", "2019-06-30": "0.00000", "2019-03-31": "0.00000", "2018-12-31": "0.00000", "2017-12-31": "0.00000"}, "Retained Earnings (Accumulated Deficit)": {"2020-09-30": "-91.00000", "2020-06-30": "-92.00000", "2020-03-31": "", "2019-12-31": "", "2019-09-30": "", "2019-06-30": "", "2019-03-31": "", "2018-12-31": "", "2017-12-31": ""}, "Comprehensive Income": {"2020-09-30": "-1768.00000", "2020-06-30": "-1848.00000", "2020-03-31": "-1432.00000", "2019-12-31": "295.00000", "2019-09-30": "", "2019-06-30": "", "2019-03-31": "", "2018-12-31": "", "2017-12-31": ""}, "Other Share Holders Equity": {"2020-09-30": "", "2020-06-30": "", "2020-03-31": "3045.00000", "2019-12-31": "2664.00000", "2019-09-30": "0.00000", "2019-06-30": "0.00000", "2019-03-31": "0.00000", "2018-12-31": "2677.00000", "2017-12-31": "0.00000"}, "Share Holder Equity": {"2020-09-30": "1488.00000", "2020-06-30": "1160.00000", "2020-03-31": "1626.00000", "2019-12-31": "2973.00000", "2019-09-30": "0.00000", "2019-06-30": "0.00000", "2019-03-31": "0.00000", "2018-12-31": "2677.00000", "2017-12-31": "0.00000"}, "Total Liabilities And Share Holders Equity": {"2020-09-30": "6146.00000", "2020-06-30": "5733.00000", "2020-03-31": "6469.00000", "2019-12-31": "5058.00000", "2019-09-30": "0.00000", "2019-06-30": "0.00000", "2019-03-31": "0.00000", "2018-12-31": "4795.00000", "2017-12-31": "0.00000"}}, "cash flow statement": {"Net Income/Loss": {"2019-12-31": "225.00000", "2018-12-31": "170.00000", "2017-12-31": "209.00000"}, "Total Depreciation And Amortization - Cash Flow": {"2019-12-31": "252.00000", "2018-12-31": "272.00000", "2017-12-31": "266.00000"}, "Other Non-Cash Items": {"2019-12-31": "75.00000", "2018-12-31": "-76.00000", "2017-12-31": "-72.00000"}, "Total Non-Cash Items": {"2019-12-31": "327.00000", "2018-12-31": "196.00000", "2017-12-31": "194.00000"}, "Change In Accounts Receivable": {"2019-12-31": "2.00000", "2018-12-31": "-24.00000", "2017-12-31": "-32.00000"}, "Change In Inventories": {"2019-12-31": "-5.00000", "2018-12-31": "-51.00000", "2017-12-31": "-137.00000"}, "Change In Accounts Payable": {"2019-12-31": "-100.00000", "2018-12-31": "247.00000", "2017-12-31": "71.00000"}, "Change In Assets/Liabilities": {"2019-12-31": "34.00000", "2018-12-31": "2.00000", "2017-12-31": "-40.00000"}, "Total Change In Assets/Liabilities": {"2019-12-31": "-95.00000", "2018-12-31": "137.00000", "2017-12-31": "-221.00000"}, "Cash Flow From Operating Activities": {"2019-12-31": "457.00000", "2018-12-31": "503.00000", "2017-12-31": "182.00000"}, "Net Change In Property, Plant, And Equipment": {"2019-12-31": "-170.00000", "2018-12-31": "-10.00000", "2017-12-31": "-250.00000"}, "Net Change In Intangible Assets": {"2019-12-31": "", "2018-12-31": "", "2017-12-31": ""}, "Net Acquisitions/Divestitures": {"2019-12-31": "", "2018-12-31": "", "2017-12-31": ""}, "Net Change In Short-term Investments": {"2019-12-31": "", "2018-12-31": "", "2017-12-31": ""}, "Net Change In Long-Term Investments": {"2019-12-31": "", "2018-12-31": "", "2017-12-31": ""}, "Net Change In Investments - Total": {"2019-12-31": "", "2018-12-31": "", "2017-12-31": ""}, "Investing Activities - Other": {"2019-12-31": "", "2018-12-31": "", "2017-12-31": ""}, "Cash Flow From Investing Activities": {"2019-12-31": "-170.00000", "2018-12-31": "-10.00000", "2017-12-31": "-250.00000"}, "Net Long-Term Debt": {"2019-12-31": "", "2018-12-31": "", "2017-12-31": ""}, "Net Current Debt": {"2019-12-31": "", "2018-12-31": "", "2017-12-31": ""}, "Debt Issuance/Retirement Net - Total": {"2019-12-31": "", "2018-12-31": "", "2017-12-31": ""}, "Net Common Equity Issued/Repurchased": {"2019-12-31": "", "2018-12-31": "", "2017-12-31": ""}, "Net Total Equity Issued/Repurchased": {"2019-12-31": "", "2018-12-31": "", "2017-12-31": ""}, "Total Common And Preferred Stock Dividends Paid": {"2019-12-31": "", "2018-12-31": "", "2017-12-31": ""}, "Financial Activities - Other": {"2019-12-31": "-295.00000", "2018-12-31": "-536.00000", "2017-12-31": "136.00000"}, "Cash Flow From Financial Activities": {"2019-12-31": "-295.00000", "2018-12-31": "-536.00000", "2017-12-31": "136.00000"}, "Net Cash Flow": {"2019-12-31": "-9.00000", "2018-12-31": "-45.00000", "2017-12-31": "72.00000"}, "Stock-Based Compensation": {"2019-12-31": "40.00000", "2018-12-31": "22.00000", "2017-12-31": "30.00000"}, "Common Stock Dividends Paid": {"2019-12-31": "", "2018-12-31": "", "2017-12-31": ""}}, "cash flow statement, quarterly": {"Net Income/Loss": {"2020-09-30": -13, "2020-06-30": -92, "2020-03-31": "60.00000", "2019-12-31": 216, "2019-09-30": -37, "2019-06-30": 5, "2019-03-31": "41.00000", "2018-12-31": -39, "2017-12-31": 209}, "Total Depreciation And Amortization - Cash Flow": {"2020-09-30": 65, "2020-06-30": 89, "2020-03-31": "60.00000", "2019-12-31": 62, "2019-09-30": 63, "2019-06-30": 64, "2019-03-31": "63.00000", "2018-12-31": 6, "2017-12-31": 266}, "Other Non-Cash Items": {"2020-09-30": 0, "2020-06-30": 131, "2020-03-31": "35.00000", "2019-12-31": -154, "2019-09-30": 88, "2019-06-30": 50, "2019-03-31": "16.00000", "2018-12-31": 0, "2017-12-31": 0}, "Total Non-Cash Items": {"2020-09-30": 65, "2020-06-30": 220, "2020-03-31": "95.00000", "2019-12-31": -92, "2019-09-30": 151, "2019-06-30": 114, "2019-03-31": "79.00000", "2018-12-31": 6, "2017-12-31": 266}, "Change In Accounts Receivable": {"2020-09-30": -66, "2020-06-30": 125, "2020-03-31": "-309.00000", "2019-12-31": 48, "2019-09-30": 63, "2019-06-30": -28, "2019-03-31": "-83.00000", "2018-12-31": 0, "2017-12-31": 0}, "Change In Inventories": {"2020-09-30": 105, "2020-06-30": 166, "2020-03-31": "-74.00000", "2019-12-31": 30, "2019-09-30": 35, "2019-06-30": 0, "2019-03-31": "-65.00000", "2018-12-31": 0, "2017-12-31": 0}, "Change In Accounts Payable": {"2020-09-30": 226, "2020-06-30": -298, "2020-03-31": "-93.00000", "2019-12-31": 96, "2019-09-30": -61, "2019-06-30": -79, "2019-03-31": "44.00000", "2018-12-31": 0, "2017-12-31": 0}, "Change In Assets/Liabilities": {"2020-09-30": 16, "2020-06-30": 1, "2020-03-31": "-38.00000", "2019-12-31": -1, "2019-09-30": -16, "2019-06-30": 23, "2019-03-31": "-6.00000", "2018-12-31": 0, "2017-12-31": 0}, "Total Change In Assets/Liabilities": {"2020-09-30": 231, "2020-06-30": -98, "2020-03-31": "-450.00000", "2019-12-31": 113, "2019-09-30": 4, "2019-06-30": -81, "2019-03-31": "-131.00000", "2018-12-31": 358, "2017-12-31": -221}, "Cash Flow From Operating Activities": {"2020-09-30": 283, "2020-06-30": 30, "2020-03-31": "-295.00000", "2019-12-31": 312, "2019-09-30": 118, "2019-06-30": 38, "2019-03-31": "-11.00000", "2018-12-31": 321, "2017-12-31": 182}, "Net Change In Property, Plant, And Equipment": {"2020-09-30": -82, "2020-06-30": -20, "2020-03-31": "78.00000", "2019-12-31": -61, "2019-09-30": -38, "2019-06-30": -33, "2019-03-31": "-38.00000", "2018-12-31": 240, "2017-12-31": -250}, "Net Change In Intangible Assets": {"2020-09-30": 0, "2020-06-30": 0, "2020-03-31": "", "2019-12-31": 0, "2019-09-30": 0, "2019-06-30": 0, "2019-03-31": "", "2018-12-31": 0, "2017-12-31": 0}, "Net Acquisitions/Divestitures": {"2020-09-30": 0, "2020-06-30": 0, "2020-03-31": "", "2019-12-31": 0, "2019-09-30": 0, "2019-06-30": 0, "2019-03-31": "", "2018-12-31": 0, "2017-12-31": 0}, "Net Change In Short-term Investments": {"2020-09-30": 0, "2020-06-30": 0, "2020-03-31": "", "2019-12-31": 0, "2019-09-30": 0, "2019-06-30": 0, "2019-03-31": "", "2018-12-31": 0, "2017-12-31": 0}, "Net Change In Long-Term Investments": {"2020-09-30": 0, "2020-06-30": 0, "2020-03-31": "", "2019-12-31": 0, "2019-09-30": 0, "2019-06-30": 0, "2019-03-31": "", "2018-12-31": 0, "2017-12-31": 0}, "Net Change In Investments - Total": {"2020-09-30": 0, "2020-06-30": 0, "2020-03-31": "", "2019-12-31": 0, "2019-09-30": 0, "2019-06-30": 0, "2019-03-31": "", "2018-12-31": 0, "2017-12-31": 0}, "Investing Activities - Other": {"2020-09-30": 0, "2020-06-30": 0, "2020-03-31": "", "2019-12-31": 0, "2019-09-30": 0, "2019-06-30": 0, "2019-03-31": "", "2018-12-31": 0, "2017-12-31": 0}, "Cash Flow From Investing Activities": {"2020-09-30": -82, "2020-06-30": -20, "2020-03-31": "78.00000", "2019-12-31": -61, "2019-09-30": -38, "2019-06-30": -33, "2019-03-31": "-38.00000", "2018-12-31": 240, "2017-12-31": -250}, "Net Long-Term Debt": {"2020-09-30": 0, "2020-06-30": 100, "2020-03-31": "1200.00000", "2019-12-31": 0, "2019-09-30": 0, "2019-06-30": 0, "2019-03-31": "", "2018-12-31": 0, "2017-12-31": 0}, "Net Current Debt": {"2020-09-30": 0, "2020-06-30": 0, "2020-03-31": "", "2019-12-31": 0, "2019-09-30": 0, "2019-06-30": 0, "2019-03-31": "", "2018-12-31": 0, "2017-12-31": 0}, "Debt Issuance/Retirement Net - Total": {"2020-09-30": 0, "2020-06-30": 100, "2020-03-31": "1200.00000", "2019-12-31": 0, "2019-09-30": 0, "2019-06-30": 0, "2019-03-31": "", "2018-12-31": 0, "2017-12-31": 0}, "Net Common Equity Issued/Repurchased": {"2020-09-30": 0, "2020-06-30": 0, "2020-03-31": "", "2019-12-31": 0, "2019-09-30": 0, "2019-06-30": 0, "2019-03-31": "", "2018-12-31": 0, "2017-12-31": 0}, "Net Total Equity Issued/Repurchased": {"2020-09-30": 0, "2020-06-30": 0, "2020-03-31": "", "2019-12-31": 0, "2019-09-30": 0, "2019-06-30": 0, "2019-03-31": "", "2018-12-31": 0, "2017-12-31": 0}, "Total Common And Preferred Stock Dividends Paid": {"2020-09-30": 0, "2020-06-30": 0, "2020-03-31": "", "2019-12-31": 0, "2019-09-30": 0, "2019-06-30": 0, "2019-03-31": "", "2018-12-31": 0, "2017-12-31": 0}, "Financial Activities - Other": {"2020-09-30": 4, "2020-06-30": -743, "2020-03-31": "174.00000", "2019-12-31": -227, "2019-09-30": -78, "2019-06-30": -4, "2019-03-31": "14.00000", "2018-12-31": -672, "2017-12-31": 136}, "Cash Flow From Financial Activities": {"2020-09-30": 4, "2020-06-30": -643, "2020-03-31": "1374.00000", "2019-12-31": -227, "2019-09-30": -78, "2019-06-30": -4, "2019-03-31": "14.00000", "2018-12-31": -672, "2017-12-31": 136}, "Net Cash Flow": {"2020-09-30": 207, "2020-06-30": -633, "2020-03-31": "1156.00000", "2019-12-31": 25, "2019-09-30": 1, "2019-06-30": 0, "2019-03-31": "-35.00000", "2018-12-31": -117, "2017-12-31": 72}, "Stock-Based Compensation": {"2020-09-30": 6, "2020-06-30": 5, "2020-03-31": "7.00000", "2019-12-31": -28, "2019-09-30": 10, "2019-06-30": 12, "2019-03-31": "6.00000", "2018-12-31": 0, "2017-12-31": 0}, "Common Stock Dividends Paid": {"2020-09-30": 0, "2020-06-30": 0, "2020-03-31": "", "2019-12-31": 0, "2019-09-30": 0, "2019-06-30": 0, "2019-03-31": "", "2018-12-31": 0, "2017-12-31": 0}}, "financial ratios": {"Current Ratio": {"2019-12-31": "1.07380", "2018-12-31": "1.05960", "2017-12-31": ""}, "Long-term Debt / Capital": {"2019-12-31": "0.08390", "2018-12-31": "0.08540", "2017-12-31": ""}, "Debt/Equity Ratio": {"2019-12-31": "0.09160", "2018-12-31": "0.09340", "2017-12-31": ""}, "Gross Margin": {"2019-12-31": "13.83810", "2018-12-31": "11.99950", "2017-12-31": "14.03870"}, "Operating Margin": {"2019-12-31": "3.80650", "2018-12-31": "5.02550", "2017-12-31": "1.93430"}, "EBIT Margin": {"2019-12-31": "3.80650", "2018-12-31": "5.02550", "2017-12-31": "1.93430"}, "EBITDA Margin": {"2019-12-31": "7.26950", "2018-12-31": "8.68050", "2017-12-31": "5.83240"}, "Pre-Tax Profit Margin": {"2019-12-31": "2.43230", "2018-12-31": "3.23840", "2017-12-31": "3.67820"}, "Net Profit Margin": {"2019-12-31": "3.09190", "2018-12-31": "2.28430", "2017-12-31": "3.06270"}, "Asset Turnover": {"2019-12-31": "1.53490", "2018-12-31": "1.55200", "2017-12-31": ""}, "Inventory Turnover Ratio": {"2019-12-31": "7.64630", "2018-12-31": "8.00610", "2017-12-31": ""}, "Receiveable Turnover": {"2019-12-31": "13.99420", "2018-12-31": "13.91030", "2017-12-31": ""}, "Days Sales In Receivables": {"2019-12-31": "26.08220", "2018-12-31": "26.23960", "2017-12-31": ""}, "ROE - Return On Equity": {"2019-12-31": "8.24780", "2018-12-31": "6.35040", "2017-12-31": ""}, "Return On Tangible Equity": {"2019-12-31": "9.60720", "2018-12-31": "7.41710", "2017-12-31": ""}, "ROA - Return On Assets": {"2019-12-31": "4.74580", "2018-12-31": "3.54540", "2017-12-31": ""}, "ROI - Return On Investment": {"2019-12-31": "7.55540", "2018-12-31": "5.80800", "2017-12-31": ""}, "Book Value Per Share": {"2019-12-31": "25.02270", "2018-12-31": "", "2017-12-31": ""}, "Operating Cash Flow Per Share": {"2019-12-31": 0, "2018-12-31": 0, "2017-12-31": 0}, "Free Cash Flow Per Share": {"2019-12-31": 0, "2018-12-31": 0, "2017-12-31": 0}}, "financial ratios, quarterly": {"Current Ratio": {"2020-09-30": "2.05630", "2020-06-30": "1.85420", "2020-03-31": "2.27760", "2019-12-31": "1.31020", "2019-09-30": "", "2019-06-30": "", "2019-03-31": "", "2018-12-31": "", "2017-12-31": ""}, "Long-term Debt / Capital": {"2020-09-30": "0.46180", "2020-06-30": "0.52380", "2020-03-31": "0.46600", "2019-12-31": "0.07760", "2019-09-30": "", "2019-06-30": "", "2019-03-31": "", "2018-12-31": "", "2017-12-31": ""}, "Debt/Equity Ratio": {"2020-09-30": "0.85820", "2020-06-30": "1.10000", "2020-03-31": "0.87640", "2019-12-31": "0.08410", "2019-09-30": "", "2019-06-30": "", "2019-03-31": "", "2018-12-31": "", "2017-12-31": ""}, "Gross Margin": {"2020-09-30": "13.92230", "2020-06-30": "11.87870", "2020-03-31": "17.62880", "2019-12-31": "15.80800", "2019-09-30": "13.29640", "2019-06-30": "13.10450", "2019-03-31": "13.30800", "2018-12-31": "", "2017-12-31": ""}, "Operating Margin": {"2020-09-30": "4.52300", "2020-06-30": "-5.64450", "2020-03-31": "9.43510", "2019-12-31": "7.20140", "2019-09-30": "1.21880", "2019-06-30": "2.70410", "2019-03-31": "4.34550", "2018-12-31": "", "2017-12-31": ""}, "EBIT Margin": {"2020-09-30": "4.52300", "2020-06-30": "-5.64450", "2020-03-31": "9.43510", "2019-12-31": "7.20140", "2019-09-30": "1.21880", "2019-06-30": "2.70410", "2019-03-31": "4.34550", "2018-12-31": "", "2017-12-31": ""}, "EBITDA Margin": {"2020-09-30": "", "2020-06-30": "", "2020-03-31": "", "2019-12-31": "", "2019-09-30": "", "2019-06-30": "", "2019-03-31": "", "2018-12-31": "", "2017-12-31": ""}, "Pre-Tax Profit Margin": {"2020-09-30": "1.06010", "2020-06-30": "-10.36230", "2020-03-31": "5.64870", "2019-12-31": "6.14750", "2019-09-30": "-0.38780", "2019-06-30": "0.67600", "2019-03-31": "3.58500", "2018-12-31": "", "2017-12-31": ""}, "Net Profit Margin": {"2020-09-30": "0.35340", "2020-06-30": "-7.75060", "2020-03-31": "3.72440", "2019-12-31": "11.88530", "2019-09-30": "-1.32960", "2019-06-30": "0.26000", "2019-03-31": "2.22710", "2018-12-31": "", "2017-12-31": ""}, "Asset Turnover": {"2020-09-30": "0.23020", "2020-06-30": "0.20700", "2020-03-31": "0.24900", "2019-12-31": "0.33770", "2019-09-30": "", "2019-06-30": "", "2019-03-31": "", "2018-12-31": "", "2017-12-31": ""}, "Inventory Turnover Ratio": {"2020-09-30": "1.35180", "2020-06-30": "1.54280", "2020-03-31": "1.57230", "2019-12-31": "1.26470", "2019-09-30": "", "2019-06-30": "", "2019-03-31": "", "2018-12-31": "", "2017-12-31": ""}, "Receiveable Turnover": {"2020-09-30": "1.86680", "2020-06-30": "1.73790", "2020-03-31": "2.01630", "2019-12-31": "3.28460", "2019-09-30": "", "2019-06-30": "", "2019-03-31": "", "2018-12-31": "", "2017-12-31": ""}, "Days Sales In Receivables": {"2020-09-30": "48.21200", "2020-06-30": "51.78600", "2020-03-31": "44.63690", "2019-12-31": "27.40050", "2019-09-30": "", "2019-06-30": "", "2019-03-31": "", "2018-12-31": "", "2017-12-31": ""}, "ROE - Return On Equity": {"2020-09-30": "0.33600", "2020-06-30": "-7.93100", "2020-03-31": "3.69000", "2019-12-31": "6.82810", "2019-09-30": "", "2019-06-30": "", "2019-03-31": "", "2018-12-31": "", "2017-12-31": ""}, "Return On Tangible Equity": {"2020-09-30": "0.45170", "2020-06-30": "-11.70480", "2020-03-31": "4.79230", "2019-12-31": "7.84690", "2019-09-30": "", "2019-06-30": "", "2019-03-31": "", "2018-12-31": "", "2017-12-31": ""}, "ROA - Return On Assets": {"2020-09-30": "0.08140", "2020-06-30": "-1.60470", "2020-03-31": "0.92750", "2019-12-31": "4.01340", "2019-09-30": "", "2019-06-30": "", "2019-03-31": "", "2018-12-31": "", "2017-12-31": ""}, "ROI - Return On Investment": {"2020-09-30": "0.18080", "2020-06-30": "-3.77670", "2020-03-31": "1.97040", "2019-12-31": "6.29850", "2019-09-30": "", "2019-06-30": "", "2019-03-31": "", "2018-12-31": "", "2017-12-31": ""}, "Book Value Per Share": {"2020-09-30": "13.63320", "2020-06-30": "10.63550", "2020-03-31": "14.91020", "2019-12-31": "27.27000", "2019-09-30": "", "2019-06-30": "", "2019-03-31": "", "2018-12-31": "", "2017-12-31": ""}, "Operating Cash Flow Per Share": {"2020-09-30": 2.5905, "2020-06-30": 0.273, "2020-03-31": "-2.70420", "2019-12-31": -1.3303, "2019-09-30": 1.0826, "2019-06-30": 0.3497, "2019-03-31": "-0.10200", "2018-12-31": 0, "2017-12-31": 0}, "Free Cash Flow Per Share": {"2020-09-30": 1.846, "2020-06-30": 0.0901, "2020-03-31": "-1.98920", "2019-12-31": -0.3303, "2019-09-30": 0.734, "2019-06-30": 0.0504, "2019-03-31": "-0.45410", "2018-12-31": 0, "2017-12-31": 0}}, "revenue": {"Arconic Annual Revenue (Millions of US $)": {"2019": "$7,277", "2018": "$7,442", "2017": "$6,824"}, "Arconic Quarterly Revenue (Millions of US $)": {"2020-09-30": "$1,415", "2020-06-30": "$1,187", "2020-03-31": "$1,611", "2019-12-31": "$1,708", "2019-09-30": "$1,805", "2019-06-30": "$1,923", "2019-03-31": "$1,841", "2018-12-31": "", "2017-12-31": ""}}, "gross-profit": {"Arconic Annual Gross Profit (Millions of US $)": {"2019": "$1,007", "2018": "$893", "2017": "$958"}, "Arconic Quarterly Gross Profit (Millions of US $)": {"2020-09-30": "$197", "2020-06-30": "$141", "2020-03-31": "$284", "2019-12-31": "$270", "2019-09-30": "$240", "2019-06-30": "$252", "2019-03-31": "$245", "2018-12-31": "", "2017-12-31": ""}}, "operating-income": {"Arconic Annual Operating Income (Millions of US $)": {"2019": "$277", "2018": "$374", "2017": "$132"}, "Arconic Quarterly Operating Income (Millions of US $)": {"2020-09-30": "$64", "2020-06-30": "$-67", "2020-03-31": "$152", "2019-12-31": "$123", "2019-09-30": "$22", "2019-06-30": "$52", "2019-03-31": "$80", "2018-12-31": "", "2017-12-31": ""}}, "ebitda": {"Arconic Annual EBITDA (Millions of US $)": {"2019": "$529", "2018": "$646", "2017": "$398"}, "Arconic Quarterly EBITDA (Millions of US $)": {"2020-09-30": "$129", "2020-06-30": "$22", "2020-03-31": "$212", "2019-12-31": "$185", "2019-09-30": "$85", "2019-06-30": "$116", "2019-03-31": "$143", "2018-12-31": "", "2017-12-31": ""}}, "net-income": {"Arconic Annual Net Income (Millions of US $)": {"2019": "$225", "2018": "$170", "2017": "$209"}, "Arconic Quarterly Net Income (Millions of US $)": {"2020-09-30": "$5", "2020-06-30": "$-92", "2020-03-31": "$60", "2019-12-31": "$203", "2019-09-30": "$-24", "2019-06-30": "$5", "2019-03-31": "$41", "2018-12-31": "", "2017-12-31": ""}}, "eps-earnings-per-share-diluted": {"Arconic Annual EPS": {"2019": "$0.00", "2018": "$0.00", "2017": "$0.00"}, "Arconic Quarterly EPS": {"2020-09-30": "$0.05", "2020-06-30": "$-0.84", "2020-03-31": "$0.55", "2019-12-31": "$0.00", "2019-09-30": "$-0.22", "2019-06-30": "$0.04", "2019-03-31": "$0.38", "2018-12-31": "$0.00", "2017-12-31": "$0.00"}}, "shares-outstanding": {"Arconic Annual Shares Outstanding (Millions of Shares)": {"2019": "", "2018": "", "2017": ""}, "Arconic Quarterly Shares Outstanding (Millions of Shares)": {"2020-09-30": "113", "2020-06-30": "109", "2020-03-31": "109", "2019-12-31": "", "2019-09-30": "109", "2019-06-30": "109", "2019-03-31": "108", "2018-12-31": "", "2017-12-31": ""}}, "total-assets": {"Arconic Annual Total Assets (Millions of US $)": {"2019": "$4,741", "2018": "$4,795", "2017": "$0"}, "Arconic Quarterly Total Assets (Millions of US $)": {"2020-09-30": "$6,146", "2020-06-30": "$5,733", "2020-03-31": "$6,469", "2019-12-31": "$5,058", "2019-09-30": "$0", "2019-06-30": "$0", "2019-03-31": "$0", "2018-12-31": "$4,795", "2017-12-31": "$0"}}, "cash-on-hand": {"Arconic Annual Cash on Hand (Millions of US $)": {"2019": "$72", "2018": "$81", "2017": "$"}, "Arconic Quarterly Cash on Hand (Millions of US $)": {"2020-09-30": "$802", "2020-06-30": "$595", "2020-03-31": "$1,228", "2019-12-31": "$72", "2019-09-30": "", "2019-06-30": "", "2019-03-31": "", "2018-12-31": "$81", "2017-12-31": ""}}, "long-term-debt": {"Arconic Annual Long Term Debt (Millions of US $)": {"2019": "$250", "2018": "$250", "2017": "$"}, "Arconic Quarterly Long Term Debt (Millions of US $)": {"2020-09-30": "$1,277", "2020-06-30": "$1,276", "2020-03-31": "$1,419", "2019-12-31": "$250", "2019-09-30": "", "2019-06-30": "", "2019-03-31": "", "2018-12-31": "$250", "2017-12-31": ""}}, "total-liabilities": {"Arconic Annual Total Liabilities (Millions of US $)": {"2019": "$2,013", "2018": "$2,118", "2017": "$0"}, "Arconic Quarterly Total Liabilities (Millions of US $)": {"2020-09-30": "$4,658", "2020-06-30": "$4,573", "2020-03-31": "$4,843", "2019-12-31": "$2,085", "2019-09-30": "$0", "2019-06-30": "$0", "2019-03-31": "$0", "2018-12-31": "$2,118", "2017-12-31": "$0"}}, "total-share-holder-equity": {"Arconic Annual Share Holder Equity (Millions of US $)": {"2019": "$2,728", "2018": "$2,677", "2017": "$0"}, "Arconic Quarterly Share Holder Equity (Millions of US $)": {"2020-09-30": "$1,488", "2020-06-30": "$1,160", "2020-03-31": "$1,626", "2019-12-31": "$2,973", "2019-09-30": "$0", "2019-06-30": "$0", "2019-03-31": "$0", "2018-12-31": "$2,677", "2017-12-31": "$0"}}, "profit-margins": {"current": "2.97%"}, "gross margin": {"2020-09-30": "15.07%", "2020-06-30": "14.82%", "2020-03-31": "14.84%", "2019-12-31": "13.84%"}, "operating margin": {"2020-09-30": "4.59%", "2020-06-30": "3.64%", "2020-03-31": "4.95%", "2019-12-31": "3.81%"}, "ebitda margin": {"2020-09-30": "9.26%", "2020-06-30": "7.99%", "2020-03-31": "8.49%", "2019-12-31": "7.27%"}, "pre tax profit margin": {"2020-09-30": "1.49%", "2020-06-30": "1.05%", "2020-03-31": "2.87%", "2019-12-31": "2.43%"}, "net profit margin": {"2020-09-30": "2.97%", "2020-06-30": "2.33%", "2020-03-31": "3.46%", "2019-12-31": "3.09%"}, "pe ratio": {"current": "0.00", "2021-02-05": "inf"}, "price sales": {"2021-02-05": "inf"}, "price book": {"current": "1.92", "2021-02-05": "1.92", "2020-09-30": "1.40", "2020-06-30": "1.31"}, "price fcf": {"2021-02-05": ""}, "net worth": {"value": "$2.86B"}, "current ratio": {"2020-09-30": "2.06", "2020-06-30": "1.85", "2020-03-31": "2.28", "2019-12-31": "1.31", "2019-09-30": "0.00", "2019-06-30": "0.00", "2019-03-31": "0.00", "2018-12-31": "1.06", "2017-12-31": "0.00"}, "quick ratio": {"2020-09-30": "1.32", "2020-06-30": "1.23", "2020-03-31": "1.62", "2019-12-31": "0.46", "2019-09-30": "0.00", "2019-06-30": "0.00", "2019-03-31": "0.00", "2018-12-31": "0.47", "2017-12-31": "0.00"}, "debt equity ratio": {"current": "0.86", "2020-09-30": "3.13", "2020-06-30": "3.94", "2020-03-31": "2.98", "2019-12-31": "0.70", "2019-09-30": "0.00", "2019-06-30": "0.00", "2019-03-31": "0.00", "2018-12-31": "0.79", "2017-12-31": "0.00"}, "return on equity": {"2020-09-30": "9.71%", "2020-06-30": "10.21%", "2020-03-31": "21.22%", "2019-12-31": "30.27%"}, "return on assets": {"2020-09-30": "3.01%", "2020-06-30": "3.41%", "2020-03-31": "8.47%", "2019-12-31": "17.79%"}, "return on investments": {"2020-09-30": "9.49%", "2020-06-30": "10.57%", "2020-03-31": "22.27%", "2019-12-31": "34.38%"}, "return on tangible equity": {"2020-09-30": "12.28%", "2020-06-30": "12.71%", "2020-03-31": "25.42%", "2019-12-31": "34.79%"}, "dividend yield history": {"last payout": "$0.00", "last yield": "0.00%"}}