{"ticker": "ARD", "price": {"title": "Ardagh Group S.A Historical Annual Stock Price Data", "value": 18.58, "historical": {"2020": {"Average Stock Price": "15.2606", "Year Open": "19.4800", "Year High": "21.0700", "Year Low": "9.4900", "Year Close": "17.2100", "Annual % Change": "-12.10%"}, "2019": {"Average Stock Price": "15.6675", "Year Open": "10.6100", "Year High": "20.0000", "Year Low": "10.2400", "Year Close": "19.5800", "Annual % Change": "76.71%"}, "2018": {"Average Stock Price": "16.7502", "Year Open": "21.0400", "Year High": "21.1400", "Year Low": "10.4600", "Year Close": "11.0800", "Annual % Change": "-47.49%"}, "2017": {"Average Stock Price": "21.4227", "Year Open": "22.9100", "Year High": "23.9900", "Year Low": "19.6300", "Year Close": "21.1000", "Annual % Change": "0.00%"}}}, "market cap": {"value": "$0.35B"}, "income statement": {"Revenue": {"2019-12-31": "6660.00000", "2018-12-31": "6676.00000", "2017-12-31": "8596.00000", "2016-12-31": "7021.48500"}, "Cost Of Goods Sold": {"2019-12-31": "5597.00000", "2018-12-31": "5731.00000", "2017-12-31": "7210.00000", "2016-12-31": "5776.54100"}, "Gross Profit": {"2019-12-31": "1063.00000", "2018-12-31": "945.00000", "2017-12-31": "1386.00000", "2016-12-31": "1244.94400"}, "Research And Development Expenses": {"2019-12-31": "", "2018-12-31": "", "2017-12-31": "", "2016-12-31": ""}, "SG&A Expenses": {"2019-12-31": "362.00000", "2018-12-31": "317.00000", "2017-12-31": "450.00000", "2016-12-31": "460.35270"}, "Other Operating Income Or Expenses": {"2019-12-31": "", "2018-12-31": "", "2017-12-31": "", "2016-12-31": ""}, "Operating Expenses": {"2019-12-31": "6192.00000", "2018-12-31": "6471.00000", "2017-12-31": "7924.00000", "2016-12-31": "6428.33800"}, "Operating Income": {"2019-12-31": "468.00000", "2018-12-31": "205.00000", "2017-12-31": "672.00000", "2016-12-31": "593.14700"}, "Total Non-Operating Income/Expense": {"2019-12-31": "-708.00000", "2018-12-31": "-479.00000", "2017-12-31": "-649.00000", "2016-12-31": "-594.25340"}, "Pre-Tax Income": {"2019-12-31": "-240.00000", "2018-12-31": "-274.00000", "2017-12-31": "23.00000", "2016-12-31": "-1.10660"}, "Income Taxes": {"2019-12-31": "44.00000", "2018-12-31": "18.00000", "2017-12-31": "-40.00000", "2016-12-31": "59.75730"}, "Income After Taxes": {"2019-12-31": "-284.00000", "2018-12-31": "-292.00000", "2017-12-31": "63.00000", "2016-12-31": "-60.86390"}, "Other Income": {"2019-12-31": "", "2018-12-31": "", "2017-12-31": "", "2016-12-31": ""}, "Income From Continuous Operations": {"2019-12-31": "-284.00000", "2018-12-31": "-292.00000", "2017-12-31": "63.00000", "2016-12-31": "-60.86390"}, "Income From Discontinued Operations": {"2019-12-31": "1742.00000", "2018-12-31": "198.00000", "2017-12-31": "", "2016-12-31": ""}, "Net Income": {"2019-12-31": "1458.00000", "2018-12-31": "-94.00000", "2017-12-31": "63.00000", "2016-12-31": "-60.86390"}, "EBITDA": {"2019-12-31": "1120.00000", "2018-12-31": "804.00000", "2017-12-31": "1359.00000", "2016-12-31": "593.14700"}, "EBIT": {"2019-12-31": "468.00000", "2018-12-31": "205.00000", "2017-12-31": "672.00000", "2016-12-31": "593.14700"}, "Basic Shares Outstanding": {"2019-12-31": "236.40000", "2018-12-31": "236.30000", "2017-12-31": "229.60000", "2016-12-31": "10.30660"}, "Shares Outstanding": {"2019-12-31": "236.40000", "2018-12-31": "236.30000", "2017-12-31": "229.60000", "2016-12-31": "10.30660"}, "Basic EPS": {"2019-12-31": "6.17000", "2018-12-31": "-0.40000", "2017-12-31": "0.27000", "2016-12-31": "-5.91000"}, "EPS - Earnings Per Share": {"2019-12-31": "6.17000", "2018-12-31": "-0.40000", "2017-12-31": "0.27000", "2016-12-31": "-5.91000"}}, "income statement, quarterly": {"Revenue": {"2020-09-30": "1800.00000", "2020-06-30": "1606.00000", "2020-03-31": "1622.00000", "2019-12-31": "1581.00000", "2019-09-30": "1728.00000", "2019-06-30": "1712.00000", "2019-03-31": "1639.00000", "2018-12-31": "397.00000", "2018-09-30": "1708.00000", "2018-06-30": "2347.00000", "2018-03-31": "2224.00000", "2017-12-31": "2106.90500", "2017-09-30": "2319.00000", "2017-06-30": "2212.00000", "2017-03-31": "1960.00000", "2016-12-31": ""}, "Cost Of Goods Sold": {"2020-09-30": "1502.00000", "2020-06-30": "1373.00000", "2020-03-31": "1360.00000", "2019-12-31": "1351.00000", "2019-09-30": "1435.00000", "2019-06-30": "1416.00000", "2019-03-31": "1395.00000", "2018-12-31": "354.00000", "2018-09-30": "1472.00000", "2018-06-30": "1985.00000", "2018-03-31": "1920.00000", "2017-12-31": "1871.00000", "2017-09-30": "1904.00000", "2017-06-30": "1804.00000", "2017-03-31": "1631.00000", "2016-12-31": ""}, "Gross Profit": {"2020-09-30": "298.00000", "2020-06-30": "233.00000", "2020-03-31": "262.00000", "2019-12-31": "230.00000", "2019-09-30": "293.00000", "2019-06-30": "296.00000", "2019-03-31": "244.00000", "2018-12-31": "43.00000", "2018-09-30": "236.00000", "2018-06-30": "362.00000", "2018-03-31": "304.00000", "2017-12-31": "235.90500", "2017-09-30": "415.00000", "2017-06-30": "408.00000", "2017-03-31": "329.00000", "2016-12-31": ""}, "Research And Development Expenses": {"2020-09-30": "", "2020-06-30": "", "2020-03-31": "", "2019-12-31": "", "2019-09-30": "", "2019-06-30": "", "2019-03-31": "", "2018-12-31": "", "2018-09-30": "", "2018-06-30": "", "2018-03-31": "", "2017-12-31": "0.00000", "2017-09-30": "", "2017-06-30": "", "2017-03-31": "", "2016-12-31": ""}, "SG&A Expenses": {"2020-09-30": "93.00000", "2020-06-30": "78.00000", "2020-03-31": "101.00000", "2019-12-31": "86.00000", "2019-09-30": "108.00000", "2019-06-30": "85.00000", "2019-03-31": "83.00000", "2018-12-31": "21.00000", "2018-09-30": "69.00000", "2018-06-30": "103.00000", "2018-03-31": "124.00000", "2017-12-31": "113.00000", "2017-09-30": "106.00000", "2017-06-30": "111.00000", "2017-03-31": "120.00000", "2016-12-31": ""}, "Other Operating Income Or Expenses": {"2020-09-30": "", "2020-06-30": "", "2020-03-31": "", "2019-12-31": "", "2019-09-30": "", "2019-06-30": "", "2019-03-31": "", "2018-12-31": "", "2018-09-30": "", "2018-06-30": "", "2018-03-31": "", "2017-12-31": "", "2017-09-30": "", "2017-06-30": "", "2017-03-31": "", "2016-12-31": ""}, "Operating Expenses": {"2020-09-30": "1654.00000", "2020-06-30": "1509.00000", "2020-03-31": "1519.00000", "2019-12-31": "1494.00000", "2019-09-30": "1602.00000", "2019-06-30": "1560.00000", "2019-03-31": "1536.00000", "2018-12-31": "605.00000", "2018-09-30": "1600.00000", "2018-06-30": "2155.00000", "2018-03-31": "2111.00000", "2017-12-31": "2051.00000", "2017-09-30": "2075.00000", "2017-06-30": "1980.00000", "2017-03-31": "1818.00000", "2016-12-31": ""}, "Operating Income": {"2020-09-30": "146.00000", "2020-06-30": "97.00000", "2020-03-31": "103.00000", "2019-12-31": "87.00000", "2019-09-30": "126.00000", "2019-06-30": "152.00000", "2019-03-31": "103.00000", "2018-12-31": "-208.00000", "2018-09-30": "108.00000", "2018-06-30": "192.00000", "2018-03-31": "113.00000", "2017-12-31": "55.90500", "2017-09-30": "244.00000", "2017-06-30": "232.00000", "2017-03-31": "142.00000", "2016-12-31": ""}, "Total Non-Operating Income/Expense": {"2020-09-30": "-80.00000", "2020-06-30": "-162.00000", "2020-03-31": "-37.00000", "2019-12-31": "-241.00000", "2019-09-30": "-227.00000", "2019-06-30": "-108.00000", "2019-03-31": "-132.00000", "2018-12-31": "-104.00000", "2018-09-30": "-146.00000", "2018-06-30": "-103.00000", "2018-03-31": "-126.00000", "2017-12-31": "-131.00000", "2017-09-30": "-138.00000", "2017-06-30": "-165.00000", "2017-03-31": "-215.00000", "2016-12-31": ""}, "Pre-Tax Income": {"2020-09-30": "66.00000", "2020-06-30": "-65.00000", "2020-03-31": "66.00000", "2019-12-31": "-154.00000", "2019-09-30": "-101.00000", "2019-06-30": "44.00000", "2019-03-31": "-29.00000", "2018-12-31": "-312.00000", "2018-09-30": "-38.00000", "2018-06-30": "89.00000", "2018-03-31": "-13.00000", "2017-12-31": "-77.00000", "2017-09-30": "106.00000", "2017-06-30": "67.00000", "2017-03-31": "-73.00000", "2016-12-31": ""}, "Income Taxes": {"2020-09-30": "23.00000", "2020-06-30": "-6.00000", "2020-03-31": "10.00000", "2019-12-31": "49.00000", "2019-09-30": "-4.00000", "2019-06-30": "7.00000", "2019-03-31": "-8.00000", "2018-12-31": "-16.00000", "2018-09-30": "1.00000", "2018-06-30": "31.00000", "2018-03-31": "2.00000", "2017-12-31": "-110.00000", "2017-09-30": "45.00000", "2017-06-30": "34.00000", "2017-03-31": "-9.00000", "2016-12-31": ""}, "Income After Taxes": {"2020-09-30": "43.00000", "2020-06-30": "-59.00000", "2020-03-31": "56.00000", "2019-12-31": "-203.00000", "2019-09-30": "-97.00000", "2019-06-30": "37.00000", "2019-03-31": "-21.00000", "2018-12-31": "-296.00000", "2018-09-30": "-39.00000", "2018-06-30": "58.00000", "2018-03-31": "-15.00000", "2017-12-31": "33.00000", "2017-09-30": "61.00000", "2017-06-30": "33.00000", "2017-03-31": "-64.00000", "2016-12-31": ""}, "Other Income": {"2020-09-30": "", "2020-06-30": "", "2020-03-31": "", "2019-12-31": "", "2019-09-30": "", "2019-06-30": "", "2019-03-31": "", "2018-12-31": "", "2018-09-30": "", "2018-06-30": "", "2018-03-31": "", "2017-12-31": "0.00000", "2017-09-30": "", "2017-06-30": "", "2017-03-31": "", "2016-12-31": ""}, "Income From Continuous Operations": {"2020-09-30": "43.00000", "2020-06-30": "-59.00000", "2020-03-31": "56.00000", "2019-12-31": "-203.00000", "2019-09-30": "-97.00000", "2019-06-30": "37.00000", "2019-03-31": "-21.00000", "2018-12-31": "-296.00000", "2018-09-30": "-39.00000", "2018-06-30": "58.00000", "2018-03-31": "-15.00000", "2017-12-31": "35.33100", "2017-09-30": "61.00000", "2017-06-30": "33.00000", "2017-03-31": "-64.00000", "2016-12-31": ""}, "Income From Discontinued Operations": {"2020-09-30": "", "2020-06-30": "-5.00000", "2020-03-31": "27.00000", "2019-12-31": "1608.00000", "2019-09-30": "68.00000", "2019-06-30": "32.00000", "2019-03-31": "34.00000", "2018-12-31": "152.00000", "2018-09-30": "46.00000", "2018-06-30": "", "2018-03-31": "", "2017-12-31": "0.00000", "2017-09-30": "", "2017-06-30": "", "2017-03-31": "", "2016-12-31": ""}, "Net Income": {"2020-09-30": "43.00000", "2020-06-30": "-64.00000", "2020-03-31": "83.00000", "2019-12-31": "1405.00000", "2019-09-30": "-29.00000", "2019-06-30": "69.00000", "2019-03-31": "13.00000", "2018-12-31": "-144.00000", "2018-09-30": "7.00000", "2018-06-30": "58.00000", "2018-03-31": "-15.00000", "2017-12-31": "35.33100", "2017-09-30": "61.00000", "2017-06-30": "33.00000", "2017-03-31": "-64.00000", "2016-12-31": ""}, "EBITDA": {"2020-09-30": "319.00000", "2020-06-30": "266.00000", "2020-03-31": "270.00000", "2019-12-31": "254.00000", "2019-09-30": "287.00000", "2019-06-30": "314.00000", "2019-03-31": "265.00000", "2018-12-31": "-59.00000", "2018-09-30": "198.00000", "2018-06-30": "371.00000", "2018-03-31": "294.00000", "2017-12-31": "238.51800", "2017-09-30": "421.00000", "2017-06-30": "401.00000", "2017-03-31": "304.00000", "2016-12-31": ""}, "EBIT": {"2020-09-30": "146.00000", "2020-06-30": "97.00000", "2020-03-31": "103.00000", "2019-12-31": "87.00000", "2019-09-30": "126.00000", "2019-06-30": "152.00000", "2019-03-31": "103.00000", "2018-12-31": "-208.00000", "2018-09-30": "108.00000", "2018-06-30": "192.00000", "2018-03-31": "113.00000", "2017-12-31": "55.90500", "2017-09-30": "244.00000", "2017-06-30": "232.00000", "2017-03-31": "142.00000", "2016-12-31": ""}, "Basic Shares Outstanding": {"2020-09-30": "236.40000", "2020-06-30": "236.40000", "2020-03-31": "236.40000", "2019-12-31": "236.40000", "2019-09-30": "236.40000", "2019-06-30": "236.40000", "2019-03-31": "236.30000", "2018-12-31": "236.30000", "2018-09-30": "236.35000", "2018-06-30": "236.35000", "2018-03-31": "236.30000", "2017-12-31": "230.76900", "2017-09-30": "236.30000", "2017-06-30": "236.30000", "2017-03-31": "208.70000", "2016-12-31": ""}, "Shares Outstanding": {"2020-09-30": "236.40000", "2020-06-30": "236.40000", "2020-03-31": "236.40000", "2019-12-31": "236.40000", "2019-09-30": "236.40000", "2019-06-30": "236.40000", "2019-03-31": "236.30000", "2018-12-31": "236.30000", "2018-09-30": "236.35000", "2018-06-30": "236.35000", "2018-03-31": "236.30000", "2017-12-31": "230.76900", "2017-09-30": "236.30000", "2017-06-30": "236.30000", "2017-03-31": "208.70000", "2016-12-31": ""}, "Basic EPS": {"2020-09-30": "0.18000", "2020-06-30": "-0.27000", "2020-03-31": "0.35000", "2019-12-31": "5.94000", "2019-09-30": "-0.12000", "2019-06-30": "0.29000", "2019-03-31": "0.06000", "2018-12-31": "-0.62000", "2018-09-30": "0.03000", "2018-06-30": "0.25000", "2018-03-31": "-0.06000", "2017-12-31": "0.15000", "2017-09-30": "0.26000", "2017-06-30": "0.14000", "2017-03-31": "-0.31000", "2016-12-31": ""}, "EPS - Earnings Per Share": {"2020-09-30": "0.18000", "2020-06-30": "-0.27000", "2020-03-31": "0.35000", "2019-12-31": "6.23000", "2019-09-30": "-0.41000", "2019-06-30": "0.29000", "2019-03-31": "0.06000", "2018-12-31": "-0.62000", "2018-09-30": "0.03000", "2018-06-30": "0.25000", "2018-03-31": "-0.06000", "2017-12-31": "0.15000", "2017-09-30": "0.26000", "2017-06-30": "0.14000", "2017-03-31": "-0.31000", "2016-12-31": "0.00000"}}, "balance sheet": {"Cash On Hand": {"2019-12-31": "617.00000", "2018-12-31": "539.00000", "2017-12-31": "800.00000", "2016-12-31": "866.48110"}, "Receivables": {"2019-12-31": "734.00000", "2018-12-31": "1053.00000", "2017-12-31": "1274.00000", "2016-12-31": "1256.01000"}, "Inventory": {"2019-12-31": "964.00000", "2018-12-31": "1284.00000", "2017-12-31": "1353.00000", "2016-12-31": "1246.05100"}, "Pre-Paid Expenses": {"2019-12-31": "", "2018-12-31": "", "2017-12-31": "", "2016-12-31": ""}, "Other Current Assets": {"2019-12-31": "151.00000", "2018-12-31": "160.00000", "2017-12-31": "", "2016-12-31": ""}, "Total Current Assets": {"2019-12-31": "2466.00000", "2018-12-31": "3036.00000", "2017-12-31": "3427.00000", "2016-12-31": "3368.54200"}, "Property, Plant, And Equipment": {"2019-12-31": "2677.00000", "2018-12-31": "3388.00000", "2017-12-31": "3368.00000", "2016-12-31": "3236.85500"}, "Long-Term Investments": {"2019-12-31": "379.00000", "2018-12-31": "11.00000", "2017-12-31": "7.00000", "2016-12-31": "137.22050"}, "Goodwill And Intangible Assets": {"2019-12-31": "2884.00000", "2018-12-31": "3601.00000", "2017-12-31": "4104.00000", "2016-12-31": "4303.63300"}, "Other Long-Term Assets": {"2019-12-31": "68.00000", "2018-12-31": "24.00000", "2017-12-31": "25.00000", "2016-12-31": "22.13230"}, "Total Long-Term Assets": {"2019-12-31": "6212.00000", "2018-12-31": "7278.00000", "2017-12-31": "7725.00000", "2016-12-31": "7986.45500"}, "Total Assets": {"2019-12-31": "8678.00000", "2018-12-31": "10314.00000", "2017-12-31": "11152.00000", "2016-12-31": "11355.00000"}, "Total Current Liabilities": {"2019-12-31": "1945.00000", "2018-12-31": "2417.00000", "2017-12-31": "2295.00000", "2016-12-31": "2041.70800"}, "Long Term Debt": {"2019-12-31": "5815.00000", "2018-12-31": "7761.00000", "2017-12-31": "8306.00000", "2016-12-31": "9010.07500"}, "Other Non-Current Liabilities": {"2019-12-31": "789.00000", "2018-12-31": "1102.00000", "2017-12-31": "1342.00000", "2016-12-31": "1807.10600"}, "Total Long Term Liabilities": {"2019-12-31": "6948.00000", "2018-12-31": "9406.00000", "2017-12-31": "10231.00000", "2016-12-31": "11588.49000"}, "Total Liabilities": {"2019-12-31": "8893.00000", "2018-12-31": "11823.00000", "2017-12-31": "12526.00000", "2016-12-31": "13630.20000"}, "Common Stock Net": {"2019-12-31": "508.00000", "2018-12-31": "508.00000", "2017-12-31": "508.00000", "2016-12-31": "476.95190"}, "Retained Earnings (Accumulated Deficit)": {"2019-12-31": "-2181.00000", "2018-12-31": "-3355.00000", "2017-12-31": "-3152.00000", "2016-12-31": "-2546.32600"}, "Comprehensive Income": {"2019-12-31": "", "2018-12-31": "", "2017-12-31": "", "2016-12-31": ""}, "Other Share Holders Equity": {"2019-12-31": "165.00000", "2018-12-31": "45.00000", "2017-12-31": "-21.00000", "2016-12-31": "-358.54390"}, "Share Holder Equity": {"2019-12-31": "-215.00000", "2018-12-31": "-1509.00000", "2017-12-31": "-1374.00000", "2016-12-31": "-2275.20500"}, "Total Liabilities And Share Holders Equity": {"2019-12-31": "8678.00000", "2018-12-31": "10314.00000", "2017-12-31": "11152.00000", "2016-12-31": "11355.00000"}}, "balance sheet, quarterly": {"Cash On Hand": {"2020-09-30": "1244.00000", "2020-06-30": "1454.00000", "2020-03-31": "964.00000", "2019-12-31": "617.00000", "2019-09-30": "540.00000", "2019-06-30": "389.00000", "2019-03-31": "428.00000", "2018-12-31": "539.00000", "2018-09-30": "418.00000", "2018-06-30": "652.00000", "2018-03-31": "707.00000", "2017-12-31": "800.00000", "2017-09-30": "", "2017-06-30": "", "2017-03-31": "", "2016-12-31": "866.48100"}, "Receivables": {"2020-09-30": "910.00000", "2020-06-30": "869.00000", "2020-03-31": "907.00000", "2019-12-31": "734.00000", "2019-09-30": "867.00000", "2019-06-30": "1238.00000", "2019-03-31": "1200.00000", "2018-12-31": "1053.00000", "2018-09-30": "1506.00000", "2018-06-30": "1636.00000", "2018-03-31": "1448.00000", "2017-12-31": "1274.00000", "2017-09-30": "", "2017-06-30": "", "2017-03-31": "", "2016-12-31": "1256.01000"}, "Inventory": {"2020-09-30": "933.00000", "2020-06-30": "995.00000", "2020-03-31": "1010.00000", "2019-12-31": "964.00000", "2019-09-30": "889.00000", "2019-06-30": "1382.00000", "2019-03-31": "1381.00000", "2018-12-31": "1284.00000", "2018-09-30": "1268.00000", "2018-06-30": "1340.00000", "2018-03-31": "1335.00000", "2017-12-31": "1353.00000", "2017-09-30": "", "2017-06-30": "", "2017-03-31": "", "2016-12-31": "1246.05100"}, "Pre-Paid Expenses": {"2020-09-30": "", "2020-06-30": "", "2020-03-31": "", "2019-12-31": "", "2019-09-30": "", "2019-06-30": "", "2019-03-31": "", "2018-12-31": "", "2018-09-30": "", "2018-06-30": "", "2018-03-31": "", "2017-12-31": "", "2017-09-30": "", "2017-06-30": "", "2017-03-31": "", "2016-12-31": ""}, "Other Current Assets": {"2020-09-30": "116.00000", "2020-06-30": "154.00000", "2020-03-31": "176.00000", "2019-12-31": "151.00000", "2019-09-30": "149.00000", "2019-06-30": "192.00000", "2019-03-31": "193.00000", "2018-12-31": "160.00000", "2018-09-30": "151.00000", "2018-06-30": "", "2018-03-31": "", "2017-12-31": "", "2017-09-30": "", "2017-06-30": "", "2017-03-31": "", "2016-12-31": ""}, "Total Current Assets": {"2020-09-30": "3203.00000", "2020-06-30": "3472.00000", "2020-03-31": "3057.00000", "2019-12-31": "2466.00000", "2019-09-30": "2445.00000", "2019-06-30": "3201.00000", "2019-03-31": "3202.00000", "2018-12-31": "3036.00000", "2018-09-30": "3343.00000", "2018-06-30": "3628.00000", "2018-03-31": "3490.00000", "2017-12-31": "3427.00000", "2017-09-30": "", "2017-06-30": "", "2017-03-31": "", "2016-12-31": "3368.54200"}, "Property, Plant, And Equipment": {"2020-09-30": "2736.00000", "2020-06-30": "2645.00000", "2020-03-31": "2621.00000", "2019-12-31": "2677.00000", "2019-09-30": "2546.00000", "2019-06-30": "3805.00000", "2019-03-31": "3728.00000", "2018-12-31": "3388.00000", "2018-09-30": "3311.00000", "2018-06-30": "3336.00000", "2018-03-31": "3499.00000", "2017-12-31": "3368.00000", "2017-09-30": "", "2017-06-30": "", "2017-03-31": "", "2016-12-31": ""}, "Long-Term Investments": {"2020-09-30": "408.00000", "2020-06-30": "418.00000", "2020-03-31": "444.00000", "2019-12-31": "379.00000", "2019-09-30": "30.00000", "2019-06-30": "19.00000", "2019-03-31": "18.00000", "2018-12-31": "11.00000", "2018-09-30": "3.00000", "2018-06-30": "4.00000", "2018-03-31": "6.00000", "2017-12-31": "7.00000", "2017-09-30": "", "2017-06-30": "", "2017-03-31": "", "2016-12-31": "137.22100"}, "Goodwill And Intangible Assets": {"2020-09-30": "2758.00000", "2020-06-30": "2760.00000", "2020-03-31": "2793.00000", "2019-12-31": "2884.00000", "2019-09-30": "2894.00000", "2019-06-30": "3475.00000", "2019-03-31": "3518.00000", "2018-12-31": "3601.00000", "2018-09-30": "3863.00000", "2018-06-30": "3928.00000", "2018-03-31": "4104.00000", "2017-12-31": "4104.00000", "2017-09-30": "0.00000", "2017-06-30": "0.00000", "2017-03-31": "0.00000", "2016-12-31": "4303.63300"}, "Other Long-Term Assets": {"2020-09-30": "69.00000", "2020-06-30": "66.00000", "2020-03-31": "67.00000", "2019-12-31": "68.00000", "2019-09-30": "66.00000", "2019-06-30": "73.00000", "2019-03-31": "24.00000", "2018-12-31": "24.00000", "2018-09-30": "24.00000", "2018-06-30": "24.00000", "2018-03-31": "25.00000", "2017-12-31": "25.00000", "2017-09-30": "", "2017-06-30": "", "2017-03-31": "", "2016-12-31": "22.13200"}, "Total Long-Term Assets": {"2020-09-30": "6210.00000", "2020-06-30": "6137.00000", "2020-03-31": "6148.00000", "2019-12-31": "6212.00000", "2019-09-30": "8221.00000", "2019-06-30": "7634.00000", "2019-03-31": "7562.00000", "2018-12-31": "7278.00000", "2018-09-30": "7410.00000", "2018-06-30": "7494.00000", "2018-03-31": "7846.00000", "2017-12-31": "7725.00000", "2017-09-30": "", "2017-06-30": "", "2017-03-31": "", "2016-12-31": "4749.60000"}, "Total Assets": {"2020-09-30": "9413.00000", "2020-06-30": "9609.00000", "2020-03-31": "9205.00000", "2019-12-31": "8678.00000", "2019-09-30": "10666.00000", "2019-06-30": "10835.00000", "2019-03-31": "10764.00000", "2018-12-31": "10314.00000", "2018-09-30": "10753.00000", "2018-06-30": "11122.00000", "2018-03-31": "11336.00000", "2017-12-31": "11152.00000", "2017-09-30": "0.00000", "2017-06-30": "0.00000", "2017-03-31": "0.00000", "2016-12-31": "11355.00000"}, "Total Current Liabilities": {"2020-09-30": "1850.00000", "2020-06-30": "2181.00000", "2020-03-31": "2192.00000", "2019-12-31": "1945.00000", "2019-09-30": "1973.00000", "2019-06-30": "2678.00000", "2019-03-31": "2643.00000", "2018-12-31": "2417.00000", "2018-09-30": "2617.00000", "2018-06-30": "2506.00000", "2018-03-31": "2429.00000", "2017-12-31": "2295.00000", "2017-09-30": "", "2017-06-30": "", "2017-03-31": "", "2016-12-31": "2041.70800"}, "Long Term Debt": {"2020-09-30": "6652.00000", "2020-06-30": "6573.00000", "2020-03-31": "6059.00000", "2019-12-31": "5815.00000", "2019-09-30": "8036.00000", "2019-06-30": "8110.00000", "2019-03-31": "8069.00000", "2018-12-31": "7761.00000", "2018-09-30": "7779.00000", "2018-06-30": "8240.00000", "2018-03-31": "8407.00000", "2017-12-31": "8306.00000", "2017-09-30": "", "2017-06-30": "", "2017-03-31": "", "2016-12-31": "9010.07500"}, "Other Non-Current Liabilities": {"2020-09-30": "950.00000", "2020-06-30": "903.00000", "2020-03-31": "769.00000", "2019-12-31": "789.00000", "2019-09-30": "766.00000", "2019-06-30": "1093.00000", "2019-03-31": "1092.00000", "2018-12-31": "1102.00000", "2018-09-30": "1081.00000", "2018-06-30": "1101.00000", "2018-03-31": "1377.00000", "2017-12-31": "1342.00000", "2017-09-30": "", "2017-06-30": "", "2017-03-31": "", "2016-12-31": "1807.10600"}, "Total Long Term Liabilities": {"2020-09-30": "7922.00000", "2020-06-30": "7795.00000", "2020-03-31": "7170.00000", "2019-12-31": "6948.00000", "2019-09-30": "10330.00000", "2019-06-30": "9719.00000", "2019-03-31": "9699.00000", "2018-12-31": "9406.00000", "2018-09-30": "9411.00000", "2018-06-30": "9902.00000", "2018-03-31": "10360.00000", "2017-12-31": "10231.00000", "2017-09-30": "", "2017-06-30": "", "2017-03-31": "", "2016-12-31": "11588.49000"}, "Total Liabilities": {"2020-09-30": "9772.00000", "2020-06-30": "9976.00000", "2020-03-31": "9362.00000", "2019-12-31": "8893.00000", "2019-09-30": "12303.00000", "2019-06-30": "12397.00000", "2019-03-31": "12342.00000", "2018-12-31": "11823.00000", "2018-09-30": "12028.00000", "2018-06-30": "12408.00000", "2018-03-31": "12789.00000", "2017-12-31": "12526.00000", "2017-09-30": "0.00000", "2017-06-30": "0.00000", "2017-03-31": "0.00000", "2016-12-31": "13630.20000"}, "Common Stock Net": {"2020-09-30": "508.00000", "2020-06-30": "508.00000", "2020-03-31": "508.00000", "2019-12-31": "508.00000", "2019-09-30": "508.00000", "2019-06-30": "508.00000", "2019-03-31": "508.00000", "2018-12-31": "508.00000", "2018-09-30": "508.00000", "2018-06-30": "508.00000", "2018-03-31": "508.00000", "2017-12-31": "508.00000", "2017-09-30": "0.00000", "2017-06-30": "0.00000", "2017-03-31": "0.00000", "2016-12-31": "476.95200"}, "Retained Earnings (Accumulated Deficit)": {"2020-09-30": "-2330.00000", "2020-06-30": "-2348.00000", "2020-03-31": "-2109.00000", "2019-12-31": "-2181.00000", "2019-09-30": "-3572.00000", "2019-06-30": "-3447.00000", "2019-03-31": "-3452.00000", "2018-12-31": "-3355.00000", "2018-09-30": "-3098.00000", "2018-06-30": "-3088.00000", "2018-03-31": "-3136.00000", "2017-12-31": "-3152.00000", "2017-09-30": "", "2017-06-30": "", "2017-03-31": "", "2016-12-31": "-2546.32600"}, "Comprehensive Income": {"2020-09-30": "", "2020-06-30": "", "2020-03-31": "", "2019-12-31": "", "2019-09-30": "", "2019-06-30": "", "2019-03-31": "", "2018-12-31": "", "2018-09-30": "", "2018-06-30": "", "2018-03-31": "", "2017-12-31": "", "2017-09-30": "", "2017-06-30": "", "2017-03-31": "", "2016-12-31": ""}, "Other Share Holders Equity": {"2020-09-30": "170.00000", "2020-06-30": "180.00000", "2020-03-31": "151.00000", "2019-12-31": "165.00000", "2019-09-30": "134.00000", "2019-06-30": "84.00000", "2019-03-31": "73.00000", "2018-12-31": "45.00000", "2018-09-30": "22.00000", "2018-06-30": "1.00000", "2018-03-31": "-118.00000", "2017-12-31": "-21.00000", "2017-09-30": "0.00000", "2017-06-30": "0.00000", "2017-03-31": "0.00000", "2016-12-31": "-356.33100"}, "Share Holder Equity": {"2020-09-30": "-359.00000", "2020-06-30": "-367.00000", "2020-03-31": "-157.00000", "2019-12-31": "-215.00000", "2019-09-30": "-1637.00000", "2019-06-30": "-1562.00000", "2019-03-31": "-1578.00000", "2018-12-31": "-1509.00000", "2018-09-30": "-1275.00000", "2018-06-30": "-1286.00000", "2018-03-31": "-1453.00000", "2017-12-31": "-1374.00000", "2017-09-30": "0.00000", "2017-06-30": "0.00000", "2017-03-31": "0.00000", "2016-12-31": "-2275.20500"}, "Total Liabilities And Share Holders Equity": {"2020-09-30": "9413.00000", "2020-06-30": "9609.00000", "2020-03-31": "9205.00000", "2019-12-31": "8678.00000", "2019-09-30": "10666.00000", "2019-06-30": "10835.00000", "2019-03-31": "10764.00000", "2018-12-31": "10314.00000", "2018-09-30": "10753.00000", "2018-06-30": "11122.00000", "2018-03-31": "11336.00000", "2017-12-31": "11152.00000", "2017-09-30": "0.00000", "2017-06-30": "0.00000", "2017-03-31": "0.00000", "2016-12-31": "11355.00000"}}, "cash flow statement": {"Net Income/Loss": {"2019-12-31": "-284.00000", "2018-12-31": "-292.00000", "2017-12-31": "63.00000", "2016-12-31": "0.00000"}, "Total Depreciation And Amortization - Cash Flow": {"2019-12-31": "652.00000", "2018-12-31": "599.00000", "2017-12-31": "687.00000", "2016-12-31": ""}, "Other Non-Cash Items": {"2019-12-31": "847.00000", "2018-12-31": "1068.00000", "2017-12-31": "674.00000", "2016-12-31": ""}, "Total Non-Cash Items": {"2019-12-31": "1499.00000", "2018-12-31": "1667.00000", "2017-12-31": "1361.00000", "2016-12-31": ""}, "Change In Accounts Receivable": {"2019-12-31": "", "2018-12-31": "", "2017-12-31": "", "2016-12-31": ""}, "Change In Inventories": {"2019-12-31": "", "2018-12-31": "", "2017-12-31": "", "2016-12-31": ""}, "Change In Accounts Payable": {"2019-12-31": "", "2018-12-31": "", "2017-12-31": "", "2016-12-31": ""}, "Change In Assets/Liabilities": {"2019-12-31": "105.00000", "2018-12-31": "-9.00000", "2017-12-31": "99.00000", "2016-12-31": ""}, "Total Change In Assets/Liabilities": {"2019-12-31": "105.00000", "2018-12-31": "-9.00000", "2017-12-31": "99.00000", "2016-12-31": ""}, "Cash Flow From Operating Activities": {"2019-12-31": "839.00000", "2018-12-31": "855.00000", "2017-12-31": "962.00000", "2016-12-31": "519.00340"}, "Net Change In Property, Plant, And Equipment": {"2019-12-31": "-495.00000", "2018-12-31": "-455.00000", "2017-12-31": "-470.00000", "2016-12-31": "-338.62480"}, "Net Change In Intangible Assets": {"2019-12-31": "-10.00000", "2018-12-31": "-12.00000", "2017-12-31": "-22.00000", "2016-12-31": "-13.27940"}, "Net Acquisitions/Divestitures": {"2019-12-31": "2539.00000", "2018-12-31": "", "2017-12-31": "", "2016-12-31": "-2971.26700"}, "Net Change In Short-term Investments": {"2019-12-31": "", "2018-12-31": "", "2017-12-31": "", "2016-12-31": ""}, "Net Change In Long-Term Investments": {"2019-12-31": "", "2018-12-31": "", "2017-12-31": "", "2016-12-31": ""}, "Net Change In Investments - Total": {"2019-12-31": "", "2018-12-31": "", "2017-12-31": "", "2016-12-31": ""}, "Investing Activities - Other": {"2019-12-31": "-107.00000", "2018-12-31": "-108.00000", "2017-12-31": "", "2016-12-31": ""}, "Cash Flow From Investing Activities": {"2019-12-31": "1927.00000", "2018-12-31": "-575.00000", "2017-12-31": "-492.00000", "2016-12-31": "-3323.17100"}, "Net Long-Term Debt": {"2019-12-31": "-2282.00000", "2018-12-31": "-332.00000", "2017-12-31": "-655.00000", "2016-12-31": "1801.57300"}, "Net Current Debt": {"2019-12-31": "-78.00000", "2018-12-31": "-4.00000", "2017-12-31": "", "2016-12-31": ""}, "Debt Issuance/Retirement Net - Total": {"2019-12-31": "-2360.00000", "2018-12-31": "-336.00000", "2017-12-31": "-655.00000", "2016-12-31": "1801.57300"}, "Net Common Equity Issued/Repurchased": {"2019-12-31": "", "2018-12-31": "", "2017-12-31": "326.00000", "2016-12-31": "6.63970"}, "Net Total Equity Issued/Repurchased": {"2019-12-31": "", "2018-12-31": "", "2017-12-31": "326.00000", "2016-12-31": "6.63970"}, "Total Common And Preferred Stock Dividends Paid": {"2019-12-31": "-132.00000", "2018-12-31": "-132.00000", "2017-12-31": "-165.00000", "2016-12-31": "-298.78660"}, "Financial Activities - Other": {"2019-12-31": "-170.00000", "2018-12-31": "-53.00000", "2017-12-31": "-83.00000", "2016-12-31": "1482.86700"}, "Cash Flow From Financial Activities": {"2019-12-31": "-2662.00000", "2018-12-31": "-521.00000", "2017-12-31": "-577.00000", "2016-12-31": "2992.29200"}, "Net Cash Flow": {"2019-12-31": "84.00000", "2018-12-31": "-254.00000", "2017-12-31": "-29.00000", "2016-12-31": "242.34910"}, "Stock-Based Compensation": {"2019-12-31": "", "2018-12-31": "", "2017-12-31": "", "2016-12-31": ""}, "Common Stock Dividends Paid": {"2019-12-31": "-132.00000", "2018-12-31": "-132.00000", "2017-12-31": "-165.00000", "2016-12-31": "-298.78660"}}, "cash flow statement, quarterly": {"Net Income/Loss": {"2020-09-30": 43, "2020-06-30": -59, "2020-03-31": "56.00000", "2019-12-31": -203, "2019-09-30": -97, "2019-06-30": 37, "2019-03-31": "-21.00000", "2018-12-31": -217, "2018-09-30": -118, "2018-06-30": 58, "2018-03-31": "-15.00000", "2017-12-31": 31.036, "2017-09-30": 61, "2017-06-30": 33, "2017-03-31": "-64.00000", "2016-12-31": 0}, "Total Depreciation And Amortization - Cash Flow": {"2020-09-30": 173, "2020-06-30": 169, "2020-03-31": "167.00000", "2019-12-31": 167, "2019-09-30": 161, "2019-06-30": 162, "2019-03-31": "162.00000", "2018-12-31": 149, "2018-09-30": 90, "2018-06-30": 179, "2018-03-31": "181.00000", "2017-12-31": 182.613, "2017-09-30": 177, "2017-06-30": 169, "2017-03-31": "162.00000", "2016-12-31": 0}, "Other Non-Cash Items": {"2020-09-30": 103, "2020-06-30": 148, "2020-03-31": "-5.00000", "2019-12-31": 223, "2019-09-30": 383, "2019-06-30": 117, "2019-03-31": "124.00000", "2018-12-31": 510, "2018-09-30": 279, "2018-06-30": 125, "2018-03-31": "154.00000", "2017-12-31": 95, "2017-09-30": 188, "2017-06-30": 183, "2017-03-31": "208.00000", "2016-12-31": 0}, "Total Non-Cash Items": {"2020-09-30": 276, "2020-06-30": 317, "2020-03-31": "162.00000", "2019-12-31": 390, "2019-09-30": 544, "2019-06-30": 279, "2019-03-31": "286.00000", "2018-12-31": 659, "2018-09-30": 369, "2018-06-30": 304, "2018-03-31": "335.00000", "2017-12-31": -396.387, "2017-09-30": 365, "2017-06-30": 352, "2017-03-31": "370.00000", "2016-12-31": 0}, "Change In Accounts Receivable": {"2020-09-30": 0, "2020-06-30": 0, "2020-03-31": "", "2019-12-31": 0, "2019-09-30": 0, "2019-06-30": 0, "2019-03-31": "", "2018-12-31": 0, "2018-09-30": 0, "2018-06-30": 0, "2018-03-31": "", "2017-12-31": 0, "2017-09-30": 0, "2017-06-30": 0, "2017-03-31": "", "2016-12-31": 0}, "Change In Inventories": {"2020-09-30": 0, "2020-06-30": 0, "2020-03-31": "", "2019-12-31": 0, "2019-09-30": 0, "2019-06-30": 0, "2019-03-31": "", "2018-12-31": 0, "2018-09-30": 0, "2018-06-30": 0, "2018-03-31": "", "2017-12-31": 0, "2017-09-30": 0, "2017-06-30": 0, "2017-03-31": "", "2016-12-31": 0}, "Change In Accounts Payable": {"2020-09-30": 0, "2020-06-30": 0, "2020-03-31": "", "2019-12-31": 0, "2019-09-30": 0, "2019-06-30": 0, "2019-03-31": "", "2018-12-31": 0, "2018-09-30": 0, "2018-06-30": 0, "2018-03-31": "", "2017-12-31": 0, "2017-09-30": 0, "2017-06-30": 0, "2017-03-31": "", "2016-12-31": 0}, "Change In Assets/Liabilities": {"2020-09-30": 162, "2020-06-30": 37, "2020-03-31": "-409.00000", "2019-12-31": 257, "2019-09-30": 78, "2019-06-30": -53, "2019-03-31": "-177.00000", "2018-12-31": 212, "2018-09-30": 129, "2018-06-30": -24, "2018-03-31": "-326.00000", "2017-12-31": 265, "2017-09-30": 72, "2017-06-30": -46, "2017-03-31": "-192.00000", "2016-12-31": 0}, "Total Change In Assets/Liabilities": {"2020-09-30": 162, "2020-06-30": 37, "2020-03-31": "-409.00000", "2019-12-31": 257, "2019-09-30": 78, "2019-06-30": -53, "2019-03-31": "-177.00000", "2018-12-31": 212, "2018-09-30": 129, "2018-06-30": -24, "2018-03-31": "-326.00000", "2017-12-31": 238.339, "2017-09-30": 72, "2017-06-30": -46, "2017-03-31": "-192.00000", "2016-12-31": 0}, "Cash Flow From Operating Activities": {"2020-09-30": 440, "2020-06-30": 211, "2020-03-31": "-287.00000", "2019-12-31": 329, "2019-09-30": 400, "2019-06-30": 117, "2019-03-31": "-7.00000", "2018-12-31": 484, "2018-09-30": 293, "2018-06-30": 177, "2018-03-31": "-99.00000", "2017-12-31": 368.67, "2017-09-30": 394, "2017-06-30": 161, "2017-03-31": "19.00000", "2016-12-31": 519.003}, "Net Change In Property, Plant, And Equipment": {"2020-09-30": -119, "2020-06-30": -101, "2020-03-31": "-124.00000", "2019-12-31": -99, "2019-09-30": -122, "2019-06-30": -125, "2019-03-31": "-149.00000", "2018-12-31": -103, "2018-09-30": -50, "2018-06-30": -141, "2018-03-31": "-161.00000", "2017-12-31": -137.335, "2017-09-30": -117, "2017-06-30": -104, "2017-03-31": "-113.00000", "2016-12-31": -338.625}, "Net Change In Intangible Assets": {"2020-09-30": -3, "2020-06-30": -3, "2020-03-31": "-2.00000", "2019-12-31": -2, "2019-09-30": -2, "2019-06-30": -1, "2019-03-31": "-5.00000", "2018-12-31": -2, "2018-09-30": 5, "2018-06-30": -10, "2018-03-31": "-5.00000", "2017-12-31": -22, "2017-09-30": 6, "2017-06-30": -3, "2017-03-31": "-3.00000", "2016-12-31": 0}, "Net Acquisitions/Divestitures": {"2020-09-30": 0, "2020-06-30": 32, "2020-03-31": "", "2019-12-31": 2539, "2019-09-30": 0, "2019-06-30": 40, "2019-03-31": "-40.00000", "2018-12-31": 0, "2018-09-30": 0, "2018-06-30": 0, "2018-03-31": "", "2017-12-31": 0, "2017-09-30": 0, "2017-06-30": 0, "2017-03-31": "", "2016-12-31": -2971.267}, "Net Change In Short-term Investments": {"2020-09-30": 0, "2020-06-30": 0, "2020-03-31": "", "2019-12-31": 0, "2019-09-30": 0, "2019-06-30": 0, "2019-03-31": "", "2018-12-31": 0, "2018-09-30": 0, "2018-06-30": 0, "2018-03-31": "", "2017-12-31": 0, "2017-09-30": 0, "2017-06-30": 0, "2017-03-31": "", "2016-12-31": 0}, "Net Change In Long-Term Investments": {"2020-09-30": 0, "2020-06-30": 0, "2020-03-31": "", "2019-12-31": 0, "2019-09-30": 0, "2019-06-30": 0, "2019-03-31": "", "2018-12-31": 0, "2018-09-30": 0, "2018-06-30": 0, "2018-03-31": "", "2017-12-31": 0, "2017-09-30": 0, "2017-06-30": 0, "2017-03-31": "", "2016-12-31": 0}, "Net Change In Investments - Total": {"2020-09-30": 0, "2020-06-30": 0, "2020-03-31": "", "2019-12-31": 0, "2019-09-30": 0, "2019-06-30": 0, "2019-03-31": "", "2018-12-31": 0, "2018-09-30": 0, "2018-06-30": 0, "2018-03-31": "", "2017-12-31": 0, "2017-09-30": 0, "2017-06-30": 0, "2017-03-31": "", "2016-12-31": 0}, "Investing Activities - Other": {"2020-09-30": 0, "2020-06-30": 0, "2020-03-31": "", "2019-12-31": -11, "2019-09-30": -28, "2019-06-30": -68, "2019-03-31": "", "2018-12-31": -38, "2018-09-30": -70, "2018-06-30": 0, "2018-03-31": "", "2017-12-31": -21.476, "2017-09-30": 0, "2017-06-30": 0, "2017-03-31": "", "2016-12-31": -13.279}, "Cash Flow From Investing Activities": {"2020-09-30": -122, "2020-06-30": -72, "2020-03-31": "-126.00000", "2019-12-31": 2427, "2019-09-30": -152, "2019-06-30": -154, "2019-03-31": "-194.00000", "2018-12-31": -143, "2018-09-30": -115, "2018-06-30": -151, "2018-03-31": "-166.00000", "2017-12-31": -158.811, "2017-09-30": -111, "2017-06-30": -107, "2017-03-31": "-116.00000", "2016-12-31": -3323.171}, "Net Long-Term Debt": {"2020-09-30": -502, "2020-06-30": 501, "2020-03-31": "814.00000", "2019-12-31": -2553, "2019-09-30": 54, "2019-06-30": 50, "2019-03-31": "167.00000", "2018-12-31": -186, "2018-09-30": -144, "2018-06-30": -1, "2018-03-31": "-1.00000", "2017-12-31": 0, "2017-09-30": 3258, "2017-06-30": -4158, "2017-03-31": "245.00000", "2016-12-31": 0}, "Net Current Debt": {"2020-09-30": -23, "2020-06-30": -23, "2020-03-31": "-22.00000", "2019-12-31": -23, "2019-09-30": -19, "2019-06-30": -18, "2019-03-31": "-18.00000", "2018-12-31": -1, "2018-09-30": -1, "2018-06-30": -1, "2018-03-31": "-1.00000", "2017-12-31": 0, "2017-09-30": 0, "2017-06-30": 0, "2017-03-31": "", "2016-12-31": 0}, "Debt Issuance/Retirement Net - Total": {"2020-09-30": -525, "2020-06-30": 478, "2020-03-31": "792.00000", "2019-12-31": -2576, "2019-09-30": 35, "2019-06-30": 32, "2019-03-31": "149.00000", "2018-12-31": -187, "2018-09-30": -145, "2018-06-30": -2, "2018-03-31": "-2.00000", "2017-12-31": 17.511, "2017-09-30": 3258, "2017-06-30": -4158, "2017-03-31": "245.00000", "2016-12-31": 1801.573}, "Net Common Equity Issued/Repurchased": {"2020-09-30": 0, "2020-06-30": 0, "2020-03-31": "", "2019-12-31": 0, "2019-09-30": 0, "2019-06-30": 0, "2019-03-31": "", "2018-12-31": 0, "2018-09-30": 0, "2018-06-30": 0, "2018-03-31": "", "2017-12-31": -1, "2017-09-30": -3, "2017-06-30": -3, "2017-03-31": "333.00000", "2016-12-31": 0}, "Net Total Equity Issued/Repurchased": {"2020-09-30": 0, "2020-06-30": 0, "2020-03-31": "", "2019-12-31": 0, "2019-09-30": 0, "2019-06-30": 0, "2019-03-31": "", "2018-12-31": 0, "2018-09-30": 0, "2018-06-30": 0, "2018-03-31": "", "2017-12-31": 18.872, "2017-09-30": -3, "2017-06-30": -3, "2017-03-31": "333.00000", "2016-12-31": 6.64}, "Total Common And Preferred Stock Dividends Paid": {"2020-09-30": 0, "2020-06-30": -69, "2020-03-31": "", "2019-12-31": -33, "2019-09-30": -33, "2019-06-30": -33, "2019-03-31": "-33.00000", "2018-12-31": -33, "2018-09-30": -33, "2018-06-30": -33, "2018-03-31": "-33.00000", "2017-12-31": -34.284, "2017-09-30": -33, "2017-06-30": -33, "2017-03-31": "-67.00000", "2016-12-31": -298.787}, "Financial Activities - Other": {"2020-09-30": -8, "2020-06-30": -78, "2020-03-31": "-5.00000", "2019-12-31": -77, "2019-09-30": -64, "2019-06-30": -11, "2019-03-31": "-18.00000", "2018-12-31": 4, "2018-09-30": -52, "2018-06-30": -4, "2018-03-31": "-1.00000", "2017-12-31": -17.163, "2017-09-30": -3755, "2017-06-30": 3759, "2017-03-31": "-75.00000", "2016-12-31": 1482.867}, "Cash Flow From Financial Activities": {"2020-09-30": -533, "2020-06-30": 331, "2020-03-31": "787.00000", "2019-12-31": -2686, "2019-09-30": -62, "2019-06-30": -12, "2019-03-31": "98.00000", "2018-12-31": -216, "2018-09-30": -230, "2018-06-30": -39, "2018-03-31": "-36.00000", "2017-12-31": -15.065, "2017-09-30": -533, "2017-06-30": -435, "2017-03-31": "436.00000", "2016-12-31": 2992.292}, "Net Cash Flow": {"2020-09-30": -218, "2020-06-30": 486, "2020-03-31": "348.00000", "2019-12-31": 74, "2019-09-30": 166, "2019-06-30": -42, "2019-03-31": "-114.00000", "2018-12-31": 121, "2018-09-30": -56, "2018-06-30": -28, "2018-03-31": "-291.00000", "2017-12-31": 97.625, "2017-09-30": -241, "2017-06-30": -334, "2017-03-31": "344.00000", "2016-12-31": 242.349}, "Stock-Based Compensation": {"2020-09-30": 0, "2020-06-30": 0, "2020-03-31": "", "2019-12-31": 0, "2019-09-30": 0, "2019-06-30": 0, "2019-03-31": "", "2018-12-31": 0, "2018-09-30": 0, "2018-06-30": 0, "2018-03-31": "", "2017-12-31": 0, "2017-09-30": 0, "2017-06-30": 0, "2017-03-31": "", "2016-12-31": 0}, "Common Stock Dividends Paid": {"2020-09-30": 0, "2020-06-30": -69, "2020-03-31": "", "2019-12-31": -33, "2019-09-30": -33, "2019-06-30": -33, "2019-03-31": "-33.00000", "2018-12-31": -33, "2018-09-30": -33, "2018-06-30": -33, "2018-03-31": "-33.00000", "2017-12-31": -32, "2017-09-30": -33, "2017-06-30": -33, "2017-03-31": "-67.00000", "2016-12-31": 0}}, "financial ratios": {"Current Ratio": {"2019-12-31": "1.26790", "2018-12-31": "1.25610", "2017-12-31": "1.49320", "2016-12-31": "1.64990"}, "Long-term Debt / Capital": {"2019-12-31": "1.03840", "2018-12-31": "1.24140", "2017-12-31": "1.19820", "2016-12-31": "1.33780"}, "Debt/Equity Ratio": {"2019-12-31": "-27.48840", "2018-12-31": "-5.22130", "2017-12-31": "-6.04660", "2016-12-31": "-3.96400"}, "Gross Margin": {"2019-12-31": "15.96100", "2018-12-31": "14.15520", "2017-12-31": "16.12380", "2016-12-31": "17.73050"}, "Operating Margin": {"2019-12-31": "7.02700", "2018-12-31": "3.07070", "2017-12-31": "7.81760", "2016-12-31": "8.44760"}, "EBIT Margin": {"2019-12-31": "7.02700", "2018-12-31": "3.07070", "2017-12-31": "7.81760", "2016-12-31": "8.44760"}, "EBITDA Margin": {"2019-12-31": "16.81680", "2018-12-31": "12.04310", "2017-12-31": "15.80970", "2016-12-31": "8.44760"}, "Pre-Tax Profit Margin": {"2019-12-31": "-3.60360", "2018-12-31": "-4.10430", "2017-12-31": "0.26760", "2016-12-31": "-0.01580"}, "Net Profit Margin": {"2019-12-31": "21.89190", "2018-12-31": "-1.40800", "2017-12-31": "0.73290", "2016-12-31": "-0.86680"}, "Asset Turnover": {"2019-12-31": "0.76750", "2018-12-31": "0.64730", "2017-12-31": "0.77080", "2016-12-31": "0.61840"}, "Inventory Turnover Ratio": {"2019-12-31": "5.80600", "2018-12-31": "4.46340", "2017-12-31": "5.32890", "2016-12-31": "4.63590"}, "Receiveable Turnover": {"2019-12-31": "9.07360", "2018-12-31": "6.34000", "2017-12-31": "6.74730", "2016-12-31": "5.59030"}, "Days Sales In Receivables": {"2019-12-31": "40.22670", "2018-12-31": "57.57120", "2017-12-31": "54.09610", "2016-12-31": "65.29160"}, "ROE - Return On Equity": {"2019-12-31": "132.09300", "2018-12-31": "19.35060", "2017-12-31": "-4.58520", "2016-12-31": "2.67510"}, "Return On Tangible Equity": {"2019-12-31": "9.16420", "2018-12-31": "5.71430", "2017-12-31": "-1.15010", "2016-12-31": "0.92510"}, "ROA - Return On Assets": {"2019-12-31": "-3.27260", "2018-12-31": "-2.83110", "2017-12-31": "0.56490", "2016-12-31": "-0.53600"}, "ROI - Return On Investment": {"2019-12-31": "-5.07140", "2018-12-31": "-4.67050", "2017-12-31": "0.90880", "2016-12-31": "-0.90370"}, "Book Value Per Share": {"2019-12-31": "-0.90960", "2018-12-31": "-6.38460", "2017-12-31": "-5.81460", "2016-12-31": "-9.72740"}, "Operating Cash Flow Per Share": {"2019-12-31": -0.0692, "2018-12-31": -0.5716, "2017-12-31": -46.1663, "2016-12-31": 50.3562}, "Free Cash Flow Per Share": {"2019-12-31": -0.2376, "2018-12-31": -0.4501, "2017-12-31": -15.3583, "2016-12-31": 17.5012}}, "financial ratios, quarterly": {"Current Ratio": {"2020-09-30": "1.73140", "2020-06-30": "1.59190", "2020-03-31": "1.39460", "2019-12-31": "1.26790", "2019-09-30": "1.23920", "2019-06-30": "1.19530", "2019-03-31": "1.21150", "2018-12-31": "1.25610", "2018-09-30": "1.27740", "2018-06-30": "1.44770", "2018-03-31": "1.43680", "2017-12-31": "1.49320", "2017-09-30": "", "2017-06-30": "", "2017-03-31": "", "2016-12-31": ""}, "Long-term Debt / Capital": {"2020-09-30": "1.05700", "2020-06-30": "1.05910", "2020-03-31": "1.02660", "2019-12-31": "1.03840", "2019-09-30": "1.25580", "2019-06-30": "1.23850", "2019-03-31": "1.24310", "2018-12-31": "1.24140", "2018-09-30": "1.19600", "2018-06-30": "1.18490", "2018-03-31": "1.20890", "2017-12-31": "1.19820", "2017-09-30": "", "2017-06-30": "", "2017-03-31": "", "2016-12-31": ""}, "Debt/Equity Ratio": {"2020-09-30": "-18.79390", "2020-06-30": "-19.54500", "2020-03-31": "-42.47770", "2019-12-31": "-27.48840", "2019-09-30": "-5.08980", "2019-06-30": "-5.44940", "2019-03-31": "-5.34090", "2018-12-31": "-5.22130", "2018-09-30": "-6.33490", "2018-06-30": "-6.41140", "2018-03-31": "-5.78940", "2017-12-31": "-6.04660", "2017-09-30": "", "2017-06-30": "", "2017-03-31": "", "2016-12-31": ""}, "Gross Margin": {"2020-09-30": "16.55560", "2020-06-30": "14.50810", "2020-03-31": "16.15290", "2019-12-31": "14.54780", "2019-09-30": "16.95600", "2019-06-30": "17.28970", "2019-03-31": "14.88710", "2018-12-31": "10.83120", "2018-09-30": "13.81730", "2018-06-30": "15.42400", "2018-03-31": "13.66910", "2017-12-31": "11.73820", "2017-09-30": "17.89570", "2017-06-30": "18.44490", "2017-03-31": "16.78570", "2016-12-31": ""}, "Operating Margin": {"2020-09-30": "8.11110", "2020-06-30": "6.03990", "2020-03-31": "6.35020", "2019-12-31": "5.50280", "2019-09-30": "7.29170", "2019-06-30": "8.87850", "2019-03-31": "6.28430", "2018-12-31": "-52.39300", "2018-09-30": "6.32320", "2018-06-30": "8.18070", "2018-03-31": "5.08090", "2017-12-31": "2.65340", "2017-09-30": "10.52180", "2017-06-30": "10.48830", "2017-03-31": "7.24490", "2016-12-31": ""}, "EBIT Margin": {"2020-09-30": "8.11110", "2020-06-30": "6.03990", "2020-03-31": "6.35020", "2019-12-31": "5.50280", "2019-09-30": "7.29170", "2019-06-30": "8.87850", "2019-03-31": "6.28430", "2018-12-31": "-52.39300", "2018-09-30": "6.32320", "2018-06-30": "8.18070", "2018-03-31": "5.08090", "2017-12-31": "2.65340", "2017-09-30": "10.52180", "2017-06-30": "10.48830", "2017-03-31": "7.24490", "2016-12-31": ""}, "EBITDA Margin": {"2020-09-30": "", "2020-06-30": "", "2020-03-31": "", "2019-12-31": "", "2019-09-30": "", "2019-06-30": "", "2019-03-31": "", "2018-12-31": "", "2018-09-30": "", "2018-06-30": "", "2018-03-31": "", "2017-12-31": "", "2017-09-30": "", "2017-06-30": "", "2017-03-31": "", "2016-12-31": ""}, "Pre-Tax Profit Margin": {"2020-09-30": "3.66670", "2020-06-30": "-4.04730", "2020-03-31": "4.06910", "2019-12-31": "-9.74070", "2019-09-30": "-5.84490", "2019-06-30": "2.57010", "2019-03-31": "-1.76940", "2018-12-31": "-78.58940", "2018-09-30": "-2.22480", "2018-06-30": "3.79210", "2018-03-31": "-0.58450", "2017-12-31": "-3.65470", "2017-09-30": "4.57090", "2017-06-30": "3.02890", "2017-03-31": "-3.72450", "2016-12-31": ""}, "Net Profit Margin": {"2020-09-30": "2.38890", "2020-06-30": "-3.98510", "2020-03-31": "5.11710", "2019-12-31": "88.86780", "2019-09-30": "-1.67820", "2019-06-30": "4.03040", "2019-03-31": "0.79320", "2018-12-31": "-36.27200", "2018-09-30": "0.40980", "2018-06-30": "2.47120", "2018-03-31": "-0.67450", "2017-12-31": "1.67690", "2017-09-30": "2.63040", "2017-06-30": "1.49190", "2017-03-31": "-3.26530", "2016-12-31": ""}, "Asset Turnover": {"2020-09-30": "0.19120", "2020-06-30": "0.16710", "2020-03-31": "0.17620", "2019-12-31": "0.18220", "2019-09-30": "0.16200", "2019-06-30": "0.15800", "2019-03-31": "0.15230", "2018-12-31": "0.03850", "2018-09-30": "0.15880", "2018-06-30": "0.21100", "2018-03-31": "0.19620", "2017-12-31": "0.18890", "2017-09-30": "", "2017-06-30": "", "2017-03-31": "", "2016-12-31": ""}, "Inventory Turnover Ratio": {"2020-09-30": "1.60990", "2020-06-30": "1.37990", "2020-03-31": "1.34650", "2019-12-31": "1.40150", "2019-09-30": "1.61420", "2019-06-30": "1.02460", "2019-03-31": "1.01010", "2018-12-31": "0.27570", "2018-09-30": "1.16090", "2018-06-30": "1.48130", "2018-03-31": "1.43820", "2017-12-31": "1.38290", "2017-09-30": "", "2017-06-30": "", "2017-03-31": "", "2016-12-31": ""}, "Receiveable Turnover": {"2020-09-30": "1.97800", "2020-06-30": "1.84810", "2020-03-31": "1.78830", "2019-12-31": "2.15400", "2019-09-30": "1.99310", "2019-06-30": "1.38290", "2019-03-31": "1.36580", "2018-12-31": "0.37700", "2018-09-30": "1.13410", "2018-06-30": "1.43460", "2018-03-31": "1.53590", "2017-12-31": "1.65380", "2017-09-30": "", "2017-06-30": "", "2017-03-31": "", "2016-12-31": ""}, "Days Sales In Receivables": {"2020-09-30": "45.50000", "2020-06-30": "48.69860", "2020-03-31": "50.32680", "2019-12-31": "41.78370", "2019-09-30": "45.15630", "2019-06-30": "65.08180", "2019-03-31": "65.89380", "2018-12-31": "238.71540", "2018-09-30": "79.35600", "2018-06-30": "62.73540", "2018-03-31": "58.59710", "2017-12-31": "54.42110", "2017-09-30": "", "2017-06-30": "", "2017-03-31": "", "2016-12-31": ""}, "ROE - Return On Equity": {"2020-09-30": "-11.97770", "2020-06-30": "16.07630", "2020-03-31": "-35.66880", "2019-12-31": "94.41860", "2019-09-30": "5.92550", "2019-06-30": "-2.36880", "2019-03-31": "1.33080", "2018-12-31": "19.61560", "2018-09-30": "3.05880", "2018-06-30": "-4.51010", "2018-03-31": "1.03230", "2017-12-31": "-2.57140", "2017-09-30": "", "2017-06-30": "", "2017-03-31": "", "2016-12-31": ""}, "Return On Tangible Equity": {"2020-09-30": "-1.37950", "2020-06-30": "1.88680", "2020-03-31": "-1.89830", "2019-12-31": "6.55050", "2019-09-30": "2.14080", "2019-06-30": "-0.73460", "2019-03-31": "0.41210", "2018-12-31": "5.79260", "2018-09-30": "0.75910", "2018-06-30": "-1.11240", "2018-03-31": "0.26990", "2017-12-31": "-0.64500", "2017-09-30": "", "2017-06-30": "", "2017-03-31": "", "2016-12-31": ""}, "ROA - Return On Assets": {"2020-09-30": "0.45680", "2020-06-30": "-0.61400", "2020-03-31": "0.60840", "2019-12-31": "-2.33920", "2019-09-30": "-0.90940", "2019-06-30": "0.34150", "2019-03-31": "-0.19510", "2018-12-31": "-2.86990", "2018-09-30": "-0.36270", "2018-06-30": "0.52150", "2018-03-31": "-0.13230", "2017-12-31": "0.31680", "2017-09-30": "", "2017-06-30": "", "2017-03-31": "", "2016-12-31": ""}, "ROI - Return On Investment": {"2020-09-30": "0.68330", "2020-06-30": "-0.95070", "2020-03-31": "0.94880", "2019-12-31": "-3.62500", "2019-09-30": "-1.51590", "2019-06-30": "0.56510", "2019-03-31": "-0.32350", "2018-12-31": "-4.73450", "2018-09-30": "-0.59960", "2018-06-30": "0.83410", "2018-03-31": "-0.21570", "2017-12-31": "0.50970", "2017-09-30": "", "2017-06-30": "", "2017-03-31": "", "2016-12-31": ""}, "Book Value Per Share": {"2020-09-30": "-1.51890", "2020-06-30": "-1.55270", "2020-03-31": "-0.66420", "2019-12-31": "-0.90960", "2019-09-30": "-6.92590", "2019-06-30": "-6.60860", "2019-03-31": "-6.67650", "2018-12-31": "-6.38460", "2018-09-30": "-5.39570", "2018-06-30": "-5.44220", "2018-03-31": "-6.14900", "2017-12-31": "-5.81460", "2017-09-30": "", "2017-06-30": "", "2017-03-31": "", "2016-12-31": ""}, "Operating Cash Flow Per Share": {"2020-09-30": 1.8613, "2020-06-30": 0.8925, "2020-03-31": "-1.21400", "2019-12-31": 1.3917, "2019-09-30": 1.6921, "2019-06-30": 0.4949, "2019-03-31": "-0.02960", "2018-12-31": 2.0486, "2018-09-30": 1.2397, "2018-06-30": 0.749, "2018-03-31": "-0.41900", "2017-12-31": 1.6558, "2017-09-30": 1.6674, "2017-06-30": 0.6707, "2017-03-31": "0.09100", "2016-12-31": 0}, "Free Cash Flow Per Share": {"2020-09-30": 1.3579, "2020-06-30": 0.4653, "2020-03-31": "-1.73860", "2019-12-31": 0.973, "2019-09-30": 1.1759, "2019-06-30": -0.0335, "2019-03-31": "-0.66020", "2018-12-31": 1.6124, "2018-09-30": 1.0281, "2018-06-30": 0.1526, "2018-03-31": "-1.10030", "2017-12-31": 1.0268, "2017-09-30": 1.1723, "2017-06-30": 0.2938, "2017-03-31": "-0.45040", "2016-12-31": 0}}, "revenue": {"Ardagh Group S.A Annual Revenue (Millions of US $)": {"2019": "$6,660", "2018": "$6,676", "2017": "$8,596", "2016": "$7,021"}, "Ardagh Group S.A Quarterly Revenue (Millions of US $)": {"2020-09-30": "$1,800", "2020-06-30": "$1,606", "2020-03-31": "$1,622", "2019-12-31": "$1,581", "2019-09-30": "$1,728", "2019-06-30": "$1,712", "2019-03-31": "$1,639", "2018-12-31": "$397", "2018-09-30": "$1,708", "2018-06-30": "$2,347", "2018-03-31": "$2,224", "2017-12-31": "$2,107", "2017-09-30": "$2,319", "2017-06-30": "$2,212", "2017-03-31": "$1,960", "2016-12-31": ""}}, "gross-profit": {"Ardagh Group S.A Annual Gross Profit (Millions of US $)": {"2019": "$1,063", "2018": "$945", "2017": "$1,386", "2016": "$1,245"}, "Ardagh Group S.A Quarterly Gross Profit (Millions of US $)": {"2020-09-30": "$298", "2020-06-30": "$233", "2020-03-31": "$262", "2019-12-31": "$230", "2019-09-30": "$293", "2019-06-30": "$296", "2019-03-31": "$244", "2018-12-31": "$43", "2018-09-30": "$236", "2018-06-30": "$362", "2018-03-31": "$304", "2017-12-31": "$236", "2017-09-30": "$415", "2017-06-30": "$408", "2017-03-31": "$329", "2016-12-31": ""}}, "operating-income": {"Ardagh Group S.A Annual Operating Income (Millions of US $)": {"2019": "$468", "2018": "$205", "2017": "$672", "2016": "$593"}, "Ardagh Group S.A Quarterly Operating Income (Millions of US $)": {"2020-09-30": "$146", "2020-06-30": "$97", "2020-03-31": "$103", "2019-12-31": "$87", "2019-09-30": "$126", "2019-06-30": "$152", "2019-03-31": "$103", "2018-12-31": "$-208", "2018-09-30": "$108", "2018-06-30": "$192", "2018-03-31": "$113", "2017-12-31": "$56", "2017-09-30": "$244", "2017-06-30": "$232", "2017-03-31": "$142", "2016-12-31": ""}}, "ebitda": {"Ardagh Group S.A Annual EBITDA (Millions of US $)": {"2019": "$1,120", "2018": "$804", "2017": "$1,359", "2016": "$593"}, "Ardagh Group S.A Quarterly EBITDA (Millions of US $)": {"2020-09-30": "$319", "2020-06-30": "$266", "2020-03-31": "$270", "2019-12-31": "$254", "2019-09-30": "$287", "2019-06-30": "$314", "2019-03-31": "$265", "2018-12-31": "$-59", "2018-09-30": "$198", "2018-06-30": "$371", "2018-03-31": "$294", "2017-12-31": "$239", "2017-09-30": "$421", "2017-06-30": "$401", "2017-03-31": "$304", "2016-12-31": ""}}, "net-income": {"Ardagh Group S.A Annual Net Income (Millions of US $)": {"2019": "$1,458", "2018": "$-94", "2017": "$63", "2016": "$-61"}, "Ardagh Group S.A Quarterly Net Income (Millions of US $)": {"2020-09-30": "$43", "2020-06-30": "$-64", "2020-03-31": "$83", "2019-12-31": "$1,405", "2019-09-30": "$-29", "2019-06-30": "$69", "2019-03-31": "$13", "2018-12-31": "$-144", "2018-09-30": "$7", "2018-06-30": "$58", "2018-03-31": "$-15", "2017-12-31": "$35", "2017-09-30": "$61", "2017-06-30": "$33", "2017-03-31": "$-64", "2016-12-31": ""}}, "eps-earnings-per-share-diluted": {"Ardagh Group S.A Annual EPS": {"2019": "$6.17", "2018": "$-0.40", "2017": "$0.27", "2016": "$-5.91"}, "Ardagh Group S.A Quarterly EPS": {"2020-09-30": "$0.18", "2020-06-30": "$-0.27", "2020-03-31": "$0.35", "2019-12-31": "$6.23", "2019-09-30": "$-0.41", "2019-06-30": "$0.29", "2019-03-31": "$0.06", "2018-12-31": "$-0.62", "2018-09-30": "$0.03", "2018-06-30": "$0.25", "2018-03-31": "$-0.06", "2017-12-31": "$0.15", "2017-09-30": "$0.26", "2017-06-30": "$0.14", "2017-03-31": "$-0.31", "2016-12-31": "$0.00"}}, "shares-outstanding": {"Ardagh Group S.A Annual Shares Outstanding (Millions of Shares)": {"2019": "236", "2018": "236", "2017": "230", "2016": "10"}, "Ardagh Group S.A Quarterly Shares Outstanding (Millions of Shares)": {"2020-09-30": "236", "2020-06-30": "236", "2020-03-31": "236", "2019-12-31": "236", "2019-09-30": "236", "2019-06-30": "236", "2019-03-31": "236", "2018-12-31": "236", "2018-09-30": "236", "2018-06-30": "236", "2018-03-31": "236", "2017-12-31": "231", "2017-09-30": "236", "2017-06-30": "236", "2017-03-31": "209", "2016-12-31": ""}}, "total-assets": {"Ardagh Group S.A Annual Total Assets (Millions of US $)": {"2019": "$8,678", "2018": "$10,314", "2017": "$11,152", "2016": "$11,355"}, "Ardagh Group S.A Quarterly Total Assets (Millions of US $)": {"2020-09-30": "$9,413", "2020-06-30": "$9,609", "2020-03-31": "$9,205", "2019-12-31": "$8,678", "2019-09-30": "$10,666", "2019-06-30": "$10,835", "2019-03-31": "$10,764", "2018-12-31": "$10,314", "2018-09-30": "$10,753", "2018-06-30": "$11,122", "2018-03-31": "$11,336", "2017-12-31": "$11,152", "2017-09-30": "$0", "2017-06-30": "$0", "2017-03-31": "$0", "2016-12-31": "$11,355"}}, "cash-on-hand": {"Ardagh Group S.A Annual Cash on Hand (Millions of US $)": {"2019": "$617", "2018": "$539", "2017": "$800", "2016": "$866"}, "Ardagh Group S.A Quarterly Cash on Hand (Millions of US $)": {"2020-09-30": "$1,244", "2020-06-30": "$1,454", "2020-03-31": "$964", "2019-12-31": "$617", "2019-09-30": "$540", "2019-06-30": "$389", "2019-03-31": "$428", "2018-12-31": "$539", "2018-09-30": "$418", "2018-06-30": "$652", "2018-03-31": "$707", "2017-12-31": "$800", "2017-09-30": "", "2017-06-30": "", "2017-03-31": "", "2016-12-31": "$866"}}, "long-term-debt": {"Ardagh Group S.A Annual Long Term Debt (Millions of US $)": {"2019": "$5,815", "2018": "$7,761", "2017": "$8,306", "2016": "$9,010"}, "Ardagh Group S.A Quarterly Long Term Debt (Millions of US $)": {"2020-09-30": "$6,652", "2020-06-30": "$6,573", "2020-03-31": "$6,059", "2019-12-31": "$5,815", "2019-09-30": "$8,036", "2019-06-30": "$8,110", "2019-03-31": "$8,069", "2018-12-31": "$7,761", "2018-09-30": "$7,779", "2018-06-30": "$8,240", "2018-03-31": "$8,407", "2017-12-31": "$8,306", "2017-09-30": "", "2017-06-30": "", "2017-03-31": "", "2016-12-31": "$9,010"}}, "total-liabilities": {"Ardagh Group S.A Annual Total Liabilities (Millions of US $)": {"2019": "$8,893", "2018": "$11,823", "2017": "$12,526", "2016": "$13,630"}, "Ardagh Group S.A Quarterly Total Liabilities (Millions of US $)": {"2020-09-30": "$9,772", "2020-06-30": "$9,976", "2020-03-31": "$9,362", "2019-12-31": "$8,893", "2019-09-30": "$12,303", "2019-06-30": "$12,397", "2019-03-31": "$12,342", "2018-12-31": "$11,823", "2018-09-30": "$12,028", "2018-06-30": "$12,408", "2018-03-31": "$12,789", "2017-12-31": "$12,526", "2017-09-30": "$0", "2017-06-30": "$0", "2017-03-31": "$0", "2016-12-31": "$13,630"}}, "total-share-holder-equity": {"Ardagh Group S.A Annual Share Holder Equity (Millions of US $)": {"2019": "$-215", "2018": "$-1,509", "2017": "$-1,374", "2016": "$-2,275"}, "Ardagh Group S.A Quarterly Share Holder Equity (Millions of US $)": {"2020-09-30": "$-359", "2020-06-30": "$-367", "2020-03-31": "$-157", "2019-12-31": "$-215", "2019-09-30": "$-1,637", "2019-06-30": "$-1,562", "2019-03-31": "$-1,578", "2018-12-31": "$-1,509", "2018-09-30": "$-1,275", "2018-06-30": "$-1,286", "2018-03-31": "$-1,453", "2017-12-31": "$-1,374", "2017-09-30": "$0", "2017-06-30": "$0", "2017-03-31": "$0", "2016-12-31": "$-2,275"}}, "profit-margins": {"current": "22.2%"}, "gross margin": {"2020-09-30": "15.48%", "2020-06-30": "15.57%", "2020-03-31": "16.27%", "2019-12-31": "15.96%", "2019-09-30": "16.00%", "2019-06-30": "15.01%", "2019-03-31": "14.53%", "2018-12-31": "14.16%", "2018-09-30": "13.57%", "2018-06-30": "14.64%", "2018-03-31": "15.38%", "2017-12-31": "16.14%"}, "operating margin": {"2020-09-30": "6.55%", "2020-06-30": "6.32%", "2020-03-31": "7.05%", "2019-12-31": "7.03%", "2019-09-30": "3.16%", "2019-06-30": "2.84%", "2019-03-31": "3.20%", "2018-12-31": "3.07%", "2018-09-30": "5.59%", "2018-06-30": "6.72%", "2018-03-31": "7.28%", "2017-12-31": "7.84%"}, "ebitda margin": {"2020-09-30": "16.78%", "2020-06-30": "16.48%", "2020-03-31": "16.94%", "2019-12-31": "16.82%", "2019-09-30": "14.74%", "2019-06-30": "13.16%", "2019-03-31": "12.72%", "2018-12-31": "12.04%", "2018-09-30": "13.14%", "2018-06-30": "14.73%", "2018-03-31": "15.29%", "2017-12-31": "15.88%"}, "pre tax profit margin": {"2020-09-30": "-1.32%", "2020-06-30": "-3.89%", "2020-03-31": "-2.18%", "2019-12-31": "-3.60%", "2019-09-30": "-7.27%", "2019-06-30": "-6.14%", "2019-03-31": "-4.76%", "2018-12-31": "-4.10%", "2018-09-30": "-0.47%", "2018-06-30": "1.17%", "2018-03-31": "0.94%", "2017-12-31": "0.27%"}, "net profit margin": {"2020-09-30": "22.20%", "2020-06-30": "21.34%", "2020-03-31": "23.00%", "2019-12-31": "21.89%", "2019-09-30": "-1.66%", "2019-06-30": "-1.01%", "2019-03-31": "-1.08%", "2018-12-31": "-1.41%", "2018-09-30": "1.01%", "2018-06-30": "1.54%", "2018-03-31": "1.29%", "2017-12-31": "0.76%"}, "pe ratio": {"current": "11.99", "2021-02-05": "3.00", "2020-09-30": "2.25", "2020-06-30": "2.15", "2020-03-31": "1.78", "2019-12-31": "3.05", "2019-09-30": "0.00", "2019-06-30": "0.00", "2019-03-31": "0.00", "2018-12-31": "0.00", "2018-09-30": "41.31", "2018-06-30": "25.14", "2018-03-31": "34.34", "2017-12-31": "75.44"}, "price sales": {"2021-02-05": "0.66", "2020-09-30": "0.50", "2020-06-30": "0.46", "2020-03-31": "0.41", "2019-12-31": "0.67", "2019-09-30": "0.64", "2019-06-30": "0.72", "2019-03-31": "0.47", "2018-12-31": "0.36", "2018-09-30": "0.43", "2018-06-30": "0.39", "2018-03-31": "0.45", "2017-12-31": "0.50"}, "price book": {"current": "0.00", "2021-02-05": "0.00", "2020-09-30": "-9.17", "2020-06-30": "-8.16", "2020-03-31": "-17.33", "2019-12-31": "-20.66", "2019-09-30": "-2.16", "2019-06-30": "-2.50", "2019-03-31": "-1.82", "2018-12-31": "-1.61", "2018-09-30": "-2.83", "2018-06-30": "-2.77", "2018-03-31": "-2.74", "2017-12-31": "-3.24", "2017-09-30": "0.00", "2017-06-30": "0.00", "2017-03-31": "0.00"}, "price fcf": {"2021-02-05": "", "2020-09-30": "$1.06", "2020-06-30": "$0.88", "2020-03-31": "$0.38", "2019-12-31": "$1.46", "2019-09-30": "$2.09", "2019-06-30": "$1.95", "2019-03-31": "$2.13", "2018-12-31": "$1.69", "2018-09-30": "$1.11", "2018-06-30": "$1.25", "2018-03-31": "$1.39", "2017-12-31": "$2.04"}, "net worth": {"value": "$0.35B"}, "current ratio": {"2020-09-30": "1.73", "2020-06-30": "1.59", "2020-03-31": "1.40", "2019-12-31": "1.27", "2019-09-30": "1.24", "2019-06-30": "1.20", "2019-03-31": "1.21", "2018-12-31": "1.26", "2018-09-30": "1.28", "2018-06-30": "1.45", "2018-03-31": "1.44", "2017-12-31": "1.49", "2017-09-30": "0.00", "2017-06-30": "0.00", "2017-03-31": "0.00", "2016-12-31": "1.65"}, "quick ratio": {"2020-09-30": "1.23", "2020-06-30": "1.14", "2020-03-31": "0.93", "2019-12-31": "0.77", "2019-09-30": "0.79", "2019-06-30": "0.68", "2019-03-31": "0.69", "2018-12-31": "0.73", "2018-09-30": "0.79", "2018-06-30": "0.91", "2018-03-31": "0.89", "2017-12-31": "0.90", "2017-09-30": "0.00", "2017-06-30": "0.00", "2017-03-31": "0.00", "2016-12-31": "1.04"}, "debt equity ratio": {"current": "0.00", "2020-09-30": "-27.22", "2020-06-30": "-27.18", "2020-03-31": "-59.63", "2019-12-31": "-41.36", "2019-09-30": "-7.52", "2019-06-30": "-7.94", "2019-03-31": "-7.82", "2018-12-31": "-7.84", "2018-09-30": "-9.43", "2018-06-30": "-9.65", "2018-03-31": "-8.80", "2017-12-31": "-9.12", "2017-09-30": "0.00", "2017-06-30": "0.00", "2017-03-31": "0.00", "2016-12-31": "-5.99"}, "return on equity": {"2020-09-30": "-534.43%", "2020-06-30": "-234.85%", "2020-03-31": "-171.16%", "2019-12-31": "-116.83%", "2019-09-30": "5.79%", "2019-06-30": "3.71%", "2019-03-31": "4.67%", "2018-12-31": "6.81%", "2018-09-30": "-6.31%", "2018-06-30": "-13.52%", "2018-03-31": "-16.13%", "2017-12-31": "-18.92%"}, "return on assets": {"2020-09-30": "15.90%", "2020-06-30": "14.62%", "2020-03-31": "15.52%", "2019-12-31": "14.24%", "2019-09-30": "-0.85%", "2019-06-30": "-0.52%", "2019-03-31": "-0.61%", "2018-12-31": "-0.86%", "2018-09-30": "0.77%", "2018-06-30": "1.65%", "2018-03-31": "2.03%", "2017-12-31": "2.33%"}, "return on investments": {"2020-09-30": "7.22%", "2020-06-30": "6.85%", "2020-03-31": "7.66%", "2019-12-31": "7.48%", "2019-09-30": "2.69%", "2019-06-30": "2.40%", "2019-03-31": "2.98%", "2018-12-31": "3.08%", "2018-09-30": "6.86%", "2018-06-30": "11.61%", "2018-03-31": "18.58%", "2017-12-31": "38.89%"}, "return on tangible equity": {"2020-09-30": "-47.73%", "2020-06-30": "-40.71%", "2020-03-31": "-39.14%", "2019-12-31": "-32.83%", "2019-09-30": "1.84%", "2019-06-30": "1.08%", "2019-03-31": "1.28%", "2018-12-31": "1.79%", "2018-09-30": "-1.59%", "2018-06-30": "-3.42%", "2018-03-31": "-4.13%", "2017-12-31": "-4.75%"}, "dividend yield history": {"last payout": "$0.60", "last yield": "3.23%"}}