{"ticker": "ARW", "price": {"title": "Arrow Electronics Historical Annual Stock Price Data", "value": 100.41, "historical": {"2021": {"Average Stock Price": "102.7758", "Year Open": "97.6200", "Year High": "106.8800", "Year Low": "97.6200", "Year Close": "100.4100", "Annual % Change": "3.20%"}, "2020": {"Average Stock Price": "74.2110", "Year Open": "85.7900", "Year High": "99.2000", "Year Low": "41.0600", "Year Close": "97.3000", "Annual % Change": "14.82%"}, "2019": {"Average Stock Price": "75.1536", "Year Open": "69.5500", "Year High": "86.1000", "Year Low": "62.6600", "Year Close": "84.7400", "Annual % Change": "22.90%"}, "2018": {"Average Stock Price": "76.2461", "Year Open": "81.2200", "Year High": "86.9400", "Year Low": "63.2500", "Year Close": "68.9500", "Annual % Change": "-14.25%"}, "2017": {"Average Stock Price": "76.8307", "Year Open": "71.4500", "Year High": "83.9600", "Year Low": "69.9700", "Year Close": "80.4100", "Annual % Change": "12.78%"}, "2016": {"Average Stock Price": "62.4965", "Year Open": "53.1400", "Year High": "72.4400", "Year Low": "46.6600", "Year Close": "71.3000", "Annual % Change": "31.60%"}, "2015": {"Average Stock Price": "58.1740", "Year Open": "57.4400", "Year High": "64.6700", "Year Low": "50.7900", "Year Close": "54.1800", "Annual % Change": "-6.41%"}, "2014": {"Average Stock Price": "57.1837", "Year Open": "52.7300", "Year High": "62.7100", "Year Low": "46.4200", "Year Close": "57.8900", "Annual % Change": "6.71%"}, "2013": {"Average Stock Price": "43.9327", "Year Open": "39.7200", "Year High": "54.2500", "Year Low": "36.4700", "Year Close": "54.2500", "Annual % Change": "42.46%"}, "2012": {"Average Stock Price": "37.0904", "Year Open": "37.4200", "Year High": "42.6300", "Year Low": "31.0200", "Year Close": "38.0800", "Annual % Change": "1.79%"}, "2011": {"Average Stock Price": "37.0759", "Year Open": "34.6100", "Year High": "46.5300", "Year Low": "25.9800", "Year Close": "37.4100", "Annual % Change": "9.23%"}, "2010": {"Average Stock Price": "27.9749", "Year Open": "29.7000", "Year High": "34.3900", "Year Low": "22.0100", "Year Close": "34.2500", "Annual % Change": "15.67%"}, "2009": {"Average Stock Price": "23.4283", "Year Open": "19.6600", "Year High": "29.9800", "Year Low": "15.1700", "Year Close": "29.6100", "Annual % Change": "57.17%"}, "2008": {"Average Stock Price": "27.9577", "Year Open": "38.8000", "Year High": "38.8000", "Year Low": "11.8200", "Year Close": "18.8400", "Annual % Change": "-52.04%"}, "2007": {"Average Stock Price": "39.0754", "Year Open": "32.7000", "Year High": "44.3300", "Year Low": "32.7000", "Year Close": "39.2800", "Annual % Change": "24.50%"}, "2006": {"Average Stock Price": "31.3820", "Year Open": "32.5800", "Year High": "36.6500", "Year Low": "26.0000", "Year Close": "31.5500", "Annual % Change": "-1.50%"}, "2005": {"Average Stock Price": "27.9328", "Year Open": "24.3900", "Year High": "33.2500", "Year Low": "21.7100", "Year Close": "32.0300", "Annual % Change": "31.81%"}, "2004": {"Average Stock Price": "24.5569", "Year Open": "23.1300", "Year High": "28.4600", "Year Low": "20.8400", "Year Close": "24.3000", "Annual % Change": "5.01%"}, "2003": {"Average Stock Price": "17.4770", "Year Open": "13.3600", "Year High": "24.1500", "Year Low": "11.6500", "Year Close": "23.1400", "Annual % Change": "80.92%"}, "2002": {"Average Stock Price": "20.7234", "Year Open": "30.6900", "Year High": "32.6100", "Year Low": "9.1400", "Year Close": "12.7900", "Annual % Change": "-57.22%"}, "2001": {"Average Stock Price": "26.1927", "Year Open": "26.1900", "Year High": "32.7500", "Year Low": "19.1100", "Year Close": "29.9000", "Annual % Change": "4.44%"}, "2000": {"Average Stock Price": "31.8560", "Year Open": "22.4400", "Year High": "44.6900", "Year Low": "20.8800", "Year Close": "28.6300", "Annual % Change": "12.81%"}, "1999": {"Average Stock Price": "18.6064", "Year Open": "24.5600", "Year High": "25.3800", "Year Low": "13.5000", "Year Close": "25.3800", "Annual % Change": "-4.91%"}, "1998": {"Average Stock Price": "23.8378", "Year Open": "32.3800", "Year High": "35.6900", "Year Low": "11.9400", "Year Close": "26.6900", "Annual % Change": "-17.73%"}, "1997": {"Average Stock Price": "29.0571", "Year Open": "26.2500", "Year High": "35.5600", "Year Low": "26.1900", "Year Close": "32.4400", "Annual % Change": "21.27%"}, "1996": {"Average Stock Price": "23.1310", "Year Open": "21.0000", "Year High": "27.5000", "Year Low": "17.6875", "Year Close": "26.7500", "Annual % Change": "24.42%"}, "1995": {"Average Stock Price": "23.4196", "Year Open": "17.9400", "Year High": "29.3750", "Year Low": "17.6250", "Year Close": "21.5000", "Annual % Change": "19.44%"}, "1994": {"Average Stock Price": "19.1302", "Year Open": "20.3750", "Year High": "22.2500", "Year Low": "16.8750", "Year Close": "18.0000", "Annual % Change": "-13.77%"}, "1993": {"Average Stock Price": "17.5575", "Year Open": "13.7500", "Year High": "21.5650", "Year Low": "13.6250", "Year Close": "20.8750", "Annual % Change": "45.83%"}, "1992": {"Average Stock Price": "10.2579", "Year Open": "7.8150", "Year High": "15.0650", "Year Low": "7.3150", "Year Close": "14.3150", "Annual % Change": "81.78%"}, "1991": {"Average Stock Price": "4.8702", "Year Open": "2.1250", "Year High": "8.0000", "Year Low": "1.8750", "Year Close": "7.8750", "Annual % Change": "260.00%"}, "1990": {"Average Stock Price": "2.3249", "Year Open": "1.9375", "Year High": "3.5000", "Year Low": "1.8125", "Year Close": "2.1875", "Annual % Change": "13.05%"}, "1989": {"Average Stock Price": "2.6563", "Year Open": "3.2500", "Year High": "3.3750", "Year Low": "1.6250", "Year Close": "1.9350", "Annual % Change": "-41.63%"}, "1988": {"Average Stock Price": "3.8662", "Year Open": "3.8100", "Year High": "5.2500", "Year Low": "2.6850", "Year Close": "3.3150", "Annual % Change": "-1.78%"}, "1987": {"Average Stock Price": "3.6074", "Year Open": "3.1250", "Year High": "5.9400", "Year Low": "2.5000", "Year Close": "3.3750", "Annual % Change": "10.29%"}, "1986": {"Average Stock Price": "5.1903", "Year Open": "7.6250", "Year High": "8.4400", "Year Low": "1.8150", "Year Close": "3.0600", "Annual % Change": "-61.14%"}, "1985": {"Average Stock Price": "7.3116", "Year Open": "7.7500", "Year High": "9.0000", "Year Low": "5.6250", "Year Close": "7.8750", "Annual % Change": "1.61%"}}}, "market cap": {"value": "$7.59B"}, "income statement": {"Revenue": {"2020-12-31": "28673.36000", "2019-12-31": "28916.85000", "2018-12-31": "29676.77000", "2017-12-31": "26554.56000", "2016-12-31": "23487.87000", "2015-12-31": "23282.02000", "2014-12-31": "22768.67000", "2013-12-31": "21357.29000", "2012-12-31": "20405.13000", "2011-12-31": "21390.26000", "2010-12-31": "18744.68000", "2009-12-31": "14684.10000", "2008-12-31": "16761.01000", "2007-12-31": "15984.99000", "2006-12-31": "13577.11000", "2005-12-31": "11164.20000"}, "Cost Of Goods Sold": {"2020-12-31": "25482.23000", "2019-12-31": "25618.47000", "2018-12-31": "25975.86000", "2017-12-31": "23197.60000", "2016-12-31": "20343.55000", "2015-12-31": "20246.77000", "2014-12-31": "19772.78000", "2013-12-31": "18566.36000", "2012-12-31": "17667.84000", "2011-12-31": "18441.66000", "2010-12-31": "16326.07000", "2009-12-31": "12933.21000", "2008-12-31": "14478.30000", "2007-12-31": "13699.71000", "2006-12-31": "11545.72000", "2005-12-31": "9424.58600"}, "Gross Profit": {"2020-12-31": "3191.13100", "2019-12-31": "3298.38100", "2018-12-31": "3700.91200", "2017-12-31": "3356.96700", "2016-12-31": "3144.32000", "2015-12-31": "3035.25000", "2014-12-31": "2995.89500", "2013-12-31": "2790.93000", "2012-12-31": "2737.28700", "2011-12-31": "2948.60400", "2010-12-31": "2418.60600", "2009-12-31": "1750.89400", "2008-12-31": "2282.71400", "2007-12-31": "2285.27700", "2006-12-31": "2031.39400", "2005-12-31": "1739.61000"}, "Research And Development Expenses": {"2020-12-31": "", "2019-12-31": "", "2018-12-31": "", "2017-12-31": "", "2016-12-31": "", "2015-12-31": "", "2014-12-31": "", "2013-12-31": "", "2012-12-31": "", "2011-12-31": "", "2010-12-31": "", "2009-12-31": "", "2008-12-31": "", "2007-12-31": "", "2006-12-31": "", "2005-12-31": ""}, "SG&A Expenses": {"2020-12-31": "2087.05000", "2019-12-31": "2191.61200", "2018-12-31": "2303.05100", "2017-12-31": "2162.04500", "2016-12-31": "2046.91000", "2015-12-31": "1986.24900", "2014-12-31": "1959.74900", "2013-12-31": "1873.63800", "2012-12-31": "1849.53400", "2011-12-31": "1892.59200", "2010-12-31": "1556.98600", "2009-12-31": "1305.56600", "2008-12-31": "1607.26100", "2007-12-31": "1519.90800", "2006-12-31": "1362.14900", "2005-12-31": "1200.82600"}, "Other Operating Income Or Expenses": {"2020-12-31": "-7.22300", "2019-12-31": "-719.49800", "2018-12-31": "-3.60400", "2017-12-31": "-21.00000", "2016-12-31": "", "2015-12-31": "", "2014-12-31": "-78.00000", "2013-12-31": "", "2012-12-31": "79.15800", "2011-12-31": "-5.87500", "2010-12-31": "0.00000", "2009-12-31": "0.00000", "2008-12-31": "-1018.78000", "2007-12-31": "", "2006-12-31": "-4.28600", "2005-12-31": ""}, "Operating Expenses": {"2020-12-31": "27778.85000", "2019-12-31": "28809.15000", "2018-12-31": "28529.26000", "2017-12-31": "25608.83000", "2016-12-31": "22611.05000", "2015-12-31": "22457.54000", "2014-12-31": "22006.42000", "2013-12-31": "20663.79000", "2012-12-31": "19601.00000", "2011-12-31": "20481.42000", "2010-12-31": "17993.90000", "2009-12-31": "14411.31000", "2008-12-31": "17254.58000", "2007-12-31": "15298.09000", "2006-12-31": "12970.89000", "2005-12-31": "10683.94000"}, "Operating Income": {"2020-12-31": "894.51170", "2019-12-31": "107.69730", "2018-12-31": "1147.51200", "2017-12-31": "945.73440", "2016-12-31": "876.82420", "2015-12-31": "824.48050", "2014-12-31": "762.25390", "2013-12-31": "693.50000", "2012-12-31": "804.12500", "2011-12-31": "908.84380", "2010-12-31": "750.77340", "2009-12-31": "272.78610", "2008-12-31": "-493.56840", "2007-12-31": "686.90530", "2006-12-31": "606.22460", "2005-12-31": "480.25780"}, "Total Non-Operating Income/Expense": {"2020-12-31": "-135.25200", "2019-12-31": "-219.52600", "2018-12-31": "-238.13900", "2017-12-31": "-251.81900", "2016-12-31": "-161.30700", "2015-12-31": "-132.29900", "2014-12-31": "-78.92400", "2013-12-31": "-111.28100", "2012-12-31": "-93.76400", "2011-12-31": "-99.04200", "2010-12-31": "-71.77200", "2009-12-31": "-83.86600", "2008-12-31": "-103.34400", "2007-12-31": "-94.72200", "2006-12-31": "-87.94800", "2005-12-31": "-94.69700"}, "Pre-Tax Income": {"2020-12-31": "759.25900", "2019-12-31": "-111.83000", "2018-12-31": "909.37300", "2017-12-31": "693.91700", "2016-12-31": "715.51900", "2015-12-31": "692.18300", "2014-12-31": "683.33300", "2013-12-31": "582.21900", "2012-12-31": "710.35900", "2011-12-31": "809.80100", "2010-12-31": "679.00300", "2009-12-31": "188.92100", "2008-12-31": "-596.91300", "2007-12-31": "592.18300", "2006-12-31": "518.27700", "2005-12-31": "385.56100"}, "Income Taxes": {"2020-12-31": "172.79500", "2019-12-31": "88.33800", "2018-12-31": "187.79900", "2017-12-31": "286.54100", "2016-12-31": "190.73100", "2015-12-31": "191.69700", "2014-12-31": "184.94300", "2013-12-31": "182.34300", "2012-12-31": "203.64200", "2011-12-31": "210.48500", "2010-12-31": "199.37800", "2009-12-31": "65.41600", "2008-12-31": "16.72200", "2007-12-31": "180.69700", "2006-12-31": "128.45700", "2005-12-31": "131.24800"}, "Income After Taxes": {"2020-12-31": "586.46400", "2019-12-31": "-200.16800", "2018-12-31": "721.57400", "2017-12-31": "407.37600", "2016-12-31": "524.78800", "2015-12-31": "500.48600", "2014-12-31": "498.39000", "2013-12-31": "399.87600", "2012-12-31": "506.71700", "2011-12-31": "599.31600", "2010-12-31": "479.62500", "2009-12-31": "123.50500", "2008-12-31": "-613.63500", "2007-12-31": "411.48600", "2006-12-31": "389.82000", "2005-12-31": "254.31300"}, "Other Income": {"2020-12-31": "", "2019-12-31": "", "2018-12-31": "", "2017-12-31": "", "2016-12-31": "", "2015-12-31": "", "2014-12-31": "", "2013-12-31": "", "2012-12-31": "", "2011-12-31": "", "2010-12-31": "", "2009-12-31": "", "2008-12-31": "", "2007-12-31": "", "2006-12-31": "", "2005-12-31": ""}, "Income From Continuous Operations": {"2020-12-31": "586.46400", "2019-12-31": "-200.16800", "2018-12-31": "721.57400", "2017-12-31": "407.37600", "2016-12-31": "524.78800", "2015-12-31": "500.48600", "2014-12-31": "498.39000", "2013-12-31": "399.87600", "2012-12-31": "506.71700", "2011-12-31": "599.31600", "2010-12-31": "479.62500", "2009-12-31": "123.50500", "2008-12-31": "-613.63500", "2007-12-31": "411.48600", "2006-12-31": "388.33100", "2005-12-31": "253.60900"}, "Income From Discontinued Operations": {"2020-12-31": "", "2019-12-31": "", "2018-12-31": "", "2017-12-31": "", "2016-12-31": "", "2015-12-31": "", "2014-12-31": "", "2013-12-31": "", "2012-12-31": "", "2011-12-31": "", "2010-12-31": "", "2009-12-31": "", "2008-12-31": "", "2007-12-31": "", "2006-12-31": "", "2005-12-31": ""}, "Net Income": {"2020-12-31": "584.43800", "2019-12-31": "-204.08700", "2018-12-31": "716.19500", "2017-12-31": "402.17600", "2016-12-31": "522.81500", "2015-12-31": "497.72600", "2014-12-31": "498.04500", "2013-12-31": "399.42000", "2012-12-31": "506.33200", "2011-12-31": "598.81000", "2010-12-31": "479.63000", "2009-12-31": "123.51200", "2008-12-31": "-613.73900", "2007-12-31": "407.79200", "2006-12-31": "388.85500", "2005-12-31": "258.81000"}, "EBITDA": {"2020-12-31": "1118.85800", "2019-12-31": "338.55730", "2018-12-31": "1380.13400", "2017-12-31": "1138.45500", "2016-12-31": "1075.84400", "2015-12-31": "1027.50800", "2014-12-31": "960.23190", "2013-12-31": "861.56400", "2012-12-31": "954.02100", "2011-12-31": "1051.55100", "2010-12-31": "862.73840", "2009-12-31": "372.83010", "2008-12-31": "-404.02840", "2007-12-31": "777.15730", "2006-12-31": "678.08060", "2005-12-31": "546.97980"}, "EBIT": {"2020-12-31": "894.51170", "2019-12-31": "107.69730", "2018-12-31": "1147.51200", "2017-12-31": "945.73440", "2016-12-31": "876.82420", "2015-12-31": "824.48050", "2014-12-31": "762.25390", "2013-12-31": "693.50000", "2012-12-31": "804.12500", "2011-12-31": "908.84380", "2010-12-31": "750.77340", "2009-12-31": "272.78610", "2008-12-31": "-493.56840", "2007-12-31": "686.90530", "2006-12-31": "606.22460", "2005-12-31": "480.25780"}, "Basic Shares Outstanding": {"2020-12-31": "77.99200", "2019-12-31": "83.56800", "2018-12-31": "87.47600", "2017-12-31": "88.68100", "2016-12-31": "90.96000", "2015-12-31": "94.60800", "2014-12-31": "98.67500", "2013-12-31": "102.55900", "2012-12-31": "109.24000", "2011-12-31": "114.02500", "2010-12-31": "117.99700", "2009-12-31": "119.80000", "2008-12-31": "120.77300", "2007-12-31": "123.17600", "2006-12-31": "121.66700", "2005-12-31": "117.81900"}, "Shares Outstanding": {"2020-12-31": "78.63500", "2019-12-31": "83.56800", "2018-12-31": "88.44400", "2017-12-31": "89.76600", "2016-12-31": "92.03300", "2015-12-31": "95.68600", "2014-12-31": "99.94700", "2013-12-31": "103.69900", "2012-12-31": "111.07700", "2011-12-31": "115.93200", "2010-12-31": "119.57700", "2009-12-31": "120.48900", "2008-12-31": "120.77300", "2007-12-31": "124.42900", "2006-12-31": "123.18100", "2005-12-31": "124.08000"}, "Basic EPS": {"2020-12-31": "7.49000", "2019-12-31": "-2.44000", "2018-12-31": "8.19000", "2017-12-31": "4.54000", "2016-12-31": "5.75000", "2015-12-31": "5.26000", "2014-12-31": "5.05000", "2013-12-31": "3.89000", "2012-12-31": "4.64000", "2011-12-31": "5.25000", "2010-12-31": "4.06000", "2009-12-31": "1.03000", "2008-12-31": "-5.08000", "2007-12-31": "3.31000", "2006-12-31": "3.19000", "2005-12-31": "2.15000"}, "EPS - Earnings Per Share": {"2020-12-31": "7.43000", "2019-12-31": "-2.44000", "2018-12-31": "8.10000", "2017-12-31": "4.48000", "2016-12-31": "5.68000", "2015-12-31": "5.20000", "2014-12-31": "4.98000", "2013-12-31": "3.85000", "2012-12-31": "4.56000", "2011-12-31": "5.17000", "2010-12-31": "4.01000", "2009-12-31": "1.03000", "2008-12-31": "-5.08000", "2007-12-31": "3.28000", "2006-12-31": "3.16000", "2005-12-31": "2.09000"}}, "income statement, quarterly": {"Revenue": {"2020-12-31": "8454.19200", "2020-09-30": "7231.26000", "2020-06-30": "6606.49400", "2020-03-31": "6381.41700", "2019-12-31": "7338.19100", "2019-09-30": "7078.11800", "2019-06-30": "7344.54800", "2019-03-31": "7155.99100", "2018-12-31": "7918.18200", "2018-09-30": "7490.44500", "2018-06-30": "7392.52800", "2018-03-31": "6875.61300", "2017-12-31": "7539.44900", "2017-09-30": "6856.10800", "2017-06-30": "6422.22600", "2017-03-31": "5736.78000", "2016-12-31": "6105.50100", "2016-09-30": "5936.09200", "2016-06-30": "5972.10100", "2016-03-31": "5474.17700", "2015-12-31": "6751.34200", "2015-09-30": "5698.30400", "2015-06-30": "5829.98900", "2015-03-31": "5002.38500", "2014-12-31": "6396.87800", "2014-09-30": "5613.21600", "2014-06-30": "5676.53900", "2014-03-31": "5082.04000", "2013-12-31": "6153.36000", "2013-09-30": "5048.21100", "2013-06-30": "5306.08500", "2013-03-31": "4849.62900", "2012-12-31": "5402.70600", "2012-09-30": "4962.33100", "2012-06-30": "5150.56300", "2012-03-31": "4889.52900", "2011-12-31": "5440.47200", "2011-09-30": "5186.85700", "2011-06-30": "5539.93100", "2011-03-31": "5223.00300", "2010-12-31": "5238.16100", "2010-09-30": "4657.84100", "2010-06-30": "4613.30700", "2010-03-31": "4235.36600", "2009-12-31": "4202.98400", "2009-09-30": "3671.86500", "2009-06-30": "3391.82300", "2009-03-31": "3417.42800", "2008-12-31": "4089.72700", "2008-09-30": "4295.31400", "2008-06-30": "4347.47700", "2008-03-31": "4028.49100", "2007-12-31": "4418.98200", "2007-09-30": "4030.36300", "2007-06-30": "4038.08300", "2007-03-31": "3497.56400", "2006-12-31": "3493.32000", "2006-09-30": "3454.29700", "2006-06-30": "3437.03200", "2006-03-31": "3192.46300", "2005-12-31": "2959.61000", "2005-09-30": "2710.16800", "2005-06-30": "2767.54700", "2005-03-31": "2726.87100"}, "Cost Of Goods Sold": {"2020-12-31": "7530.50600", "2020-09-30": "6442.67000", "2020-06-30": "5856.03100", "2020-03-31": "5653.02600", "2019-12-31": "6515.24800", "2019-09-30": "6279.27700", "2019-06-30": "6529.63900", "2019-03-31": "6294.30300", "2018-12-31": "6942.81100", "2018-09-30": "6566.66700", "2018-06-30": "6459.70800", "2018-03-31": "6006.66900", "2017-12-31": "6610.27000", "2017-09-30": "6013.54100", "2017-06-30": "5598.20200", "2017-03-31": "4975.58300", "2016-12-31": "5282.03200", "2016-09-30": "5162.93000", "2016-06-30": "5173.31000", "2016-03-31": "4725.27900", "2015-12-31": "5912.37500", "2015-09-30": "4955.93700", "2015-06-30": "5061.39400", "2015-03-31": "4317.06300", "2014-12-31": "5581.02100", "2014-09-30": "4884.52900", "2014-06-30": "4929.01800", "2014-03-31": "4378.21200", "2013-12-31": "5365.73400", "2013-09-30": "4376.55100", "2013-06-30": "4616.51300", "2013-03-31": "4207.55700", "2012-12-31": "4695.86100", "2012-09-30": "4299.61200", "2012-06-30": "4463.41900", "2012-03-31": "4208.95000", "2011-12-31": "4695.66300", "2011-09-30": "4475.71800", "2011-06-30": "4769.78400", "2011-03-31": "4500.49500", "2010-12-31": "4554.75800", "2010-09-30": "4049.04700", "2010-06-30": "4024.83100", "2010-03-31": "3697.43300", "2009-12-31": "3706.34300", "2009-09-30": "3250.80400", "2009-06-30": "2989.62900", "2009-03-31": "2986.43200", "2008-12-31": "3569.63100", "2008-09-30": "3731.45900", "2008-06-30": "3735.00600", "2008-03-31": "3442.20000", "2007-12-31": "3804.86300", "2007-09-30": "3477.80600", "2007-06-30": "3459.11300", "2007-03-31": "2957.93300", "2006-12-31": "2981.97700", "2006-09-30": "2946.21400", "2006-06-30": "2912.60800", "2006-03-31": "2704.92000", "2005-12-31": "2512.81800", "2005-09-30": "2290.91200", "2005-06-30": "2326.21400", "2005-03-31": "2294.64200"}, "Gross Profit": {"2020-12-31": "923.68650", "2020-09-30": "788.58980", "2020-06-30": "750.46340", "2020-03-31": "728.39110", "2019-12-31": "822.94380", "2019-09-30": "798.84130", "2019-06-30": "814.90870", "2019-03-31": "861.68800", "2018-12-31": "975.37160", "2018-09-30": "923.77780", "2018-06-30": "932.81980", "2018-03-31": "868.94380", "2017-12-31": "929.17920", "2017-09-30": "842.56690", "2017-06-30": "824.02390", "2017-03-31": "761.19680", "2016-12-31": "823.46920", "2016-09-30": "773.16160", "2016-06-30": "798.79100", "2016-03-31": "748.89790", "2015-12-31": "838.96730", "2015-09-30": "742.36720", "2015-06-30": "768.59470", "2015-03-31": "685.32180", "2014-12-31": "815.85740", "2014-09-30": "728.68700", "2014-06-30": "747.52100", "2014-03-31": "703.82810", "2013-12-31": "787.62650", "2013-09-30": "671.66020", "2013-06-30": "689.57180", "2013-03-31": "642.07180", "2012-12-31": "706.84420", "2012-09-30": "662.71920", "2012-06-30": "687.14400", "2012-03-31": "680.57860", "2011-12-31": "744.80860", "2011-09-30": "711.13920", "2011-06-30": "770.14700", "2011-03-31": "722.50780", "2010-12-31": "683.40280", "2010-09-30": "608.79370", "2010-06-30": "588.47610", "2010-03-31": "537.93310", "2009-12-31": "496.64180", "2009-09-30": "421.06100", "2009-06-30": "402.19410", "2009-03-31": "430.99610", "2008-12-31": "520.09620", "2008-09-30": "563.85500", "2008-06-30": "612.47090", "2008-03-31": "586.29100", "2007-12-31": "614.11910", "2007-09-30": "552.55710", "2007-06-30": "578.97000", "2007-03-31": "539.63090", "2006-12-31": "511.34330", "2006-09-30": "508.08300", "2006-06-30": "524.42410", "2006-03-31": "487.54300", "2005-12-31": "446.79250", "2005-09-30": "419.25590", "2005-06-30": "441.33300", "2005-03-31": "432.22900"}, "Research And Development Expenses": {"2020-12-31": "", "2020-09-30": "", "2020-06-30": "", "2020-03-31": "", "2019-12-31": "", "2019-09-30": "", "2019-06-30": "", "2019-03-31": "", "2018-12-31": "", "2018-09-30": "", "2018-06-30": "", "2018-03-31": "", "2017-12-31": "", "2017-09-30": "", "2017-06-30": "", "2017-03-31": "", "2016-12-31": "", "2016-09-30": "", "2016-06-30": "", "2016-03-31": "", "2015-12-31": "", "2015-09-30": "", "2015-06-30": "", "2015-03-31": "", "2014-12-31": "", "2014-09-30": "", "2014-06-30": "", "2014-03-31": "", "2013-12-31": "", "2013-09-30": "", "2013-06-30": "", "2013-03-31": "", "2012-12-31": "", "2012-09-30": "", "2012-06-30": "", "2012-03-31": "", "2011-12-31": "", "2011-09-30": "", "2011-06-30": "", "2011-03-31": "", "2010-12-31": "", "2010-09-30": "", "2010-06-30": "", "2010-03-31": "", "2009-12-31": "", "2009-09-30": "", "2009-06-30": "", "2009-03-31": "", "2008-12-31": "", "2008-09-30": "", "2008-06-30": "", "2008-03-31": "", "2007-12-31": "", "2007-09-30": "", "2007-06-30": "", "2007-03-31": "", "2006-12-31": "", "2006-09-30": "", "2006-06-30": "", "2006-03-31": "", "2005-12-31": "", "2005-09-30": "", "2005-06-30": "", "2005-03-31": ""}, "SG&A Expenses": {"2020-12-31": "547.53000", "2020-09-30": "504.21100", "2020-06-30": "501.47000", "2020-03-31": "533.83900", "2019-12-31": "513.87810", "2019-09-30": "522.44600", "2019-06-30": "599.21200", "2019-03-31": "556.07600", "2018-12-31": "583.94310", "2018-09-30": "575.75100", "2018-06-30": "580.38800", "2018-03-31": "562.96900", "2017-12-31": "562.08190", "2017-09-30": "552.65600", "2017-06-30": "531.78100", "2017-03-31": "515.52600", "2016-12-31": "512.37610", "2016-09-30": "510.01700", "2016-06-30": "518.70400", "2016-03-31": "505.81300", "2015-12-31": "529.08900", "2015-09-30": "497.87600", "2015-06-30": "504.75400", "2015-03-31": "454.53000", "2014-12-31": "506.07400", "2014-09-30": "485.86400", "2014-06-30": "489.90800", "2014-03-31": "477.90300", "2013-12-31": "497.43890", "2013-09-30": "453.92000", "2013-06-30": "470.87400", "2013-03-31": "451.40500", "2012-12-31": "480.10310", "2012-09-30": "456.52100", "2012-06-30": "457.07300", "2012-03-31": "455.83700", "2011-12-31": "469.75710", "2011-09-30": "467.32500", "2011-06-30": "490.59000", "2011-03-31": "464.92000", "2010-12-31": "423.63410", "2010-09-30": "390.72700", "2010-06-30": "375.87600", "2010-03-31": "366.74900", "2009-12-31": "339.92100", "2009-09-30": "321.50300", "2009-06-30": "315.02800", "2009-03-31": "329.11400", "2008-12-31": "376.36800", "2008-09-30": "403.54200", "2008-06-30": "421.83900", "2008-03-31": "405.51200", "2007-12-31": "391.94990", "2007-09-30": "373.79600", "2007-06-30": "383.93600", "2007-03-31": "370.22600", "2006-12-31": "346.54210", "2006-09-30": "342.95100", "2006-06-30": "346.82800", "2006-03-31": "325.82800", "2005-12-31": "297.37210", "2005-09-30": "290.37600", "2005-06-30": "304.23500", "2005-03-31": "308.84300"}, "Other Operating Income Or Expenses": {"2020-12-31": "", "2020-09-30": "-2.30500", "2020-06-30": "-4.91800", "2020-03-31": "", "2019-12-31": "-5.81300", "2019-09-30": "-14.82600", "2019-06-30": "-697.99300", "2019-03-31": "-0.86600", "2018-12-31": "", "2018-09-30": "-2.04200", "2018-06-30": "", "2018-03-31": "-1.56200", "2017-12-31": "", "2017-09-30": "", "2017-06-30": "", "2017-03-31": "", "2016-12-31": "", "2016-09-30": "", "2016-06-30": "", "2016-03-31": "", "2015-12-31": "", "2015-09-30": "", "2015-06-30": "", "2015-03-31": "", "2014-12-31": "", "2014-09-30": "", "2014-06-30": "", "2014-03-31": "", "2013-12-31": "", "2013-09-30": "", "2013-06-30": "", "2013-03-31": "", "2012-12-31": "", "2012-09-30": "", "2012-06-30": "", "2012-03-31": "", "2011-12-31": "", "2011-09-30": "", "2011-06-30": "", "2011-03-31": "-5.87500", "2010-12-31": "", "2010-09-30": "", "2010-06-30": "", "2010-03-31": "", "2009-12-31": "", "2009-09-30": "", "2009-06-30": "", "2009-03-31": "", "2008-12-31": "-1005.83900", "2008-09-30": "", "2008-06-30": "", "2008-03-31": "-12.94100", "2007-12-31": "", "2007-09-30": "", "2007-06-30": "", "2007-03-31": "", "2006-12-31": "", "2006-09-30": "", "2006-06-30": "", "2006-03-31": "", "2005-12-31": "", "2005-09-30": "", "2005-06-30": "", "2005-03-31": ""}, "Operating Expenses": {"2020-12-31": "8132.77900", "2020-09-30": "6993.07800", "2020-06-30": "6409.88100", "2020-03-31": "6243.11300", "2019-12-31": "7100.08000", "2019-09-30": "6904.90000", "2019-06-30": "7893.73800", "2019-03-31": "6910.43200", "2018-12-31": "7583.80200", "2018-09-30": "7200.13500", "2018-06-30": "7105.70100", "2018-03-31": "6639.61800", "2017-12-31": "7252.62500", "2017-09-30": "6620.66700", "2017-06-30": "6191.78000", "2017-03-31": "5543.75500", "2016-12-31": "5832.31600", "2016-09-30": "5737.40800", "2016-06-30": "5748.50900", "2016-03-31": "5292.81300", "2015-12-31": "6497.03300", "2015-09-30": "5512.51000", "2015-06-30": "5623.04600", "2015-03-31": "4824.95100", "2014-12-31": "6220.45100", "2014-09-30": "5413.40000", "2014-06-30": "5468.27000", "2014-03-31": "4904.29900", "2013-12-31": "5916.02300", "2013-09-30": "4885.47500", "2013-06-30": "5150.21000", "2013-03-31": "4712.07700", "2012-12-31": "5138.53500", "2012-09-30": "4798.51400", "2012-06-30": "4961.87500", "2012-03-31": "4702.08000", "2011-12-31": "5208.28800", "2011-09-30": "4977.69500", "2011-06-30": "5291.60100", "2011-03-31": "5003.83500", "2010-12-31": "5006.36800", "2010-09-30": "4473.32200", "2010-06-30": "4424.11600", "2010-03-31": "4090.09600", "2009-12-31": "4087.69000", "2009-09-30": "3626.80900", "2009-06-30": "3340.62500", "2009-03-31": "3356.19100", "2008-12-31": "5024.17400", "2008-09-30": "4163.53800", "2008-06-30": "4182.51900", "2008-03-31": "3884.34800", "2007-12-31": "4225.39900", "2007-09-30": "3872.85400", "2007-06-30": "3864.92900", "2007-03-31": "3334.90500", "2006-12-31": "3351.94200", "2006-09-30": "3301.82500", "2006-06-30": "3273.89100", "2006-03-31": "3043.23000", "2005-12-31": "2824.84200", "2005-09-30": "2591.93000", "2005-06-30": "2648.78900", "2005-03-31": "2618.37800"}, "Operating Income": {"2020-12-31": "321.41310", "2020-09-30": "238.18160", "2020-06-30": "196.61330", "2020-03-31": "138.30420", "2019-12-31": "238.11130", "2019-09-30": "173.21830", "2019-06-30": "-549.19040", "2019-03-31": "245.55960", "2018-12-31": "334.37990", "2018-09-30": "290.30960", "2018-06-30": "286.82670", "2018-03-31": "235.99510", "2017-12-31": "286.82370", "2017-09-30": "235.44040", "2017-06-30": "230.44580", "2017-03-31": "193.02490", "2016-12-31": "273.18510", "2016-09-30": "198.68360", "2016-06-30": "223.59180", "2016-03-31": "181.36380", "2015-12-31": "254.30910", "2015-09-30": "185.79440", "2015-06-30": "206.94290", "2015-03-31": "177.43410", "2014-12-31": "176.42720", "2014-09-30": "199.81590", "2014-06-30": "208.26900", "2014-03-31": "177.74070", "2013-12-31": "237.33740", "2013-09-30": "162.73630", "2013-06-30": "155.87450", "2013-03-31": "137.55220", "2012-12-31": "264.17040", "2012-09-30": "163.81740", "2012-06-30": "188.68850", "2012-03-31": "187.44870", "2011-12-31": "232.18360", "2011-09-30": "209.16160", "2011-06-30": "248.33010", "2011-03-31": "219.16800", "2010-12-31": "231.79350", "2010-09-30": "184.51900", "2010-06-30": "189.19090", "2010-03-31": "145.27000", "2009-12-31": "115.29440", "2009-09-30": "45.05620", "2009-06-30": "51.19800", "2009-03-31": "61.23710", "2008-12-31": "-934.44650", "2008-09-30": "131.77590", "2008-06-30": "164.95800", "2008-03-31": "144.14310", "2007-12-31": "193.58300", "2007-09-30": "157.50930", "2007-06-30": "173.15380", "2007-03-31": "162.65870", "2006-12-31": "141.37840", "2006-09-30": "152.47190", "2006-06-30": "163.14110", "2006-03-31": "149.23290", "2005-12-31": "134.76880", "2005-09-30": "118.23780", "2005-06-30": "118.75830", "2005-03-31": "108.49290"}, "Total Non-Operating Income/Expense": {"2020-12-31": "-25.09400", "2020-09-30": "-27.07900", "2020-06-30": "-22.42200", "2020-03-31": "-60.65700", "2019-12-31": "-68.46000", "2019-09-30": "-50.89700", "2019-06-30": "-50.93000", "2019-03-31": "-49.23900", "2018-12-31": "-69.41500", "2018-09-30": "-55.08300", "2018-06-30": "-64.10600", "2018-03-31": "-49.53500", "2017-12-31": "-59.91000", "2017-09-30": "-54.56000", "2017-06-30": "-100.20700", "2017-03-31": "-37.14200", "2016-12-31": "-54.87300", "2016-09-30": "-35.91800", "2016-06-30": "-36.79700", "2016-03-31": "-33.71900", "2015-12-31": "-33.79500", "2015-09-30": "-33.73500", "2015-06-30": "-34.29300", "2015-03-31": "-30.47600", "2014-12-31": "-27.37800", "2014-09-30": "4.41300", "2014-06-30": "-27.73900", "2014-03-31": "-28.22000", "2013-12-31": "-25.33500", "2013-09-30": "-25.28300", "2013-06-30": "-28.83900", "2013-03-31": "-31.82400", "2012-12-31": "-19.88700", "2012-09-30": "-21.80200", "2012-06-30": "-27.12700", "2012-03-31": "-24.94800", "2011-12-31": "-28.06900", "2011-09-30": "-23.04600", "2011-06-30": "-25.12800", "2011-03-31": "-22.79900", "2010-12-31": "-17.40600", "2010-09-30": "-17.28800", "2010-06-30": "-19.14000", "2010-03-31": "-17.93800", "2009-12-31": "-23.63700", "2009-09-30": "-21.46200", "2009-06-30": "-16.05500", "2009-03-31": "-22.71200", "2008-12-31": "-34.69300", "2008-09-30": "-22.73600", "2008-06-30": "-23.19700", "2008-03-31": "-22.71800", "2007-12-31": "-25.18800", "2007-09-30": "-22.10100", "2007-06-30": "-26.35000", "2007-03-31": "-21.08300", "2006-12-31": "-15.05200", "2006-09-30": "-24.31900", "2006-06-30": "-22.94800", "2006-03-31": "-25.62900", "2005-12-31": "-20.71600", "2005-09-30": "-22.04100", "2005-06-30": "-28.56300", "2005-03-31": "-23.37700"}, "Pre-Tax Income": {"2020-12-31": "296.31800", "2020-09-30": "211.10300", "2020-06-30": "174.19100", "2020-03-31": "77.64700", "2019-12-31": "169.64800", "2019-09-30": "122.32100", "2019-06-30": "-600.12000", "2019-03-31": "196.32100", "2018-12-31": "264.96500", "2018-09-30": "235.22700", "2018-06-30": "222.72100", "2018-03-31": "186.46000", "2017-12-31": "226.91400", "2017-09-30": "180.88100", "2017-06-30": "130.23900", "2017-03-31": "155.88300", "2016-12-31": "218.31300", "2016-09-30": "162.76600", "2016-06-30": "186.79500", "2016-03-31": "147.64500", "2015-12-31": "220.51600", "2015-09-30": "152.05900", "2015-06-30": "172.65000", "2015-03-31": "146.95800", "2014-12-31": "149.05400", "2014-09-30": "204.22900", "2014-06-30": "180.53000", "2014-03-31": "149.52000", "2013-12-31": "212.00200", "2013-09-30": "137.45300", "2013-06-30": "127.03600", "2013-03-31": "105.72800", "2012-12-31": "244.28100", "2012-09-30": "142.01500", "2012-06-30": "161.56200", "2012-03-31": "162.50100", "2011-12-31": "204.11410", "2011-09-30": "186.11600", "2011-06-30": "223.20200", "2011-03-31": "196.36900", "2010-12-31": "214.38900", "2010-09-30": "167.23100", "2010-06-30": "170.05100", "2010-03-31": "127.33200", "2009-12-31": "91.65900", "2009-09-30": "23.59400", "2009-06-30": "35.14300", "2009-03-31": "38.52500", "2008-12-31": "-969.13900", "2008-09-30": "109.04000", "2008-06-30": "141.76100", "2008-03-31": "121.42500", "2007-12-31": "168.39490", "2007-09-30": "135.40800", "2007-06-30": "146.80400", "2007-03-31": "141.57600", "2006-12-31": "126.32700", "2006-09-30": "128.15300", "2006-06-30": "140.19300", "2006-03-31": "123.60400", "2005-12-31": "114.05300", "2005-09-30": "96.19700", "2005-06-30": "90.19500", "2005-03-31": "85.11600"}, "Income Taxes": {"2020-12-31": "59.34200", "2020-09-30": "44.70700", "2020-06-30": "40.85400", "2020-03-31": "27.89200", "2019-12-31": "57.46000", "2019-09-30": "29.34000", "2019-06-30": "-52.36900", "2019-03-31": "53.90700", "2018-12-31": "32.47400", "2018-09-30": "57.05400", "2018-06-30": "51.68100", "2018-03-31": "46.59000", "2017-12-31": "171.41300", "2017-09-30": "45.97200", "2017-06-30": "29.59200", "2017-03-31": "39.56400", "2016-12-31": "53.29000", "2016-09-30": "44.93100", "2016-06-30": "51.45700", "2016-03-31": "41.05300", "2015-12-31": "61.10800", "2015-09-30": "41.75500", "2015-06-30": "47.96700", "2015-03-31": "40.86700", "2014-12-31": "32.76800", "2014-09-30": "57.37700", "2014-06-30": "52.47000", "2014-03-31": "42.32800", "2013-12-31": "77.08300", "2013-09-30": "40.49000", "2013-06-30": "37.00000", "2013-03-31": "27.77000", "2012-12-31": "69.46000", "2012-09-30": "38.32300", "2012-06-30": "47.08100", "2012-03-31": "48.77800", "2011-12-31": "29.98400", "2011-09-30": "53.73800", "2011-06-30": "66.89100", "2011-03-31": "59.87200", "2010-12-31": "56.50000", "2010-09-30": "48.72900", "2010-06-30": "53.85800", "2010-03-31": "40.29100", "2009-12-31": "28.54800", "2009-09-30": "11.01800", "2009-06-30": "14.06100", "2009-03-31": "11.78900", "2008-12-31": "-97.07900", "2008-09-30": "32.86300", "2008-06-30": "45.41800", "2008-03-31": "35.52000", "2007-12-31": "53.10400", "2007-09-30": "36.55400", "2007-06-30": "46.48300", "2007-03-31": "44.55600", "2006-12-31": "-2.37700", "2006-09-30": "42.09700", "2006-06-30": "47.08400", "2006-03-31": "41.65300", "2005-12-31": "39.47800", "2005-09-30": "32.39900", "2005-06-30": "31.62700", "2005-03-31": "27.74400"}, "Income After Taxes": {"2020-12-31": "236.97600", "2020-09-30": "166.39600", "2020-06-30": "133.33700", "2020-03-31": "49.75500", "2019-12-31": "112.18800", "2019-09-30": "92.98100", "2019-06-30": "-547.75100", "2019-03-31": "142.41400", "2018-12-31": "232.49100", "2018-09-30": "178.17300", "2018-06-30": "171.04000", "2018-03-31": "139.87000", "2017-12-31": "55.50100", "2017-09-30": "134.90900", "2017-06-30": "100.64700", "2017-03-31": "116.31900", "2016-12-31": "165.02290", "2016-09-30": "117.83500", "2016-06-30": "135.33800", "2016-03-31": "106.59200", "2015-12-31": "159.40800", "2015-09-30": "110.30400", "2015-06-30": "124.68300", "2015-03-31": "106.09100", "2014-12-31": "116.28600", "2014-09-30": "146.85200", "2014-06-30": "128.06000", "2014-03-31": "107.19200", "2013-12-31": "134.91900", "2013-09-30": "96.96300", "2013-06-30": "90.03600", "2013-03-31": "77.95800", "2012-12-31": "174.82100", "2012-09-30": "103.69200", "2012-06-30": "114.48100", "2012-03-31": "113.72300", "2011-12-31": "174.13000", "2011-09-30": "132.37800", "2011-06-30": "156.31100", "2011-03-31": "136.49700", "2010-12-31": "157.88900", "2010-09-30": "118.50200", "2010-06-30": "116.19300", "2010-03-31": "87.04100", "2009-12-31": "63.11100", "2009-09-30": "12.57600", "2009-06-30": "21.08200", "2009-03-31": "26.73600", "2008-12-31": "-872.06010", "2008-09-30": "76.17700", "2008-06-30": "96.34300", "2008-03-31": "85.90500", "2007-12-31": "115.29100", "2007-09-30": "98.85400", "2007-06-30": "100.32100", "2007-03-31": "97.02000", "2006-12-31": "128.70400", "2006-09-30": "86.05600", "2006-06-30": "93.10900", "2006-03-31": "81.95100", "2005-12-31": "74.57500", "2005-09-30": "63.79800", "2005-06-30": "58.56800", "2005-03-31": "57.37200"}, "Other Income": {"2020-12-31": "", "2020-09-30": "", "2020-06-30": "", "2020-03-31": "", "2019-12-31": "", "2019-09-30": "", "2019-06-30": "", "2019-03-31": "", "2018-12-31": "", "2018-09-30": "", "2018-06-30": "", "2018-03-31": "", "2017-12-31": "", "2017-09-30": "", "2017-06-30": "", "2017-03-31": "", "2016-12-31": "", "2016-09-30": "", "2016-06-30": "", "2016-03-31": "", "2015-12-31": "", "2015-09-30": "", "2015-06-30": "", "2015-03-31": "", "2014-12-31": "", "2014-09-30": "", "2014-06-30": "", "2014-03-31": "", "2013-12-31": "", "2013-09-30": "", "2013-06-30": "", "2013-03-31": "", "2012-12-31": "", "2012-09-30": "", "2012-06-30": "", "2012-03-31": "", "2011-12-31": "", "2011-09-30": "", "2011-06-30": "", "2011-03-31": "", "2010-12-31": "", "2010-09-30": "", "2010-06-30": "", "2010-03-31": "", "2009-12-31": "", "2009-09-30": "", "2009-06-30": "", "2009-03-31": "", "2008-12-31": "", "2008-09-30": "", "2008-06-30": "", "2008-03-31": "", "2007-12-31": "", "2007-09-30": "", "2007-06-30": "", "2007-03-31": "", "2006-12-31": "", "2006-09-30": "", "2006-06-30": "", "2006-03-31": "", "2005-12-31": "", "2005-09-30": "", "2005-06-30": "", "2005-03-31": ""}, "Income From Continuous Operations": {"2020-12-31": "236.97600", "2020-09-30": "166.39600", "2020-06-30": "133.33700", "2020-03-31": "49.75500", "2019-12-31": "112.18800", "2019-09-30": "92.98100", "2019-06-30": "-547.75100", "2019-03-31": "142.41400", "2018-12-31": "232.49100", "2018-09-30": "178.17300", "2018-06-30": "171.04000", "2018-03-31": "139.87000", "2017-12-31": "55.50100", "2017-09-30": "134.90900", "2017-06-30": "100.64700", "2017-03-31": "116.31900", "2016-12-31": "165.02290", "2016-09-30": "117.83500", "2016-06-30": "135.33800", "2016-03-31": "106.59200", "2015-12-31": "159.40800", "2015-09-30": "110.30400", "2015-06-30": "124.68300", "2015-03-31": "106.09100", "2014-12-31": "116.28600", "2014-09-30": "146.85200", "2014-06-30": "128.06000", "2014-03-31": "107.19200", "2013-12-31": "134.91900", "2013-09-30": "96.96300", "2013-06-30": "90.03600", "2013-03-31": "77.95800", "2012-12-31": "174.82100", "2012-09-30": "103.69200", "2012-06-30": "114.48100", "2012-03-31": "113.72300", "2011-12-31": "174.13000", "2011-09-30": "132.37800", "2011-06-30": "156.31100", "2011-03-31": "136.49700", "2010-12-31": "157.88900", "2010-09-30": "118.50200", "2010-06-30": "116.19300", "2010-03-31": "87.04100", "2009-12-31": "63.11100", "2009-09-30": "12.57600", "2009-06-30": "21.08200", "2009-03-31": "26.73600", "2008-12-31": "-872.02600", "2008-09-30": "76.17700", "2008-06-30": "96.34300", "2008-03-31": "85.87100", "2007-12-31": "117.65700", "2007-09-30": "98.32400", "2007-06-30": "99.21100", "2007-03-31": "96.29400", "2006-12-31": "128.07100", "2006-09-30": "85.91800", "2006-06-30": "92.76300", "2006-03-31": "81.57900", "2005-12-31": "74.44600", "2005-09-30": "63.52300", "2005-06-30": "58.44900", "2005-03-31": "57.19100"}, "Income From Discontinued Operations": {"2020-12-31": "", "2020-09-30": "", "2020-06-30": "", "2020-03-31": "", "2019-12-31": "", "2019-09-30": "", "2019-06-30": "", "2019-03-31": "", "2018-12-31": "", "2018-09-30": "", "2018-06-30": "", "2018-03-31": "", "2017-12-31": "", "2017-09-30": "", "2017-06-30": "", "2017-03-31": "", "2016-12-31": "", "2016-09-30": "", "2016-06-30": "", "2016-03-31": "", "2015-12-31": "", "2015-09-30": "", "2015-06-30": "", "2015-03-31": "", "2014-12-31": "", "2014-09-30": "", "2014-06-30": "", "2014-03-31": "", "2013-12-31": "", "2013-09-30": "", "2013-06-30": "", "2013-03-31": "", "2012-12-31": "", "2012-09-30": "", "2012-06-30": "", "2012-03-31": "", "2011-12-31": "", "2011-09-30": "", "2011-06-30": "", "2011-03-31": "", "2010-12-31": "", "2010-09-30": "", "2010-06-30": "", "2010-03-31": "", "2009-12-31": "", "2009-09-30": "", "2009-06-30": "", "2009-03-31": "", "2008-12-31": "", "2008-09-30": "", "2008-06-30": "", "2008-03-31": "", "2007-12-31": "", "2007-09-30": "", "2007-06-30": "", "2007-03-31": "", "2006-12-31": "", "2006-09-30": "", "2006-06-30": "", "2006-03-31": "", "2005-12-31": "", "2005-09-30": "", "2005-06-30": "", "2005-03-31": ""}, "Net Income": {"2020-12-31": "236.07100", "2020-09-30": "166.06000", "2020-06-30": "132.80400", "2020-03-31": "49.50300", "2019-12-31": "112.01300", "2019-09-30": "92.13100", "2019-06-30": "-548.96600", "2019-03-31": "140.73500", "2018-12-31": "230.65300", "2018-09-30": "176.53300", "2018-06-30": "169.91500", "2018-03-31": "139.09400", "2017-12-31": "53.65300", "2017-09-30": "134.06400", "2017-06-30": "99.72200", "2017-03-31": "114.73700", "2016-12-31": "164.58300", "2016-09-30": "117.72700", "2016-06-30": "134.27000", "2016-03-31": "106.23500", "2015-12-31": "158.49200", "2015-09-30": "109.24400", "2015-06-30": "123.93200", "2015-03-31": "106.05800", "2014-12-31": "116.17700", "2014-09-30": "146.86400", "2014-06-30": "127.88400", "2014-03-31": "107.12000", "2013-12-31": "134.83100", "2013-09-30": "96.77900", "2013-06-30": "89.93500", "2013-03-31": "77.87500", "2012-12-31": "174.70400", "2012-09-30": "103.61700", "2012-06-30": "114.38300", "2012-03-31": "113.62800", "2011-12-31": "174.08800", "2011-09-30": "132.21600", "2011-06-30": "156.19700", "2011-03-31": "136.30900", "2010-12-31": "157.88900", "2010-09-30": "118.50200", "2010-06-30": "116.19300", "2010-03-31": "87.04600", "2009-12-31": "63.09300", "2009-09-30": "12.58100", "2009-06-30": "21.09700", "2009-03-31": "26.74100", "2008-12-31": "-871.89500", "2008-09-30": "76.07000", "2008-06-30": "96.21500", "2008-03-31": "85.87100", "2007-12-31": "113.96300", "2007-09-30": "98.32400", "2007-06-30": "99.21100", "2007-03-31": "96.29400", "2006-12-31": "128.59500", "2006-09-30": "85.91800", "2006-06-30": "92.76300", "2006-03-31": "81.57900", "2005-12-31": "79.64700", "2005-09-30": "63.52300", "2005-06-30": "58.44900", "2005-03-31": "57.19100"}, "EBITDA": {"2020-12-31": "", "2020-09-30": "291.19870", "2020-06-30": "251.82230", "2020-03-31": "199.33420", "2019-12-31": "294.48330", "2019-09-30": "225.56930", "2019-06-30": "-493.66940", "2019-03-31": "312.17560", "2018-12-31": "389.69690", "2018-09-30": "348.28360", "2018-06-30": "345.86770", "2018-03-31": "296.28510", "2017-12-31": "336.14770", "2017-09-30": "282.92440", "2017-06-30": "277.64280", "2017-03-31": "241.74090", "2016-12-31": "320.90610", "2016-09-30": "249.38560", "2016-06-30": "274.37880", "2016-03-31": "231.17380", "2015-12-31": "305.70010", "2015-09-30": "238.51240", "2015-06-30": "258.77990", "2015-03-31": "224.51610", "2014-12-31": "227.76720", "2014-09-30": "250.00390", "2014-06-30": "258.35210", "2014-03-31": "224.10770", "2013-12-31": "284.61440", "2013-09-30": "206.63730", "2013-06-30": "195.27250", "2013-03-31": "175.04030", "2012-12-31": "304.30140", "2012-09-30": "202.35140", "2012-06-30": "223.61450", "2012-03-31": "223.75370", "2011-12-31": "269.86260", "2011-09-30": "244.06760", "2011-06-30": "285.15710", "2011-03-31": "252.46300", "2010-12-31": "261.63350", "2010-09-30": "212.25000", "2010-06-30": "216.08290", "2010-03-31": "172.77200", "2009-12-31": "144.17640", "2009-09-30": "68.71820", "2009-06-30": "76.16700", "2009-03-31": "83.76810", "2008-12-31": "-911.73460", "2008-09-30": "153.09290", "2008-06-30": "187.18100", "2008-03-31": "167.43110", "2007-12-31": "216.92600", "2007-09-30": "180.22030", "2007-06-30": "197.46180", "2007-03-31": "182.54870", "2006-12-31": "160.72540", "2006-09-30": "169.89290", "2006-06-30": "181.40210", "2006-03-31": "166.05990", "2005-12-31": "149.76980", "2005-09-30": "133.64880", "2005-06-30": "136.72730", "2005-03-31": "126.83390"}, "EBIT": {"2020-12-31": "321.41310", "2020-09-30": "238.18160", "2020-06-30": "196.61330", "2020-03-31": "138.30420", "2019-12-31": "238.10990", "2019-09-30": "173.21830", "2019-06-30": "-549.19040", "2019-03-31": "245.55960", "2018-12-31": "334.38040", "2018-09-30": "290.30960", "2018-06-30": "286.82670", "2018-03-31": "235.99510", "2017-12-31": "286.82320", "2017-09-30": "235.44040", "2017-06-30": "230.44580", "2017-03-31": "193.02490", "2016-12-31": "273.18510", "2016-09-30": "198.68360", "2016-06-30": "223.59180", "2016-03-31": "181.36380", "2015-12-31": "254.30910", "2015-09-30": "185.79440", "2015-06-30": "206.94290", "2015-03-31": "177.43410", "2014-12-31": "176.42820", "2014-09-30": "199.81590", "2014-06-30": "208.26900", "2014-03-31": "177.74070", "2013-12-31": "237.33690", "2013-09-30": "162.73630", "2013-06-30": "155.87450", "2013-03-31": "137.55220", "2012-12-31": "264.17040", "2012-09-30": "163.81740", "2012-06-30": "188.68850", "2012-03-31": "187.44870", "2011-12-31": "232.18410", "2011-09-30": "209.16160", "2011-06-30": "248.33010", "2011-03-31": "219.16800", "2010-12-31": "231.79350", "2010-09-30": "184.51900", "2010-06-30": "189.19090", "2010-03-31": "145.27000", "2009-12-31": "115.29490", "2009-09-30": "45.05620", "2009-06-30": "51.19800", "2009-03-31": "61.23710", "2008-12-31": "-934.44530", "2008-09-30": "131.77590", "2008-06-30": "164.95800", "2008-03-31": "144.14310", "2007-12-31": "193.58350", "2007-09-30": "157.50930", "2007-06-30": "173.15380", "2007-03-31": "162.65870", "2006-12-31": "141.37870", "2006-09-30": "152.47190", "2006-06-30": "163.14110", "2006-03-31": "149.23290", "2005-12-31": "134.76880", "2005-09-30": "118.23780", "2005-06-30": "118.75830", "2005-03-31": "108.49290"}, "Basic Shares Outstanding": {"2020-12-31": "75.70100", "2020-09-30": "77.39000", "2020-06-30": "78.67700", "2020-03-31": "80.40700", "2019-12-31": "83.56800", "2019-09-30": "82.71100", "2019-06-30": "84.65200", "2019-03-31": "85.40000", "2018-12-31": "87.47600", "2018-09-30": "87.60200", "2018-06-30": "87.80200", "2018-03-31": "87.95500", "2017-12-31": "88.68100", "2017-09-30": "88.45300", "2017-06-30": "88.87600", "2017-03-31": "89.26200", "2016-12-31": "90.96000", "2016-09-30": "90.93700", "2016-06-30": "91.78200", "2016-03-31": "91.51400", "2015-12-31": "94.60800", "2015-09-30": "94.30200", "2015-06-30": "95.63800", "2015-03-31": "95.92000", "2014-12-31": "98.67500", "2014-09-30": "98.63100", "2014-06-30": "99.44900", "2014-03-31": "99.94800", "2013-12-31": "102.55900", "2013-09-30": "100.75000", "2013-06-30": "103.22500", "2013-03-31": "105.88900", "2012-12-31": "109.24000", "2012-09-30": "108.30100", "2012-06-30": "110.43300", "2012-03-31": "112.00200", "2011-12-31": "114.02500", "2011-09-30": "113.37800", "2011-06-30": "115.43400", "2011-03-31": "115.21500", "2010-12-31": "117.99700", "2010-09-30": "116.95800", "2010-06-30": "119.22800", "2010-03-31": "120.22300", "2009-12-31": "119.80000", "2009-09-30": "119.88800", "2009-06-30": "119.78300", "2009-03-31": "119.57000", "2008-12-31": "120.77300", "2008-09-30": "119.54100", "2008-06-30": "121.37900", "2008-03-31": "122.77700", "2007-12-31": "123.17600", "2007-09-30": "123.16100", "2007-06-30": "123.80800", "2007-03-31": "122.99100", "2006-12-31": "121.66700", "2006-09-30": "122.05300", "2006-06-30": "121.82000", "2006-03-31": "120.60900", "2005-12-31": "117.81900", "2005-09-30": "118.59400", "2005-06-30": "117.00900", "2005-03-31": "116.21200"}, "Shares Outstanding": {"2020-12-31": "76.57400", "2020-09-30": "78.08600", "2020-06-30": "79.22600", "2020-03-31": "81.10800", "2019-12-31": "83.56800", "2019-09-30": "83.39700", "2019-06-30": "84.65200", "2019-03-31": "86.31900", "2018-12-31": "88.44400", "2018-09-30": "88.60800", "2018-06-30": "88.65200", "2018-03-31": "89.03500", "2017-12-31": "89.76600", "2017-09-30": "89.54000", "2017-06-30": "89.83700", "2017-03-31": "90.54100", "2016-12-31": "92.03300", "2016-09-30": "91.93800", "2016-06-30": "92.69300", "2016-03-31": "92.78700", "2015-12-31": "95.68600", "2015-09-30": "95.36300", "2015-06-30": "96.64900", "2015-03-31": "97.12500", "2014-12-31": "99.94700", "2014-09-30": "99.86600", "2014-06-30": "100.56200", "2014-03-31": "101.39900", "2013-12-31": "103.69900", "2013-09-30": "101.66900", "2013-06-30": "104.02400", "2013-03-31": "107.82400", "2012-12-31": "111.07700", "2012-09-30": "109.89400", "2012-06-30": "112.03100", "2012-03-31": "114.07700", "2011-12-31": "115.93200", "2011-09-30": "114.94000", "2011-06-30": "117.46900", "2011-03-31": "117.42800", "2010-12-31": "119.57700", "2010-09-30": "118.23500", "2010-06-30": "120.58500", "2010-03-31": "121.90600", "2009-12-31": "120.48900", "2009-09-30": "120.78500", "2009-06-30": "120.31700", "2009-03-31": "120.13300", "2008-12-31": "120.77300", "2008-09-30": "120.38400", "2008-06-30": "122.15700", "2008-03-31": "123.78900", "2007-12-31": "124.42900", "2007-09-30": "124.29200", "2007-06-30": "124.95900", "2007-03-31": "124.35000", "2006-12-31": "123.18100", "2006-09-30": "122.85000", "2006-06-30": "122.55100", "2006-03-31": "123.51300", "2005-12-31": "124.08000", "2005-09-30": "124.16200", "2005-06-30": "124.24100", "2005-03-31": "124.02700"}, "Basic EPS": {"2020-12-31": "3.12000", "2020-09-30": "2.15000", "2020-06-30": "1.69000", "2020-03-31": "0.62000", "2019-12-31": "1.28000", "2019-09-30": "1.11000", "2019-06-30": "-6.48000", "2019-03-31": "1.65000", "2018-12-31": "2.65000", "2018-09-30": "2.02000", "2018-06-30": "1.94000", "2018-03-31": "1.58000", "2017-12-31": "0.61000", "2017-09-30": "1.52000", "2017-06-30": "1.12000", "2017-03-31": "1.29000", "2016-12-31": "1.84000", "2016-09-30": "1.29000", "2016-06-30": "1.46000", "2016-03-31": "1.16000", "2015-12-31": "1.69000", "2015-09-30": "1.16000", "2015-06-30": "1.30000", "2015-03-31": "1.11000", "2014-12-31": "1.20000", "2014-09-30": "1.49000", "2014-06-30": "1.29000", "2014-03-31": "1.07000", "2013-12-31": "1.32000", "2013-09-30": "0.96000", "2013-06-30": "0.87000", "2013-03-31": "0.74000", "2012-12-31": "1.63000", "2012-09-30": "0.96000", "2012-06-30": "1.04000", "2012-03-31": "1.01000", "2011-12-31": "1.55000", "2011-09-30": "1.17000", "2011-06-30": "1.35000", "2011-03-31": "1.18000", "2010-12-31": "1.36000", "2010-09-30": "1.01000", "2010-06-30": "0.97000", "2010-03-31": "0.72000", "2009-12-31": "0.53000", "2009-09-30": "0.10000", "2009-06-30": "0.18000", "2009-03-31": "0.22000", "2008-12-31": "-7.21000", "2008-09-30": "0.64000", "2008-06-30": "0.79000", "2008-03-31": "0.70000", "2007-12-31": "0.93000", "2007-09-30": "0.80000", "2007-06-30": "0.80000", "2007-03-31": "0.78000", "2006-12-31": "1.05000", "2006-09-30": "0.70000", "2006-06-30": "0.76000", "2006-03-31": "0.68000", "2005-12-31": "0.62000", "2005-09-30": "0.54000", "2005-06-30": "0.50000", "2005-03-31": "0.49000"}, "EPS - Earnings Per Share": {"2020-12-31": "3.08000", "2020-09-30": "2.13000", "2020-06-30": "1.68000", "2020-03-31": "0.61000", "2019-12-31": "1.31000", "2019-09-30": "1.10000", "2019-06-30": "-6.48000", "2019-03-31": "1.63000", "2018-12-31": "2.63000", "2018-09-30": "1.99000", "2018-06-30": "1.92000", "2018-03-31": "1.56000", "2017-12-31": "0.60000", "2017-09-30": "1.50000", "2017-06-30": "1.11000", "2017-03-31": "1.27000", "2016-12-31": "1.81000", "2016-09-30": "1.28000", "2016-06-30": "1.45000", "2016-03-31": "1.14000", "2015-12-31": "1.68000", "2015-09-30": "1.15000", "2015-06-30": "1.28000", "2015-03-31": "1.09000", "2014-12-31": "1.18000", "2014-09-30": "1.47000", "2014-06-30": "1.27000", "2014-03-31": "1.06000", "2013-12-31": "1.32000", "2013-09-30": "0.95000", "2013-06-30": "0.86000", "2013-03-31": "0.72000", "2012-12-31": "1.60000", "2012-09-30": "0.94000", "2012-06-30": "1.02000", "2012-03-31": "1.00000", "2011-12-31": "1.53000", "2011-09-30": "1.15000", "2011-06-30": "1.33000", "2011-03-31": "1.16000", "2010-12-31": "1.34000", "2010-09-30": "1.00000", "2010-06-30": "0.96000", "2010-03-31": "0.71000", "2009-12-31": "0.53000", "2009-09-30": "0.10000", "2009-06-30": "0.18000", "2009-03-31": "0.22000", "2008-12-31": "-7.19000", "2008-09-30": "0.63000", "2008-06-30": "0.79000", "2008-03-31": "0.69000", "2007-12-31": "0.93000", "2007-09-30": "0.79000", "2007-06-30": "0.79000", "2007-03-31": "0.77000", "2006-12-31": "1.04000", "2006-09-30": "0.70000", "2006-06-30": "0.76000", "2006-03-31": "0.66000", "2005-12-31": "0.62000", "2005-09-30": "0.52000", "2005-06-30": "0.48000", "2005-03-31": "0.47000"}}, "balance sheet": {"Cash On Hand": {"2020-12-31": "373.61500", "2019-12-31": "300.10300", "2018-12-31": "509.32700", "2017-12-31": "730.08300", "2016-12-31": "534.32000", "2015-12-31": "273.09000", "2014-12-31": "400.35500", "2013-12-31": "390.60200", "2012-12-31": "409.68400", "2011-12-31": "396.88700", "2010-12-31": "926.32100", "2009-12-31": "1137.00700", "2008-12-31": "451.27200", "2007-12-31": "447.73100", "2006-12-31": "337.73000", "2005-12-31": "580.66100"}, "Receivables": {"2020-12-31": "9205.34300", "2019-12-31": "8482.68700", "2018-12-31": "8945.46300", "2017-12-31": "8125.58800", "2016-12-31": "6746.68700", "2015-12-31": "6161.41800", "2014-12-31": "6043.85000", "2013-12-31": "5769.75900", "2012-12-31": "4923.89800", "2011-12-31": "4482.11700", "2010-12-31": "4102.87000", "2009-12-31": "3136.14100", "2008-12-31": "3087.29000", "2007-12-31": "3281.16900", "2006-12-31": "2710.32100", "2005-12-31": "2316.93200"}, "Inventory": {"2020-12-31": "3287.30800", "2019-12-31": "3477.12000", "2018-12-31": "3878.67800", "2017-12-31": "3302.51800", "2016-12-31": "2855.64500", "2015-12-31": "2466.49000", "2014-12-31": "2335.25700", "2013-12-31": "2167.28700", "2012-12-31": "2052.72000", "2011-12-31": "1963.91000", "2010-12-31": "1908.95300", "2009-12-31": "1397.66800", "2008-12-31": "1626.55900", "2007-12-31": "1679.86600", "2006-12-31": "1691.53600", "2005-12-31": "1494.98200"}, "Pre-Paid Expenses": {"2020-12-31": "", "2019-12-31": "", "2018-12-31": "", "2017-12-31": "", "2016-12-31": "", "2015-12-31": "", "2014-12-31": "", "2013-12-31": "", "2012-12-31": "328.99900", "2011-12-31": "181.67700", "2010-12-31": "147.69000", "2009-12-31": "168.81200", "2008-12-31": "180.64700", "2007-12-31": "180.62900", "2006-12-31": "156.03400", "2005-12-31": "124.89900"}, "Other Current Assets": {"2020-12-31": "286.63300", "2019-12-31": "266.24900", "2018-12-31": "274.83200", "2017-12-31": "256.02800", "2016-12-31": "180.06900", "2015-12-31": "285.47300", "2014-12-31": "253.14500", "2013-12-31": "258.12200", "2012-12-31": "", "2011-12-31": "", "2010-12-31": "", "2009-12-31": "", "2008-12-31": "", "2007-12-31": "", "2006-12-31": "", "2005-12-31": ""}, "Total Current Assets": {"2020-12-31": "13152.90000", "2019-12-31": "12526.16000", "2018-12-31": "13608.30000", "2017-12-31": "12414.22000", "2016-12-31": "10316.72000", "2015-12-31": "9186.47100", "2014-12-31": "9032.60700", "2013-12-31": "8585.77000", "2012-12-31": "7715.30100", "2011-12-31": "7024.59100", "2010-12-31": "7085.83400", "2009-12-31": "5839.62800", "2008-12-31": "5345.76800", "2007-12-31": "5589.39500", "2006-12-31": "4895.62100", "2005-12-31": "4517.47400"}, "Property, Plant, And Equipment": {"2020-12-31": "799.60500", "2019-12-31": "803.11000", "2018-12-31": "824.70000", "2017-12-31": "838.47500", "2016-12-31": "756.29900", "2015-12-31": "700.17800", "2014-12-31": "636.29900", "2013-12-31": "632.38900", "2012-12-31": "599.64100", "2011-12-31": "556.22900", "2010-12-31": "505.54000", "2009-12-31": "460.70600", "2008-12-31": "410.54000", "2007-12-31": "355.16100", "2006-12-31": "262.37300", "2005-12-31": "235.46500"}, "Long-Term Investments": {"2020-12-31": "76.35800", "2019-12-31": "86.94200", "2018-12-31": "83.69300", "2017-12-31": "88.34700", "2016-12-31": "88.40100", "2015-12-31": "73.37600", "2014-12-31": "69.12400", "2013-12-31": "67.22900", "2012-12-31": "65.60300", "2011-12-31": "60.57900", "2010-12-31": "59.45500", "2009-12-31": "53.01000", "2008-12-31": "46.78800", "2007-12-31": "47.79400", "2006-12-31": "41.96000", "2005-12-31": "38.95900"}, "Goodwill And Intangible Assets": {"2020-12-31": "2349.28800", "2019-12-31": "2333.22500", "2018-12-31": "2997.33400", "2017-12-31": "2756.26200", "2016-12-31": "2729.10200", "2015-12-31": "2758.15800", "2014-12-31": "2404.92000", "2013-12-31": "2465.36200", "2012-12-31": "2125.73600", "2011-12-31": "1866.09600", "2010-12-31": "1647.19800", "2009-12-31": "926.29600", "2008-12-31": "905.84800", "2007-12-31": "1779.23500", "2006-12-31": "1231.28100", "2005-12-31": "1053.26600"}, "Other Long-Term Assets": {"2020-12-31": "675.76100", "2019-12-31": "651.36000", "2018-12-31": "270.41800", "2017-12-31": "361.96600", "2016-12-31": "315.84300", "2015-12-31": "303.74700", "2014-12-31": "292.35100", "2013-12-31": "310.13300", "2012-12-31": "279.40600", "2011-12-31": "321.58400", "2010-12-31": "302.51100", "2009-12-31": "482.72600", "2008-12-31": "409.34100", "2007-12-31": "288.27500", "2006-12-31": "238.33700", "2005-12-31": "199.75300"}, "Total Long-Term Assets": {"2020-12-31": "3901.01200", "2019-12-31": "3874.63700", "2018-12-31": "4176.14500", "2017-12-31": "4045.05000", "2016-12-31": "3889.64500", "2015-12-31": "3835.45900", "2014-12-31": "3402.69400", "2013-12-31": "3475.11300", "2012-12-31": "3070.38600", "2011-12-31": "2804.48800", "2010-12-31": "2514.70400", "2009-12-31": "1922.73800", "2008-12-31": "1772.51700", "2007-12-31": "2470.46500", "2006-12-31": "1773.95100", "2005-12-31": "1527.44300"}, "Total Assets": {"2020-12-31": "17053.91000", "2019-12-31": "16400.80000", "2018-12-31": "17784.45000", "2017-12-31": "16459.27000", "2016-12-31": "14206.37000", "2015-12-31": "13021.93000", "2014-12-31": "12435.30000", "2013-12-31": "12060.88000", "2012-12-31": "10785.69000", "2011-12-31": "9829.07900", "2010-12-31": "9600.53800", "2009-12-31": "7762.36600", "2008-12-31": "7118.28500", "2007-12-31": "8059.86000", "2006-12-31": "6669.57200", "2005-12-31": "6044.91700"}, "Total Current Liabilities": {"2020-12-31": "9130.88300", "2019-12-31": "8258.15900", "2018-12-31": "8790.42800", "2017-12-31": "7955.31100", "2016-12-31": "6689.22200", "2015-12-31": "6056.15200", "2014-12-31": "5838.02100", "2013-12-31": "5301.94600", "2012-12-31": "4910.21100", "2011-12-31": "3958.92700", "2010-12-31": "4343.24300", "2009-12-31": "3332.24600", "2008-12-31": "2968.36200", "2007-12-31": "2987.37400", "2006-12-31": "2460.40800", "2005-12-31": "2331.87800"}, "Long Term Debt": {"2020-12-31": "2097.94000", "2019-12-31": "2640.12900", "2018-12-31": "3239.11500", "2017-12-31": "2933.04500", "2016-12-31": "2696.33400", "2015-12-31": "2380.57500", "2014-12-31": "2067.89800", "2013-12-31": "2226.13200", "2012-12-31": "1587.47800", "2011-12-31": "1927.82300", "2010-12-31": "1761.20300", "2009-12-31": "1276.13800", "2008-12-31": "1223.98500", "2007-12-31": "1223.33700", "2006-12-31": "976.77400", "2005-12-31": "1138.98100"}, "Other Non-Current Liabilities": {"2020-12-31": "676.13600", "2019-12-31": "636.11500", "2018-12-31": "378.53600", "2017-12-31": "572.97100", "2016-12-31": "355.19000", "2015-12-31": "390.39200", "2014-12-31": "370.47100", "2013-12-31": "347.97700", "2012-12-31": "300.63600", "2011-12-31": "267.06900", "2010-12-31": "244.89700", "2009-12-31": "236.68500", "2008-12-31": "248.88800", "2007-12-31": "297.28900", "2006-12-31": "235.83100", "2005-12-31": "201.17200"}, "Total Long Term Liabilities": {"2020-12-31": "2774.07600", "2019-12-31": "3276.24400", "2018-12-31": "3617.65100", "2017-12-31": "3506.01600", "2016-12-31": "3051.52400", "2015-12-31": "2770.96700", "2014-12-31": "2438.36900", "2013-12-31": "2574.10900", "2012-12-31": "1888.11400", "2011-12-31": "2194.89200", "2010-12-31": "2006.10000", "2009-12-31": "1512.82300", "2008-12-31": "1472.87300", "2007-12-31": "1520.62600", "2006-12-31": "1212.60500", "2005-12-31": "1340.15300"}, "Total Liabilities": {"2020-12-31": "11904.96000", "2019-12-31": "11534.40000", "2018-12-31": "12408.08000", "2017-12-31": "11461.33000", "2016-12-31": "9740.74600", "2015-12-31": "8827.11900", "2014-12-31": "8276.39000", "2013-12-31": "7876.05500", "2012-12-31": "6798.32500", "2011-12-31": "6153.81900", "2010-12-31": "6349.34300", "2009-12-31": "4845.06900", "2008-12-31": "4441.23500", "2007-12-31": "4508.00000", "2006-12-31": "3673.01300", "2005-12-31": "3672.03100"}, "Common Stock Net": {"2020-12-31": "125.42400", "2019-12-31": "125.42400", "2018-12-31": "125.42400", "2017-12-31": "125.42400", "2016-12-31": "125.42400", "2015-12-31": "125.42400", "2014-12-31": "125.42400", "2013-12-31": "125.42400", "2012-12-31": "125.42400", "2011-12-31": "125.38200", "2010-12-31": "125.33700", "2009-12-31": "125.28700", "2008-12-31": "125.04800", "2007-12-31": "125.03900", "2006-12-31": "122.62600", "2005-12-31": "120.28600"}, "Retained Earnings (Accumulated Deficit)": {"2020-12-31": "6679.75100", "2019-12-31": "6131.24800", "2018-12-31": "6335.33500", "2017-12-31": "5596.78600", "2016-12-31": "5197.23000", "2015-12-31": "4674.48000", "2014-12-31": "4176.75400", "2013-12-31": "3678.70900", "2012-12-31": "3279.28900", "2011-12-31": "2772.95700", "2010-12-31": "2174.14700", "2009-12-31": "1694.51700", "2008-12-31": "1571.00500", "2007-12-31": "2184.74400", "2006-12-31": "1787.74600", "2005-12-31": "1399.41500"}, "Comprehensive Income": {"2020-12-31": "-104.88500", "2019-12-31": "-262.21100", "2018-12-31": "-299.44900", "2017-12-31": "-124.88300", "2016-12-31": "-383.85400", "2015-12-31": "-284.70600", "2014-12-31": "-64.61700", "2013-12-31": "225.55200", "2012-12-31": "145.13700", "2011-12-31": "", "2010-12-31": "", "2009-12-31": "", "2008-12-31": "", "2007-12-31": "", "2006-12-31": "", "2005-12-31": ""}, "Other Share Holders Equity": {"2020-12-31": "", "2019-12-31": "", "2018-12-31": "", "2017-12-31": "", "2016-12-31": "", "2015-12-31": "", "2014-12-31": "", "2013-12-31": "", "2012-12-31": "", "2011-12-31": "129.15700", "2010-12-31": "206.74400", "2009-12-31": "219.60400", "2008-12-31": "135.61600", "2007-12-31": "304.03500", "2006-12-31": "147.75900", "2005-12-31": "-1.41700"}, "Share Holder Equity": {"2020-12-31": "5148.95200", "2019-12-31": "4866.39300", "2018-12-31": "5376.36600", "2017-12-31": "4997.94000", "2016-12-31": "4465.62000", "2015-12-31": "4194.81100", "2014-12-31": "4158.91100", "2013-12-31": "4184.82800", "2012-12-31": "3987.36200", "2011-12-31": "3675.26000", "2010-12-31": "3251.19500", "2009-12-31": "2917.29700", "2008-12-31": "2677.05000", "2007-12-31": "3551.86000", "2006-12-31": "2996.55900", "2005-12-31": "2372.88600"}, "Total Liabilities And Share Holders Equity": {"2020-12-31": "17053.91000", "2019-12-31": "16400.80000", "2018-12-31": "17784.45000", "2017-12-31": "16459.27000", "2016-12-31": "14206.37000", "2015-12-31": "13021.93000", "2014-12-31": "12435.30000", "2013-12-31": "12060.88000", "2012-12-31": "10785.69000", "2011-12-31": "9829.07900", "2010-12-31": "9600.53800", "2009-12-31": "7762.36600", "2008-12-31": "7118.28500", "2007-12-31": "8059.86000", "2006-12-31": "6669.57200", "2005-12-31": "6044.91700"}}, "balance sheet, quarterly": {"Cash On Hand": {"2020-12-31": "373.61500", "2020-09-30": "227.01900", "2020-06-30": "205.82800", "2020-03-31": "200.99800", "2019-12-31": "300.10300", "2019-09-30": "262.25400", "2019-06-30": "269.98900", "2019-03-31": "351.89900", "2018-12-31": "509.32700", "2018-09-30": "474.19100", "2018-06-30": "330.51900", "2018-03-31": "548.64400", "2017-12-31": "730.08300", "2017-09-30": "584.33900", "2017-06-30": "419.91800", "2017-03-31": "521.56200", "2016-12-31": "534.32000", "2016-09-30": "384.41500", "2016-06-30": "495.77100", "2016-03-31": "394.65500", "2015-12-31": "273.09000", "2015-09-30": "336.74400", "2015-06-30": "399.72100", "2015-03-31": "305.29300", "2014-12-31": "400.35500", "2014-09-30": "258.23300", "2014-06-30": "308.93600", "2014-03-31": "258.28300", "2013-12-31": "390.60200", "2013-09-30": "251.79000", "2013-06-30": "345.89100", "2013-03-31": "364.15100", "2012-12-31": "409.68400", "2012-09-30": "358.55000", "2012-06-30": "325.83200", "2012-03-31": "739.70800", "2011-12-31": "396.88700", "2011-09-30": "544.56600", "2011-06-30": "531.02400", "2011-03-31": "521.30200", "2010-12-31": "926.32100", "2010-09-30": "509.72400", "2010-06-30": "576.66400", "2010-03-31": "810.05100", "2009-12-31": "1137.00700", "2009-09-30": "1150.77000", "2009-06-30": "908.42700", "2009-03-31": "618.50500", "2008-12-31": "451.27200", "2008-09-30": "243.43700", "2008-06-30": "284.48300", "2008-03-31": "391.88400", "2007-12-31": "447.73100", "2007-09-30": "317.60700", "2007-06-30": "278.99700", "2007-03-31": "141.41300", "2006-12-31": "337.73000", "2006-09-30": "252.85100", "2006-06-30": "329.84900", "2006-03-31": "380.17600", "2005-12-31": "580.66100", "2005-09-30": "653.66700", "2005-06-30": "616.21300", "2005-03-31": "612.98800"}, "Receivables": {"2020-12-31": "9205.34300", "2020-09-30": "7958.67500", "2020-06-30": "7954.03800", "2020-03-31": "7817.01900", "2019-12-31": "8482.68700", "2019-09-30": "7841.85100", "2019-06-30": "7976.60300", "2019-03-31": "7902.51600", "2018-12-31": "8945.46300", "2018-09-30": "8229.79100", "2018-06-30": "8076.89600", "2018-03-31": "7378.45300", "2017-12-31": "8125.58800", "2017-09-30": "7070.62900", "2017-06-30": "6531.45200", "2017-03-31": "5867.18200", "2016-12-31": "6746.68700", "2016-09-30": "5912.08500", "2016-06-30": "5704.63300", "2016-03-31": "5256.02200", "2015-12-31": "6161.41800", "2015-09-30": "5065.50300", "2015-06-30": "5084.53100", "2015-03-31": "4874.48400", "2014-12-31": "6043.85000", "2014-09-30": "5060.95900", "2014-06-30": "5137.79800", "2014-03-31": "4846.34900", "2013-12-31": "5769.75900", "2013-09-30": "4568.55300", "2013-06-30": "4723.60100", "2013-03-31": "4493.41800", "2012-12-31": "4923.89800", "2012-09-30": "4336.75700", "2012-06-30": "4401.67700", "2012-03-31": "4207.64700", "2011-12-31": "4482.11700", "2011-09-30": "4174.05000", "2011-06-30": "4347.41100", "2011-03-31": "4124.11800", "2010-12-31": "4102.87000", "2010-09-30": "3602.73300", "2010-06-30": "3372.94500", "2010-03-31": "3081.69200", "2009-12-31": "3136.14100", "2009-09-30": "2707.96800", "2009-06-30": "2536.39100", "2009-03-31": "2444.84200", "2008-12-31": "3087.29000", "2008-09-30": "3091.54400", "2008-06-30": "3326.53400", "2008-03-31": "3074.84400", "2007-12-31": "3281.16900", "2007-09-30": "3101.27200", "2007-06-30": "3037.08200", "2007-03-31": "2838.90000", "2006-12-31": "2710.32100", "2006-09-30": "2637.24800", "2006-06-30": "2629.11000", "2006-03-31": "2392.87400", "2005-12-31": "2316.93200", "2005-09-30": "2068.47600", "2005-06-30": "2118.51000", "2005-03-31": "2009.22900"}, "Inventory": {"2020-12-31": "3287.30800", "2020-09-30": "3235.80200", "2020-06-30": "3420.91200", "2020-03-31": "3334.29800", "2019-12-31": "3477.12000", "2019-09-30": "3503.48100", "2019-06-30": "3596.61300", "2019-03-31": "3734.90500", "2018-12-31": "3878.67800", "2018-09-30": "3722.80800", "2018-06-30": "3775.88400", "2018-03-31": "3572.71400", "2017-12-31": "3302.51800", "2017-09-30": "3168.76900", "2017-06-30": "3045.37700", "2017-03-31": "2905.50200", "2016-12-31": "2855.64500", "2016-09-30": "2605.40800", "2016-06-30": "2504.12100", "2016-03-31": "2441.79800", "2015-12-31": "2466.49000", "2015-09-30": "2478.90700", "2015-06-30": "2517.81500", "2015-03-31": "2255.16700", "2014-12-31": "2335.25700", "2014-09-30": "2242.77400", "2014-06-30": "2295.21600", "2014-03-31": "2094.43900", "2013-12-31": "2167.28700", "2013-09-30": "2165.98400", "2013-06-30": "2104.71700", "2013-03-31": "2066.51600", "2012-12-31": "2052.72000", "2012-09-30": "2079.44600", "2012-06-30": "2074.77700", "2012-03-31": "2011.44200", "2011-12-31": "1963.91000", "2011-09-30": "2193.79200", "2011-06-30": "2248.04600", "2011-03-31": "2074.97000", "2010-12-31": "1908.95300", "2010-09-30": "2013.71100", "2010-06-30": "1805.77900", "2010-03-31": "1476.64800", "2009-12-31": "1397.66800", "2009-09-30": "1308.34500", "2009-06-30": "1359.25800", "2009-03-31": "1446.09700", "2008-12-31": "1626.55900", "2008-09-30": "1777.84400", "2008-06-30": "1890.17100", "2008-03-31": "1805.61200", "2007-12-31": "1679.86600", "2007-09-30": "1624.95800", "2007-06-30": "1577.84300", "2007-03-31": "1672.98300", "2006-12-31": "1691.53600", "2006-09-30": "1628.48600", "2006-06-30": "1830.84000", "2006-03-31": "1650.40700", "2005-12-31": "1494.98200", "2005-09-30": "1382.71800", "2005-06-30": "1359.08100", "2005-03-31": "1410.95900"}, "Pre-Paid Expenses": {"2020-12-31": "", "2020-09-30": "", "2020-06-30": "", "2020-03-31": "", "2019-12-31": "", "2019-09-30": "", "2019-06-30": "", "2019-03-31": "", "2018-12-31": "", "2018-09-30": "", "2018-06-30": "", "2018-03-31": "", "2017-12-31": "", "2017-09-30": "", "2017-06-30": "", "2017-03-31": "", "2016-12-31": "", "2016-09-30": "", "2016-06-30": "", "2016-03-31": "", "2015-12-31": "", "2015-09-30": "", "2015-06-30": "", "2015-03-31": "", "2014-12-31": "", "2014-09-30": "", "2014-06-30": "", "2014-03-31": "", "2013-12-31": "", "2013-09-30": "", "2013-06-30": "286.26400", "2013-03-31": "381.39800", "2012-12-31": "328.99900", "2012-09-30": "189.80000", "2012-06-30": "223.13800", "2012-03-31": "210.85400", "2011-12-31": "181.67700", "2011-09-30": "189.26500", "2011-06-30": "202.86700", "2011-03-31": "181.52400", "2010-12-31": "147.69000", "2010-09-30": "215.13000", "2010-06-30": "215.16800", "2010-03-31": "182.83600", "2009-12-31": "168.81200", "2009-09-30": "180.80500", "2009-06-30": "193.70900", "2009-03-31": "191.33800", "2008-12-31": "180.64700", "2008-09-30": "191.19200", "2008-06-30": "195.78600", "2008-03-31": "184.05400", "2007-12-31": "180.62900", "2007-09-30": "170.29300", "2007-06-30": "158.50300", "2007-03-31": "161.06400", "2006-12-31": "156.03400", "2006-09-30": "141.23400", "2006-06-30": "155.49800", "2006-03-31": "149.55600", "2005-12-31": "124.89900", "2005-09-30": "107.62900", "2005-06-30": "100.06000", "2005-03-31": "109.33800"}, "Other Current Assets": {"2020-12-31": "286.63300", "2020-09-30": "238.40300", "2020-06-30": "213.19000", "2020-03-31": "235.74300", "2019-12-31": "266.24900", "2019-09-30": "232.06200", "2019-06-30": "267.15100", "2019-03-31": "264.56400", "2018-12-31": "274.83200", "2018-09-30": "292.64100", "2018-06-30": "278.99500", "2018-03-31": "267.40200", "2017-12-31": "256.02800", "2017-09-30": "215.43100", "2017-06-30": "226.41500", "2017-03-31": "190.25700", "2016-12-31": "180.06900", "2016-09-30": "289.35600", "2016-06-30": "331.15900", "2016-03-31": "335.09500", "2015-12-31": "285.47300", "2015-09-30": "300.64700", "2015-06-30": "301.06600", "2015-03-31": "266.36200", "2014-12-31": "253.14500", "2014-09-30": "267.73200", "2014-06-30": "280.43600", "2014-03-31": "287.69100", "2013-12-31": "258.12200", "2013-09-30": "291.49100", "2013-06-30": "", "2013-03-31": "", "2012-12-31": "", "2012-09-30": "", "2012-06-30": "", "2012-03-31": "", "2011-12-31": "", "2011-09-30": "", "2011-06-30": "", "2011-03-31": "", "2010-12-31": "", "2010-09-30": "", "2010-06-30": "", "2010-03-31": "", "2009-12-31": "", "2009-09-30": "", "2009-06-30": "", "2009-03-31": "", "2008-12-31": "", "2008-09-30": "", "2008-06-30": "", "2008-03-31": "", "2007-12-31": "", "2007-09-30": "", "2007-06-30": "", "2007-03-31": "", "2006-12-31": "", "2006-09-30": "", "2006-06-30": "", "2006-03-31": "", "2005-12-31": "", "2005-09-30": "", "2005-06-30": "", "2005-03-31": ""}, "Total Current Assets": {"2020-12-31": "13152.90000", "2020-09-30": "11659.90000", "2020-06-30": "11793.97000", "2020-03-31": "11588.06000", "2019-12-31": "12526.16000", "2019-09-30": "11839.65000", "2019-06-30": "12110.36000", "2019-03-31": "12253.88000", "2018-12-31": "13608.30000", "2018-09-30": "12719.43000", "2018-06-30": "12462.29000", "2018-03-31": "11767.21000", "2017-12-31": "12414.22000", "2017-09-30": "11039.17000", "2017-06-30": "10223.16000", "2017-03-31": "9484.50300", "2016-12-31": "10316.72000", "2016-09-30": "9191.26400", "2016-06-30": "9035.68400", "2016-03-31": "8427.57000", "2015-12-31": "9186.47100", "2015-09-30": "8181.80100", "2015-06-30": "8303.13300", "2015-03-31": "7701.30600", "2014-12-31": "9032.60700", "2014-09-30": "7829.69800", "2014-06-30": "8022.38600", "2014-03-31": "7486.76200", "2013-12-31": "8585.77000", "2013-09-30": "7277.81800", "2013-06-30": "7460.47300", "2013-03-31": "7305.48300", "2012-12-31": "7715.30100", "2012-09-30": "6964.55300", "2012-06-30": "7025.42400", "2012-03-31": "7169.65100", "2011-12-31": "7024.59100", "2011-09-30": "7101.67300", "2011-06-30": "7329.34800", "2011-03-31": "6901.91400", "2010-12-31": "7085.83400", "2010-09-30": "6341.29800", "2010-06-30": "5970.55600", "2010-03-31": "5551.22700", "2009-12-31": "5839.62800", "2009-09-30": "5347.88800", "2009-06-30": "4997.78500", "2009-03-31": "4700.78200", "2008-12-31": "5345.76800", "2008-09-30": "5304.01700", "2008-06-30": "5696.97400", "2008-03-31": "5456.39400", "2007-12-31": "5589.39500", "2007-09-30": "5214.13000", "2007-06-30": "5052.42500", "2007-03-31": "4814.36000", "2006-12-31": "4895.62100", "2006-09-30": "4659.81900", "2006-06-30": "4945.29700", "2006-03-31": "4573.01300", "2005-12-31": "4517.47400", "2005-09-30": "4212.49000", "2005-06-30": "4193.86400", "2005-03-31": "4142.51400"}, "Property, Plant, And Equipment": {"2020-12-31": "799.60500", "2020-09-30": "793.85500", "2020-06-30": "798.19000", "2020-03-31": "803.42200", "2019-12-31": "803.11000", "2019-09-30": "805.26400", "2019-06-30": "813.91700", "2019-03-31": "819.60400", "2018-12-31": "824.70000", "2018-09-30": "838.56300", "2018-06-30": "835.80100", "2018-03-31": "849.86700", "2017-12-31": "838.47500", "2017-09-30": "815.37900", "2017-06-30": "789.93400", "2017-03-31": "786.59600", "2016-12-31": "756.29900", "2016-09-30": "750.51300", "2016-06-30": "737.55100", "2016-03-31": "725.32000", "2015-12-31": "700.17800", "2015-09-30": "689.99500", "2015-06-30": "671.44800", "2015-03-31": "642.63200", "2014-12-31": "636.29900", "2014-09-30": "634.71100", "2014-06-30": "641.43100", "2014-03-31": "641.52100", "2013-12-31": "632.38900", "2013-09-30": "616.54500", "2013-06-30": "605.16900", "2013-03-31": "601.53900", "2012-12-31": "599.64100", "2012-09-30": "583.15300", "2012-06-30": "571.97100", "2012-03-31": "563.51900", "2011-12-31": "556.22900", "2011-09-30": "550.71400", "2011-06-30": "544.22400", "2011-03-31": "529.98100", "2010-12-31": "505.54000", "2010-09-30": "496.52200", "2010-06-30": "475.81000", "2010-03-31": "466.46600", "2009-12-31": "460.70600", "2009-09-30": "461.31300", "2009-06-30": "449.07200", "2009-03-31": "428.49600", "2008-12-31": "410.54000", "2008-09-30": "420.60700", "2008-06-30": "400.85400", "2008-03-31": "375.93700", "2007-12-31": "355.16100", "2007-09-30": "336.25500", "2007-06-30": "320.78900", "2007-03-31": "283.10100", "2006-12-31": "262.37300", "2006-09-30": "250.44600", "2006-06-30": "247.62100", "2006-03-31": "239.48900", "2005-12-31": "235.46500", "2005-09-30": "221.01000", "2005-06-30": "231.98000", "2005-03-31": "251.70800"}, "Long-Term Investments": {"2020-12-31": "76.35800", "2020-09-30": "76.35500", "2020-06-30": "80.75600", "2020-03-31": "80.33700", "2019-12-31": "86.94200", "2019-09-30": "85.39900", "2019-06-30": "86.15700", "2019-03-31": "85.29600", "2018-12-31": "83.69300", "2018-09-30": "85.17500", "2018-06-30": "86.18600", "2018-03-31": "88.16600", "2017-12-31": "88.34700", "2017-09-30": "86.62600", "2017-06-30": "86.37100", "2017-03-31": "88.37600", "2016-12-31": "88.40100", "2016-09-30": "89.05900", "2016-06-30": "75.98500", "2016-03-31": "74.55300", "2015-12-31": "73.37600", "2015-09-30": "72.49800", "2015-06-30": "72.77400", "2015-03-31": "72.60300", "2014-12-31": "69.12400", "2014-09-30": "68.05600", "2014-06-30": "68.41000", "2014-03-31": "68.36400", "2013-12-31": "67.22900", "2013-09-30": "66.44700", "2013-06-30": "65.50500", "2013-03-31": "66.54700", "2012-12-31": "65.60300", "2012-09-30": "64.23200", "2012-06-30": "62.18200", "2012-03-31": "63.48700", "2011-12-31": "60.57900", "2011-09-30": "59.09500", "2011-06-30": "59.91400", "2011-03-31": "60.30800", "2010-12-31": "59.45500", "2010-09-30": "57.09600", "2010-06-30": "53.87500", "2010-03-31": "54.29800", "2009-12-31": "53.01000", "2009-09-30": "51.29000", "2009-06-30": "49.93000", "2009-03-31": "47.63300", "2008-12-31": "46.78800", "2008-09-30": "48.56100", "2008-06-30": "47.74900", "2008-03-31": "47.56600", "2007-12-31": "47.79400", "2007-09-30": "47.00900", "2007-06-30": "45.15300", "2007-03-31": "43.28400", "2006-12-31": "41.96000", "2006-09-30": "39.03500", "2006-06-30": "38.73000", "2006-03-31": "40.22700", "2005-12-31": "38.95900", "2005-09-30": "36.58000", "2005-06-30": "34.35300", "2005-03-31": "36.60700"}, "Goodwill And Intangible Assets": {"2020-12-31": "2349.28800", "2020-09-30": "2315.57500", "2020-06-30": "2301.65600", "2020-03-31": "2305.85300", "2019-12-31": "2333.22500", "2019-09-30": "2318.79300", "2019-06-30": "2357.73500", "2019-03-31": "3001.74200", "2018-12-31": "2997.33400", "2018-09-30": "2972.80700", "2018-06-30": "3002.08100", "2018-03-31": "3051.92000", "2017-12-31": "2756.26200", "2017-09-30": "2777.96100", "2017-06-30": "2764.29900", "2017-03-31": "2731.08000", "2016-12-31": "2729.10200", "2016-09-30": "2797.81400", "2016-06-30": "2784.56100", "2016-03-31": "2820.53700", "2015-12-31": "2758.15800", "2015-09-30": "2781.39600", "2015-06-30": "2766.24200", "2015-03-31": "2443.77900", "2014-12-31": "2404.92000", "2014-09-30": "2498.40200", "2014-06-30": "2501.21200", "2014-03-31": "2514.36700", "2013-12-31": "2465.36200", "2013-09-30": "2125.84200", "2013-06-30": "2099.46800", "2013-03-31": "2108.21300", "2012-12-31": "2125.73600", "2012-09-30": "2130.35900", "2012-06-30": "2045.18600", "2012-03-31": "2035.93800", "2011-12-31": "1866.09600", "2011-09-30": "1470.60000", "2011-06-30": "1432.59200", "2011-03-31": "1381.47400", "2010-12-31": "1647.19800", "2010-09-30": "1253.09200", "2010-06-30": "1019.29200", "2010-03-31": "915.55500", "2009-12-31": "926.29600", "2009-09-30": "908.89400", "2009-06-30": "901.99800", "2009-03-31": "902.00200", "2008-12-31": "905.84800", "2008-09-30": "1964.10400", "2008-06-30": "2017.52700", "2008-03-31": "1814.84900", "2007-12-31": "1779.23500", "2007-09-30": "1787.12800", "2007-06-30": "1718.87000", "2007-03-31": "1700.80700", "2006-12-31": "1231.28100", "2006-09-30": "1117.13000", "2006-06-30": "1118.24200", "2006-03-31": "1078.98000", "2005-12-31": "1053.26600", "2005-09-30": "926.68900", "2005-06-30": "921.77000", "2005-03-31": "952.98000"}, "Other Long-Term Assets": {"2020-12-31": "675.76100", "2020-09-30": "650.94900", "2020-06-30": "629.89100", "2020-03-31": "613.79000", "2019-12-31": "651.36000", "2019-09-30": "640.60700", "2019-06-30": "656.20400", "2019-03-31": "670.22600", "2018-12-31": "270.41800", "2018-09-30": "362.04900", "2018-06-30": "362.44600", "2018-03-31": "367.63900", "2017-12-31": "361.96600", "2017-09-30": "337.83200", "2017-06-30": "336.25900", "2017-03-31": "328.82000", "2016-12-31": "315.84300", "2016-09-30": "309.39300", "2016-06-30": "313.02500", "2016-03-31": "304.80700", "2015-12-31": "303.74700", "2015-09-30": "280.50800", "2015-06-30": "298.21700", "2015-03-31": "284.16800", "2014-12-31": "292.35100", "2014-09-30": "280.65900", "2014-06-30": "326.15400", "2014-03-31": "321.90200", "2013-12-31": "310.13300", "2013-09-30": "279.39700", "2013-06-30": "277.10600", "2013-03-31": "278.34700", "2012-12-31": "279.40600", "2012-09-30": "333.06600", "2012-06-30": "330.13900", "2012-03-31": "306.15300", "2011-12-31": "321.58400", "2011-09-30": "686.64500", "2011-06-30": "703.95600", "2011-03-31": "705.79800", "2010-12-31": "302.51100", "2010-09-30": "560.87700", "2010-06-30": "468.47700", "2010-03-31": "466.98600", "2009-12-31": "482.72600", "2009-09-30": "405.99000", "2009-06-30": "404.77700", "2009-03-31": "388.31800", "2008-12-31": "409.34100", "2008-09-30": "354.78500", "2008-06-30": "375.60900", "2008-03-31": "385.61700", "2007-12-31": "288.27500", "2007-09-30": "269.45400", "2007-06-30": "245.03500", "2007-03-31": "237.27500", "2006-12-31": "238.33700", "2006-09-30": "216.59600", "2006-06-30": "195.52100", "2006-03-31": "199.74300", "2005-12-31": "199.75300", "2005-09-30": "188.01900", "2005-06-30": "200.07900", "2005-03-31": "195.22200"}, "Total Long-Term Assets": {"2020-12-31": "3901.01200", "2020-09-30": "3836.73400", "2020-06-30": "3810.49300", "2020-03-31": "3803.40200", "2019-12-31": "3874.63700", "2019-09-30": "3850.06300", "2019-06-30": "3914.01300", "2019-03-31": "4576.86800", "2018-12-31": "4176.14500", "2018-09-30": "4258.59400", "2018-06-30": "4286.51400", "2018-03-31": "4357.59200", "2017-12-31": "4045.05000", "2017-09-30": "4017.79800", "2017-06-30": "3976.86300", "2017-03-31": "3934.87200", "2016-12-31": "3889.64500", "2016-09-30": "3946.77900", "2016-06-30": "3911.12200", "2016-03-31": "3925.21700", "2015-12-31": "3835.45900", "2015-09-30": "3824.39700", "2015-06-30": "3808.68100", "2015-03-31": "3443.18200", "2014-12-31": "3402.69400", "2014-09-30": "3481.82800", "2014-06-30": "3537.20700", "2014-03-31": "3546.15400", "2013-12-31": "3475.11300", "2013-09-30": "3088.23100", "2013-06-30": "3047.24800", "2013-03-31": "3054.64600", "2012-12-31": "3070.38600", "2012-09-30": "3110.81000", "2012-06-30": "3009.47800", "2012-03-31": "2969.09700", "2011-12-31": "2804.48800", "2011-09-30": "2767.05400", "2011-06-30": "2740.68600", "2011-03-31": "2677.56100", "2010-12-31": "2514.70400", "2010-09-30": "2367.58700", "2010-06-30": "2017.45400", "2010-03-31": "1903.30500", "2009-12-31": "1922.73800", "2009-09-30": "1827.48700", "2009-06-30": "1805.77700", "2009-03-31": "1766.44900", "2008-12-31": "1772.51700", "2008-09-30": "2788.05700", "2008-06-30": "2841.73900", "2008-03-31": "2623.96900", "2007-12-31": "2470.46500", "2007-09-30": "2439.84600", "2007-06-30": "2329.84700", "2007-03-31": "2264.46700", "2006-12-31": "1773.95100", "2006-09-30": "1623.20700", "2006-06-30": "1600.11400", "2006-03-31": "1558.43900", "2005-12-31": "1527.44300", "2005-09-30": "1372.29800", "2005-06-30": "1388.18200", "2005-03-31": "1436.51700"}, "Total Assets": {"2020-12-31": "17053.91000", "2020-09-30": "15496.63000", "2020-06-30": "15604.46000", "2020-03-31": "15391.46000", "2019-12-31": "16400.80000", "2019-09-30": "15689.71000", "2019-06-30": "16024.37000", "2019-03-31": "16830.75000", "2018-12-31": "17784.45000", "2018-09-30": "16978.03000", "2018-06-30": "16748.81000", "2018-03-31": "16124.80000", "2017-12-31": "16459.27000", "2017-09-30": "15056.97000", "2017-06-30": "14200.03000", "2017-03-31": "13419.38000", "2016-12-31": "14206.37000", "2016-09-30": "13138.04000", "2016-06-30": "12946.81000", "2016-03-31": "12352.79000", "2015-12-31": "13021.93000", "2015-09-30": "12006.20000", "2015-06-30": "12111.81000", "2015-03-31": "11144.49000", "2014-12-31": "12435.30000", "2014-09-30": "11311.53000", "2014-06-30": "11559.59000", "2014-03-31": "11032.92000", "2013-12-31": "12060.88000", "2013-09-30": "10366.05000", "2013-06-30": "10507.72000", "2013-03-31": "10360.13000", "2012-12-31": "10785.69000", "2012-09-30": "10075.36000", "2012-06-30": "10034.90000", "2012-03-31": "10138.75000", "2011-12-31": "9829.07900", "2011-09-30": "9868.72700", "2011-06-30": "10070.03000", "2011-03-31": "9579.47500", "2010-12-31": "9600.53800", "2010-09-30": "8708.88500", "2010-06-30": "7988.01000", "2010-03-31": "7454.53200", "2009-12-31": "7762.36600", "2009-09-30": "7175.37500", "2009-06-30": "6803.56200", "2009-03-31": "6467.23100", "2008-12-31": "7118.28500", "2008-09-30": "8092.07400", "2008-06-30": "8538.71300", "2008-03-31": "8080.36300", "2007-12-31": "8059.86000", "2007-09-30": "7653.97600", "2007-06-30": "7382.27200", "2007-03-31": "7078.82700", "2006-12-31": "6669.57200", "2006-09-30": "6283.02600", "2006-06-30": "6545.41100", "2006-03-31": "6131.45200", "2005-12-31": "6044.91700", "2005-09-30": "5584.78800", "2005-06-30": "5582.04600", "2005-03-31": "5579.03100"}, "Total Current Liabilities": {"2020-12-31": "9130.88300", "2020-09-30": "7914.70600", "2020-06-30": "8132.43200", "2020-03-31": "7913.17800", "2019-12-31": "8258.15900", "2019-09-30": "7371.64100", "2019-06-30": "7377.96100", "2019-03-31": "7034.12500", "2018-12-31": "8790.42800", "2018-09-30": "7841.45800", "2018-06-30": "7393.40300", "2018-03-31": "6955.09400", "2017-12-31": "7955.31100", "2017-09-30": "6978.99700", "2017-06-30": "6439.43000", "2017-03-31": "6033.28800", "2016-12-31": "6689.22200", "2016-09-30": "5523.10000", "2016-06-30": "5457.87400", "2016-03-31": "4920.80300", "2015-12-31": "6056.15200", "2015-09-30": "4633.72200", "2015-06-30": "4977.16900", "2015-03-31": "4287.45300", "2014-12-31": "5838.02100", "2014-09-30": "4474.95400", "2014-06-30": "4771.41900", "2014-03-31": "4296.95900", "2013-12-31": "5301.94600", "2013-09-30": "4080.10600", "2013-06-30": "4273.94600", "2013-03-31": "3927.33900", "2012-12-31": "4910.21100", "2012-09-30": "4454.05200", "2012-06-30": "4080.21800", "2012-03-31": "3799.34100", "2011-12-31": "3958.92700", "2011-09-30": "4301.58300", "2011-06-30": "4622.38800", "2011-03-31": "4301.52900", "2010-12-31": "4343.24300", "2010-09-30": "3716.61100", "2010-06-30": "3602.41400", "2010-03-31": "3015.50600", "2009-12-31": "3332.24600", "2009-09-30": "2802.63700", "2009-06-30": "2572.51200", "2009-03-31": "2351.33600", "2008-12-31": "2968.36200", "2008-09-30": "2921.68700", "2008-06-30": "3101.28200", "2008-03-31": "2765.21900", "2007-12-31": "2987.37400", "2007-09-30": "2765.51300", "2007-06-30": "2664.38800", "2007-03-31": "2354.64300", "2006-12-31": "2460.40800", "2006-09-30": "2330.48500", "2006-06-30": "2673.57200", "2006-03-31": "2453.80000", "2005-12-31": "2331.87800", "2005-09-30": "1967.55500", "2005-06-30": "2072.28200", "2005-03-31": "2051.36400"}, "Long Term Debt": {"2020-12-31": "2097.94000", "2020-09-30": "2097.74100", "2020-06-30": "2098.36900", "2020-03-31": "2222.78900", "2019-12-31": "2640.12900", "2019-09-30": "2942.29300", "2019-06-30": "3157.27400", "2019-03-31": "3575.89100", "2018-12-31": "3239.11500", "2018-09-30": "3352.12800", "2018-06-30": "3690.32700", "2018-03-31": "3533.05000", "2017-12-31": "2933.04500", "2017-09-30": "2802.96000", "2017-06-30": "2642.04300", "2017-03-31": "2459.84900", "2016-12-31": "2696.33400", "2016-09-30": "2704.85100", "2016-06-30": "2619.00300", "2016-03-31": "2649.04200", "2015-12-31": "2380.57500", "2015-09-30": "2748.28300", "2015-06-30": "2544.38800", "2015-03-31": "2456.57500", "2014-12-31": "2067.89800", "2014-09-30": "2211.03700", "2014-06-30": "2103.96000", "2014-03-31": "2142.98700", "2013-12-31": "2226.13200", "2013-09-30": "1913.85200", "2013-06-30": "2072.62500", "2013-03-31": "2204.80600", "2012-12-31": "1587.47800", "2012-09-30": "1561.97600", "2012-06-30": "1957.87300", "2012-03-31": "2250.46300", "2011-12-31": "1927.82300", "2011-09-30": "1791.71400", "2011-06-30": "1564.28200", "2011-03-31": "1558.57700", "2010-12-31": "1761.20300", "2010-09-30": "1627.50100", "2010-06-30": "1262.86500", "2010-03-31": "1262.84000", "2009-12-31": "1276.13800", "2009-09-30": "1278.00700", "2009-06-30": "1216.43900", "2009-03-31": "1208.10100", "2008-12-31": "1223.98500", "2008-09-30": "1218.71900", "2008-06-30": "1376.49000", "2008-03-31": "1263.54900", "2007-12-31": "1223.33700", "2007-09-30": "1208.40300", "2007-06-30": "1182.68600", "2007-03-31": "1327.67800", "2006-12-31": "976.77400", "2006-09-30": "964.99300", "2006-06-30": "960.27600", "2006-03-31": "952.51400", "2005-12-31": "1138.98100", "2005-09-30": "1154.90000", "2005-06-30": "1160.92100", "2005-03-31": "1154.56500"}, "Other Non-Current Liabilities": {"2020-12-31": "676.13600", "2020-09-30": "646.41400", "2020-06-30": "623.71200", "2020-03-31": "605.88400", "2019-12-31": "636.11500", "2019-09-30": "631.53000", "2019-06-30": "666.41900", "2019-03-31": "719.32600", "2018-12-31": "378.53600", "2018-09-30": "482.39700", "2018-06-30": "497.77100", "2018-03-31": "487.84700", "2017-12-31": "572.97100", "2017-09-30": "349.71700", "2017-06-30": "367.69600", "2017-03-31": "369.43100", "2016-12-31": "355.19000", "2016-09-30": "429.63100", "2016-06-30": "421.04800", "2016-03-31": "408.82900", "2015-12-31": "390.39200", "2015-09-30": "411.58200", "2015-06-30": "410.33300", "2015-03-31": "382.17100", "2014-12-31": "370.47100", "2014-09-30": "374.50700", "2014-06-30": "376.06900", "2014-03-31": "367.06400", "2013-12-31": "347.97700", "2013-09-30": "338.72600", "2013-06-30": "336.92100", "2013-03-31": "319.31000", "2012-12-31": "300.63600", "2012-09-30": "264.00600", "2012-06-30": "273.08500", "2012-03-31": "280.14200", "2011-12-31": "267.06900", "2011-09-30": "238.50000", "2011-06-30": "249.32100", "2011-03-31": "251.88600", "2010-12-31": "244.89700", "2010-09-30": "224.06100", "2010-06-30": "196.60400", "2010-03-31": "234.29000", "2009-12-31": "236.68500", "2009-09-30": "248.05300", "2009-06-30": "248.48900", "2009-03-31": "240.87300", "2008-12-31": "248.88800", "2008-09-30": "259.32600", "2008-06-30": "280.96500", "2008-03-31": "276.65400", "2007-12-31": "297.28900", "2007-09-30": "256.27900", "2007-06-30": "286.48500", "2007-03-31": "259.76000", "2006-12-31": "235.83100", "2006-09-30": "196.85000", "2006-06-30": "208.17700", "2006-03-31": "204.08200", "2005-12-31": "201.17200", "2005-09-30": "177.84000", "2005-06-30": "177.36900", "2005-03-31": "181.92000"}, "Total Long Term Liabilities": {"2020-12-31": "2774.07600", "2020-09-30": "2744.15500", "2020-06-30": "2722.08100", "2020-03-31": "2828.67300", "2019-12-31": "3276.24400", "2019-09-30": "3573.82300", "2019-06-30": "3823.69300", "2019-03-31": "4295.21700", "2018-12-31": "3617.65100", "2018-09-30": "3834.52500", "2018-06-30": "4188.09800", "2018-03-31": "4020.89700", "2017-12-31": "3506.01600", "2017-09-30": "3152.67700", "2017-06-30": "3009.73900", "2017-03-31": "2829.28000", "2016-12-31": "3051.52400", "2016-09-30": "3134.48200", "2016-06-30": "3040.05100", "2016-03-31": "3057.87100", "2015-12-31": "2770.96700", "2015-09-30": "3159.86500", "2015-06-30": "2954.72100", "2015-03-31": "2838.74600", "2014-12-31": "2438.36900", "2014-09-30": "2585.54400", "2014-06-30": "2480.02900", "2014-03-31": "2510.05100", "2013-12-31": "2574.10900", "2013-09-30": "2252.57800", "2013-06-30": "2409.54600", "2013-03-31": "2524.11600", "2012-12-31": "1888.11400", "2012-09-30": "1825.98200", "2012-06-30": "2230.95800", "2012-03-31": "2530.60500", "2011-12-31": "2194.89200", "2011-09-30": "2030.21400", "2011-06-30": "1813.60300", "2011-03-31": "1810.46300", "2010-12-31": "2006.10000", "2010-09-30": "1851.56200", "2010-06-30": "1459.46900", "2010-03-31": "1497.13000", "2009-12-31": "1512.82300", "2009-09-30": "1526.06000", "2009-06-30": "1464.92800", "2009-03-31": "1448.97400", "2008-12-31": "1472.87300", "2008-09-30": "1478.04500", "2008-06-30": "1657.45500", "2008-03-31": "1540.20300", "2007-12-31": "1520.62600", "2007-09-30": "1464.68200", "2007-06-30": "1469.17100", "2007-03-31": "1587.43800", "2006-12-31": "1212.60500", "2006-09-30": "1161.84300", "2006-06-30": "1168.45300", "2006-03-31": "1156.59600", "2005-12-31": "1340.15300", "2005-09-30": "1332.74000", "2005-06-30": "1338.29000", "2005-03-31": "1336.48500"}, "Total Liabilities": {"2020-12-31": "11904.96000", "2020-09-30": "10658.86000", "2020-06-30": "10854.51000", "2020-03-31": "10741.85000", "2019-12-31": "11534.40000", "2019-09-30": "10945.46000", "2019-06-30": "11201.65000", "2019-03-31": "11329.34000", "2018-12-31": "12408.08000", "2018-09-30": "11675.98000", "2018-06-30": "11581.50000", "2018-03-31": "10975.99000", "2017-12-31": "11461.33000", "2017-09-30": "10131.67000", "2017-06-30": "9449.16900", "2017-03-31": "8862.56800", "2016-12-31": "9740.74600", "2016-09-30": "8657.58200", "2016-06-30": "8497.92500", "2016-03-31": "7978.67400", "2015-12-31": "8827.11900", "2015-09-30": "7793.58700", "2015-06-30": "7931.89000", "2015-03-31": "7126.19900", "2014-12-31": "8276.39000", "2014-09-30": "7060.49800", "2014-06-30": "7251.44800", "2014-03-31": "6807.01000", "2013-12-31": "7876.05500", "2013-09-30": "6332.68400", "2013-06-30": "6683.49200", "2013-03-31": "6451.45500", "2012-12-31": "6798.32500", "2012-09-30": "6280.03400", "2012-06-30": "6311.17600", "2012-03-31": "6329.94800", "2011-12-31": "6153.81900", "2011-09-30": "6331.79700", "2011-06-30": "6435.99100", "2011-03-31": "6111.99200", "2010-12-31": "6349.34300", "2010-09-30": "5568.17000", "2010-06-30": "5061.88300", "2010-03-31": "4512.63600", "2009-12-31": "4845.06900", "2009-09-30": "4328.69700", "2009-06-30": "4037.44000", "2009-03-31": "3800.31000", "2008-12-31": "4441.23500", "2008-09-30": "4399.73200", "2008-06-30": "4758.73700", "2008-03-31": "4305.42200", "2007-12-31": "4508.00000", "2007-09-30": "4230.19500", "2007-06-30": "4133.55900", "2007-03-31": "3942.08100", "2006-12-31": "3673.01300", "2006-09-30": "3492.32800", "2006-06-30": "3842.02500", "2006-03-31": "3610.39600", "2005-12-31": "3672.03100", "2005-09-30": "3300.29500", "2005-06-30": "3410.57200", "2005-03-31": "3387.84900"}, "Common Stock Net": {"2020-12-31": "125.42400", "2020-09-30": "125.42400", "2020-06-30": "125.42400", "2020-03-31": "125.42400", "2019-12-31": "125.42400", "2019-09-30": "125.42400", "2019-06-30": "125.42400", "2019-03-31": "125.42400", "2018-12-31": "125.42400", "2018-09-30": "125.42400", "2018-06-30": "125.42400", "2018-03-31": "125.42400", "2017-12-31": "125.42400", "2017-09-30": "125.42400", "2017-06-30": "125.42400", "2017-03-31": "125.42400", "2016-12-31": "125.42400", "2016-09-30": "125.42400", "2016-06-30": "125.42400", "2016-03-31": "125.42400", "2015-12-31": "125.42400", "2015-09-30": "125.42400", "2015-06-30": "125.42400", "2015-03-31": "125.42400", "2014-12-31": "125.42400", "2014-09-30": "125.42400", "2014-06-30": "125.42400", "2014-03-31": "125.42400", "2013-12-31": "125.42400", "2013-09-30": "125.42400", "2013-06-30": "125.42400", "2013-03-31": "125.42400", "2012-12-31": "125.42400", "2012-09-30": "125.42400", "2012-06-30": "125.42400", "2012-03-31": "125.42400", "2011-12-31": "125.38200", "2011-09-30": "125.38200", "2011-06-30": "125.38200", "2011-03-31": "125.38200", "2010-12-31": "125.33700", "2010-09-30": "125.33700", "2010-06-30": "125.33700", "2010-03-31": "125.33700", "2009-12-31": "125.28700", "2009-09-30": "125.28700", "2009-06-30": "125.28600", "2009-03-31": "125.28500", "2008-12-31": "125.04800", "2008-09-30": "125.04800", "2008-06-30": "125.04800", "2008-03-31": "125.04800", "2007-12-31": "125.03900", "2007-09-30": "124.90000", "2007-06-30": "124.70200", "2007-03-31": "124.15200", "2006-12-31": "122.62600", "2006-09-30": "122.38600", "2006-06-30": "122.35800", "2006-03-31": "121.48200", "2005-12-31": "120.28600", "2005-09-30": "119.74000", "2005-06-30": "118.27200", "2005-03-31": "117.67500"}, "Retained Earnings (Accumulated Deficit)": {"2020-12-31": "6679.75100", "2020-09-30": "6443.68000", "2020-06-30": "6277.62000", "2020-03-31": "6144.81600", "2019-12-31": "6131.24800", "2019-09-30": "6019.23500", "2019-06-30": "5927.10400", "2019-03-31": "6476.07000", "2018-12-31": "6335.33500", "2018-09-30": "6104.68200", "2018-06-30": "5928.14900", "2018-03-31": "5758.23400", "2017-12-31": "5596.78600", "2017-09-30": "5545.30700", "2017-06-30": "5410.67700", "2017-03-31": "5310.99800", "2016-12-31": "5197.23000", "2016-09-30": "5032.71200", "2016-06-30": "4914.98500", "2016-03-31": "4780.71500", "2015-12-31": "4674.48000", "2015-09-30": "4515.98800", "2015-06-30": "4406.74400", "2015-03-31": "4282.81200", "2014-12-31": "4176.75400", "2014-09-30": "4060.57700", "2014-06-30": "3913.71300", "2014-03-31": "3785.82900", "2013-12-31": "3678.70900", "2013-09-30": "3543.87800", "2013-06-30": "3447.09900", "2013-03-31": "3357.16400", "2012-12-31": "3279.28900", "2012-09-30": "3104.58500", "2012-06-30": "3000.96800", "2012-03-31": "2886.58500", "2011-12-31": "2772.95700", "2011-09-30": "2598.86900", "2011-06-30": "2466.65300", "2011-03-31": "2310.45600", "2010-12-31": "2174.14700", "2010-09-30": "2016.25800", "2010-06-30": "1897.75600", "2010-03-31": "1781.56300", "2009-12-31": "1694.51700", "2009-09-30": "1631.42400", "2009-06-30": "1618.84300", "2009-03-31": "1597.74600", "2008-12-31": "1571.00500", "2008-09-30": "2442.90000", "2008-06-30": "2366.83000", "2008-03-31": "2270.61500", "2007-12-31": "2184.74400", "2007-09-30": "2070.78100", "2007-06-30": "1972.45700", "2007-03-31": "1873.24600", "2006-12-31": "1787.74600", "2006-09-30": "1659.67500", "2006-06-30": "1573.75700", "2006-03-31": "1480.99400", "2005-12-31": "1399.41500", "2005-09-30": "1324.96900", "2005-06-30": "1261.44600", "2005-03-31": "1202.99700"}, "Comprehensive Income": {"2020-12-31": "-104.88500", "2020-09-30": "-255.31300", "2020-06-30": "-317.48900", "2020-03-31": "-349.48400", "2019-12-31": "-262.21100", "2019-09-30": "-359.78600", "2019-06-30": "-280.70900", "2019-03-31": "-288.26700", "2018-12-31": "-299.44900", "2018-09-30": "-283.05100", "2018-06-30": "-245.80900", "2018-03-31": "-101.50500", "2017-12-31": "-124.88300", "2017-09-30": "-159.31500", "2017-06-30": "-212.81800", "2017-03-31": "-345.35500", "2016-12-31": "-383.85400", "2016-09-30": "-244.51100", "2016-06-30": "-262.56000", "2016-03-31": "-214.17500", "2015-12-31": "-284.70600", "2015-09-30": "-247.11500", "2015-06-30": "-210.56700", "2015-03-31": "-261.11500", "2014-12-31": "-64.61700", "2014-09-30": "39.89800", "2014-06-30": "207.85800", "2014-03-31": "216.29300", "2013-12-31": "225.55200", "2013-09-30": "", "2013-06-30": "", "2013-03-31": "", "2012-12-31": "145.13700", "2012-09-30": "", "2012-06-30": "", "2012-03-31": "", "2011-12-31": "", "2011-09-30": "", "2011-06-30": "", "2011-03-31": "", "2010-12-31": "", "2010-09-30": "", "2010-06-30": "", "2010-03-31": "", "2009-12-31": "", "2009-09-30": "", "2009-06-30": "", "2009-03-31": "", "2008-12-31": "", "2008-09-30": "", "2008-06-30": "", "2008-03-31": "", "2007-12-31": "", "2007-09-30": "", "2007-06-30": "", "2007-03-31": "", "2006-12-31": "", "2006-09-30": "", "2006-06-30": "", "2006-03-31": "", "2005-12-31": "", "2005-09-30": "", "2005-06-30": "", "2005-03-31": ""}, "Other Share Holders Equity": {"2020-12-31": "", "2020-09-30": "", "2020-06-30": "", "2020-03-31": "", "2019-12-31": "", "2019-09-30": "", "2019-06-30": "", "2019-03-31": "", "2018-12-31": "", "2018-09-30": "", "2018-06-30": "", "2018-03-31": "", "2017-12-31": "", "2017-09-30": "", "2017-06-30": "", "2017-03-31": "", "2016-12-31": "", "2016-09-30": "", "2016-06-30": "", "2016-03-31": "", "2015-12-31": "", "2015-09-30": "", "2015-06-30": "", "2015-03-31": "", "2014-12-31": "", "2014-09-30": "", "2014-06-30": "", "2014-03-31": "", "2013-12-31": "", "2013-09-30": "177.84000", "2013-06-30": "95.32400", "2013-03-31": "79.53200", "2012-12-31": "", "2012-09-30": "112.59200", "2012-06-30": "79.97200", "2012-03-31": "187.07400", "2011-12-31": "129.15700", "2011-09-30": "173.00700", "2011-06-30": "315.53200", "2011-03-31": "285.95000", "2010-12-31": "206.74400", "2010-09-30": "226.14600", "2010-06-30": "88.23900", "2010-03-31": "154.86200", "2009-12-31": "219.60400", "2009-09-30": "226.18900", "2009-06-30": "166.91000", "2009-03-31": "96.93000", "2008-12-31": "135.61600", "2008-09-30": "283.61700", "2008-06-30": "439.09800", "2008-03-31": "438.38300", "2007-12-31": "304.03500", "2007-09-30": "290.10600", "2007-06-30": "183.39400", "2007-03-31": "158.19400", "2006-12-31": "147.75900", "2006-09-30": "80.83000", "2006-06-30": "86.24700", "2006-03-31": "27.86400", "2005-12-31": "-1.41700", "2005-09-30": "0.35300", "2005-06-30": "-9.62400", "2005-03-31": "95.24100"}, "Share Holder Equity": {"2020-12-31": "5148.95200", "2020-09-30": "4837.77200", "2020-06-30": "4749.94800", "2020-03-31": "4649.60900", "2019-12-31": "4866.39300", "2019-09-30": "4744.24700", "2019-06-30": "4822.71500", "2019-03-31": "5501.41000", "2018-12-31": "5376.36600", "2018-09-30": "5302.04200", "2018-06-30": "5167.30700", "2018-03-31": "5148.81400", "2017-12-31": "4997.94000", "2017-09-30": "4925.29200", "2017-06-30": "4750.85600", "2017-03-31": "4556.80700", "2016-12-31": "4465.62000", "2016-09-30": "4480.46100", "2016-06-30": "4448.88100", "2016-03-31": "4374.11300", "2015-12-31": "4194.81100", "2015-09-30": "4212.61100", "2015-06-30": "4179.92400", "2015-03-31": "4018.28900", "2014-12-31": "4158.91100", "2014-09-30": "4251.02800", "2014-06-30": "4308.14500", "2014-03-31": "4225.90600", "2013-12-31": "4184.82800", "2013-09-30": "4033.36500", "2013-06-30": "3824.22900", "2013-03-31": "3908.67400", "2012-12-31": "3987.36200", "2012-09-30": "3795.32900", "2012-06-30": "3723.72600", "2012-03-31": "3808.80200", "2011-12-31": "3675.26000", "2011-09-30": "3536.93000", "2011-06-30": "3634.04300", "2011-03-31": "3467.48300", "2010-12-31": "3251.19500", "2010-09-30": "3140.71200", "2010-06-30": "2926.12700", "2010-03-31": "2941.89600", "2009-12-31": "2917.29700", "2009-09-30": "2846.67800", "2009-06-30": "2766.12200", "2009-03-31": "2666.92100", "2008-12-31": "2677.05000", "2008-09-30": "3692.34200", "2008-06-30": "3779.97600", "2008-03-31": "3774.94100", "2007-12-31": "3551.86000", "2007-09-30": "3423.78100", "2007-06-30": "3248.71300", "2007-03-31": "3136.74600", "2006-12-31": "2996.55900", "2006-09-30": "2790.69800", "2006-06-30": "2703.38600", "2006-03-31": "2521.05600", "2005-12-31": "2372.88600", "2005-09-30": "2284.49300", "2005-06-30": "2171.47400", "2005-03-31": "2191.18200"}, "Total Liabilities And Share Holders Equity": {"2020-12-31": "17053.91000", "2020-09-30": "15496.63000", "2020-06-30": "15604.46000", "2020-03-31": "15391.46000", "2019-12-31": "16400.80000", "2019-09-30": "15689.71000", "2019-06-30": "16024.37000", "2019-03-31": "16830.75000", "2018-12-31": "17784.45000", "2018-09-30": "16978.03000", "2018-06-30": "16748.81000", "2018-03-31": "16124.80000", "2017-12-31": "16459.27000", "2017-09-30": "15056.97000", "2017-06-30": "14200.03000", "2017-03-31": "13419.38000", "2016-12-31": "14206.37000", "2016-09-30": "13138.04000", "2016-06-30": "12946.81000", "2016-03-31": "12352.79000", "2015-12-31": "13021.93000", "2015-09-30": "12006.20000", "2015-06-30": "12111.81000", "2015-03-31": "11144.49000", "2014-12-31": "12435.30000", "2014-09-30": "11311.53000", "2014-06-30": "11559.59000", "2014-03-31": "11032.92000", "2013-12-31": "12060.88000", "2013-09-30": "10366.05000", "2013-06-30": "10507.72000", "2013-03-31": "10360.13000", "2012-12-31": "10785.69000", "2012-09-30": "10075.36000", "2012-06-30": "10034.90000", "2012-03-31": "10138.75000", "2011-12-31": "9829.07900", "2011-09-30": "9868.72700", "2011-06-30": "10070.03000", "2011-03-31": "9579.47500", "2010-12-31": "9600.53800", "2010-09-30": "8708.88500", "2010-06-30": "7988.01000", "2010-03-31": "7454.53200", "2009-12-31": "7762.36600", "2009-09-30": "7175.37500", "2009-06-30": "6803.56200", "2009-03-31": "6467.23100", "2008-12-31": "7118.28500", "2008-09-30": "8092.07400", "2008-06-30": "8538.71300", "2008-03-31": "8080.36300", "2007-12-31": "8059.86000", "2007-09-30": "7653.97600", "2007-06-30": "7382.27200", "2007-03-31": "7078.82700", "2006-12-31": "6669.57200", "2006-09-30": "6283.02600", "2006-06-30": "6545.41100", "2006-03-31": "6131.45200", "2005-12-31": "6044.91700", "2005-09-30": "5584.78800", "2005-06-30": "5582.04600", "2005-03-31": "5579.03100"}}, "cash flow statement": {"Net Income/Loss": {"2020-12-31": "586.46400", "2019-12-31": "-200.16800", "2018-12-31": "721.57400", "2017-12-31": "407.37600", "2016-12-31": "524.78800", "2015-12-31": "500.48600", "2014-12-31": "498.39000", "2013-12-31": "399.87600", "2012-12-31": "506.71700", "2011-12-31": "599.31600", "2010-12-31": "479.62500", "2009-12-31": "123.50500", "2008-12-31": "-613.63500", "2007-12-31": "411.48600", "2006-12-31": "388.33100", "2005-12-31": "253.60900"}, "Total Depreciation And Amortization - Cash Flow": {"2020-12-31": "224.34600", "2019-12-31": "230.86000", "2018-12-31": "232.62200", "2017-12-31": "192.72100", "2016-12-31": "199.02000", "2015-12-31": "203.02800", "2014-12-31": "197.97800", "2013-12-31": "168.06400", "2012-12-31": "149.89600", "2011-12-31": "142.70700", "2010-12-31": "111.96500", "2009-12-31": "100.04400", "2008-12-31": "89.54000", "2007-12-31": "90.25200", "2006-12-31": "71.85600", "2005-12-31": "66.72200"}, "Other Non-Cash Items": {"2020-12-31": "32.13400", "2019-12-31": "680.62400", "2018-12-31": "23.00300", "2017-12-31": "140.25900", "2016-12-31": "18.86700", "2015-12-31": "7.68200", "2014-12-31": "19.54000", "2013-12-31": "51.27300", "2012-12-31": "12.18400", "2011-12-31": "1.98500", "2010-12-31": "21.73100", "2009-12-31": "92.03300", "2008-12-31": "988.27610", "2007-12-31": "1.10400", "2006-12-31": "-56.93900", "2005-12-31": "29.79000"}, "Total Non-Cash Items": {"2020-12-31": "256.48000", "2019-12-31": "911.48390", "2018-12-31": "255.62500", "2017-12-31": "332.98000", "2016-12-31": "217.88700", "2015-12-31": "210.71000", "2014-12-31": "217.51800", "2013-12-31": "219.33700", "2012-12-31": "162.08000", "2011-12-31": "144.69200", "2010-12-31": "133.69600", "2009-12-31": "192.07700", "2008-12-31": "1077.81600", "2007-12-31": "91.35600", "2006-12-31": "14.91700", "2005-12-31": "96.51200"}, "Change In Accounts Receivable": {"2020-12-31": "-541.42700", "2019-12-31": "338.84900", "2018-12-31": "-1007.30800", "2017-12-31": "-1079.09400", "2016-12-31": "-600.92500", "2015-12-31": "-68.99000", "2014-12-31": "-521.61300", "2013-12-31": "-572.88600", "2012-12-31": "-318.68900", "2011-12-31": "-193.49200", "2010-12-31": "-805.63700", "2009-12-31": "2.30200", "2008-12-31": "269.65500", "2007-12-31": "-279.63600", "2006-12-31": "-202.13500", "2005-12-31": "-188.23500"}, "Change In Inventories": {"2020-12-31": "244.32500", "2019-12-31": "383.05800", "2018-12-31": "-618.87500", "2017-12-31": "-379.83500", "2016-12-31": "-403.98000", "2015-12-31": "-42.79000", "2014-12-31": "-210.78900", "2013-12-31": "-21.27700", "2012-12-31": "-62.38300", "2011-12-31": "105.15000", "2010-12-31": "-497.29400", "2009-12-31": "286.62600", "2008-12-31": "85.48900", "2007-12-31": "116.65700", "2006-12-31": "-119.61200", "2005-12-31": "11.70700"}, "Change In Accounts Payable": {"2020-12-31": "760.88300", "2019-12-31": "-521.57500", "2018-12-31": "936.42300", "2017-12-31": "816.60200", "2016-12-31": "582.16500", "2015-12-31": "33.39800", "2014-12-31": "628.69700", "2013-12-31": "446.81400", "2012-12-31": "406.87400", "2011-12-31": "-465.60300", "2010-12-31": "799.14200", "2009-12-31": "304.29500", "2008-12-31": "-191.66900", "2007-12-31": "475.15500", "2006-12-31": "52.56100", "2005-12-31": "258.48500"}, "Change In Assets/Liabilities": {"2020-12-31": "-38.42500", "2019-12-31": "-36.83700", "2018-12-31": "-136.07000", "2017-12-31": "21.07500", "2016-12-31": "-12.67400", "2015-12-31": "-28.94500", "2014-12-31": "16.69200", "2013-12-31": "99.26200", "2012-12-31": "-52.63800", "2011-12-31": "0.74700", "2010-12-31": "19.26300", "2009-12-31": "28.09600", "2008-12-31": "-10.83400", "2007-12-31": "3.26700", "2006-12-31": "-13.32000", "2005-12-31": "-54.00000"}, "Total Change In Assets/Liabilities": {"2020-12-31": "511.84000", "2019-12-31": "136.02000", "2018-12-31": "-713.70700", "2017-12-31": "-626.26500", "2016-12-31": "-388.97510", "2015-12-31": "-51.18800", "2014-12-31": "-45.29300", "2013-12-31": "-172.05600", "2012-12-31": "12.02200", "2011-12-31": "-627.43400", "2010-12-31": "-395.85100", "2009-12-31": "528.73200", "2008-12-31": "155.61800", "2007-12-31": "347.90100", "2006-12-31": "-282.40800", "2005-12-31": "52.42700"}, "Cash Flow From Operating Activities": {"2020-12-31": "1359.84300", "2019-12-31": "857.99500", "2018-12-31": "272.69000", "2017-12-31": "124.55700", "2016-12-31": "359.67200", "2015-12-31": "660.00800", "2014-12-31": "673.30100", "2013-12-31": "450.69100", "2012-12-31": "675.03300", "2011-12-31": "120.88300", "2010-12-31": "220.77200", "2009-12-31": "849.85500", "2008-12-31": "619.79900", "2007-12-31": "850.74300", "2006-12-31": "120.84000", "2005-12-31": "402.54800"}, "Net Change In Property, Plant, And Equipment": {"2020-12-31": "-123.58500", "2019-12-31": "-143.19100", "2018-12-31": "-129.91500", "2017-12-31": "-179.51600", "2016-12-31": "-164.69500", "2015-12-31": "-151.30400", "2014-12-31": "-122.50500", "2013-12-31": "-116.16200", "2012-12-31": "-112.22400", "2011-12-31": "-113.94100", "2010-12-31": "-95.28300", "2009-12-31": "-120.36300", "2008-12-31": "-158.68800", "2007-12-31": "-138.83400", "2006-12-31": "-66.07800", "2005-12-31": "-33.17900"}, "Net Change In Intangible Assets": {"2020-12-31": "-0.71300", "2019-12-31": "-7.61600", "2018-12-31": "-20.00000", "2017-12-31": "0.00000", "2016-12-31": "", "2015-12-31": "", "2014-12-31": "", "2013-12-31": "", "2012-12-31": "", "2011-12-31": "", "2010-12-31": "", "2009-12-31": "", "2008-12-31": "", "2007-12-31": "", "2006-12-31": "", "2005-12-31": ""}, "Net Acquisitions/Divestitures": {"2020-12-31": "", "2019-12-31": "-13.09400", "2018-12-31": "-299.55000", "2017-12-31": "-3.62800", "2016-12-31": "-64.75100", "2015-12-31": "-514.73100", "2014-12-31": "-162.88100", "2013-12-31": "-367.94000", "2012-12-31": "-281.91800", "2011-12-31": "-532.56800", "2010-12-31": "-587.08700", "2009-12-31": "-170.06400", "2008-12-31": "-333.49100", "2007-12-31": "-526.62200", "2006-12-31": "-176.23500", "2005-12-31": "-160.64500"}, "Net Change In Short-term Investments": {"2020-12-31": "", "2019-12-31": "", "2018-12-31": "", "2017-12-31": "", "2016-12-31": "", "2015-12-31": "", "2014-12-31": "", "2013-12-31": "", "2012-12-31": "", "2011-12-31": "", "2010-12-31": "", "2009-12-31": "", "2008-12-31": "", "2007-12-31": "", "2006-12-31": "", "2005-12-31": "158.60000"}, "Net Change In Long-Term Investments": {"2020-12-31": "", "2019-12-31": "", "2018-12-31": "", "2017-12-31": "", "2016-12-31": "", "2015-12-31": "2.00800", "2014-12-31": "40.54200", "2013-12-31": "-3.00000", "2012-12-31": "-15.00000", "2011-12-31": "", "2010-12-31": "", "2009-12-31": "", "2008-12-31": "", "2007-12-31": "", "2006-12-31": "", "2005-12-31": ""}, "Net Change In Investments - Total": {"2020-12-31": "", "2019-12-31": "", "2018-12-31": "", "2017-12-31": "", "2016-12-31": "", "2015-12-31": "2.00800", "2014-12-31": "40.54200", "2013-12-31": "-3.00000", "2012-12-31": "-15.00000", "2011-12-31": "", "2010-12-31": "", "2009-12-31": "", "2008-12-31": "", "2007-12-31": "", "2006-12-31": "", "2005-12-31": "158.60000"}, "Investing Activities - Other": {"2020-12-31": "-14.49600", "2019-12-31": "-9.68200", "2018-12-31": "-13.50000", "2017-12-31": "-5.61400", "2016-12-31": "-12.00000", "2015-12-31": "", "2014-12-31": "", "2013-12-31": "", "2012-12-31": "", "2011-12-31": "", "2010-12-31": "", "2009-12-31": "-0.27200", "2008-12-31": "-0.51200", "2007-12-31": "-0.02300", "2006-12-31": "3.65200", "2005-12-31": "2.42900"}, "Cash Flow From Investing Activities": {"2020-12-31": "-138.79400", "2019-12-31": "-173.58300", "2018-12-31": "-462.96500", "2017-12-31": "-188.75800", "2016-12-31": "-241.44600", "2015-12-31": "-664.02700", "2014-12-31": "-244.84400", "2013-12-31": "-487.10200", "2012-12-31": "-409.14200", "2011-12-31": "-646.50900", "2010-12-31": "-682.37000", "2009-12-31": "-290.69900", "2008-12-31": "-492.69100", "2007-12-31": "-665.47900", "2006-12-31": "-238.66100", "2005-12-31": "-32.79500"}, "Net Long-Term Debt": {"2020-12-31": "-620.86300", "2019-12-31": "-405.00700", "2018-12-31": "6.63500", "2017-12-31": "475.07600", "2016-12-31": "313.00000", "2015-12-31": "305.84900", "2014-12-31": "-145.00000", "2013-12-31": "324.37200", "2012-12-31": "-5.40000", "2011-12-31": "134.67600", "2010-12-31": "424.78000", "2009-12-31": "161.77200", "2008-12-31": "-2.48900", "2007-12-31": "198.54910", "2006-12-31": "-172.01700", "2005-12-31": "-154.84900"}, "Net Current Debt": {"2020-12-31": "-95.01700", "2019-12-31": "-113.92300", "2018-12-31": "192.19200", "2017-12-31": "-41.31600", "2016-12-31": "48.68400", "2015-12-31": "-46.64500", "2014-12-31": "-12.54100", "2013-12-31": "-31.34000", "2012-12-31": "-9.81200", "2011-12-31": "-6.17200", "2010-12-31": "9.77500", "2009-12-31": "-48.14400", "2008-12-31": "2.60400", "2007-12-31": "-259.45400", "2006-12-31": "-26.56600", "2005-12-31": "-15.76800"}, "Debt Issuance/Retirement Net - Total": {"2020-12-31": "-715.88000", "2019-12-31": "-518.93000", "2018-12-31": "198.82700", "2017-12-31": "433.76000", "2016-12-31": "361.68400", "2015-12-31": "259.20400", "2014-12-31": "-157.54100", "2013-12-31": "293.03200", "2012-12-31": "-15.21200", "2011-12-31": "128.50400", "2010-12-31": "434.55500", "2009-12-31": "113.62800", "2008-12-31": "0.11500", "2007-12-31": "-60.90490", "2006-12-31": "-198.58300", "2005-12-31": "-170.61700"}, "Net Common Equity Issued/Repurchased": {"2020-12-31": "-462.69800", "2019-12-31": "-387.29200", "2018-12-31": "-234.48600", "2017-12-31": "-175.39400", "2016-12-31": "-197.47900", "2015-12-31": "-346.20900", "2014-12-31": "-282.97500", "2013-12-31": "-326.77900", "2012-12-31": "-247.49800", "2011-12-31": "-150.37900", "2010-12-31": "-165.59300", "2009-12-31": "1.75600", "2008-12-31": "-111.37100", "2007-12-31": "-29.00800", "2006-12-31": "59.19400", "2005-12-31": "82.17600"}, "Net Total Equity Issued/Repurchased": {"2020-12-31": "-462.69800", "2019-12-31": "-387.29200", "2018-12-31": "-234.48600", "2017-12-31": "-175.39400", "2016-12-31": "-197.47900", "2015-12-31": "-346.20900", "2014-12-31": "-282.97500", "2013-12-31": "-326.77900", "2012-12-31": "-247.49800", "2011-12-31": "-150.37900", "2010-12-31": "-165.59300", "2009-12-31": "1.75600", "2008-12-31": "-111.37100", "2007-12-31": "-29.00800", "2006-12-31": "59.19400", "2005-12-31": "82.17600"}, "Total Common And Preferred Stock Dividends Paid": {"2020-12-31": "", "2019-12-31": "", "2018-12-31": "", "2017-12-31": "", "2016-12-31": "", "2015-12-31": "", "2014-12-31": "", "2013-12-31": "", "2012-12-31": "", "2011-12-31": "", "2010-12-31": "", "2009-12-31": "", "2008-12-31": "", "2007-12-31": "", "2006-12-31": "", "2005-12-31": ""}, "Financial Activities - Other": {"2020-12-31": "-48.51900", "2019-12-31": "-0.14700", "2018-12-31": "-1.17400", "2017-12-31": "-1.62000", "2016-12-31": "-2.00700", "2015-12-31": "-2.11100", "2014-12-31": "5.63000", "2013-12-31": "7.17200", "2012-12-31": "5.02900", "2011-12-31": "7.95600", "2010-12-31": "1.92200", "2009-12-31": "-1.73100", "2008-12-31": "0.16100", "2007-12-31": "7.68700", "2006-12-31": "6.66100", "2005-12-31": ""}, "Cash Flow From Financial Activities": {"2020-12-31": "-1227.09700", "2019-12-31": "-906.36900", "2018-12-31": "-36.83300", "2017-12-31": "256.74600", "2016-12-31": "162.19800", "2015-12-31": "-89.11600", "2014-12-31": "-434.88600", "2013-12-31": "-26.57500", "2012-12-31": "-257.68100", "2011-12-31": "-13.91900", "2010-12-31": "270.88400", "2009-12-31": "113.65300", "2008-12-31": "-111.09500", "2007-12-31": "-82.22600", "2006-12-31": "-132.72800", "2005-12-31": "-88.44100"}, "Net Cash Flow": {"2020-12-31": "73.51200", "2019-12-31": "-209.22400", "2018-12-31": "-220.75600", "2017-12-31": "195.76300", "2016-12-31": "261.23000", "2015-12-31": "-127.26500", "2014-12-31": "9.75300", "2013-12-31": "-19.08200", "2012-12-31": "12.79700", "2011-12-31": "-529.43400", "2010-12-31": "-210.68600", "2009-12-31": "685.73500", "2008-12-31": "3.54100", "2007-12-31": "110.00100", "2006-12-31": "-242.93100", "2005-12-31": "275.36700"}, "Stock-Based Compensation": {"2020-12-31": "", "2019-12-31": "", "2018-12-31": "", "2017-12-31": "", "2016-12-31": "", "2015-12-31": "", "2014-12-31": "", "2013-12-31": "", "2012-12-31": "", "2011-12-31": "", "2010-12-31": "", "2009-12-31": "", "2008-12-31": "", "2007-12-31": "", "2006-12-31": "", "2005-12-31": ""}, "Common Stock Dividends Paid": {"2020-12-31": "", "2019-12-31": "", "2018-12-31": "", "2017-12-31": "", "2016-12-31": "", "2015-12-31": "", "2014-12-31": "", "2013-12-31": "", "2012-12-31": "", "2011-12-31": "", "2010-12-31": "", "2009-12-31": "", "2008-12-31": "", "2007-12-31": "", "2006-12-31": "", "2005-12-31": ""}}, "cash flow statement, quarterly": {"Net Income/Loss": {"2020-12-31": 236.976, "2020-09-30": 166.396, "2020-06-30": 133.337, "2020-03-31": "49.75500", "2019-12-31": 112.188, "2019-09-30": 92.981, "2019-06-30": -547.751, "2019-03-31": "142.41400", "2018-12-31": 232.491, "2018-09-30": 178.173, "2018-06-30": 171.04, "2018-03-31": "139.87000", "2017-12-31": 55.501, "2017-09-30": 134.909, "2017-06-30": 100.647, "2017-03-31": "116.31900", "2016-12-31": 165.023, "2016-09-30": 117.835, "2016-06-30": 135.338, "2016-03-31": "106.59200", "2015-12-31": 159.408, "2015-09-30": 110.304, "2015-06-30": 124.683, "2015-03-31": "106.09100", "2014-12-31": 116.286, "2014-09-30": 146.852, "2014-06-30": 128.06, "2014-03-31": "107.19200", "2013-12-31": 134.919, "2013-09-30": 96.963, "2013-06-30": 90.036, "2013-03-31": "77.95800", "2012-12-31": 174.821, "2012-09-30": 103.692, "2012-06-30": 114.481, "2012-03-31": "113.72300", "2011-12-31": 174.13, "2011-09-30": 132.378, "2011-06-30": 156.311, "2011-03-31": "136.49700", "2010-12-31": 157.889, "2010-09-30": 118.502, "2010-06-30": 116.193, "2010-03-31": "87.04100", "2009-12-31": 63.111, "2009-09-30": 12.576, "2009-06-30": 21.082, "2009-03-31": "26.73600", "2008-12-31": -872.06, "2008-09-30": 76.177, "2008-06-30": 96.343, "2008-03-31": "85.90500", "2007-12-31": 117.657, "2007-09-30": 98.324, "2007-06-30": 99.211, "2007-03-31": "96.29400", "2006-12-31": 128.071, "2006-09-30": 85.918, "2006-06-30": 92.763, "2006-03-31": "81.57900", "2005-12-31": 74.446, "2005-09-30": 63.523, "2005-06-30": 58.449, "2005-03-31": "57.19100"}, "Total Depreciation And Amortization - Cash Flow": {"2020-12-31": 55.09, "2020-09-30": 53.017, "2020-06-30": 55.209, "2020-03-31": "61.03000", "2019-12-31": 56.372, "2019-09-30": 52.351, "2019-06-30": 55.521, "2019-03-31": "66.61600", "2018-12-31": 55.317, "2018-09-30": 57.974, "2018-06-30": 59.041, "2018-03-31": "60.29000", "2017-12-31": 49.324, "2017-09-30": 47.484, "2017-06-30": 47.197, "2017-03-31": "48.71600", "2016-12-31": 47.721, "2016-09-30": 50.702, "2016-06-30": 50.787, "2016-03-31": "49.81000", "2015-12-31": 51.391, "2015-09-30": 52.718, "2015-06-30": 51.837, "2015-03-31": "47.08200", "2014-12-31": 51.34, "2014-09-30": 50.188, "2014-06-30": 50.083, "2014-03-31": "46.36700", "2013-12-31": 47.277, "2013-09-30": 43.901, "2013-06-30": 39.398, "2013-03-31": "37.48800", "2012-12-31": 40.131, "2012-09-30": 38.534, "2012-06-30": 34.926, "2012-03-31": "36.30500", "2011-12-31": 37.679, "2011-09-30": 34.906, "2011-06-30": 36.827, "2011-03-31": "33.29500", "2010-12-31": 29.84, "2010-09-30": 27.731, "2010-06-30": 26.892, "2010-03-31": "27.50200", "2009-12-31": 28.882, "2009-09-30": 23.662, "2009-06-30": 24.969, "2009-03-31": "22.53100", "2008-12-31": 22.712, "2008-09-30": 21.317, "2008-06-30": 22.223, "2008-03-31": "23.28800", "2007-12-31": 23.343, "2007-09-30": 22.711, "2007-06-30": 24.308, "2007-03-31": "19.89000", "2006-12-31": 19.347, "2006-09-30": 17.421, "2006-06-30": 18.261, "2006-03-31": "16.82700", "2005-12-31": 15.001, "2005-09-30": 15.411, "2005-06-30": 17.969, "2005-03-31": "18.34100"}, "Other Non-Cash Items": {"2020-12-31": -20.998, "2020-09-30": -3.857, "2020-06-30": 8.301, "2020-03-31": "48.68800", "2019-12-31": 27.076, "2019-09-30": 21.098, "2019-06-30": 623.788, "2019-03-31": "8.66200", "2018-12-31": -3.123, "2018-09-30": 2.644, "2018-06-30": 23.175, "2018-03-31": "0.30700", "2017-12-31": 53.398, "2017-09-30": 17.926, "2017-06-30": 55.922, "2017-03-31": "13.01300", "2016-12-31": -10.394, "2016-09-30": 5.675, "2016-06-30": 2.887, "2016-03-31": "20.69900", "2015-12-31": -14.495, "2015-09-30": 4.729, "2015-06-30": 12.027, "2015-03-31": "5.42100", "2014-12-31": 20.106, "2014-09-30": -24.617, "2014-06-30": 12.669, "2014-03-31": "11.38200", "2013-12-31": -4.134, "2013-09-30": 9.636, "2013-06-30": 19.15, "2013-03-31": "26.62100", "2012-12-31": -19.352, "2012-09-30": 7.954, "2012-06-30": 5.611, "2012-03-31": "17.97100", "2011-12-31": -5.656, "2011-09-30": 3.234, "2011-06-30": 1.597, "2011-03-31": "2.81000", "2010-12-31": -21.1, "2010-09-30": 11.912, "2010-06-30": 13.193, "2010-03-31": "17.72600", "2009-12-31": 7.096, "2009-09-30": 34.27, "2009-06-30": 22.255, "2009-03-31": "28.41200", "2008-12-31": 964.8891, "2008-09-30": 19.572, "2008-06-30": 6.655, "2008-03-31": "-2.84000", "2007-12-31": 11.922, "2007-09-30": -2.123, "2007-06-30": 0.64, "2007-03-31": "-9.33500", "2006-12-31": -33.007, "2006-09-30": -18.006, "2006-06-30": -2.863, "2006-03-31": "-3.06300", "2005-12-31": 23.447, "2005-09-30": -1.479, "2005-06-30": 8.226, "2005-03-31": "-0.40400"}, "Total Non-Cash Items": {"2020-12-31": 34.092, "2020-09-30": 49.16, "2020-06-30": 63.51, "2020-03-31": "109.71800", "2019-12-31": 83.448, "2019-09-30": 73.4489, "2019-06-30": 679.309, "2019-03-31": "75.27800", "2018-12-31": 52.194, "2018-09-30": 60.618, "2018-06-30": 82.216, "2018-03-31": "60.59700", "2017-12-31": 102.722, "2017-09-30": 65.41, "2017-06-30": 103.119, "2017-03-31": "61.72900", "2016-12-31": 37.327, "2016-09-30": 56.377, "2016-06-30": 53.674, "2016-03-31": "70.50900", "2015-12-31": 36.896, "2015-09-30": 57.447, "2015-06-30": 63.864, "2015-03-31": "52.50300", "2014-12-31": 71.446, "2014-09-30": 25.571, "2014-06-30": 62.752, "2014-03-31": "57.74900", "2013-12-31": 43.143, "2013-09-30": 53.537, "2013-06-30": 58.548, "2013-03-31": "64.10900", "2012-12-31": 20.779, "2012-09-30": 46.488, "2012-06-30": 40.537, "2012-03-31": "54.27600", "2011-12-31": 32.023, "2011-09-30": 38.14, "2011-06-30": 38.424, "2011-03-31": "36.10500", "2010-12-31": 8.74, "2010-09-30": 39.643, "2010-06-30": 40.085, "2010-03-31": "45.22800", "2009-12-31": 35.978, "2009-09-30": 57.932, "2009-06-30": 47.224, "2009-03-31": "50.94300", "2008-12-31": 987.601, "2008-09-30": 40.889, "2008-06-30": 28.878, "2008-03-31": "20.44800", "2007-12-31": 35.265, "2007-09-30": 20.588, "2007-06-30": 24.948, "2007-03-31": "10.55500", "2006-12-31": -13.66, "2006-09-30": -0.585, "2006-06-30": 15.398, "2006-03-31": "13.76400", "2005-12-31": 38.448, "2005-09-30": 13.932, "2005-06-30": 26.195, "2005-03-31": "17.93700"}, "Change In Accounts Receivable": {"2020-12-31": -1074.997, "2020-09-30": 87.402, "2020-06-30": -112.437, "2020-03-31": "558.60500", "2019-12-31": -578.059, "2019-09-30": 21.355, "2019-06-30": -54.436, "2019-03-31": "949.98900", "2018-12-31": -752.891, "2018-09-30": -180.77, "2018-06-30": -863.49, "2018-03-31": "789.84300", "2017-12-31": -1052.808, "2017-09-30": -445.515, "2017-06-30": -529.392, "2017-03-31": "948.62100", "2016-12-31": -936.38, "2016-09-30": -193.791, "2016-06-30": -467.492, "2016-03-31": "996.73800", "2015-12-31": -1125.272, "2015-09-30": -22.871, "2015-06-30": 143.882, "2015-03-31": "935.27100", "2014-12-31": -1078.058, "2014-09-30": -41.481, "2014-06-30": -306.793, "2014-03-31": "904.71900", "2013-12-31": -959.428, "2013-09-30": 225.379, "2013-06-30": -227.817, "2013-03-31": "388.98000", "2012-12-31": -554.201, "2012-09-30": 115.535, "2012-06-30": -214.037, "2012-03-31": "334.01400", "2011-12-31": -329.943, "2011-09-30": 22.867, "2011-06-30": -164.965, "2011-03-31": "278.54900", "2010-12-31": -454.275, "2010-09-30": -50.634, "2010-06-30": -308.822, "2010-03-31": "8.09400", "2009-12-31": -411.488, "2009-09-30": -132.864, "2009-06-30": -57.338, "2009-03-31": "603.99200", "2008-12-31": -62.962, "2008-09-30": 177.072, "2008-06-30": -131.934, "2008-03-31": "287.47900", "2007-12-31": -164.873, "2007-09-30": 16.728, "2007-06-30": -181.101, "2007-03-31": "49.61000", "2006-12-31": 65.685, "2006-09-30": -20.929, "2006-06-30": -189.937, "2006-03-31": "-56.95400", "2005-12-31": -35.579, "2005-09-30": 55.183, "2005-06-30": -155.324, "2005-03-31": "-52.51500"}, "Change In Inventories": {"2020-12-31": -16.248, "2020-09-30": 207.646, "2020-06-30": -80.465, "2020-03-31": "133.39200", "2019-12-31": 40.448, "2019-09-30": 64.468, "2019-06-30": 143.74, "2019-03-31": "134.40200", "2018-12-31": -162.825, "2018-09-30": 43.867, "2018-06-30": -239.297, "2018-03-31": "-260.62000", "2017-12-31": -118.709, "2017-09-30": -111.181, "2017-06-30": -111.76, "2017-03-31": "-38.18500", "2016-12-31": -286.306, "2016-09-30": -95.184, "2016-06-30": -67.101, "2016-03-31": "44.61100", "2015-12-31": 2.1, "2015-09-30": 37.935, "2015-06-30": -131.399, "2015-03-31": "48.57400", "2014-12-31": -112.86, "2014-09-30": 32.74, "2014-06-30": -202.67, "2014-03-31": "72.00100", "2013-12-31": 72.903, "2013-09-30": -34.314, "2013-06-30": -34.489, "2013-03-31": "-25.37700", "2012-12-31": 37.14, "2012-09-30": 6.298, "2012-06-30": -81.464, "2012-03-31": "-24.35700", "2011-12-31": 214.783, "2011-09-30": 4.171, "2011-06-30": -151.785, "2011-03-31": "37.98100", "2010-12-31": 98.294, "2010-09-30": -149.716, "2010-06-30": -346.625, "2010-03-31": "-99.24700", "2009-12-31": -44.472, "2009-09-30": 67.435, "2009-06-30": 102.468, "2009-03-31": "161.19500", "2008-12-31": 125.581, "2008-09-30": 87.631, "2008-06-30": -56.375, "2008-03-31": "-71.34800", "2007-12-31": -42.952, "2007-09-30": -17.055, "2007-06-30": 103.564, "2007-03-31": "73.10000", "2006-12-31": -17.044, "2006-09-30": 199.811, "2006-06-30": -155.771, "2006-03-31": "-146.60800", "2005-12-31": -45.514, "2005-09-30": -22.236, "2005-06-30": 22.736, "2005-03-31": "56.72100"}, "Change In Accounts Payable": {"2020-12-31": 988.883, "2020-09-30": -176.973, "2020-06-30": 292.024, "2020-03-31": "-343.05100", "2019-12-31": 827.614, "2019-09-30": -3.013, "2019-06-30": 193.832, "2019-03-31": "-1540.00800", "2018-12-31": 764.726, "2018-09-30": 412.422, "2018-06-30": 451.093, "2018-03-31": "-691.81800", "2017-12-31": 930.406, "2017-09-30": 487.904, "2017-06-30": 380.647, "2017-03-31": "-982.35500", "2016-12-31": 1095.53, "2016-09-30": 93.313, "2016-06-30": 429.416, "2016-03-31": "-1036.09400", "2015-12-31": 1352.1, "2015-09-30": -298.552, "2015-06-30": 259.287, "2015-03-31": "-1279.43700", "2014-12-31": 1260.888, "2014-09-30": -222.128, "2014-06-30": 449.225, "2014-03-31": "-859.28800", "2013-12-31": 808.163, "2013-09-30": -237.258, "2013-06-30": 343.706, "2013-03-31": "-467.79700", "2012-12-31": 374.959, "2012-09-30": -77.51, "2012-06-30": 244.623, "2012-03-31": "-135.19800", "2011-12-31": 42.788, "2011-09-30": -97.476, "2011-06-30": 163.088, "2011-03-31": "-574.00300", "2010-12-31": 555.345, "2010-09-30": -63.319, "2010-06-30": 580.025, "2010-03-31": "-272.90900", "2009-12-31": 462.122, "2009-09-30": 95.638, "2009-06-30": 194.919, "2009-03-31": "-448.38400", "2008-12-31": 121.612, "2008-09-30": -156.186, "2008-06-30": 139.751, "2008-03-31": "-296.84600", "2007-12-31": 274.54, "2007-09-30": 56.036, "2007-06-30": 270.649, "2007-03-31": "-126.07000", "2006-12-31": 175.257, "2006-09-30": -342.457, "2006-06-30": 149.115, "2006-03-31": "70.64600", "2005-12-31": 101.575, "2005-09-30": -64.574, "2005-06-30": 132.586, "2005-03-31": "88.89800"}, "Change In Assets/Liabilities": {"2020-12-31": -31.089, "2020-09-30": -17.015, "2020-06-30": 19.907, "2020-03-31": "-10.22800", "2019-12-31": -45.145, "2019-09-30": 37.264, "2019-06-30": 11.826, "2019-03-31": "-40.78200", "2018-12-31": 29.351, "2018-09-30": -41.654, "2018-06-30": -29.44, "2018-03-31": "-94.32700", "2017-12-31": 157.946, "2017-09-30": -39.495, "2017-06-30": -62.777, "2017-03-31": "-34.59900", "2016-12-31": -11.553, "2016-09-30": 38.199, "2016-06-30": 17.448, "2016-03-31": "-56.76800", "2015-12-31": -5.035, "2015-09-30": -14.821, "2015-06-30": -11.917, "2015-03-31": "2.82800", "2014-12-31": 6.809, "2014-09-30": 31.421, "2014-06-30": 11.064, "2014-03-31": "-32.60200", "2013-12-31": 34.577, "2013-09-30": 6.427, "2013-06-30": 103.694, "2013-03-31": "-45.43600", "2012-12-31": -10.354, "2012-09-30": 15.834, "2012-06-30": -32.016, "2012-03-31": "-26.10200", "2011-12-31": 20.423, "2011-09-30": 36.35, "2011-06-30": -4.698, "2011-03-31": "-51.32800", "2010-12-31": 93.321, "2010-09-30": 22.58, "2010-06-30": -73.165, "2010-03-31": "-23.47300", "2009-12-31": 23.804, "2009-09-30": 26.678, "2009-06-30": -4.41, "2009-03-31": "-17.97600", "2008-12-31": 32.397, "2008-09-30": -15.689, "2008-06-30": -6.241, "2008-03-31": "-21.30100", "2007-12-31": 19.451, "2007-09-30": -22.388, "2007-06-30": 4.699, "2007-03-31": "1.50500", "2006-12-31": -11.954, "2006-09-30": 7.765, "2006-06-30": 7.32, "2006-03-31": "-16.45100", "2005-12-31": -49.375, "2005-09-30": 1.622, "2005-06-30": 4.718, "2005-03-31": "-10.96500"}, "Total Change In Assets/Liabilities": {"2020-12-31": -76.121, "2020-09-30": 59.171, "2020-06-30": 221.398, "2020-03-31": "307.39200", "2019-12-31": 288.5069, "2019-09-30": 120.3442, "2019-06-30": 273.8599, "2019-03-31": "-546.69100", "2018-12-31": -24.693, "2018-09-30": 249.5579, "2018-06-30": -659.5629, "2018-03-31": "-279.00900", "2017-12-31": -45.911, "2017-09-30": -60.222, "2017-06-30": -319.749, "2017-03-31": "-200.38300", "2016-12-31": 10.6449, "2016-09-30": -145.637, "2016-06-30": -41.777, "2016-03-31": "-212.20600", "2015-12-31": 352.7601, "2015-09-30": -271.671, "2015-06-30": 269.6429, "2015-03-31": "-401.92000", "2014-12-31": 268.664, "2014-09-30": -241.676, "2014-06-30": -29.8849, "2014-03-31": "-42.39610", "2013-12-31": 36.259, "2013-09-30": -69.927, "2013-06-30": 184.679, "2013-03-31": "-323.06700", "2012-12-31": -6.404, "2012-09-30": 27.592, "2012-06-30": -92.959, "2012-03-31": "83.79300", "2011-12-31": -62.704, "2011-09-30": -52.318, "2011-06-30": -160.502, "2011-03-31": "-351.91000", "2010-12-31": 292.11, "2010-09-30": -181.873, "2010-06-30": -91.602, "2010-03-31": "-414.48600", "2009-12-31": 95.906, "2009-09-30": 41.8219, "2009-06-30": 238.0321, "2009-03-31": "152.97200", "2008-12-31": 168.045, "2008-09-30": 85.161, "2008-06-30": -24.117, "2008-03-31": "-73.47100", "2007-12-31": 67.559, "2007-09-30": 52.48, "2007-06-30": 221.174, "2007-03-31": "6.68800", "2006-12-31": 173.39, "2006-09-30": -121.448, "2006-06-30": -206.598, "2006-03-31": "-127.75200", "2005-12-31": -6.4, "2005-09-30": 2.485, "2005-06-30": -21.583, "2005-03-31": "77.92500"}, "Cash Flow From Operating Activities": {"2020-12-31": 200.006, "2020-09-30": 274.727, "2020-06-30": 418.245, "2020-03-31": "466.86500", "2019-12-31": 494.802, "2019-09-30": 286.774, "2019-06-30": 405.418, "2019-03-31": "-328.99900", "2018-12-31": 263.134, "2018-09-30": 494.405, "2018-06-30": -409.772, "2018-03-31": "-75.07700", "2017-12-31": 122.778, "2017-09-30": 134.889, "2017-06-30": -112.22, "2017-03-31": "-20.89000", "2016-12-31": 218.967, "2016-09-30": 25.621, "2016-06-30": 148.727, "2016-03-31": "-33.64300", "2015-12-31": 549.064, "2015-09-30": -108.494, "2015-06-30": 461.034, "2015-03-31": "-241.59600", "2014-12-31": 457.053, "2014-09-30": -67.224, "2014-06-30": 159.435, "2014-03-31": "124.03700", "2013-12-31": 215.046, "2013-09-30": 81.132, "2013-06-30": 333.917, "2013-03-31": "-179.40400", "2012-12-31": 187.75, "2012-09-30": 176.329, "2012-06-30": 60.619, "2012-03-31": "250.33500", "2011-12-31": 146.504, "2011-09-30": 119.081, "2011-06-30": 34.967, "2011-03-31": "-179.66900", "2010-12-31": 462.041, "2010-09-30": -23.728, "2010-06-30": 64.676, "2010-03-31": "-282.21700", "2009-12-31": 200.536, "2009-09-30": 112.33, "2009-06-30": 306.338, "2009-03-31": "230.65100", "2008-12-31": 275.764, "2008-09-30": 202.227, "2008-06-30": 101.104, "2008-03-31": "40.70400", "2007-12-31": 220.481, "2007-09-30": 171.392, "2007-06-30": 345.333, "2007-03-31": "113.53700", "2006-12-31": 287.801, "2006-09-30": -36.115, "2006-06-30": -98.437, "2006-03-31": "-32.40900", "2005-12-31": 106.494, "2005-09-30": 79.94, "2005-06-30": 63.061, "2005-03-31": "153.05300"}, "Net Change In Property, Plant, And Equipment": {"2020-12-31": -34.03, "2020-09-30": -30.013, "2020-06-30": -31.571, "2020-03-31": "-27.97100", "2019-12-31": -30.111, "2019-09-30": -31.444, "2019-06-30": -47.821, "2019-03-31": "-33.81500", "2018-12-31": -25.018, "2018-09-30": -38.346, "2018-06-30": -31.816, "2018-03-31": "-34.73500", "2017-12-31": -54.352, "2017-09-30": -47.691, "2017-06-30": -23.241, "2017-03-31": "-54.23200", "2016-12-31": -38.354, "2016-09-30": -38.005, "2016-06-30": -39.075, "2016-03-31": "-49.26100", "2015-12-31": -38.248, "2015-09-30": -44.236, "2015-06-30": -37.67, "2015-03-31": "-31.15000", "2014-12-31": -34.624, "2014-09-30": -25.878, "2014-06-30": -29.16, "2014-03-31": "-32.84300", "2013-12-31": -30.697, "2013-09-30": -31.904, "2013-06-30": -26.81, "2013-03-31": "-26.75100", "2012-12-31": -36.65, "2012-09-30": -26.71, "2012-06-30": -26.611, "2012-03-31": "-22.25300", "2011-12-31": -25.674, "2011-09-30": -27.927, "2011-06-30": -42.163, "2011-03-31": "-18.17700", "2010-12-31": -28.881, "2010-09-30": -26.753, "2010-06-30": -18.941, "2010-03-31": "-20.70800", "2009-12-31": -22.494, "2009-09-30": -25.5, "2009-06-30": -35.557, "2009-03-31": "-36.81200", "2008-12-31": -46.169, "2008-09-30": -43.148, "2008-06-30": -37.026, "2008-03-31": "-32.34500", "2007-12-31": -35.94, "2007-09-30": -41.527, "2007-06-30": -39.383, "2007-03-31": "-21.98400", "2006-12-31": -24.408, "2006-09-30": -14.13, "2006-06-30": -14.454, "2006-03-31": "-13.08600", "2005-12-31": -13.39, "2005-09-30": -15.225, "2005-06-30": 0.494, "2005-03-31": "-5.05800"}, "Net Change In Intangible Assets": {"2020-12-31": -0.713, "2020-09-30": 0, "2020-06-30": 0, "2020-03-31": "", "2019-12-31": -7.616, "2019-09-30": 0, "2019-06-30": 0, "2019-03-31": "", "2018-12-31": -20, "2018-09-30": 0, "2018-06-30": 0, "2018-03-31": "", "2017-12-31": 0, "2017-09-30": 0, "2017-06-30": 0, "2017-03-31": "", "2016-12-31": 0, "2016-09-30": 0, "2016-06-30": 0, "2016-03-31": "", "2015-12-31": 0, "2015-09-30": 0, "2015-06-30": 0, "2015-03-31": "", "2014-12-31": 0, "2014-09-30": 0, "2014-06-30": 0, "2014-03-31": "", "2013-12-31": 0, "2013-09-30": 0, "2013-06-30": 0, "2013-03-31": "", "2012-12-31": 0, "2012-09-30": 0, "2012-06-30": 0, "2012-03-31": "", "2011-12-31": 0, "2011-09-30": 0, "2011-06-30": 0, "2011-03-31": "", "2010-12-31": 0, "2010-09-30": 0, "2010-06-30": 0, "2010-03-31": "", "2009-12-31": 0, "2009-09-30": 0, "2009-06-30": 0, "2009-03-31": "", "2008-12-31": 0, "2008-09-30": 0, "2008-06-30": 0, "2008-03-31": "", "2007-12-31": 0, "2007-09-30": 0, "2007-06-30": 0, "2007-03-31": "", "2006-12-31": 0, "2006-09-30": 0, "2006-06-30": 0, "2006-03-31": "", "2005-12-31": 0, "2005-09-30": 0, "2005-06-30": 0, "2005-03-31": ""}, "Net Acquisitions/Divestitures": {"2020-12-31": 0, "2020-09-30": 0, "2020-06-30": 0, "2020-03-31": "", "2019-12-31": -11.769, "2019-09-30": -10.785, "2019-06-30": 9.46, "2019-03-31": "", "2018-12-31": 0, "2018-09-30": -2.278, "2018-06-30": -0.096, "2018-03-31": "-297.17600", "2017-12-31": 0, "2017-09-30": -1.094, "2017-06-30": -2.534, "2017-03-31": "", "2016-12-31": 4.195, "2016-09-30": -23.473, "2016-06-30": 1.017, "2016-03-31": "-46.49000", "2015-12-31": -1.821, "2015-09-30": -42.236, "2015-06-30": -337.585, "2015-03-31": "-133.08900", "2014-12-31": -33.359, "2014-09-30": -69.298, "2014-06-30": 0, "2014-03-31": "-60.22400", "2013-12-31": -324.548, "2013-09-30": -34.01, "2013-06-30": 0, "2013-03-31": "-9.38200", "2012-12-31": -90.668, "2012-09-30": -4.053, "2012-06-30": -26.654, "2012-03-31": "-160.54300", "2011-12-31": -9.238, "2011-09-30": -80.993, "2011-06-30": -63.324, "2011-03-31": "-379.01300", "2010-12-31": -127.086, "2010-09-30": -287.648, "2010-06-30": -169.293, "2010-03-31": "-3.06000", "2009-12-31": -170.064, "2009-09-30": -1.153, "2009-06-30": 1.153, "2009-03-31": "", "2008-12-31": -13.626, "2008-09-30": -46.751, "2008-06-30": -199.716, "2008-03-31": "-73.39800", "2007-12-31": -0.303, "2007-09-30": -43.248, "2007-06-30": -0.406, "2007-03-31": "-482.66500", "2006-12-31": -156.775, "2006-09-30": 0, "2006-06-30": -1.317, "2006-03-31": "-18.14300", "2005-12-31": -154.374, "2005-09-30": -3.81, "2005-06-30": -2.461, "2005-03-31": ""}, "Net Change In Short-term Investments": {"2020-12-31": 0, "2020-09-30": 0, "2020-06-30": 0, "2020-03-31": "", "2019-12-31": 0, "2019-09-30": 0, "2019-06-30": 0, "2019-03-31": "", "2018-12-31": 0, "2018-09-30": 0, "2018-06-30": 0, "2018-03-31": "", "2017-12-31": 0, "2017-09-30": 0, "2017-06-30": 0, "2017-03-31": "", "2016-12-31": 0, "2016-09-30": 0, "2016-06-30": 0, "2016-03-31": "", "2015-12-31": 0, "2015-09-30": 0, "2015-06-30": 0, "2015-03-31": "", "2014-12-31": 0, "2014-09-30": 0, "2014-06-30": 0, "2014-03-31": "", "2013-12-31": 0, "2013-09-30": 0, "2013-06-30": 0, "2013-03-31": "", "2012-12-31": 0, "2012-09-30": 0, "2012-06-30": 0, "2012-03-31": "", "2011-12-31": 0, "2011-09-30": 0, "2011-06-30": 0, "2011-03-31": "", "2010-12-31": 0, "2010-09-30": 0, "2010-06-30": 0, "2010-03-31": "", "2009-12-31": 0, "2009-09-30": 0, "2009-06-30": 0, "2009-03-31": "", "2008-12-31": 0, "2008-09-30": 0, "2008-06-30": 0, "2008-03-31": "", "2007-12-31": 0, "2007-09-30": 0, "2007-06-30": 0, "2007-03-31": "", "2006-12-31": 0, "2006-09-30": 0, "2006-06-30": 0, "2006-03-31": "", "2005-12-31": 0, "2005-09-30": 0, "2005-06-30": 0, "2005-03-31": "158.60000"}, "Net Change In Long-Term Investments": {"2020-12-31": 0, "2020-09-30": 0, "2020-06-30": 0, "2020-03-31": "", "2019-12-31": 0, "2019-09-30": 0, "2019-06-30": 0, "2019-03-31": "", "2018-12-31": 0, "2018-09-30": 0, "2018-06-30": 0, "2018-03-31": "", "2017-12-31": 0, "2017-09-30": 0, "2017-06-30": 0, "2017-03-31": "", "2016-12-31": 0, "2016-09-30": 0, "2016-06-30": 0, "2016-03-31": "", "2015-12-31": 2.008, "2015-09-30": 0, "2015-06-30": 0, "2015-03-31": "", "2014-12-31": 0, "2014-09-30": 40.542, "2014-06-30": 0, "2014-03-31": "", "2013-12-31": -3, "2013-09-30": 0, "2013-06-30": 0, "2013-03-31": "", "2012-12-31": 0, "2012-09-30": 0, "2012-06-30": -15, "2012-03-31": "", "2011-12-31": 0, "2011-09-30": 0, "2011-06-30": 0, "2011-03-31": "", "2010-12-31": 0, "2010-09-30": 0, "2010-06-30": 0, "2010-03-31": "", "2009-12-31": 0, "2009-09-30": 0, "2009-06-30": 0, "2009-03-31": "", "2008-12-31": 0, "2008-09-30": 0, "2008-06-30": 0, "2008-03-31": "", "2007-12-31": 0, "2007-09-30": 0, "2007-06-30": 0, "2007-03-31": "", "2006-12-31": 0, "2006-09-30": 0, "2006-06-30": 0, "2006-03-31": "", "2005-12-31": 0, "2005-09-30": 0, "2005-06-30": 0, "2005-03-31": ""}, "Net Change In Investments - Total": {"2020-12-31": 0, "2020-09-30": 0, "2020-06-30": 0, "2020-03-31": "", "2019-12-31": 0, "2019-09-30": 0, "2019-06-30": 0, "2019-03-31": "", "2018-12-31": 0, "2018-09-30": 0, "2018-06-30": 0, "2018-03-31": "", "2017-12-31": 0, "2017-09-30": 0, "2017-06-30": 0, "2017-03-31": "", "2016-12-31": 0, "2016-09-30": 0, "2016-06-30": 0, "2016-03-31": "", "2015-12-31": 2.008, "2015-09-30": 0, "2015-06-30": 0, "2015-03-31": "", "2014-12-31": 0, "2014-09-30": 40.542, "2014-06-30": 0, "2014-03-31": "", "2013-12-31": -3, "2013-09-30": 0, "2013-06-30": 0, "2013-03-31": "", "2012-12-31": 0, "2012-09-30": 0, "2012-06-30": -15, "2012-03-31": "", "2011-12-31": 0, "2011-09-30": 0, "2011-06-30": 0, "2011-03-31": "", "2010-12-31": 0, "2010-09-30": 0, "2010-06-30": 0, "2010-03-31": "", "2009-12-31": 0, "2009-09-30": 0, "2009-06-30": 0, "2009-03-31": "", "2008-12-31": 0, "2008-09-30": 0, "2008-06-30": 0, "2008-03-31": "", "2007-12-31": 0, "2007-09-30": 0, "2007-06-30": 0, "2007-03-31": "", "2006-12-31": 0, "2006-09-30": 0, "2006-06-30": 0, "2006-03-31": "", "2005-12-31": 0, "2005-09-30": 0, "2005-06-30": 0, "2005-03-31": "158.60000"}, "Investing Activities - Other": {"2020-12-31": 0.086, "2020-09-30": -9.116, "2020-06-30": 0, "2020-03-31": "-5.46600", "2019-12-31": -4.127, "2019-09-30": -8.495, "2019-06-30": 0, "2019-03-31": "2.94000", "2018-12-31": -2.5, "2018-09-30": -3, "2018-06-30": -3.5, "2018-03-31": "-4.50000", "2017-12-31": -3.147, "2017-09-30": 0.533, "2017-06-30": -3, "2017-03-31": "", "2016-12-31": 0, "2016-09-30": 0, "2016-06-30": -12, "2016-03-31": "", "2015-12-31": -2.008, "2015-09-30": 0, "2015-06-30": 0, "2015-03-31": "2.00800", "2014-12-31": 0, "2014-09-30": 0, "2014-06-30": 0, "2014-03-31": "", "2013-12-31": 3, "2013-09-30": 0, "2013-06-30": 0, "2013-03-31": "-3.00000", "2012-12-31": 0, "2012-09-30": 0, "2012-06-30": 0, "2012-03-31": "", "2011-12-31": 0, "2011-09-30": 0, "2011-06-30": 0, "2011-03-31": "", "2010-12-31": 0, "2010-09-30": 0, "2010-06-30": 0, "2010-03-31": "", "2009-12-31": 0, "2009-09-30": 0, "2009-06-30": -0.183, "2009-03-31": "-0.08900", "2008-12-31": -0.132, "2008-09-30": -0.172, "2008-06-30": -0.084, "2008-03-31": "-0.12400", "2007-12-31": -0.201, "2007-09-30": -0.04, "2007-06-30": -0.117, "2007-03-31": "0.33500", "2006-12-31": 0.059, "2006-09-30": 0.51, "2006-06-30": 2.158, "2006-03-31": "0.92500", "2005-12-31": -2.395, "2005-09-30": 1.113, "2005-06-30": 3.711, "2005-03-31": ""}, "Cash Flow From Investing Activities": {"2020-12-31": -34.657, "2020-09-30": -39.129, "2020-06-30": -31.571, "2020-03-31": "-33.43700", "2019-12-31": -53.623, "2019-09-30": -50.724, "2019-06-30": -38.361, "2019-03-31": "-30.87500", "2018-12-31": -47.518, "2018-09-30": -43.624, "2018-06-30": -35.412, "2018-03-31": "-336.41100", "2017-12-31": -57.499, "2017-09-30": -48.252, "2017-06-30": -28.775, "2017-03-31": "-54.23200", "2016-12-31": -34.159, "2016-09-30": -61.478, "2016-06-30": -50.058, "2016-03-31": "-95.75100", "2015-12-31": -40.069, "2015-09-30": -86.472, "2015-06-30": -375.255, "2015-03-31": "-162.23100", "2014-12-31": -67.983, "2014-09-30": -54.634, "2014-06-30": -29.16, "2014-03-31": "-93.06700", "2013-12-31": -355.245, "2013-09-30": -65.914, "2013-06-30": -26.81, "2013-03-31": "-39.13300", "2012-12-31": -127.318, "2012-09-30": -30.763, "2012-06-30": -68.265, "2012-03-31": "-182.79600", "2011-12-31": -34.912, "2011-09-30": -108.92, "2011-06-30": -105.487, "2011-03-31": "-397.19000", "2010-12-31": -155.967, "2010-09-30": -314.401, "2010-06-30": -188.234, "2010-03-31": "-23.76800", "2009-12-31": -192.558, "2009-09-30": -26.653, "2009-06-30": -34.587, "2009-03-31": "-36.90100", "2008-12-31": -59.927, "2008-09-30": -90.071, "2008-06-30": -236.826, "2008-03-31": "-105.86700", "2007-12-31": -36.444, "2007-09-30": -84.815, "2007-06-30": -39.906, "2007-03-31": "-504.31400", "2006-12-31": -181.124, "2006-09-30": -13.62, "2006-06-30": -13.613, "2006-03-31": "-30.30400", "2005-12-31": -170.159, "2005-09-30": -17.922, "2005-06-30": 1.744, "2005-03-31": "153.54200"}, "Net Long-Term Debt": {"2020-12-31": -0.135, "2020-09-30": 0.328, "2020-06-30": -332.479, "2020-03-31": "-288.57700", "2019-12-31": -308.047, "2019-09-30": -215.937, "2019-06-30": -216.046, "2019-03-31": "335.02300", "2018-12-31": -114.12, "2018-09-30": -338.579, "2018-06-30": 157.948, "2018-03-31": "301.38600", "2017-12-31": 126.584, "2017-09-30": 170.149, "2017-06-30": 115.843, "2017-03-31": "62.50000", "2016-12-31": -7, "2016-09-30": 87, "2016-06-30": -32, "2016-03-31": "265.00000", "2015-12-31": -366.7, "2015-09-30": 204.3, "2015-06-30": 82.8, "2015-03-31": "385.44900", "2014-12-31": -134.8, "2014-09-30": -10.2, "2014-06-30": 85, "2014-03-31": "-85.00000", "2013-12-31": 314.3, "2013-09-30": -157.6, "2013-06-30": -129.6, "2013-03-31": "297.27200", "2012-12-31": 19.6, "2012-09-30": -62.8, "2012-06-30": -291.9, "2012-03-31": "329.70000", "2011-12-31": -262.324, "2011-09-30": 104.5, "2011-06-30": 101.7, "2011-03-31": "190.80000", "2010-12-31": 64.38, "2010-09-30": 360.4, "2010-06-30": 0, "2010-03-31": "", "2009-12-31": -135.658, "2009-09-30": 297.43, "2009-06-30": 0, "2009-03-31": "", "2008-12-31": -2.188, "2008-09-30": -119.328, "2008-06-30": 118.671, "2008-03-31": "0.35600", "2007-12-31": 0, "2007-09-30": -0.0339, "2007-06-30": -145.105, "2007-03-31": "343.68800", "2006-12-31": -0.055, "2006-09-30": 0.092, "2006-06-30": -0.214, "2006-03-31": "-171.84000", "2005-12-31": -0.363, "2005-09-30": -58.049, "2005-06-30": -82.623, "2005-03-31": "-13.81400"}, "Net Current Debt": {"2020-12-31": -8.862, "2020-09-30": -78.966, "2020-06-30": 77.165, "2020-03-31": "-84.35400", "2019-12-31": -20.794, "2019-09-30": 80.227, "2019-06-30": -66.112, "2019-03-31": "-107.24400", "2018-12-31": 88.034, "2018-09-30": 44.545, "2018-06-30": 78, "2018-03-31": "-18.38700", "2017-12-31": -26.893, "2017-09-30": -54.697, "2017-06-30": -36.128, "2017-03-31": "76.40200", "2016-12-31": 16.743, "2016-09-30": -35.67, "2016-06-30": 67.141, "2016-03-31": "0.47000", "2015-12-31": -42.576, "2015-09-30": -0.252, "2015-06-30": -5.051, "2015-03-31": "1.23400", "2014-12-31": -3.298, "2014-09-30": 120.661, "2014-06-30": -122.566, "2014-03-31": "-7.33800", "2013-12-31": -9.058, "2013-09-30": 5.457, "2013-06-30": -13.397, "2013-03-31": "-14.34200", "2012-12-31": -17.607, "2012-09-30": 20.372, "2012-06-30": -3.503, "2012-03-31": "-9.07400", "2011-12-31": 1.984, "2011-09-30": -1.792, "2011-06-30": -2.464, "2011-03-31": "-3.90000", "2010-12-31": 80.222, "2010-09-30": -62.653, "2010-06-30": -21.954, "2010-03-31": "14.16000", "2009-12-31": 119.523, "2009-09-30": -160.158, "2009-06-30": 4.813, "2009-03-31": "-12.32200", "2008-12-31": 13.116, "2008-09-30": -18.796, "2008-06-30": 9.05, "2008-03-31": "-0.76600", "2007-12-31": -49.655, "2007-09-30": -15.299, "2007-06-30": -7.757, "2007-03-31": "-186.74300", "2006-12-31": -31.747, "2006-09-30": -29.087, "2006-06-30": 34.692, "2006-03-31": "-0.42400", "2005-12-31": -24.804, "2005-09-30": -0.457, "2005-06-30": 4.998, "2005-03-31": "4.49500"}, "Debt Issuance/Retirement Net - Total": {"2020-12-31": -8.9969, "2020-09-30": -78.638, "2020-06-30": -255.3141, "2020-03-31": "-372.93100", "2019-12-31": -328.841, "2019-09-30": -135.71, "2019-06-30": -282.158, "2019-03-31": "227.77900", "2018-12-31": -26.086, "2018-09-30": -294.034, "2018-06-30": 235.948, "2018-03-31": "282.99900", "2017-12-31": 99.691, "2017-09-30": 115.452, "2017-06-30": 79.715, "2017-03-31": "138.90200", "2016-12-31": 9.743, "2016-09-30": 51.33, "2016-06-30": 35.141, "2016-03-31": "265.47000", "2015-12-31": -409.276, "2015-09-30": 204.048, "2015-06-30": 77.749, "2015-03-31": "386.68300", "2014-12-31": -138.098, "2014-09-30": 110.461, "2014-06-30": -37.566, "2014-03-31": "-92.33800", "2013-12-31": 305.242, "2013-09-30": -152.143, "2013-06-30": -142.997, "2013-03-31": "282.93000", "2012-12-31": 1.993, "2012-09-30": -42.428, "2012-06-30": -295.403, "2012-03-31": "320.62600", "2011-12-31": -260.34, "2011-09-30": 102.708, "2011-06-30": 99.236, "2011-03-31": "186.90000", "2010-12-31": 144.602, "2010-09-30": 297.747, "2010-06-30": -21.954, "2010-03-31": "14.16000", "2009-12-31": -16.135, "2009-09-30": 137.272, "2009-06-30": 4.813, "2009-03-31": "-12.32200", "2008-12-31": 10.928, "2008-09-30": -138.124, "2008-06-30": 127.721, "2008-03-31": "-0.41000", "2007-12-31": -49.655, "2007-09-30": -15.3329, "2007-06-30": -152.862, "2007-03-31": "156.94500", "2006-12-31": -31.802, "2006-09-30": -28.995, "2006-06-30": 34.478, "2006-03-31": "-172.26400", "2005-12-31": -25.167, "2005-09-30": -58.506, "2005-06-30": -77.625, "2005-03-31": "-9.31900"}, "Net Common Equity Issued/Repurchased": {"2020-12-31": -83.911, "2020-09-30": -150.778, "2020-06-30": -71, "2020-03-31": "-157.00900", "2019-12-31": -94.808, "2019-09-30": -101.182, "2019-06-30": -144.308, "2019-03-31": "-46.99400", "2018-12-31": -149.232, "2018-09-30": -18.688, "2018-06-30": -19.05, "2018-03-31": "-47.51600", "2017-12-31": -24.342, "2017-09-30": -24.736, "2017-06-30": -51.378, "2017-03-31": "-74.93800", "2016-12-31": -46.987, "2016-09-30": -118.503, "2016-06-30": -19.01, "2016-03-31": "-12.97900", "2015-12-31": -154.33, "2015-09-30": -49.929, "2015-06-30": -75.965, "2015-03-31": "-65.98500", "2014-12-31": -114.577, "2014-09-30": -47.908, "2014-06-30": -48.131, "2014-03-31": "-72.35900", "2013-12-31": -44.534, "2013-09-30": 17.77, "2013-06-30": -197.111, "2013-03-31": "-102.90400", "2012-12-31": -36.184, "2012-09-30": -64.282, "2012-06-30": -99.486, "2012-03-31": "-47.54600", "2011-12-31": -0.195, "2011-09-30": -99.469, "2011-06-30": -31.418, "2011-03-31": "-19.29700", "2010-12-31": -37.523, "2010-09-30": -53.296, "2010-06-30": -70.168, "2010-03-31": "-4.60600", "2009-12-31": 1.01, "2009-09-30": 2.054, "2009-06-30": 0.211, "2009-03-31": "-1.51900", "2008-12-31": 0.021, "2008-09-30": -11.565, "2008-06-30": -96.753, "2008-03-31": "-3.07400", "2007-12-31": -4.442, "2007-09-30": -38.234, "2007-06-30": -19.091, "2007-03-31": "32.75900", "2006-12-31": 5.489, "2006-09-30": 0.587, "2006-06-30": 23.021, "2006-03-31": "30.09700", "2005-12-31": 12.821, "2005-09-30": 33.792, "2005-06-30": 23.618, "2005-03-31": "11.94500"}, "Net Total Equity Issued/Repurchased": {"2020-12-31": -83.911, "2020-09-30": -150.778, "2020-06-30": -71, "2020-03-31": "-157.00900", "2019-12-31": -94.808, "2019-09-30": -101.182, "2019-06-30": -144.308, "2019-03-31": "-46.99400", "2018-12-31": -149.232, "2018-09-30": -18.688, "2018-06-30": -19.05, "2018-03-31": "-47.51600", "2017-12-31": -24.342, "2017-09-30": -24.736, "2017-06-30": -51.378, "2017-03-31": "-74.93800", "2016-12-31": -46.987, "2016-09-30": -118.503, "2016-06-30": -19.01, "2016-03-31": "-12.97900", "2015-12-31": -154.33, "2015-09-30": -49.929, "2015-06-30": -75.965, "2015-03-31": "-65.98500", "2014-12-31": -114.577, "2014-09-30": -47.908, "2014-06-30": -48.131, "2014-03-31": "-72.35900", "2013-12-31": -44.534, "2013-09-30": 17.77, "2013-06-30": -197.111, "2013-03-31": "-102.90400", "2012-12-31": -36.184, "2012-09-30": -64.282, "2012-06-30": -99.486, "2012-03-31": "-47.54600", "2011-12-31": -0.195, "2011-09-30": -99.469, "2011-06-30": -31.418, "2011-03-31": "-19.29700", "2010-12-31": -37.523, "2010-09-30": -53.296, "2010-06-30": -70.168, "2010-03-31": "-4.60600", "2009-12-31": 1.01, "2009-09-30": 2.054, "2009-06-30": 0.211, "2009-03-31": "-1.51900", "2008-12-31": 0.021, "2008-09-30": -11.565, "2008-06-30": -96.753, "2008-03-31": "-3.07400", "2007-12-31": -4.442, "2007-09-30": -38.234, "2007-06-30": -19.091, "2007-03-31": "32.75900", "2006-12-31": 5.489, "2006-09-30": 0.587, "2006-06-30": 23.021, "2006-03-31": "30.09700", "2005-12-31": 12.821, "2005-09-30": 33.792, "2005-06-30": 23.618, "2005-03-31": "11.94500"}, "Total Common And Preferred Stock Dividends Paid": {"2020-12-31": 0, "2020-09-30": 0, "2020-06-30": 0, "2020-03-31": "", "2019-12-31": 0, "2019-09-30": 0, "2019-06-30": 0, "2019-03-31": "", "2018-12-31": 0, "2018-09-30": 0, "2018-06-30": 0, "2018-03-31": "", "2017-12-31": 0, "2017-09-30": 0, "2017-06-30": 0, "2017-03-31": "", "2016-12-31": 0, "2016-09-30": 0, "2016-06-30": 0, "2016-03-31": "", "2015-12-31": 0, "2015-09-30": 0, "2015-06-30": 0, "2015-03-31": "", "2014-12-31": 0, "2014-09-30": 0, "2014-06-30": 0, "2014-03-31": "", "2013-12-31": 0, "2013-09-30": 0, "2013-06-30": 0, "2013-03-31": "", "2012-12-31": 0, "2012-09-30": 0, "2012-06-30": 0, "2012-03-31": "", "2011-12-31": 0, "2011-09-30": 0, "2011-06-30": 0, "2011-03-31": "", "2010-12-31": 0, "2010-09-30": 0, "2010-06-30": 0, "2010-03-31": "", "2009-12-31": 0, "2009-09-30": 0, "2009-06-30": 0, "2009-03-31": "", "2008-12-31": 0, "2008-09-30": 0, "2008-06-30": 0, "2008-03-31": "", "2007-12-31": 0, "2007-09-30": 0, "2007-06-30": 0, "2007-03-31": "", "2006-12-31": 0, "2006-09-30": 0, "2006-06-30": 0, "2006-03-31": "", "2005-12-31": 0, "2005-09-30": 0, "2005-06-30": 0, "2005-03-31": ""}, "Financial Activities - Other": {"2020-12-31": 0, "2020-09-30": 0, "2020-06-30": -48.519, "2020-03-31": "", "2019-12-31": 0, "2019-09-30": 0, "2019-06-30": -0.147, "2019-03-31": "", "2018-12-31": 0, "2018-09-30": -1.018, "2018-06-30": -0.156, "2018-03-31": "", "2017-12-31": 0, "2017-09-30": -0.675, "2017-06-30": -0.945, "2017-03-31": "", "2016-12-31": 0.993, "2016-09-30": -1.183, "2016-06-30": 0, "2016-03-31": "-1.81700", "2015-12-31": -2.143, "2015-09-30": -2.81, "2015-06-30": 0.185, "2015-03-31": "2.65700", "2014-12-31": -1.347, "2014-09-30": 0.729, "2014-06-30": 0.386, "2014-03-31": "5.86200", "2013-12-31": 0.235, "2013-09-30": 0.32, "2013-06-30": 0.142, "2013-03-31": "6.47500", "2012-12-31": -0.054, "2012-09-30": 0.102, "2012-06-30": 0.034, "2012-03-31": "4.94700", "2011-12-31": 0.435, "2011-09-30": 0.641, "2011-06-30": 1.152, "2011-03-31": "5.72800", "2010-12-31": 0.182, "2010-09-30": 0.012, "2010-06-30": -0.034, "2010-03-31": "1.76200", "2009-12-31": 0.01, "2009-09-30": 0.416, "2009-06-30": 0.001, "2009-03-31": "-2.15800", "2008-12-31": -0.067, "2008-09-30": -0.003, "2008-06-30": -0.035, "2008-03-31": "0.26600", "2007-12-31": 0.372, "2007-09-30": 0.622, "2007-06-30": 1.687, "2007-03-31": "5.00600", "2006-12-31": 0.175, "2006-09-30": 0.055, "2006-06-30": 2.378, "2006-03-31": "4.05300", "2005-12-31": 0, "2005-09-30": 0, "2005-06-30": 0, "2005-03-31": ""}, "Cash Flow From Financial Activities": {"2020-12-31": -92.908, "2020-09-30": -229.416, "2020-06-30": -374.833, "2020-03-31": "-529.94000", "2019-12-31": -423.649, "2019-09-30": -236.892, "2019-06-30": -426.613, "2019-03-31": "180.78500", "2018-12-31": -175.318, "2018-09-30": -313.74, "2018-06-30": 216.742, "2018-03-31": "235.48300", "2017-12-31": 75.349, "2017-09-30": 90.041, "2017-06-30": 27.392, "2017-03-31": "63.96400", "2016-12-31": -36.251, "2016-09-30": -68.356, "2016-06-30": 16.131, "2016-03-31": "250.67400", "2015-12-31": -565.749, "2015-09-30": 151.309, "2015-06-30": 1.969, "2015-03-31": "323.35500", "2014-12-31": -254.022, "2014-09-30": 63.282, "2014-06-30": -85.311, "2014-03-31": "-158.83500", "2013-12-31": 260.943, "2013-09-30": -134.053, "2013-06-30": -339.966, "2013-03-31": "186.50100", "2012-12-31": -34.245, "2012-09-30": -106.608, "2012-06-30": -394.855, "2012-03-31": "278.02700", "2011-12-31": -260.1, "2011-09-30": 3.88, "2011-06-30": 68.97, "2011-03-31": "173.33100", "2010-12-31": 107.261, "2010-09-30": 244.463, "2010-06-30": -92.156, "2010-03-31": "11.31600", "2009-12-31": -15.115, "2009-09-30": 139.742, "2009-06-30": 5.025, "2009-03-31": "-15.99900", "2008-12-31": 10.882, "2008-09-30": -149.692, "2008-06-30": 30.933, "2008-03-31": "-3.21800", "2007-12-31": -53.725, "2007-09-30": -52.945, "2007-06-30": -170.266, "2007-03-31": "194.71000", "2006-12-31": -26.138, "2006-09-30": -28.353, "2006-06-30": 59.877, "2006-03-31": "-138.11400", "2005-12-31": -12.346, "2005-09-30": -24.714, "2005-06-30": -54.007, "2005-03-31": "2.62600"}, "Net Cash Flow": {"2020-12-31": 146.596, "2020-09-30": 21.191, "2020-06-30": 4.83, "2020-03-31": "-99.10500", "2019-12-31": 37.849, "2019-09-30": -7.735, "2019-06-30": -81.91, "2019-03-31": "-157.42800", "2018-12-31": 35.136, "2018-09-30": 143.672, "2018-06-30": -218.125, "2018-03-31": "-181.43900", "2017-12-31": 145.744, "2017-09-30": 164.421, "2017-06-30": -101.644, "2017-03-31": "-12.75800", "2016-12-31": 149.905, "2016-09-30": -111.356, "2016-06-30": 101.116, "2016-03-31": "121.56500", "2015-12-31": -63.654, "2015-09-30": -62.977, "2015-06-30": 94.428, "2015-03-31": "-95.06200", "2014-12-31": 142.122, "2014-09-30": -50.703, "2014-06-30": 50.653, "2014-03-31": "-132.31900", "2013-12-31": 138.812, "2013-09-30": -94.101, "2013-06-30": -18.26, "2013-03-31": "-45.53300", "2012-12-31": 51.134, "2012-09-30": 32.718, "2012-06-30": -413.876, "2012-03-31": "342.82100", "2011-12-31": -147.679, "2011-09-30": 13.542, "2011-06-30": 9.722, "2011-03-31": "-405.01900", "2010-12-31": 416.597, "2010-09-30": -66.94, "2010-06-30": -233.387, "2010-03-31": "-326.95600", "2009-12-31": -13.763, "2009-09-30": 242.343, "2009-06-30": 289.922, "2009-03-31": "167.23300", "2008-12-31": 207.835, "2008-09-30": -41.046, "2008-06-30": -107.401, "2008-03-31": "-55.84700", "2007-12-31": 130.124, "2007-09-30": 38.61, "2007-06-30": 137.584, "2007-03-31": "-196.31700", "2006-12-31": 84.879, "2006-09-30": -76.998, "2006-06-30": -50.327, "2006-03-31": "-200.48500", "2005-12-31": -73.006, "2005-09-30": 37.454, "2005-06-30": 3.225, "2005-03-31": "307.69400"}, "Stock-Based Compensation": {"2020-12-31": 0, "2020-09-30": 0, "2020-06-30": 0, "2020-03-31": "", "2019-12-31": 0, "2019-09-30": 0, "2019-06-30": 0, "2019-03-31": "", "2018-12-31": 0, "2018-09-30": 0, "2018-06-30": 0, "2018-03-31": "", "2017-12-31": 0, "2017-09-30": 0, "2017-06-30": 0, "2017-03-31": "", "2016-12-31": 0, "2016-09-30": 0, "2016-06-30": 0, "2016-03-31": "", "2015-12-31": 0, "2015-09-30": 0, "2015-06-30": 0, "2015-03-31": "", "2014-12-31": 0, "2014-09-30": 0, "2014-06-30": 0, "2014-03-31": "", "2013-12-31": 0, "2013-09-30": 0, "2013-06-30": 0, "2013-03-31": "", "2012-12-31": 0, "2012-09-30": 0, "2012-06-30": 0, "2012-03-31": "", "2011-12-31": 0, "2011-09-30": 0, "2011-06-30": 0, "2011-03-31": "", "2010-12-31": 0, "2010-09-30": 0, "2010-06-30": 0, "2010-03-31": "", "2009-12-31": 0, "2009-09-30": 0, "2009-06-30": 0, "2009-03-31": "", "2008-12-31": 0, "2008-09-30": 0, "2008-06-30": 0, "2008-03-31": "", "2007-12-31": 0, "2007-09-30": 0, "2007-06-30": 0, "2007-03-31": "", "2006-12-31": 0, "2006-09-30": 0, "2006-06-30": 0, "2006-03-31": "", "2005-12-31": 0, "2005-09-30": 0, "2005-06-30": 0, "2005-03-31": ""}, "Common Stock Dividends Paid": {"2020-12-31": 0, "2020-09-30": 0, "2020-06-30": 0, "2020-03-31": "", "2019-12-31": 0, "2019-09-30": 0, "2019-06-30": 0, "2019-03-31": "", "2018-12-31": 0, "2018-09-30": 0, "2018-06-30": 0, "2018-03-31": "", "2017-12-31": 0, "2017-09-30": 0, "2017-06-30": 0, "2017-03-31": "", "2016-12-31": 0, "2016-09-30": 0, "2016-06-30": 0, "2016-03-31": "", "2015-12-31": 0, "2015-09-30": 0, "2015-06-30": 0, "2015-03-31": "", "2014-12-31": 0, "2014-09-30": 0, "2014-06-30": 0, "2014-03-31": "", "2013-12-31": 0, "2013-09-30": 0, "2013-06-30": 0, "2013-03-31": "", "2012-12-31": 0, "2012-09-30": 0, "2012-06-30": 0, "2012-03-31": "", "2011-12-31": 0, "2011-09-30": 0, "2011-06-30": 0, "2011-03-31": "", "2010-12-31": 0, "2010-09-30": 0, "2010-06-30": 0, "2010-03-31": "", "2009-12-31": 0, "2009-09-30": 0, "2009-06-30": 0, "2009-03-31": "", "2008-12-31": 0, "2008-09-30": 0, "2008-06-30": 0, "2008-03-31": "", "2007-12-31": 0, "2007-09-30": 0, "2007-06-30": 0, "2007-03-31": "", "2006-12-31": 0, "2006-09-30": 0, "2006-06-30": 0, "2006-03-31": "", "2005-12-31": 0, "2005-09-30": 0, "2005-06-30": 0, "2005-03-31": ""}}, "financial ratios": {"Current Ratio": {"2019-12-31": "1.51680", "2018-12-31": "1.54810", "2017-12-31": "1.56050", "2016-12-31": "1.54230", "2015-12-31": "1.51690", "2014-12-31": "1.54720", "2013-12-31": "1.61940", "2012-12-31": "1.57130", "2011-12-31": "1.77440", "2010-12-31": "1.63150", "2009-12-31": "1.75250", "2008-12-31": "1.80090", "2007-12-31": "1.87100", "2006-12-31": "1.98980", "2005-12-31": "1.93730"}, "Long-term Debt / Capital": {"2019-12-31": "0.35170", "2018-12-31": "0.37600", "2017-12-31": "0.36980", "2016-12-31": "0.37650", "2015-12-31": "0.36200", "2014-12-31": "0.33210", "2013-12-31": "0.34720", "2012-12-31": "0.28480", "2011-12-31": "0.34410", "2010-12-31": "0.35140", "2009-12-31": "0.30430", "2008-12-31": "0.31380", "2007-12-31": "0.25620", "2006-12-31": "0.24580", "2005-12-31": "0.32430"}, "Debt/Equity Ratio": {"2019-12-31": "0.61060", "2018-12-31": "0.64830", "2017-12-31": "0.65820", "2016-12-31": "0.62480", "2015-12-31": "0.57800", "2014-12-31": "0.50050", "2013-12-31": "0.53770", "2012-12-31": "0.48950", "2011-12-31": "0.53370", "2010-12-31": "0.56050", "2009-12-31": "0.47960", "2008-12-31": "0.47700", "2007-12-31": "0.34810", "2006-12-31": "0.41370", "2005-12-31": "0.59320"}, "Gross Margin": {"2019-12-31": "11.40640", "2018-12-31": "12.47070", "2017-12-31": "12.64180", "2016-12-31": "13.38700", "2015-12-31": "13.03690", "2014-12-31": "13.15800", "2013-12-31": "13.06780", "2012-12-31": "13.41470", "2011-12-31": "13.78480", "2010-12-31": "12.90290", "2009-12-31": "11.92370", "2008-12-31": "13.61920", "2007-12-31": "14.29640", "2006-12-31": "14.96190", "2005-12-31": "15.58210"}, "Operating Margin": {"2019-12-31": "0.37240", "2018-12-31": "3.86670", "2017-12-31": "3.56150", "2016-12-31": "3.73310", "2015-12-31": "3.54130", "2014-12-31": "3.34780", "2013-12-31": "3.24710", "2012-12-31": "3.94080", "2011-12-31": "4.24890", "2010-12-31": "4.00530", "2009-12-31": "1.85770", "2008-12-31": "-2.94470", "2007-12-31": "4.29720", "2006-12-31": "4.46500", "2005-12-31": "4.30180"}, "EBIT Margin": {"2019-12-31": "0.37240", "2018-12-31": "3.86670", "2017-12-31": "3.56150", "2016-12-31": "3.73310", "2015-12-31": "3.54130", "2014-12-31": "3.34780", "2013-12-31": "3.24710", "2012-12-31": "3.94080", "2011-12-31": "4.24890", "2010-12-31": "4.00530", "2009-12-31": "1.85770", "2008-12-31": "-2.94470", "2007-12-31": "4.29720", "2006-12-31": "4.46500", "2005-12-31": "4.30180"}, "EBITDA Margin": {"2019-12-31": "1.17080", "2018-12-31": "4.65060", "2017-12-31": "4.28720", "2016-12-31": "4.58040", "2015-12-31": "4.41330", "2014-12-31": "4.21730", "2013-12-31": "4.03410", "2012-12-31": "4.67540", "2011-12-31": "4.91600", "2010-12-31": "4.60260", "2009-12-31": "2.53900", "2008-12-31": "-2.41050", "2007-12-31": "4.86180", "2006-12-31": "4.99430", "2005-12-31": "4.89940"}, "Pre-Tax Profit Margin": {"2019-12-31": "-0.38670", "2018-12-31": "3.06430", "2017-12-31": "2.61320", "2016-12-31": "3.04630", "2015-12-31": "2.97300", "2014-12-31": "3.00120", "2013-12-31": "2.72610", "2012-12-31": "3.48130", "2011-12-31": "3.78580", "2010-12-31": "3.62240", "2009-12-31": "1.28660", "2008-12-31": "-3.56130", "2007-12-31": "3.70460", "2006-12-31": "3.81730", "2005-12-31": "3.45350"}, "Net Profit Margin": {"2019-12-31": "-0.70580", "2018-12-31": "2.41330", "2017-12-31": "1.51450", "2016-12-31": "2.22590", "2015-12-31": "2.13780", "2014-12-31": "2.18740", "2013-12-31": "1.87020", "2012-12-31": "2.48140", "2011-12-31": "2.79950", "2010-12-31": "2.55880", "2009-12-31": "0.84110", "2008-12-31": "-3.66170", "2007-12-31": "2.55110", "2006-12-31": "2.86400", "2005-12-31": "2.31820"}, "Asset Turnover": {"2019-12-31": "1.76310", "2018-12-31": "1.66870", "2017-12-31": "1.61340", "2016-12-31": "1.65330", "2015-12-31": "1.78790", "2014-12-31": "1.83100", "2013-12-31": "1.77080", "2012-12-31": "1.89190", "2011-12-31": "2.17620", "2010-12-31": "1.95250", "2009-12-31": "1.89170", "2008-12-31": "2.35460", "2007-12-31": "1.98330", "2006-12-31": "2.03570", "2005-12-31": "1.84690"}, "Inventory Turnover Ratio": {"2019-12-31": "7.36770", "2018-12-31": "6.69710", "2017-12-31": "7.02420", "2016-12-31": "7.12400", "2015-12-31": "8.20870", "2014-12-31": "8.46710", "2013-12-31": "8.56660", "2012-12-31": "8.60700", "2011-12-31": "9.39030", "2010-12-31": "8.55240", "2009-12-31": "9.25340", "2008-12-31": "8.90120", "2007-12-31": "8.15520", "2006-12-31": "6.82560", "2005-12-31": "6.30410"}, "Receiveable Turnover": {"2019-12-31": "3.40890", "2018-12-31": "3.31750", "2017-12-31": "3.26800", "2016-12-31": "3.48140", "2015-12-31": "3.77870", "2014-12-31": "3.76720", "2013-12-31": "3.70160", "2012-12-31": "4.14410", "2011-12-31": "4.77240", "2010-12-31": "4.56870", "2009-12-31": "4.68220", "2008-12-31": "5.42900", "2007-12-31": "4.87170", "2006-12-31": "5.00940", "2005-12-31": "4.81850"}, "Days Sales In Receivables": {"2019-12-31": "107.07190", "2018-12-31": "110.02190", "2017-12-31": "111.68850", "2016-12-31": "104.84310", "2015-12-31": "96.59460", "2014-12-31": "96.88770", "2013-12-31": "98.60630", "2012-12-31": "88.07700", "2011-12-31": "76.48210", "2010-12-31": "79.89190", "2009-12-31": "77.95450", "2008-12-31": "67.23110", "2007-12-31": "74.92190", "2006-12-31": "72.86290", "2005-12-31": "75.74930"}, "ROE - Return On Equity": {"2019-12-31": "-4.11330", "2018-12-31": "13.42120", "2017-12-31": "8.15090", "2016-12-31": "11.75170", "2015-12-31": "11.93110", "2014-12-31": "11.98370", "2013-12-31": "9.55540", "2012-12-31": "12.70810", "2011-12-31": "16.30680", "2010-12-31": "14.75230", "2009-12-31": "4.23350", "2008-12-31": "-22.92210", "2007-12-31": "11.58510", "2006-12-31": "12.95920", "2005-12-31": "10.68780"}, "Return On Tangible Equity": {"2019-12-31": "-7.90190", "2018-12-31": "30.33060", "2017-12-31": "18.17280", "2016-12-31": "30.22070", "2015-12-31": "34.83700", "2014-12-31": "28.41460", "2013-12-31": "23.25580", "2012-12-31": "27.21910", "2011-12-31": "33.12670", "2010-12-31": "29.90190", "2009-12-31": "6.20320", "2008-12-31": "-34.64510", "2007-12-31": "23.21340", "2006-12-31": "21.99830", "2005-12-31": "19.21830"}, "ROA - Return On Assets": {"2019-12-31": "-1.22050", "2018-12-31": "4.05730", "2017-12-31": "2.47510", "2016-12-31": "3.69400", "2015-12-31": "3.84340", "2014-12-31": "4.00790", "2013-12-31": "3.31550", "2012-12-31": "4.69810", "2011-12-31": "6.09740", "2010-12-31": "4.99580", "2009-12-31": "1.59110", "2008-12-31": "-8.62050", "2007-12-31": "5.10540", "2006-12-31": "5.82240", "2005-12-31": "4.19540"}, "ROI - Return On Investment": {"2019-12-31": "-2.66660", "2018-12-31": "8.37530", "2017-12-31": "5.13650", "2016-12-31": "7.32740", "2015-12-31": "7.61150", "2014-12-31": "8.00390", "2013-12-31": "6.23740", "2012-12-31": "9.08940", "2011-12-31": "10.69620", "2010-12-31": "9.56880", "2009-12-31": "2.94520", "2008-12-31": "-15.73010", "2007-12-31": "8.61720", "2006-12-31": "9.77340", "2005-12-31": "7.22150"}, "Book Value Per Share": {"2019-12-31": "60.36210", "2018-12-31": "63.10960", "2017-12-31": "56.99490", "2016-12-31": "50.22460", "2015-12-31": "46.13590", "2014-12-31": "43.36940", "2013-12-31": "41.87510", "2012-12-31": "37.61630", "2011-12-31": "32.86940", "2010-12-31": "28.35830", "2009-12-31": "24.34570", "2008-12-31": "22.43810", "2007-12-31": "28.91760", "2006-12-31": "24.47790", "2005-12-31": "19.77170"}, "Operating Cash Flow Per Share": {"2019-12-31": 7.1838, "2018-12-31": 1.6956, "2017-12-31": -2.5205, "2016-12-31": -2.9895, "2015-12-31": 0.161, "2014-12-31": 2.3905, "2013-12-31": -1.7311, "2012-12-31": 5.0345, "2011-12-31": -0.8036, "2010-12-31": -5.2071, "2009-12-31": 1.9215, "2008-12-31": -1.7053, "2007-12-31": 5.8562, "2006-12-31": -2.2633, "2005-12-31": 3.2443}, "Free Cash Flow Per Share": {"2019-12-31": 6.9393, "2018-12-31": 2.2265, "2017-12-31": -2.7308, "2016-12-31": -3.1978, "2015-12-31": -0.1945, "2014-12-31": 2.2849, "2013-12-31": -1.8408, "2012-12-31": 5.0069, "2011-12-31": -0.9895, "2010-12-31": -5.005, "2009-12-31": 2.2364, "2008-12-31": -1.9034, "2007-12-31": 5.2768, "2006-12-31": -2.5323, "2005-12-31": 2.9769}}, "financial ratios, quarterly": {"Current Ratio": {"2020-09-30": "1.47320", "2020-06-30": "1.45020", "2020-03-31": "1.46440", "2019-12-31": "1.51680", "2019-09-30": "1.60610", "2019-06-30": "1.64140", "2019-03-31": "1.74210", "2018-12-31": "1.54810", "2018-09-30": "1.62210", "2018-06-30": "1.68560", "2018-03-31": "1.69190", "2017-12-31": "1.56050", "2017-09-30": "1.58180", "2017-06-30": "1.58760", "2017-03-31": "1.57200", "2016-12-31": "1.54230", "2016-09-30": "1.66410", "2016-06-30": "1.65550", "2016-03-31": "1.71260", "2015-12-31": "1.51690", "2015-09-30": "1.76570", "2015-06-30": "1.66820", "2015-03-31": "1.79620", "2014-12-31": "1.54720", "2014-09-30": "1.74970", "2014-06-30": "1.68130", "2014-03-31": "1.74230", "2013-12-31": "1.61940", "2013-09-30": "1.78370", "2013-06-30": "1.74560", "2013-03-31": "1.86020", "2012-12-31": "1.57130", "2012-09-30": "1.56360", "2012-06-30": "1.72180", "2012-03-31": "1.88710", "2011-12-31": "1.77440", "2011-09-30": "1.65090", "2011-06-30": "1.58560", "2011-03-31": "1.60450", "2010-12-31": "1.63150", "2010-09-30": "1.70620", "2010-06-30": "1.65740", "2010-03-31": "1.84090", "2009-12-31": "1.75250", "2009-09-30": "1.90820", "2009-06-30": "1.94280", "2009-03-31": "1.99920", "2008-12-31": "1.80090", "2008-09-30": "1.81540", "2008-06-30": "1.83700", "2008-03-31": "1.97320", "2007-12-31": "1.87100", "2007-09-30": "1.88540", "2007-06-30": "1.89630", "2007-03-31": "2.04460", "2006-12-31": "1.98980", "2006-09-30": "1.99950", "2006-06-30": "1.84970", "2006-03-31": "1.86360", "2005-12-31": "1.93730", "2005-09-30": "2.14100", "2005-06-30": "2.02380", "2005-03-31": "2.01940"}, "Long-term Debt / Capital": {"2020-09-30": "0.30250", "2020-06-30": "0.30640", "2020-03-31": "0.32340", "2019-12-31": "0.35170", "2019-09-30": "0.38280", "2019-06-30": "0.39560", "2019-03-31": "0.39390", "2018-12-31": "0.37600", "2018-09-30": "0.38730", "2018-06-30": "0.41660", "2018-03-31": "0.40690", "2017-12-31": "0.36980", "2017-09-30": "0.36270", "2017-06-30": "0.35740", "2017-03-31": "0.35060", "2016-12-31": "0.37650", "2016-09-30": "0.37640", "2016-06-30": "0.37050", "2016-03-31": "0.37720", "2015-12-31": "0.36200", "2015-09-30": "0.39480", "2015-06-30": "0.37840", "2015-03-31": "0.37940", "2014-12-31": "0.33210", "2014-09-30": "0.34220", "2014-06-30": "0.32810", "2014-03-31": "0.33650", "2013-12-31": "0.34720", "2013-09-30": "0.32180", "2013-06-30": "0.35150", "2013-03-31": "0.36060", "2012-12-31": "0.28480", "2012-09-30": "0.29160", "2012-06-30": "0.34460", "2012-03-31": "0.37140", "2011-12-31": "0.34410", "2011-09-30": "0.33620", "2011-06-30": "0.30090", "2011-03-31": "0.31010", "2010-12-31": "0.35140", "2010-09-30": "0.34130", "2010-06-30": "0.30150", "2010-03-31": "0.30030", "2009-12-31": "0.30430", "2009-09-30": "0.30980", "2009-06-30": "0.30540", "2009-03-31": "0.31180", "2008-12-31": "0.31380", "2008-09-30": "0.24820", "2008-06-30": "0.26690", "2008-03-31": "0.25080", "2007-12-31": "0.25620", "2007-09-30": "0.26090", "2007-06-30": "0.26690", "2007-03-31": "0.29740", "2006-12-31": "0.24580", "2006-09-30": "0.25690", "2006-06-30": "0.26210", "2006-03-31": "0.27420", "2005-12-31": "0.32430", "2005-09-30": "0.33580", "2005-06-30": "0.34840", "2005-03-31": "0.34510"}, "Debt/Equity Ratio": {"2020-09-30": "0.46800", "2020-06-30": "0.49320", "2020-03-31": "0.55920", "2019-12-31": "0.61060", "2019-09-30": "0.69540", "2019-06-30": "0.71260", "2019-03-31": "0.67520", "2018-12-31": "0.64830", "2018-09-30": "0.66210", "2018-06-30": "0.73640", "2018-03-31": "0.69360", "2017-12-31": "0.65820", "2017-09-30": "0.64630", "2017-06-30": "0.64600", "2017-03-31": "0.64330", "2016-12-31": "0.62480", "2016-09-30": "0.62100", "2016-06-30": "0.61370", "2016-03-31": "0.61620", "2015-12-31": "0.57800", "2015-09-30": "0.67280", "2015-06-30": "0.62950", "2015-03-31": "0.61470", "2014-12-31": "0.50050", "2014-09-30": "0.52420", "2014-06-30": "0.49240", "2014-03-31": "0.51100", "2013-12-31": "0.53770", "2013-09-30": "0.48220", "2013-06-30": "0.54850", "2013-03-31": "0.57350", "2012-12-31": "0.48950", "2012-09-30": "0.51150", "2012-06-30": "0.53310", "2012-03-31": "0.59890", "2011-12-31": "0.53370", "2011-09-30": "0.62860", "2011-06-30": "0.58200", "2011-03-31": "0.57920", "2010-12-31": "0.56050", "2010-09-30": "0.52360", "2010-06-30": "0.45800", "2010-03-31": "0.47320", "2009-12-31": "0.47960", "2009-09-30": "0.49860", "2009-06-30": "0.45590", "2009-03-31": "0.46780", "2008-12-31": "0.47700", "2008-09-30": "0.34090", "2008-06-30": "0.38150", "2008-03-31": "0.33800", "2007-12-31": "0.34810", "2007-09-30": "0.36980", "2007-06-30": "0.38540", "2007-03-31": "0.44780", "2006-12-31": "0.41370", "2006-09-30": "0.45060", "2006-06-30": "0.47370", "2006-03-31": "0.49020", "2005-12-31": "0.59320", "2005-09-30": "0.58150", "2005-06-30": "0.64040", "2005-03-31": "0.66440"}, "Gross Margin": {"2020-09-30": "10.90530", "2020-06-30": "11.35950", "2020-03-31": "11.41430", "2019-12-31": "11.21450", "2019-09-30": "11.28610", "2019-06-30": "11.09540", "2019-03-31": "12.04150", "2018-12-31": "12.31810", "2018-09-30": "12.33280", "2018-06-30": "12.61840", "2018-03-31": "12.63810", "2017-12-31": "12.32420", "2017-09-30": "12.28930", "2017-06-30": "12.83080", "2017-03-31": "13.26870", "2016-12-31": "13.48740", "2016-09-30": "13.02480", "2016-06-30": "13.37540", "2016-03-31": "13.68060", "2015-12-31": "12.42670", "2015-09-30": "13.02790", "2015-06-30": "13.18350", "2015-03-31": "13.69990", "2014-12-31": "12.75400", "2014-09-30": "12.98160", "2014-06-30": "13.16860", "2014-03-31": "13.84930", "2013-12-31": "12.79990", "2013-09-30": "13.30490", "2013-06-30": "12.99590", "2013-03-31": "13.23960", "2012-12-31": "13.08320", "2012-09-30": "13.35500", "2012-06-30": "13.34110", "2012-03-31": "13.91910", "2011-12-31": "13.69020", "2011-09-30": "13.71040", "2011-06-30": "13.90170", "2011-03-31": "13.83320", "2010-12-31": "13.04660", "2010-09-30": "13.07030", "2010-06-30": "12.75610", "2010-03-31": "12.70100", "2009-12-31": "11.81640", "2009-09-30": "11.46720", "2009-06-30": "11.85780", "2009-03-31": "12.61170", "2008-12-31": "12.71720", "2008-09-30": "13.12720", "2008-06-30": "14.08800", "2008-03-31": "14.55360", "2007-12-31": "13.89730", "2007-09-30": "13.70990", "2007-06-30": "14.33770", "2007-03-31": "15.42880", "2006-12-31": "14.63780", "2006-09-30": "14.70870", "2006-06-30": "15.25810", "2006-03-31": "15.27170", "2005-12-31": "15.09630", "2005-09-30": "15.46970", "2005-06-30": "15.94670", "2005-03-31": "15.85070"}, "Operating Margin": {"2020-09-30": "3.29380", "2020-06-30": "2.97610", "2020-03-31": "2.16730", "2019-12-31": "3.24480", "2019-09-30": "2.44720", "2019-06-30": "-7.47750", "2019-03-31": "3.43150", "2018-12-31": "4.22290", "2018-09-30": "3.87570", "2018-06-30": "3.88000", "2018-03-31": "3.43240", "2017-12-31": "3.80430", "2017-09-30": "3.43400", "2017-06-30": "3.58830", "2017-03-31": "3.36470", "2016-12-31": "4.47440", "2016-09-30": "3.34700", "2016-06-30": "3.74390", "2016-03-31": "3.31310", "2015-12-31": "3.76680", "2015-09-30": "3.26050", "2015-06-30": "3.54960", "2015-03-31": "3.54700", "2014-12-31": "2.75800", "2014-09-30": "3.55970", "2014-06-30": "3.66890", "2014-03-31": "3.49740", "2013-12-31": "3.85700", "2013-09-30": "3.22360", "2013-06-30": "2.93770", "2013-03-31": "2.83630", "2012-12-31": "4.88960", "2012-09-30": "3.30120", "2012-06-30": "3.66350", "2012-03-31": "3.83370", "2011-12-31": "4.26770", "2011-09-30": "4.03250", "2011-06-30": "4.48250", "2011-03-31": "4.19620", "2010-12-31": "4.42510", "2010-09-30": "3.96150", "2010-06-30": "4.10100", "2010-03-31": "3.42990", "2009-12-31": "2.74320", "2009-09-30": "1.22710", "2009-06-30": "1.50950", "2009-03-31": "1.79190", "2008-12-31": "-22.84860", "2008-09-30": "3.06790", "2008-06-30": "3.79430", "2008-03-31": "3.57810", "2007-12-31": "4.38070", "2007-09-30": "3.90810", "2007-06-30": "4.28800", "2007-03-31": "4.65060", "2006-12-31": "4.04710", "2006-09-30": "4.41400", "2006-06-30": "4.74660", "2006-03-31": "4.67450", "2005-12-31": "4.55360", "2005-09-30": "4.36270", "2005-06-30": "4.29110", "2005-03-31": "3.97870"}, "EBIT Margin": {"2020-09-30": "3.29380", "2020-06-30": "2.97610", "2020-03-31": "2.16730", "2019-12-31": "3.24480", "2019-09-30": "2.44720", "2019-06-30": "-7.47750", "2019-03-31": "3.43150", "2018-12-31": "4.22290", "2018-09-30": "3.87570", "2018-06-30": "3.88000", "2018-03-31": "3.43240", "2017-12-31": "3.80430", "2017-09-30": "3.43400", "2017-06-30": "3.58830", "2017-03-31": "3.36470", "2016-12-31": "4.47440", "2016-09-30": "3.34700", "2016-06-30": "3.74390", "2016-03-31": "3.31310", "2015-12-31": "3.76680", "2015-09-30": "3.26050", "2015-06-30": "3.54960", "2015-03-31": "3.54700", "2014-12-31": "2.75800", "2014-09-30": "3.55970", "2014-06-30": "3.66890", "2014-03-31": "3.49740", "2013-12-31": "3.85700", "2013-09-30": "3.22360", "2013-06-30": "2.93770", "2013-03-31": "2.83630", "2012-12-31": "4.88960", "2012-09-30": "3.30120", "2012-06-30": "3.66350", "2012-03-31": "3.83370", "2011-12-31": "4.26770", "2011-09-30": "4.03250", "2011-06-30": "4.48250", "2011-03-31": "4.19620", "2010-12-31": "4.42510", "2010-09-30": "3.96150", "2010-06-30": "4.10100", "2010-03-31": "3.42990", "2009-12-31": "2.74320", "2009-09-30": "1.22710", "2009-06-30": "1.50950", "2009-03-31": "1.79190", "2008-12-31": "-22.84860", "2008-09-30": "3.06790", "2008-06-30": "3.79430", "2008-03-31": "3.57810", "2007-12-31": "4.38070", "2007-09-30": "3.90810", "2007-06-30": "4.28800", "2007-03-31": "4.65060", "2006-12-31": "4.04710", "2006-09-30": "4.41400", "2006-06-30": "4.74660", "2006-03-31": "4.67450", "2005-12-31": "4.55360", "2005-09-30": "4.36270", "2005-06-30": "4.29110", "2005-03-31": "3.97870"}, "EBITDA Margin": {"2020-09-30": "", "2020-06-30": "", "2020-03-31": "", "2019-12-31": "", "2019-09-30": "", "2019-06-30": "", "2019-03-31": "", "2018-12-31": "", "2018-09-30": "", "2018-06-30": "", "2018-03-31": "", "2017-12-31": "", "2017-09-30": "", "2017-06-30": "", "2017-03-31": "", "2016-12-31": "", "2016-09-30": "", "2016-06-30": "", "2016-03-31": "", "2015-12-31": "", "2015-09-30": "", "2015-06-30": "", "2015-03-31": "", "2014-12-31": "", "2014-09-30": "", "2014-06-30": "", "2014-03-31": "", "2013-12-31": "", "2013-09-30": "", "2013-06-30": "", "2013-03-31": "", "2012-12-31": "", "2012-09-30": "", "2012-06-30": "", "2012-03-31": "", "2011-12-31": "", "2011-09-30": "", "2011-06-30": "", "2011-03-31": "", "2010-12-31": "", "2010-09-30": "", "2010-06-30": "", "2010-03-31": "", "2009-12-31": "", "2009-09-30": "", "2009-06-30": "", "2009-03-31": "", "2008-12-31": "", "2008-09-30": "", "2008-06-30": "", "2008-03-31": "", "2007-12-31": "", "2007-09-30": "", "2007-06-30": "", "2007-03-31": "", "2006-12-31": "", "2006-09-30": "", "2006-06-30": "", "2006-03-31": "", "2005-12-31": "", "2005-09-30": "", "2005-06-30": "", "2005-03-31": ""}, "Pre-Tax Profit Margin": {"2020-09-30": "2.91930", "2020-06-30": "2.63670", "2020-03-31": "1.21680", "2019-12-31": "2.31190", "2019-09-30": "1.72820", "2019-06-30": "-8.17100", "2019-03-31": "2.74340", "2018-12-31": "3.34630", "2018-09-30": "3.14040", "2018-06-30": "3.01280", "2018-03-31": "2.71190", "2017-12-31": "3.00970", "2017-09-30": "2.63820", "2017-06-30": "2.02790", "2017-03-31": "2.71730", "2016-12-31": "3.57570", "2016-09-30": "2.74200", "2016-06-30": "3.12780", "2016-03-31": "2.69710", "2015-12-31": "3.26630", "2015-09-30": "2.66850", "2015-06-30": "2.96140", "2015-03-31": "2.93780", "2014-12-31": "2.33010", "2014-09-30": "3.63840", "2014-06-30": "3.18030", "2014-03-31": "2.94210", "2013-12-31": "3.44530", "2013-09-30": "2.72280", "2013-06-30": "2.39420", "2013-03-31": "2.18010", "2012-12-31": "4.52150", "2012-09-30": "2.86190", "2012-06-30": "3.13680", "2012-03-31": "3.32340", "2011-12-31": "3.75180", "2011-09-30": "3.58820", "2011-06-30": "4.02900", "2011-03-31": "3.75970", "2010-12-31": "4.09280", "2010-09-30": "3.59030", "2010-06-30": "3.68610", "2010-03-31": "3.00640", "2009-12-31": "2.18080", "2009-09-30": "0.64260", "2009-06-30": "1.03610", "2009-03-31": "1.12730", "2008-12-31": "-23.69690", "2008-09-30": "2.53860", "2008-06-30": "3.26080", "2008-03-31": "3.01420", "2007-12-31": "3.81070", "2007-09-30": "3.35970", "2007-06-30": "3.63550", "2007-03-31": "4.04780", "2006-12-31": "3.61620", "2006-09-30": "3.71000", "2006-06-30": "4.07890", "2006-03-31": "3.87170", "2005-12-31": "3.85370", "2005-09-30": "3.54950", "2005-06-30": "3.25900", "2005-03-31": "3.12140"}, "Net Profit Margin": {"2020-09-30": "2.29640", "2020-06-30": "2.01020", "2020-03-31": "0.77570", "2019-12-31": "1.52640", "2019-09-30": "1.30160", "2019-06-30": "-7.47450", "2019-03-31": "1.96670", "2018-12-31": "2.91300", "2018-09-30": "2.35680", "2018-06-30": "2.29850", "2018-03-31": "2.02300", "2017-12-31": "0.71160", "2017-09-30": "1.95540", "2017-06-30": "1.55280", "2017-03-31": "2.00000", "2016-12-31": "2.69570", "2016-09-30": "1.98320", "2016-06-30": "2.24830", "2016-03-31": "1.94070", "2015-12-31": "2.34760", "2015-09-30": "1.91710", "2015-06-30": "2.12580", "2015-03-31": "2.12010", "2014-12-31": "1.81620", "2014-09-30": "2.61640", "2014-06-30": "2.25290", "2014-03-31": "2.10780", "2013-12-31": "2.19120", "2013-09-30": "1.91710", "2013-06-30": "1.69490", "2013-03-31": "1.60580", "2012-12-31": "3.23360", "2012-09-30": "2.08810", "2012-06-30": "2.22080", "2012-03-31": "2.32390", "2011-12-31": "3.19990", "2011-09-30": "2.54910", "2011-06-30": "2.81950", "2011-03-31": "2.60980", "2010-12-31": "3.01420", "2010-09-30": "2.54410", "2010-06-30": "2.51860", "2010-03-31": "2.05520", "2009-12-31": "1.50110", "2009-09-30": "0.34260", "2009-06-30": "0.62200", "2009-03-31": "0.78250", "2008-12-31": "-21.31920", "2008-09-30": "1.77100", "2008-06-30": "2.21310", "2008-03-31": "2.13160", "2007-12-31": "2.57890", "2007-09-30": "2.43960", "2007-06-30": "2.45690", "2007-03-31": "2.75320", "2006-12-31": "3.68120", "2006-09-30": "2.48730", "2006-06-30": "2.69890", "2006-03-31": "2.55540", "2005-12-31": "2.69110", "2005-09-30": "2.34390", "2005-06-30": "2.11190", "2005-03-31": "2.09730"}, "Asset Turnover": {"2020-09-30": "0.46660", "2020-06-30": "0.42340", "2020-03-31": "0.41460", "2019-12-31": "0.44740", "2019-09-30": "0.45110", "2019-06-30": "0.45830", "2019-03-31": "0.42520", "2018-12-31": "0.44520", "2018-09-30": "0.44120", "2018-06-30": "0.44140", "2018-03-31": "0.42640", "2017-12-31": "0.45810", "2017-09-30": "0.45530", "2017-06-30": "0.45230", "2017-03-31": "0.42750", "2016-12-31": "0.42980", "2016-09-30": "0.45180", "2016-06-30": "0.46130", "2016-03-31": "0.44320", "2015-12-31": "0.51850", "2015-09-30": "0.47460", "2015-06-30": "0.48130", "2015-03-31": "0.44890", "2014-12-31": "0.51440", "2014-09-30": "0.49620", "2014-06-30": "0.49110", "2014-03-31": "0.46060", "2013-12-31": "0.51020", "2013-09-30": "0.48700", "2013-06-30": "0.50500", "2013-03-31": "0.46810", "2012-12-31": "0.50090", "2012-09-30": "0.49250", "2012-06-30": "0.51330", "2012-03-31": "0.48230", "2011-12-31": "0.55350", "2011-09-30": "0.52560", "2011-06-30": "0.55010", "2011-03-31": "0.54520", "2010-12-31": "0.54560", "2010-09-30": "0.53480", "2010-06-30": "0.57750", "2010-03-31": "0.56820", "2009-12-31": "0.54150", "2009-09-30": "0.51170", "2009-06-30": "0.49850", "2009-03-31": "0.52840", "2008-12-31": "0.57450", "2008-09-30": "0.53080", "2008-06-30": "0.50910", "2008-03-31": "0.49860", "2007-12-31": "0.54830", "2007-09-30": "0.52660", "2007-06-30": "0.54700", "2007-03-31": "0.49410", "2006-12-31": "0.52380", "2006-09-30": "0.54980", "2006-06-30": "0.52510", "2006-03-31": "0.52070", "2005-12-31": "0.48960", "2005-09-30": "0.48530", "2005-06-30": "0.49580", "2005-03-31": "0.48880"}, "Inventory Turnover Ratio": {"2020-09-30": "1.99110", "2020-06-30": "1.71180", "2020-03-31": "1.69540", "2019-12-31": "1.87370", "2019-09-30": "1.79230", "2019-06-30": "1.81550", "2019-03-31": "1.68530", "2018-12-31": "1.79000", "2018-09-30": "1.76390", "2018-06-30": "1.71080", "2018-03-31": "1.68130", "2017-12-31": "2.00160", "2017-09-30": "1.89780", "2017-06-30": "1.83830", "2017-03-31": "1.71250", "2016-12-31": "1.84970", "2016-09-30": "1.98160", "2016-06-30": "2.06590", "2016-03-31": "1.93520", "2015-12-31": "2.39710", "2015-09-30": "1.99920", "2015-06-30": "2.01020", "2015-03-31": "1.91430", "2014-12-31": "2.38990", "2014-09-30": "2.17790", "2014-06-30": "2.14750", "2014-03-31": "2.09040", "2013-12-31": "2.47580", "2013-09-30": "2.02060", "2013-06-30": "2.19340", "2013-03-31": "2.03610", "2012-12-31": "2.28760", "2012-09-30": "2.06770", "2012-06-30": "2.15130", "2012-03-31": "2.09250", "2011-12-31": "2.39100", "2011-09-30": "2.04020", "2011-06-30": "2.12170", "2011-03-31": "2.16890", "2010-12-31": "2.38600", "2010-09-30": "2.01070", "2010-06-30": "2.22890", "2010-03-31": "2.50390", "2009-12-31": "2.65180", "2009-09-30": "2.48470", "2009-06-30": "2.19950", "2009-03-31": "2.06520", "2008-12-31": "2.19460", "2008-09-30": "2.09890", "2008-06-30": "1.97600", "2008-03-31": "1.90640", "2007-12-31": "2.26500", "2007-09-30": "2.14020", "2007-06-30": "2.19230", "2007-03-31": "1.76810", "2006-12-31": "1.76290", "2006-09-30": "1.80920", "2006-06-30": "1.59090", "2006-03-31": "1.63890", "2005-12-31": "1.68080", "2005-09-30": "1.65680", "2005-06-30": "1.71160", "2005-03-31": "1.62630"}, "Receiveable Turnover": {"2020-09-30": "0.90860", "2020-06-30": "0.83060", "2020-03-31": "0.81630", "2019-12-31": "0.86510", "2019-09-30": "0.90260", "2019-06-30": "0.92080", "2019-03-31": "0.90550", "2018-12-31": "0.88520", "2018-09-30": "0.91020", "2018-06-30": "0.91530", "2018-03-31": "0.93190", "2017-12-31": "0.92790", "2017-09-30": "0.96970", "2017-06-30": "0.98330", "2017-03-31": "0.97780", "2016-12-31": "0.90500", "2016-09-30": "1.00410", "2016-06-30": "1.04690", "2016-03-31": "1.04150", "2015-12-31": "1.09570", "2015-09-30": "1.12490", "2015-06-30": "1.14660", "2015-03-31": "1.02620", "2014-12-31": "1.05840", "2014-09-30": "1.10910", "2014-06-30": "1.10490", "2014-03-31": "1.04860", "2013-12-31": "1.06650", "2013-09-30": "1.10500", "2013-06-30": "1.12330", "2013-03-31": "1.07930", "2012-12-31": "1.09720", "2012-09-30": "1.14420", "2012-06-30": "1.17010", "2012-03-31": "1.16210", "2011-12-31": "1.21380", "2011-09-30": "1.24260", "2011-06-30": "1.27430", "2011-03-31": "1.26650", "2010-12-31": "1.27670", "2010-09-30": "1.29290", "2010-06-30": "1.36770", "2010-03-31": "1.37440", "2009-12-31": "1.34020", "2009-09-30": "1.35590", "2009-06-30": "1.33730", "2009-03-31": "1.39780", "2008-12-31": "1.32470", "2008-09-30": "1.38940", "2008-06-30": "1.30690", "2008-03-31": "1.31010", "2007-12-31": "1.34680", "2007-09-30": "1.29960", "2007-06-30": "1.32960", "2007-03-31": "1.23200", "2006-12-31": "1.28890", "2006-09-30": "1.30980", "2006-06-30": "1.30730", "2006-03-31": "1.33420", "2005-12-31": "1.27740", "2005-09-30": "1.31020", "2005-06-30": "1.30640", "2005-03-31": "1.35720"}, "Days Sales In Receivables": {"2020-09-30": "99.05340", "2020-06-30": "108.35750", "2020-03-31": "110.24690", "2019-12-31": "104.03680", "2019-09-30": "99.71110", "2019-06-30": "97.74520", "2019-03-31": "99.38900", "2018-12-31": "101.67630", "2018-09-30": "98.88350", "2018-06-30": "98.33180", "2018-03-31": "96.58210", "2017-12-31": "96.99690", "2017-09-30": "92.81600", "2017-06-30": "91.53070", "2017-03-31": "92.04580", "2016-12-31": "99.45160", "2016-09-30": "89.63600", "2016-06-30": "85.96920", "2016-03-31": "86.41340", "2015-12-31": "82.13590", "2015-09-30": "80.00540", "2015-06-30": "78.49210", "2015-03-31": "87.69890", "2014-12-31": "85.03310", "2014-09-30": "81.14530", "2014-06-30": "81.45840", "2014-03-31": "85.82610", "2013-12-31": "84.38940", "2013-09-30": "81.44860", "2013-06-30": "80.12010", "2013-03-31": "83.38940", "2012-12-31": "82.02390", "2012-09-30": "78.65420", "2012-06-30": "76.91410", "2012-03-31": "77.44880", "2011-12-31": "74.14630", "2011-09-30": "72.42620", "2011-06-30": "70.62670", "2011-03-31": "71.06460", "2010-12-31": "70.49390", "2010-09-30": "69.61290", "2010-06-30": "65.80210", "2010-03-31": "65.48480", "2009-12-31": "67.15530", "2009-09-30": "66.37420", "2009-06-30": "67.30160", "2009-03-31": "64.38640", "2008-12-31": "67.94000", "2008-09-30": "64.77730", "2008-06-30": "68.86480", "2008-03-31": "68.69470", "2007-12-31": "66.82650", "2007-09-30": "69.25290", "2007-06-30": "67.68990", "2007-03-31": "73.05110", "2006-12-31": "69.82720", "2006-09-30": "68.71220", "2006-06-30": "68.84430", "2006-03-31": "67.45850", "2005-12-31": "70.45650", "2005-09-30": "68.69050", "2005-06-30": "68.89350", "2005-03-31": "66.31430"}, "ROE - Return On Equity": {"2020-09-30": "3.43950", "2020-06-30": "2.80710", "2020-03-31": "1.07010", "2019-12-31": "2.30540", "2019-09-30": "1.95990", "2019-06-30": "-11.35770", "2019-03-31": "2.58870", "2018-12-31": "4.32430", "2018-09-30": "3.36050", "2018-06-30": "3.31000", "2018-03-31": "2.71650", "2017-12-31": "1.11050", "2017-09-30": "2.73910", "2017-06-30": "2.11850", "2017-03-31": "2.55260", "2016-12-31": "3.69540", "2016-09-30": "2.63000", "2016-06-30": "3.04210", "2016-03-31": "2.43690", "2015-12-31": "3.80010", "2015-09-30": "2.61840", "2015-06-30": "2.98290", "2015-03-31": "2.64020", "2014-12-31": "2.79610", "2014-09-30": "3.45450", "2014-06-30": "2.97250", "2014-03-31": "2.53650", "2013-12-31": "3.22400", "2013-09-30": "2.40400", "2013-06-30": "2.35440", "2013-03-31": "1.99450", "2012-12-31": "4.38440", "2012-09-30": "2.73210", "2012-06-30": "3.07440", "2012-03-31": "2.98580", "2011-12-31": "4.73790", "2011-09-30": "3.74270", "2011-06-30": "4.30130", "2011-03-31": "3.93650", "2010-12-31": "4.85630", "2010-09-30": "3.77310", "2010-06-30": "3.97090", "2010-03-31": "2.95870", "2009-12-31": "2.16330", "2009-09-30": "0.44180", "2009-06-30": "0.76220", "2009-03-31": "1.00250", "2008-12-31": "-32.57410", "2008-09-30": "2.06310", "2008-06-30": "2.54880", "2008-03-31": "2.27480", "2007-12-31": "3.31250", "2007-09-30": "2.87180", "2007-06-30": "3.05390", "2007-03-31": "3.06990", "2006-12-31": "4.27390", "2006-09-30": "3.07870", "2006-06-30": "3.43140", "2006-03-31": "3.23590", "2005-12-31": "3.13740", "2005-09-30": "2.78060", "2005-06-30": "2.69170", "2005-03-31": "2.61010"}, "Return On Tangible Equity": {"2020-09-30": "6.59730", "2020-06-30": "5.44610", "2020-03-31": "2.12290", "2019-12-31": "4.42880", "2019-09-30": "3.83360", "2019-06-30": "-22.22130", "2019-03-31": "5.69730", "2018-12-31": "9.77250", "2018-09-30": "7.64940", "2018-06-30": "7.89940", "2018-03-31": "6.67030", "2017-12-31": "2.47590", "2017-09-30": "6.28260", "2017-06-30": "5.06640", "2017-03-31": "6.37110", "2016-12-31": "9.50310", "2016-09-30": "7.00300", "2016-06-30": "8.13170", "2016-03-31": "6.86110", "2015-12-31": "11.09580", "2015-09-30": "7.70700", "2015-06-30": "8.81970", "2015-03-31": "6.73800", "2014-12-31": "6.62980", "2014-09-30": "8.37900", "2014-06-30": "7.08710", "2014-03-31": "6.26290", "2013-12-31": "7.84660", "2013-09-30": "5.08320", "2013-06-30": "5.22020", "2013-03-31": "4.32990", "2012-12-31": "9.39080", "2012-09-30": "6.22790", "2012-06-30": "6.82030", "2012-03-31": "6.41470", "2011-12-31": "9.62490", "2011-09-30": "6.40640", "2011-06-30": "7.10040", "2011-03-31": "6.54350", "2010-12-31": "9.84350", "2010-09-30": "6.27780", "2010-06-30": "6.09350", "2010-03-31": "4.29550", "2009-12-31": "3.16980", "2009-09-30": "0.64900", "2009-06-30": "1.13090", "2009-03-31": "1.51490", "2008-12-31": "-49.23360", "2008-09-30": "4.40780", "2008-06-30": "5.46640", "2008-03-31": "4.38100", "2007-12-31": "6.63740", "2007-09-30": "6.00760", "2007-06-30": "6.48500", "2007-03-31": "6.70600", "2006-12-31": "7.25500", "2006-09-30": "5.13380", "2006-06-30": "5.85200", "2006-03-31": "5.65710", "2005-12-31": "5.64150", "2005-09-30": "4.67840", "2005-06-30": "4.67700", "2005-03-31": "4.61890"}, "ROA - Return On Assets": {"2020-09-30": "1.07380", "2020-06-30": "0.85450", "2020-03-31": "0.32330", "2019-12-31": "0.68400", "2019-09-30": "0.59260", "2019-06-30": "-3.41820", "2019-03-31": "0.84620", "2018-12-31": "1.30730", "2018-09-30": "1.04940", "2018-06-30": "1.02120", "2018-03-31": "0.86740", "2017-12-31": "0.33720", "2017-09-30": "0.89600", "2017-06-30": "0.70880", "2017-03-31": "0.86680", "2016-12-31": "1.16160", "2016-09-30": "0.89690", "2016-06-30": "1.04530", "2016-03-31": "0.86290", "2015-12-31": "1.22420", "2015-09-30": "0.91870", "2015-06-30": "1.02940", "2015-03-31": "0.95200", "2014-12-31": "0.93510", "2014-09-30": "1.29830", "2014-06-30": "1.10780", "2014-03-31": "0.97160", "2013-12-31": "1.11860", "2013-09-30": "0.93540", "2013-06-30": "0.85690", "2013-03-31": "0.75250", "2012-12-31": "1.62090", "2012-09-30": "1.02920", "2012-06-30": "1.14080", "2012-03-31": "1.12170", "2011-12-31": "1.77160", "2011-09-30": "1.34140", "2011-06-30": "1.55220", "2011-03-31": "1.42490", "2010-12-31": "1.64460", "2010-09-30": "1.36070", "2010-06-30": "1.45460", "2010-03-31": "1.16760", "2009-12-31": "0.81300", "2009-09-30": "0.17530", "2009-06-30": "0.30990", "2009-03-31": "0.41340", "2008-12-31": "-12.25050", "2008-09-30": "0.94140", "2008-06-30": "1.12830", "2008-03-31": "1.06270", "2007-12-31": "1.45980", "2007-09-30": "1.28460", "2007-06-30": "1.34390", "2007-03-31": "1.36030", "2006-12-31": "1.92020", "2006-09-30": "1.36750", "2006-06-30": "1.41720", "2006-03-31": "1.33050", "2005-12-31": "1.23150", "2005-09-30": "1.13740", "2005-06-30": "1.04710", "2005-03-31": "1.02510"}, "ROI - Return On Investment": {"2020-09-30": "2.39920", "2020-06-30": "1.94700", "2020-03-31": "0.72400", "2019-12-31": "1.49450", "2019-09-30": "1.20970", "2019-06-30": "-6.86410", "2019-03-31": "1.56890", "2018-12-31": "2.69850", "2018-09-30": "2.05880", "2018-06-30": "1.93100", "2018-03-31": "1.61110", "2017-12-31": "0.69980", "2017-09-30": "1.74570", "2017-06-30": "1.36140", "2017-03-31": "1.65780", "2016-12-31": "2.30420", "2016-09-30": "1.63990", "2016-06-30": "1.91480", "2016-03-31": "1.51770", "2015-12-31": "2.42430", "2015-09-30": "1.58460", "2015-06-30": "1.85420", "2015-03-31": "1.63850", "2014-12-31": "1.86750", "2014-09-30": "2.27250", "2014-06-30": "1.99720", "2014-03-31": "1.68310", "2013-12-31": "2.10450", "2013-09-30": "1.63040", "2013-06-30": "1.52680", "2013-03-31": "1.27520", "2012-12-31": "3.13590", "2012-09-30": "1.93550", "2012-06-30": "2.01490", "2012-03-31": "1.87680", "2011-12-31": "3.10780", "2011-09-30": "2.48430", "2011-06-30": "3.00690", "2011-03-31": "2.71580", "2010-12-31": "3.15000", "2010-09-30": "2.48530", "2010-06-30": "2.77380", "2010-03-31": "2.07010", "2009-12-31": "1.50500", "2009-09-30": "0.30490", "2009-06-30": "0.52940", "2009-03-31": "0.69000", "2008-12-31": "-22.35370", "2008-09-30": "1.55110", "2008-06-30": "1.86840", "2008-03-31": "1.70430", "2007-12-31": "2.46390", "2007-09-30": "2.12260", "2007-06-30": "2.23880", "2007-03-31": "2.15690", "2006-12-31": "3.22330", "2006-09-30": "2.28770", "2006-06-30": "2.53200", "2006-03-31": "2.34860", "2005-12-31": "2.11980", "2005-09-30": "1.84690", "2005-06-30": "1.75400", "2005-03-31": "1.70940"}, "Book Value Per Share": {"2020-09-30": "63.88350", "2020-06-30": "61.19650", "2020-03-31": "59.10420", "2019-12-31": "60.36210", "2019-09-30": "58.02370", "2019-06-30": "58.00650", "2019-03-31": "64.59100", "2018-12-31": "63.10960", "2018-09-30": "60.82210", "2018-06-30": "59.13330", "2018-03-31": "58.76300", "2017-12-31": "56.99490", "2017-09-30": "55.99410", "2017-06-30": "53.82860", "2017-03-31": "51.25480", "2016-12-31": "50.22460", "2016-09-30": "50.01300", "2016-06-30": "48.70100", "2016-03-31": "47.74030", "2015-12-31": "46.13590", "2015-09-30": "45.04070", "2015-06-30": "44.27140", "2015-03-31": "42.00110", "2014-12-31": "43.36940", "2014-09-30": "43.35620", "2014-06-30": "43.60340", "2014-03-31": "42.42710", "2013-12-31": "41.87510", "2013-09-30": "40.04650", "2013-06-30": "38.21130", "2013-03-31": "37.20920", "2012-12-31": "37.61630", "2012-09-30": "35.57610", "2012-06-30": "34.22950", "2012-03-31": "34.14530", "2011-12-31": "32.86940", "2011-09-30": "31.65580", "2011-06-30": "31.62070", "2011-03-31": "30.04410", "2010-12-31": "28.35830", "2010-09-30": "27.12230", "2010-06-30": "24.83620", "2010-03-31": "24.43310", "2009-12-31": "24.34570", "2009-09-30": "23.76770", "2009-06-30": "23.12660", "2009-03-31": "22.30170", "2008-12-31": "22.43810", "2008-09-30": "30.95060", "2008-06-30": "31.59880", "2008-03-31": "30.72310", "2007-12-31": "28.91760", "2007-09-30": "27.86530", "2007-06-30": "26.25240", "2007-03-31": "25.29720", "2006-12-31": "24.47790", "2006-09-30": "22.84460", "2006-06-30": "22.13660", "2006-03-31": "20.79550", "2005-12-31": "19.77170", "2005-09-30": "19.51720", "2005-06-30": "18.40580", "2005-03-31": "18.74540"}, "Operating Cash Flow Per Share": {"2020-09-30": 3.6813, "2020-06-30": 5.4159, "2020-03-31": "5.75610", "2019-12-31": 5.912, "2019-09-30": 3.4523, "2019-06-30": 4.7141, "2019-03-31": "-3.81140", "2018-12-31": 2.9754, "2018-09-30": 5.5769, "2018-06-30": -4.6259, "2018-03-31": "-0.84320", "2017-12-31": 1.3677, "2017-09-30": 1.5016, "2017-06-30": -1.251, "2017-03-31": "-0.23070", "2016-12-31": 2.3777, "2016-09-30": 0.2888, "2016-06-30": 1.6042, "2016-03-31": "-0.36260", "2015-12-31": 5.7342, "2015-09-30": -1.1071, "2015-06-30": 4.758, "2015-03-31": "-2.48750", "2014-12-31": 4.5712, "2014-09-30": -0.6535, "2014-06-30": 1.5956, "2014-03-31": "1.22330", "2013-12-31": 2.0283, "2013-09-30": 0.8324, "2013-06-30": 3.1493, "2013-03-31": "-1.66390", "2012-12-31": 1.6431, "2012-09-30": 1.6585, "2012-06-30": 0.5812, "2012-03-31": "2.19440", "2011-12-31": 1.2656, "2011-09-30": 1.0089, "2011-06-30": 0.2982, "2011-03-31": "-1.53000", "2010-12-31": 3.8869, "2010-09-30": -0.2366, "2010-06-30": 0.511, "2010-03-31": "-2.31500", "2009-12-31": 1.6776, "2009-09-30": 0.9127, "2009-06-30": 2.5431, "2009-03-31": "1.92000", "2008-12-31": 2.2741, "2008-09-30": 1.6969, "2008-06-30": 0.8321, "2008-03-31": "0.32880", "2007-12-31": 1.7664, "2007-09-30": 1.3986, "2007-06-30": 2.7592, "2007-03-31": "0.91300", "2006-12-31": 2.3401, "2006-09-30": -0.2914, "2006-06-30": -0.8053, "2006-03-31": "-0.26240", "2005-12-31": 0.8599, "2005-09-30": 0.6449, "2005-06-30": 0.5055, "2005-03-31": "1.23400"}, "Free Cash Flow Per Share": {"2020-09-30": 3.2861, "2020-06-30": 5.0092, "2020-03-31": "5.41120", "2019-12-31": 5.5545, "2019-09-30": 3.0607, "2019-06-30": 4.1416, "2019-03-31": "-4.20320", "2018-12-31": 2.6903, "2018-09-30": 5.1438, "2018-06-30": -4.9864, "2018-03-31": "-1.23340", "2017-12-31": 0.7658, "2017-09-30": 0.9661, "2017-06-30": -1.5144, "2017-03-31": "-0.82970", "2016-12-31": 1.9624, "2016-09-30": -0.1324, "2016-06-30": 1.1821, "2016-03-31": "-0.89350", "2015-12-31": 5.3385, "2015-09-30": -1.5805, "2015-06-30": 4.3666, "2015-03-31": "-2.80820", "2014-12-31": 4.2255, "2014-09-30": -0.9169, "2014-06-30": 1.3029, "2014-03-31": "0.89940", "2013-12-31": 1.7489, "2013-09-30": 0.5066, "2013-06-30": 2.8825, "2013-03-31": "-1.91200", "2012-12-31": 1.3204, "2012-09-30": 1.407, "2012-06-30": 0.34, "2012-03-31": "1.99940", "2011-12-31": 1.0507, "2011-09-30": 0.7547, "2011-06-30": -0.0607, "2011-03-31": "-1.68480", "2010-12-31": 3.6516, "2010-09-30": -0.4693, "2010-06-30": 0.352, "2010-03-31": "-2.48490", "2009-12-31": 1.4888, "2009-09-30": 0.704, "2009-06-30": 2.2481, "2009-03-31": "1.61350", "2008-12-31": 1.8949, "2008-09-30": 1.3301, "2008-06-30": 0.5255, "2008-03-31": "0.06750", "2007-12-31": 1.4784, "2007-09-30": 1.0619, "2007-06-30": 2.4448, "2007-03-31": "0.73630", "2006-12-31": 2.1429, "2006-09-30": -0.4059, "2006-06-30": -0.9241, "2006-03-31": "-0.36830", "2005-12-31": 0.7519, "2005-09-30": 0.5223, "2005-06-30": 0.5095, "2005-03-31": "1.19320"}}, "revenue": {"Arrow Electronics Annual Revenue (Millions of US $)": {"2020": "$28,673", "2019": "$28,917", "2018": "$29,677", "2017": "$26,555", "2016": "$23,488", "2015": "$23,282", "2014": "$22,769", "2013": "$21,357", "2012": "$20,405", "2011": "$21,390", "2010": "$18,745", "2009": "$14,684", "2008": "$16,761", "2007": "$15,985", "2006": "$13,577", "2005": "$11,164"}, "Arrow Electronics Quarterly Revenue (Millions of US $)": {"2020-12-31": "$8,454", "2020-09-30": "$7,231", "2020-06-30": "$6,606", "2020-03-31": "$6,381", "2019-12-31": "$7,338", "2019-09-30": "$7,078", "2019-06-30": "$7,345", "2019-03-31": "$7,156", "2018-12-31": "$7,918", "2018-09-30": "$7,490", "2018-06-30": "$7,393", "2018-03-31": "$6,876", "2017-12-31": "$7,539", "2017-09-30": "$6,856", "2017-06-30": "$6,422", "2017-03-31": "$5,737", "2016-12-31": "$6,106", "2016-09-30": "$5,936", "2016-06-30": "$5,972", "2016-03-31": "$5,474", "2015-12-31": "$6,751", "2015-09-30": "$5,698", "2015-06-30": "$5,830", "2015-03-31": "$5,002", "2014-12-31": "$6,397", "2014-09-30": "$5,613", "2014-06-30": "$5,677", "2014-03-31": "$5,082", "2013-12-31": "$6,153", "2013-09-30": "$5,048", "2013-06-30": "$5,306", "2013-03-31": "$4,850", "2012-12-31": "$5,403", "2012-09-30": "$4,962", "2012-06-30": "$5,151", "2012-03-31": "$4,890", "2011-12-31": "$5,440", "2011-09-30": "$5,187", "2011-06-30": "$5,540", "2011-03-31": "$5,223", "2010-12-31": "$5,238", "2010-09-30": "$4,658", "2010-06-30": "$4,613", "2010-03-31": "$4,235", "2009-12-31": "$4,203", "2009-09-30": "$3,672", "2009-06-30": "$3,392", "2009-03-31": "$3,417", "2008-12-31": "$4,090", "2008-09-30": "$4,295", "2008-06-30": "$4,347", "2008-03-31": "$4,028", "2007-12-31": "$4,419", "2007-09-30": "$4,030", "2007-06-30": "$4,038", "2007-03-31": "$3,498", "2006-12-31": "$3,493", "2006-09-30": "$3,454", "2006-06-30": "$3,437", "2006-03-31": "$3,192", "2005-12-31": "$2,960", "2005-09-30": "$2,710", "2005-06-30": "$2,768", "2005-03-31": "$2,727"}}, "gross-profit": {"Arrow Electronics Annual Gross Profit (Millions of US $)": {"2020": "$3,191", "2019": "$3,298", "2018": "$3,701", "2017": "$3,357", "2016": "$3,144", "2015": "$3,035", "2014": "$2,996", "2013": "$2,791", "2012": "$2,737", "2011": "$2,949", "2010": "$2,419", "2009": "$1,751", "2008": "$2,283", "2007": "$2,285", "2006": "$2,031", "2005": "$1,740"}, "Arrow Electronics Quarterly Gross Profit (Millions of US $)": {"2020-12-31": "$924", "2020-09-30": "$789", "2020-06-30": "$750", "2020-03-31": "$728", "2019-12-31": "$823", "2019-09-30": "$799", "2019-06-30": "$815", "2019-03-31": "$862", "2018-12-31": "$975", "2018-09-30": "$924", "2018-06-30": "$933", "2018-03-31": "$869", "2017-12-31": "$929", "2017-09-30": "$843", "2017-06-30": "$824", "2017-03-31": "$761", "2016-12-31": "$823", "2016-09-30": "$773", "2016-06-30": "$799", "2016-03-31": "$749", "2015-12-31": "$839", "2015-09-30": "$742", "2015-06-30": "$769", "2015-03-31": "$685", "2014-12-31": "$816", "2014-09-30": "$729", "2014-06-30": "$748", "2014-03-31": "$704", "2013-12-31": "$788", "2013-09-30": "$672", "2013-06-30": "$690", "2013-03-31": "$642", "2012-12-31": "$707", "2012-09-30": "$663", "2012-06-30": "$687", "2012-03-31": "$681", "2011-12-31": "$745", "2011-09-30": "$711", "2011-06-30": "$770", "2011-03-31": "$723", "2010-12-31": "$683", "2010-09-30": "$609", "2010-06-30": "$588", "2010-03-31": "$538", "2009-12-31": "$497", "2009-09-30": "$421", "2009-06-30": "$402", "2009-03-31": "$431", "2008-12-31": "$520", "2008-09-30": "$564", "2008-06-30": "$612", "2008-03-31": "$586", "2007-12-31": "$614", "2007-09-30": "$553", "2007-06-30": "$579", "2007-03-31": "$540", "2006-12-31": "$511", "2006-09-30": "$508", "2006-06-30": "$524", "2006-03-31": "$488", "2005-12-31": "$447", "2005-09-30": "$419", "2005-06-30": "$441", "2005-03-31": "$432"}}, "operating-income": {"Arrow Electronics Annual Operating Income (Millions of US $)": {"2020": "$895", "2019": "$108", "2018": "$1,148", "2017": "$946", "2016": "$877", "2015": "$824", "2014": "$762", "2013": "$694", "2012": "$804", "2011": "$909", "2010": "$751", "2009": "$273", "2008": "$-494", "2007": "$687", "2006": "$606", "2005": "$480"}, "Arrow Electronics Quarterly Operating Income (Millions of US $)": {"2020-12-31": "$321", "2020-09-30": "$238", "2020-06-30": "$197", "2020-03-31": "$138", "2019-12-31": "$238", "2019-09-30": "$173", "2019-06-30": "$-549", "2019-03-31": "$246", "2018-12-31": "$334", "2018-09-30": "$290", "2018-06-30": "$287", "2018-03-31": "$236", "2017-12-31": "$287", "2017-09-30": "$235", "2017-06-30": "$230", "2017-03-31": "$193", "2016-12-31": "$273", "2016-09-30": "$199", "2016-06-30": "$224", "2016-03-31": "$181", "2015-12-31": "$254", "2015-09-30": "$186", "2015-06-30": "$207", "2015-03-31": "$177", "2014-12-31": "$176", "2014-09-30": "$200", "2014-06-30": "$208", "2014-03-31": "$178", "2013-12-31": "$237", "2013-09-30": "$163", "2013-06-30": "$156", "2013-03-31": "$138", "2012-12-31": "$264", "2012-09-30": "$164", "2012-06-30": "$189", "2012-03-31": "$187", "2011-12-31": "$232", "2011-09-30": "$209", "2011-06-30": "$248", "2011-03-31": "$219", "2010-12-31": "$232", "2010-09-30": "$185", "2010-06-30": "$189", "2010-03-31": "$145", "2009-12-31": "$115", "2009-09-30": "$45", "2009-06-30": "$51", "2009-03-31": "$61", "2008-12-31": "$-934", "2008-09-30": "$132", "2008-06-30": "$165", "2008-03-31": "$144", "2007-12-31": "$194", "2007-09-30": "$158", "2007-06-30": "$173", "2007-03-31": "$163", "2006-12-31": "$141", "2006-09-30": "$152", "2006-06-30": "$163", "2006-03-31": "$149", "2005-12-31": "$135", "2005-09-30": "$118", "2005-06-30": "$119", "2005-03-31": "$108"}}, "ebitda": {"Arrow Electronics Annual EBITDA (Millions of US $)": {"2019": "$339", "2018": "$1,380", "2017": "$1,138", "2016": "$1,076", "2015": "$1,028", "2014": "$960", "2013": "$862", "2012": "$954", "2011": "$1,052", "2010": "$863", "2009": "$373", "2008": "$-404", "2007": "$777", "2006": "$678", "2005": "$547"}, "Arrow Electronics Quarterly EBITDA (Millions of US $)": {"2020-09-30": "$291", "2020-06-30": "$252", "2020-03-31": "$199", "2019-12-31": "$294", "2019-09-30": "$226", "2019-06-30": "$-494", "2019-03-31": "$312", "2018-12-31": "$390", "2018-09-30": "$348", "2018-06-30": "$346", "2018-03-31": "$296", "2017-12-31": "$336", "2017-09-30": "$283", "2017-06-30": "$278", "2017-03-31": "$242", "2016-12-31": "$321", "2016-09-30": "$249", "2016-06-30": "$274", "2016-03-31": "$231", "2015-12-31": "$306", "2015-09-30": "$239", "2015-06-30": "$259", "2015-03-31": "$225", "2014-12-31": "$228", "2014-09-30": "$250", "2014-06-30": "$258", "2014-03-31": "$224", "2013-12-31": "$285", "2013-09-30": "$207", "2013-06-30": "$195", "2013-03-31": "$175", "2012-12-31": "$304", "2012-09-30": "$202", "2012-06-30": "$224", "2012-03-31": "$224", "2011-12-31": "$270", "2011-09-30": "$244", "2011-06-30": "$285", "2011-03-31": "$252", "2010-12-31": "$262", "2010-09-30": "$212", "2010-06-30": "$216", "2010-03-31": "$173", "2009-12-31": "$144", "2009-09-30": "$69", "2009-06-30": "$76", "2009-03-31": "$84", "2008-12-31": "$-912", "2008-09-30": "$153", "2008-06-30": "$187", "2008-03-31": "$167", "2007-12-31": "$217", "2007-09-30": "$180", "2007-06-30": "$197", "2007-03-31": "$183", "2006-12-31": "$161", "2006-09-30": "$170", "2006-06-30": "$181", "2006-03-31": "$166", "2005-12-31": "$150", "2005-09-30": "$134", "2005-06-30": "$137", "2005-03-31": "$127"}}, "net-income": {"Arrow Electronics Annual Net Income (Millions of US $)": {"2020": "$584", "2019": "$-204", "2018": "$716", "2017": "$402", "2016": "$523", "2015": "$498", "2014": "$498", "2013": "$399", "2012": "$506", "2011": "$599", "2010": "$480", "2009": "$124", "2008": "$-614", "2007": "$408", "2006": "$389", "2005": "$259"}, "Arrow Electronics Quarterly Net Income (Millions of US $)": {"2020-12-31": "$236", "2020-09-30": "$166", "2020-06-30": "$133", "2020-03-31": "$50", "2019-12-31": "$112", "2019-09-30": "$92", "2019-06-30": "$-549", "2019-03-31": "$141", "2018-12-31": "$231", "2018-09-30": "$177", "2018-06-30": "$170", "2018-03-31": "$139", "2017-12-31": "$54", "2017-09-30": "$134", "2017-06-30": "$100", "2017-03-31": "$115", "2016-12-31": "$165", "2016-09-30": "$118", "2016-06-30": "$134", "2016-03-31": "$106", "2015-12-31": "$158", "2015-09-30": "$109", "2015-06-30": "$124", "2015-03-31": "$106", "2014-12-31": "$116", "2014-09-30": "$147", "2014-06-30": "$128", "2014-03-31": "$107", "2013-12-31": "$135", "2013-09-30": "$97", "2013-06-30": "$90", "2013-03-31": "$78", "2012-12-31": "$175", "2012-09-30": "$104", "2012-06-30": "$114", "2012-03-31": "$114", "2011-12-31": "$174", "2011-09-30": "$132", "2011-06-30": "$156", "2011-03-31": "$136", "2010-12-31": "$158", "2010-09-30": "$119", "2010-06-30": "$116", "2010-03-31": "$87", "2009-12-31": "$63", "2009-09-30": "$13", "2009-06-30": "$21", "2009-03-31": "$27", "2008-12-31": "$-872", "2008-09-30": "$76", "2008-06-30": "$96", "2008-03-31": "$86", "2007-12-31": "$114", "2007-09-30": "$98", "2007-06-30": "$99", "2007-03-31": "$96", "2006-12-31": "$129", "2006-09-30": "$86", "2006-06-30": "$93", "2006-03-31": "$82", "2005-12-31": "$80", "2005-09-30": "$64", "2005-06-30": "$58", "2005-03-31": "$57"}}, "eps-earnings-per-share-diluted": {"Arrow Electronics Annual EPS": {"2020": "$7.43", "2019": "$-2.44", "2018": "$8.10", "2017": "$4.48", "2016": "$5.68", "2015": "$5.20", "2014": "$4.98", "2013": "$3.85", "2012": "$4.56", "2011": "$5.17", "2010": "$4.01", "2009": "$1.03", "2008": "$-5.08", "2007": "$3.28", "2006": "$3.16", "2005": "$2.09"}, "Arrow Electronics Quarterly EPS": {"2020-12-31": "$3.08", "2020-09-30": "$2.13", "2020-06-30": "$1.68", "2020-03-31": "$0.61", "2019-12-31": "$1.31", "2019-09-30": "$1.10", "2019-06-30": "$-6.48", "2019-03-31": "$1.63", "2018-12-31": "$2.63", "2018-09-30": "$1.99", "2018-06-30": "$1.92", "2018-03-31": "$1.56", "2017-12-31": "$0.60", "2017-09-30": "$1.50", "2017-06-30": "$1.11", "2017-03-31": "$1.27", "2016-12-31": "$1.81", "2016-09-30": "$1.28", "2016-06-30": "$1.45", "2016-03-31": "$1.14", "2015-12-31": "$1.68", "2015-09-30": "$1.15", "2015-06-30": "$1.28", "2015-03-31": "$1.09", "2014-12-31": "$1.18", "2014-09-30": "$1.47", "2014-06-30": "$1.27", "2014-03-31": "$1.06", "2013-12-31": "$1.32", "2013-09-30": "$0.95", "2013-06-30": "$0.86", "2013-03-31": "$0.72", "2012-12-31": "$1.60", "2012-09-30": "$0.94", "2012-06-30": "$1.02", "2012-03-31": "$1.00", "2011-12-31": "$1.53", "2011-09-30": "$1.15", "2011-06-30": "$1.33", "2011-03-31": "$1.16", "2010-12-31": "$1.34", "2010-09-30": "$1.00", "2010-06-30": "$0.96", "2010-03-31": "$0.71", "2009-12-31": "$0.53", "2009-09-30": "$0.10", "2009-06-30": "$0.18", "2009-03-31": "$0.22", "2008-12-31": "$-7.19", "2008-09-30": "$0.63", "2008-06-30": "$0.79", "2008-03-31": "$0.69", "2007-12-31": "$0.93", "2007-09-30": "$0.79", "2007-06-30": "$0.79", "2007-03-31": "$0.77", "2006-12-31": "$1.04", "2006-09-30": "$0.70", "2006-06-30": "$0.76", "2006-03-31": "$0.66", "2005-12-31": "$0.62", "2005-09-30": "$0.52", "2005-06-30": "$0.48", "2005-03-31": "$0.47"}}, "shares-outstanding": {"Arrow Electronics Annual Shares Outstanding (Millions of Shares)": {"2020": "79", "2019": "84", "2018": "88", "2017": "90", "2016": "92", "2015": "96", "2014": "100", "2013": "104", "2012": "111", "2011": "116", "2010": "120", "2009": "120", "2008": "121", "2007": "124", "2006": "123", "2005": "124"}, "Arrow Electronics Quarterly Shares Outstanding (Millions of Shares)": {"2020-12-31": "77", "2020-09-30": "78", "2020-06-30": "79", "2020-03-31": "81", "2019-12-31": "84", "2019-09-30": "83", "2019-06-30": "85", "2019-03-31": "86", "2018-12-31": "88", "2018-09-30": "89", "2018-06-30": "89", "2018-03-31": "89", "2017-12-31": "90", "2017-09-30": "90", "2017-06-30": "90", "2017-03-31": "91", "2016-12-31": "92", "2016-09-30": "92", "2016-06-30": "93", "2016-03-31": "93", "2015-12-31": "96", "2015-09-30": "95", "2015-06-30": "97", "2015-03-31": "97", "2014-12-31": "100", "2014-09-30": "100", "2014-06-30": "101", "2014-03-31": "101", "2013-12-31": "104", "2013-09-30": "102", "2013-06-30": "104", "2013-03-31": "108", "2012-12-31": "111", "2012-09-30": "110", "2012-06-30": "112", "2012-03-31": "114", "2011-12-31": "116", "2011-09-30": "115", "2011-06-30": "117", "2011-03-31": "117", "2010-12-31": "120", "2010-09-30": "118", "2010-06-30": "121", "2010-03-31": "122", "2009-12-31": "120", "2009-09-30": "121", "2009-06-30": "120", "2009-03-31": "120", "2008-12-31": "121", "2008-09-30": "120", "2008-06-30": "122", "2008-03-31": "124", "2007-12-31": "124", "2007-09-30": "124", "2007-06-30": "125", "2007-03-31": "124", "2006-12-31": "123", "2006-09-30": "123", "2006-06-30": "123", "2006-03-31": "124", "2005-12-31": "124", "2005-09-30": "124", "2005-06-30": "124", "2005-03-31": "124"}}, "total-assets": {"Arrow Electronics Annual Total Assets (Millions of US $)": {"2019": "$16,401", "2018": "$17,784", "2017": "$16,459", "2016": "$14,206", "2015": "$13,022", "2014": "$12,435", "2013": "$12,061", "2012": "$10,786", "2011": "$9,829", "2010": "$9,601", "2009": "$7,762", "2008": "$7,118", "2007": "$8,060", "2006": "$6,670", "2005": "$6,045"}, "Arrow Electronics Quarterly Total Assets (Millions of US $)": {"2020-09-30": "$15,497", "2020-06-30": "$15,604", "2020-03-31": "$15,391", "2019-12-31": "$16,401", "2019-09-30": "$15,690", "2019-06-30": "$16,024", "2019-03-31": "$16,831", "2018-12-31": "$17,784", "2018-09-30": "$16,978", "2018-06-30": "$16,749", "2018-03-31": "$16,125", "2017-12-31": "$16,459", "2017-09-30": "$15,057", "2017-06-30": "$14,200", "2017-03-31": "$13,419", "2016-12-31": "$14,206", "2016-09-30": "$13,138", "2016-06-30": "$12,947", "2016-03-31": "$12,353", "2015-12-31": "$13,022", "2015-09-30": "$12,006", "2015-06-30": "$12,112", "2015-03-31": "$11,144", "2014-12-31": "$12,435", "2014-09-30": "$11,312", "2014-06-30": "$11,560", "2014-03-31": "$11,033", "2013-12-31": "$12,061", "2013-09-30": "$10,366", "2013-06-30": "$10,508", "2013-03-31": "$10,360", "2012-12-31": "$10,786", "2012-09-30": "$10,075", "2012-06-30": "$10,035", "2012-03-31": "$10,139", "2011-12-31": "$9,829", "2011-09-30": "$9,869", "2011-06-30": "$10,070", "2011-03-31": "$9,579", "2010-12-31": "$9,601", "2010-09-30": "$8,709", "2010-06-30": "$7,988", "2010-03-31": "$7,455", "2009-12-31": "$7,762", "2009-09-30": "$7,175", "2009-06-30": "$6,804", "2009-03-31": "$6,467", "2008-12-31": "$7,118", "2008-09-30": "$8,092", "2008-06-30": "$8,539", "2008-03-31": "$8,080", "2007-12-31": "$8,060", "2007-09-30": "$7,654", "2007-06-30": "$7,382", "2007-03-31": "$7,079", "2006-12-31": "$6,670", "2006-09-30": "$6,283", "2006-06-30": "$6,545", "2006-03-31": "$6,131", "2005-12-31": "$6,045", "2005-09-30": "$5,585", "2005-06-30": "$5,582", "2005-03-31": "$5,579"}}, "cash-on-hand": {"Arrow Electronics Annual Cash on Hand (Millions of US $)": {"2019": "$300", "2018": "$509", "2017": "$730", "2016": "$534", "2015": "$273", "2014": "$400", "2013": "$391", "2012": "$410", "2011": "$397", "2010": "$926", "2009": "$1,137", "2008": "$451", "2007": "$448", "2006": "$338", "2005": "$581"}, "Arrow Electronics Quarterly Cash on Hand (Millions of US $)": {"2020-09-30": "$227", "2020-06-30": "$206", "2020-03-31": "$201", "2019-12-31": "$300", "2019-09-30": "$262", "2019-06-30": "$270", "2019-03-31": "$352", "2018-12-31": "$509", "2018-09-30": "$474", "2018-06-30": "$331", "2018-03-31": "$549", "2017-12-31": "$730", "2017-09-30": "$584", "2017-06-30": "$420", "2017-03-31": "$522", "2016-12-31": "$534", "2016-09-30": "$384", "2016-06-30": "$496", "2016-03-31": "$395", "2015-12-31": "$273", "2015-09-30": "$337", "2015-06-30": "$400", "2015-03-31": "$305", "2014-12-31": "$400", "2014-09-30": "$258", "2014-06-30": "$309", "2014-03-31": "$258", "2013-12-31": "$391", "2013-09-30": "$252", "2013-06-30": "$346", "2013-03-31": "$364", "2012-12-31": "$410", "2012-09-30": "$359", "2012-06-30": "$326", "2012-03-31": "$740", "2011-12-31": "$397", "2011-09-30": "$545", "2011-06-30": "$531", "2011-03-31": "$521", "2010-12-31": "$926", "2010-09-30": "$510", "2010-06-30": "$577", "2010-03-31": "$810", "2009-12-31": "$1,137", "2009-09-30": "$1,151", "2009-06-30": "$908", "2009-03-31": "$619", "2008-12-31": "$451", "2008-09-30": "$243", "2008-06-30": "$284", "2008-03-31": "$392", "2007-12-31": "$448", "2007-09-30": "$318", "2007-06-30": "$279", "2007-03-31": "$141", "2006-12-31": "$338", "2006-09-30": "$253", "2006-06-30": "$330", "2006-03-31": "$380", "2005-12-31": "$581", "2005-09-30": "$654", "2005-06-30": "$616", "2005-03-31": "$613"}}, "long-term-debt": {"Arrow Electronics Annual Long Term Debt (Millions of US $)": {"2019": "$2,640", "2018": "$3,239", "2017": "$2,933", "2016": "$2,696", "2015": "$2,381", "2014": "$2,068", "2013": "$2,226", "2012": "$1,587", "2011": "$1,928", "2010": "$1,761", "2009": "$1,276", "2008": "$1,224", "2007": "$1,223", "2006": "$977", "2005": "$1,139"}, "Arrow Electronics Quarterly Long Term Debt (Millions of US $)": {"2020-09-30": "$2,098", "2020-06-30": "$2,098", "2020-03-31": "$2,223", "2019-12-31": "$2,640", "2019-09-30": "$2,942", "2019-06-30": "$3,157", "2019-03-31": "$3,576", "2018-12-31": "$3,239", "2018-09-30": "$3,352", "2018-06-30": "$3,690", "2018-03-31": "$3,533", "2017-12-31": "$2,933", "2017-09-30": "$2,803", "2017-06-30": "$2,642", "2017-03-31": "$2,460", "2016-12-31": "$2,696", "2016-09-30": "$2,705", "2016-06-30": "$2,619", "2016-03-31": "$2,649", "2015-12-31": "$2,381", "2015-09-30": "$2,748", "2015-06-30": "$2,544", "2015-03-31": "$2,457", "2014-12-31": "$2,068", "2014-09-30": "$2,211", "2014-06-30": "$2,104", "2014-03-31": "$2,143", "2013-12-31": "$2,226", "2013-09-30": "$1,914", "2013-06-30": "$2,073", "2013-03-31": "$2,205", "2012-12-31": "$1,587", "2012-09-30": "$1,562", "2012-06-30": "$1,958", "2012-03-31": "$2,250", "2011-12-31": "$1,928", "2011-09-30": "$1,792", "2011-06-30": "$1,564", "2011-03-31": "$1,559", "2010-12-31": "$1,761", "2010-09-30": "$1,628", "2010-06-30": "$1,263", "2010-03-31": "$1,263", "2009-12-31": "$1,276", "2009-09-30": "$1,278", "2009-06-30": "$1,216", "2009-03-31": "$1,208", "2008-12-31": "$1,224", "2008-09-30": "$1,219", "2008-06-30": "$1,376", "2008-03-31": "$1,264", "2007-12-31": "$1,223", "2007-09-30": "$1,208", "2007-06-30": "$1,183", "2007-03-31": "$1,328", "2006-12-31": "$977", "2006-09-30": "$965", "2006-06-30": "$960", "2006-03-31": "$953", "2005-12-31": "$1,139", "2005-09-30": "$1,155", "2005-06-30": "$1,161", "2005-03-31": "$1,155"}}, "total-liabilities": {"Arrow Electronics Annual Total Liabilities (Millions of US $)": {"2019": "$11,534", "2018": "$12,408", "2017": "$11,461", "2016": "$9,741", "2015": "$8,827", "2014": "$8,276", "2013": "$7,876", "2012": "$6,798", "2011": "$6,154", "2010": "$6,349", "2009": "$4,845", "2008": "$4,441", "2007": "$4,508", "2006": "$3,673", "2005": "$3,672"}, "Arrow Electronics Quarterly Total Liabilities (Millions of US $)": {"2020-09-30": "$10,659", "2020-06-30": "$10,855", "2020-03-31": "$10,742", "2019-12-31": "$11,534", "2019-09-30": "$10,945", "2019-06-30": "$11,202", "2019-03-31": "$11,329", "2018-12-31": "$12,408", "2018-09-30": "$11,676", "2018-06-30": "$11,582", "2018-03-31": "$10,976", "2017-12-31": "$11,461", "2017-09-30": "$10,132", "2017-06-30": "$9,449", "2017-03-31": "$8,863", "2016-12-31": "$9,741", "2016-09-30": "$8,658", "2016-06-30": "$8,498", "2016-03-31": "$7,979", "2015-12-31": "$8,827", "2015-09-30": "$7,794", "2015-06-30": "$7,932", "2015-03-31": "$7,126", "2014-12-31": "$8,276", "2014-09-30": "$7,060", "2014-06-30": "$7,251", "2014-03-31": "$6,807", "2013-12-31": "$7,876", "2013-09-30": "$6,333", "2013-06-30": "$6,683", "2013-03-31": "$6,451", "2012-12-31": "$6,798", "2012-09-30": "$6,280", "2012-06-30": "$6,311", "2012-03-31": "$6,330", "2011-12-31": "$6,154", "2011-09-30": "$6,332", "2011-06-30": "$6,436", "2011-03-31": "$6,112", "2010-12-31": "$6,349", "2010-09-30": "$5,568", "2010-06-30": "$5,062", "2010-03-31": "$4,513", "2009-12-31": "$4,845", "2009-09-30": "$4,329", "2009-06-30": "$4,037", "2009-03-31": "$3,800", "2008-12-31": "$4,441", "2008-09-30": "$4,400", "2008-06-30": "$4,759", "2008-03-31": "$4,305", "2007-12-31": "$4,508", "2007-09-30": "$4,230", "2007-06-30": "$4,134", "2007-03-31": "$3,942", "2006-12-31": "$3,673", "2006-09-30": "$3,492", "2006-06-30": "$3,842", "2006-03-31": "$3,610", "2005-12-31": "$3,672", "2005-09-30": "$3,300", "2005-06-30": "$3,411", "2005-03-31": "$3,388"}}, "total-share-holder-equity": {"Arrow Electronics Annual Share Holder Equity (Millions of US $)": {"2019": "$4,866", "2018": "$5,376", "2017": "$4,998", "2016": "$4,466", "2015": "$4,195", "2014": "$4,159", "2013": "$4,185", "2012": "$3,987", "2011": "$3,675", "2010": "$3,251", "2009": "$2,917", "2008": "$2,677", "2007": "$3,552", "2006": "$2,997", "2005": "$2,373"}, "Arrow Electronics Quarterly Share Holder Equity (Millions of US $)": {"2020-09-30": "$4,838", "2020-06-30": "$4,750", "2020-03-31": "$4,650", "2019-12-31": "$4,866", "2019-09-30": "$4,744", "2019-06-30": "$4,823", "2019-03-31": "$5,501", "2018-12-31": "$5,376", "2018-09-30": "$5,302", "2018-06-30": "$5,167", "2018-03-31": "$5,149", "2017-12-31": "$4,998", "2017-09-30": "$4,925", "2017-06-30": "$4,751", "2017-03-31": "$4,557", "2016-12-31": "$4,466", "2016-09-30": "$4,480", "2016-06-30": "$4,449", "2016-03-31": "$4,374", "2015-12-31": "$4,195", "2015-09-30": "$4,213", "2015-06-30": "$4,180", "2015-03-31": "$4,018", "2014-12-31": "$4,159", "2014-09-30": "$4,251", "2014-06-30": "$4,308", "2014-03-31": "$4,226", "2013-12-31": "$4,185", "2013-09-30": "$4,033", "2013-06-30": "$3,824", "2013-03-31": "$3,909", "2012-12-31": "$3,987", "2012-09-30": "$3,795", "2012-06-30": "$3,724", "2012-03-31": "$3,809", "2011-12-31": "$3,675", "2011-09-30": "$3,537", "2011-06-30": "$3,634", "2011-03-31": "$3,467", "2010-12-31": "$3,251", "2010-09-30": "$3,141", "2010-06-30": "$2,926", "2010-03-31": "$2,942", "2009-12-31": "$2,917", "2009-09-30": "$2,847", "2009-06-30": "$2,766", "2009-03-31": "$2,667", "2008-12-31": "$2,677", "2008-09-30": "$3,692", "2008-06-30": "$3,780", "2008-03-31": "$3,775", "2007-12-31": "$3,552", "2007-09-30": "$3,424", "2007-06-30": "$3,249", "2007-03-31": "$3,137", "2006-12-31": "$2,997", "2006-09-30": "$2,791", "2006-06-30": "$2,703", "2006-03-31": "$2,521", "2005-12-31": "$2,373", "2005-09-30": "$2,284", "2005-06-30": "$2,171", "2005-03-31": "$2,191"}}, "profit-margins": {"current": "2.04%"}, "gross margin": {"2020-12-31": "11.13%", "2020-09-30": "11.21%", "2020-06-30": "11.31%", "2020-03-31": "11.25%", "2019-12-31": "11.41%", "2019-09-30": "11.70%", "2019-06-30": "11.96%", "2019-03-31": "12.33%", "2018-12-31": "12.47%", "2018-09-30": "12.48%", "2018-06-30": "12.47%", "2018-03-31": "12.51%", "2017-12-31": "12.64%", "2017-09-30": "12.94%", "2017-06-30": "13.14%", "2017-03-31": "13.29%", "2016-12-31": "13.39%", "2016-09-30": "13.09%", "2016-06-30": "13.09%", "2016-03-31": "13.05%", "2015-12-31": "13.04%", "2015-09-30": "13.14%", "2015-06-30": "13.13%", "2015-03-31": "13.13%", "2014-12-31": "13.16%", "2014-09-30": "13.18%", "2014-06-30": "13.26%", "2014-03-31": "13.22%", "2013-12-31": "13.07%", "2013-09-30": "13.16%", "2013-06-30": "13.17%", "2013-03-31": "13.25%", "2012-12-31": "13.42%", "2012-09-30": "13.58%", "2012-06-30": "13.66%", "2012-03-31": "13.81%", "2011-12-31": "13.79%", "2011-09-30": "13.63%", "2011-06-30": "13.48%", "2011-03-31": "13.19%", "2010-12-31": "12.90%", "2010-09-30": "12.60%", "2010-06-30": "12.22%", "2010-03-31": "11.99%", "2009-12-31": "11.92%", "2009-09-30": "12.17%", "2009-06-30": "12.62%", "2009-03-31": "13.17%", "2008-12-31": "13.62%", "2008-09-30": "13.90%", "2008-06-30": "14.06%", "2008-03-31": "14.12%", "2007-12-31": "14.30%", "2007-09-30": "14.50%", "2007-06-30": "14.76%", "2007-03-31": "15.01%", "2006-12-31": "14.96%", "2006-09-30": "15.08%", "2006-06-30": "15.27%", "2006-03-31": "15.43%", "2005-12-31": "15.58%"}, "operating margin": {"2020-12-31": "3.12%", "2020-09-30": "2.94%", "2020-06-30": "2.72%", "2020-03-31": "0.00%", "2019-12-31": "0.37%", "2019-09-30": "0.69%", "2019-06-30": "1.07%", "2019-03-31": "3.86%", "2018-12-31": "3.86%", "2018-09-30": "3.75%", "2018-06-30": "3.65%", "2018-03-31": "3.57%", "2017-12-31": "3.56%", "2017-09-30": "3.71%", "2017-06-30": "3.70%", "2017-03-31": "3.74%", "2016-12-31": "3.73%", "2016-09-30": "3.56%", "2016-06-30": "3.54%", "2016-03-31": "3.49%", "2015-12-31": "3.54%", "2015-09-30": "3.25%", "2015-06-30": "3.33%", "2015-03-31": "3.35%", "2014-12-31": "3.35%", "2014-09-30": "3.65%", "2014-06-30": "3.58%", "2014-03-31": "3.40%", "2013-12-31": "3.25%", "2013-09-30": "3.50%", "2013-06-30": "3.52%", "2013-03-31": "3.71%", "2012-12-31": "3.94%", "2012-09-30": "3.78%", "2012-06-30": "3.95%", "2012-03-31": "4.16%", "2011-12-31": "4.24%", "2011-09-30": "4.29%", "2011-06-30": "4.28%", "2011-03-31": "4.18%", "2010-12-31": "4.01%", "2010-09-30": "3.58%", "2010-06-30": "2.95%", "2010-03-31": "2.30%", "2009-12-31": "1.85%", "2009-09-30": "-5.33%", "2009-06-30": "-4.54%", "2009-03-31": "-3.57%", "2008-12-31": "-2.94%", "2008-09-30": "3.72%", "2008-06-30": "3.93%", "2008-03-31": "4.05%", "2007-12-31": "4.30%", "2007-09-30": "4.22%", "2007-06-30": "4.34%", "2007-03-31": "4.46%", "2006-12-31": "4.46%", "2006-09-30": "4.59%", "2006-06-30": "4.59%", "2006-03-31": "4.48%", "2005-12-31": "4.30%"}, "ebitda margin": {"2020-09-30": "3.76%", "2020-06-30": "3.54%", "2020-03-31": "0.80%", "2019-12-31": "1.17%", "2019-09-30": "1.47%", "2019-06-30": "1.86%", "2019-03-31": "4.66%", "2018-12-31": "4.65%", "2018-09-30": "4.53%", "2018-06-30": "4.40%", "2018-03-31": "4.31%", "2017-12-31": "4.29%", "2017-09-30": "4.47%", "2017-06-30": "4.50%", "2017-03-31": "4.57%", "2016-12-31": "4.58%", "2016-09-30": "4.39%", "2016-06-30": "4.39%", "2016-03-31": "4.36%", "2015-12-31": "4.42%", "2015-09-30": "4.15%", "2015-06-30": "4.21%", "2015-03-31": "4.24%", "2014-12-31": "4.22%", "2014-09-30": "4.51%", "2014-06-30": "4.44%", "2014-03-31": "4.22%", "2013-12-31": "4.04%", "2013-09-30": "4.28%", "2013-06-30": "4.27%", "2013-03-31": "4.44%", "2012-12-31": "4.68%", "2012-09-30": "4.50%", "2012-06-30": "4.65%", "2012-03-31": "4.86%", "2011-12-31": "4.91%", "2011-09-30": "4.92%", "2011-06-30": "4.89%", "2011-03-31": "4.77%", "2010-12-31": "4.60%", "2010-09-30": "4.21%", "2010-06-30": "3.60%", "2010-03-31": "2.98%", "2009-12-31": "2.54%", "2009-09-30": "-4.69%", "2009-06-30": "-3.94%", "2009-03-31": "-3.02%", "2008-12-31": "-2.42%", "2008-09-30": "4.24%", "2008-06-30": "4.46%", "2008-03-31": "4.61%", "2007-12-31": "4.86%", "2007-09-30": "4.79%", "2007-06-30": "4.91%", "2007-03-31": "5.01%", "2006-12-31": "4.99%", "2006-09-30": "5.11%", "2006-06-30": "5.13%", "2006-03-31": "5.05%", "2005-12-31": "4.91%"}, "pre tax profit margin": {"2020-12-31": "2.65%", "2020-09-30": "2.30%", "2020-06-30": "1.99%", "2020-03-31": "-0.82%", "2019-12-31": "-0.39%", "2019-09-30": "-0.06%", "2019-06-30": "0.32%", "2019-03-31": "3.07%", "2018-12-31": "3.06%", "2018-09-30": "2.97%", "2018-06-30": "2.85%", "2018-03-31": "2.61%", "2017-12-31": "2.61%", "2017-09-30": "2.73%", "2017-06-30": "2.76%", "2017-03-31": "3.05%", "2016-12-31": "3.05%", "2016-09-30": "2.98%", "2016-06-30": "2.96%", "2016-03-31": "2.92%", "2015-12-31": "2.98%", "2015-09-30": "2.71%", "2015-06-30": "2.95%", "2015-03-31": "3.00%", "2014-12-31": "3.00%", "2014-09-30": "3.32%", "2014-06-30": "3.10%", "2014-03-31": "2.90%", "2013-12-31": "2.73%", "2013-09-30": "2.98%", "2013-06-30": "3.02%", "2013-03-31": "3.21%", "2012-12-31": "3.48%", "2012-09-30": "3.28%", "2012-06-30": "3.46%", "2012-03-31": "3.69%", "2011-12-31": "3.78%", "2011-09-30": "3.87%", "2011-06-30": "3.87%", "2011-03-31": "3.79%", "2010-12-31": "3.62%", "2010-09-30": "3.14%", "2010-06-30": "2.47%", "2010-03-31": "1.79%", "2009-12-31": "1.29%", "2009-09-30": "-5.98%", "2009-06-30": "-5.17%", "2009-03-31": "-4.20%", "2008-12-31": "-3.56%", "2008-09-30": "3.16%", "2008-06-30": "3.36%", "2008-03-31": "3.46%", "2007-12-31": "3.70%", "2007-09-30": "3.65%", "2007-06-30": "3.75%", "2007-03-31": "3.86%", "2006-12-31": "3.82%", "2006-09-30": "3.88%", "2006-06-30": "3.85%", "2006-03-31": "3.65%", "2005-12-31": "3.45%"}, "net profit margin": {"2020-12-31": "2.04%", "2020-09-30": "1.67%", "2020-06-30": "1.41%", "2020-03-31": "-1.05%", "2019-12-31": "-0.71%", "2019-09-30": "-0.29%", "2019-06-30": "0.00%", "2019-03-31": "2.40%", "2018-12-31": "2.42%", "2018-09-30": "1.84%", "2018-06-30": "1.73%", "2018-03-31": "1.54%", "2017-12-31": "1.52%", "2017-09-30": "2.05%", "2017-06-30": "2.06%", "2017-03-31": "2.24%", "2016-12-31": "2.23%", "2016-09-30": "2.14%", "2016-06-30": "2.12%", "2016-03-31": "2.09%", "2015-12-31": "2.13%", "2015-09-30": "1.98%", "2015-06-30": "2.16%", "2015-03-31": "2.19%", "2014-12-31": "2.19%", "2014-09-30": "2.30%", "2014-06-30": "2.13%", "2014-03-31": "1.99%", "2013-12-31": "1.87%", "2013-09-30": "2.14%", "2013-06-30": "2.18%", "2013-03-31": "2.31%", "2012-12-31": "2.48%", "2012-09-30": "2.48%", "2012-06-30": "2.58%", "2012-03-31": "2.74%", "2011-12-31": "2.80%", "2011-09-30": "2.75%", "2011-06-30": "2.75%", "2011-03-31": "2.68%", "2010-12-31": "2.56%", "2010-09-30": "2.17%", "2010-06-30": "1.67%", "2010-03-31": "1.19%", "2009-12-31": "0.84%", "2009-09-30": "-5.57%", "2009-06-30": "-4.92%", "2009-03-31": "-4.17%", "2008-12-31": "-3.66%", "2008-09-30": "2.18%", "2008-06-30": "2.34%", "2008-03-31": "2.40%", "2007-12-31": "2.55%", "2007-09-30": "2.80%", "2007-06-30": "2.83%", "2007-03-31": "2.91%", "2006-12-31": "2.87%", "2006-09-30": "2.61%", "2006-06-30": "2.59%", "2006-03-31": "2.44%", "2005-12-31": "2.32%"}, "pe ratio": {"current": "12.86", "2021-02-05": "22.72", "2020-12-31": "22.01", "2020-09-30": "13.61", "2020-06-30": "14.46", "2020-03-31": "0.00", "2019-12-31": "0.00", "2019-09-30": "0.00", "2019-06-30": "0.00", "2019-03-31": "9.43", "2018-12-31": "8.51", "2018-09-30": "12.14", "2018-06-30": "13.49", "2018-03-31": "16.15", "2017-12-31": "17.99", "2017-09-30": "14.16", "2017-06-30": "14.36", "2017-03-31": "12.66", "2016-12-31": "12.55", "2016-09-30": "11.51", "2016-06-30": "11.40", "2016-03-31": "12.25", "2015-12-31": "10.40", "2015-09-30": "11.76", "2015-06-30": "11.12", "2015-03-31": "12.21", "2014-12-31": "11.62", "2014-09-30": "10.81", "2014-06-30": "13.13", "2014-03-31": "14.17", "2013-12-31": "14.09", "2013-09-30": "11.69", "2013-06-30": "9.63", "2013-03-31": "9.45", "2012-12-31": "8.31", "2012-09-30": "7.51", "2012-06-30": "6.98", "2012-03-31": "8.38", "2011-12-31": "7.24", "2011-09-30": "5.58", "2011-06-30": "8.59", "2011-03-31": "9.39", "2010-12-31": "8.54", "2010-09-30": "8.38", "2010-06-30": "9.76", "2010-03-31": "19.95", "2009-12-31": "29.03", "2009-09-30": "32.73", "2009-06-30": "15.28", "2009-03-31": "9.53", "2008-12-31": "7.63", "2008-09-30": "8.65", "2008-06-30": "9.63", "2008-03-31": "10.55", "2007-12-31": "12.01", "2007-09-30": "12.54", "2007-06-30": "11.65", "2007-03-31": "11.54", "2006-12-31": "9.98"}, "price sales": {"2021-02-05": "0.28", "2020-12-31": "0.27", "2020-09-30": "0.23", "2020-06-30": "0.21", "2020-03-31": "0.15", "2019-12-31": "0.25", "2019-09-30": "0.22", "2019-06-30": "0.21", "2019-03-31": "0.23", "2018-12-31": "0.21", "2018-09-30": "0.22", "2018-06-30": "0.23", "2018-03-31": "0.25", "2017-12-31": "0.27", "2017-09-30": "0.29", "2017-06-30": "0.30", "2017-03-31": "0.28", "2016-12-31": "0.28", "2016-09-30": "0.25", "2016-06-30": "0.24", "2016-03-31": "0.26", "2015-12-31": "0.22", "2015-09-30": "0.23", "2015-06-30": "0.24", "2015-03-31": "0.27", "2014-12-31": "0.26", "2014-09-30": "0.25", "2014-06-30": "0.28", "2014-03-31": "0.28", "2013-12-31": "0.26", "2013-09-30": "0.25", "2013-06-30": "0.21", "2013-03-31": "0.22", "2012-12-31": "0.21", "2012-09-30": "0.19", "2012-06-30": "0.18", "2012-03-31": "0.23", "2011-12-31": "0.20", "2011-09-30": "0.15", "2011-06-30": "0.24", "2011-03-31": "0.25", "2010-12-31": "0.22", "2010-09-30": "0.18", "2010-06-30": "0.16", "2010-03-31": "0.23", "2009-12-31": "0.24", "2009-09-30": "0.23", "2009-06-30": "0.17", "2009-03-31": "0.14", "2008-12-31": "0.14", "2008-09-30": "0.19", "2008-06-30": "0.23", "2008-03-31": "0.25", "2007-12-31": "0.31", "2007-09-30": "0.35", "2007-06-30": "0.33", "2007-03-31": "0.34", "2006-12-31": "0.29"}, "price book": {"current": "1.47", "2021-02-05": "1.57", "2020-09-30": "1.23", "2020-06-30": "1.12", "2020-03-31": "0.88", "2019-12-31": "1.40", "2019-09-30": "1.29", "2019-06-30": "1.23", "2019-03-31": "1.19", "2018-12-31": "1.09", "2018-09-30": "1.21", "2018-06-30": "1.27", "2018-03-31": "1.31", "2017-12-31": "1.41", "2017-09-30": "1.44", "2017-06-30": "1.46", "2017-03-31": "1.43", "2016-12-31": "1.42", "2016-09-30": "1.28", "2016-06-30": "1.27", "2016-03-31": "1.35", "2015-12-31": "1.17", "2015-09-30": "1.23", "2015-06-30": "1.26", "2015-03-31": "1.46", "2014-12-31": "1.33", "2014-09-30": "1.28", "2014-06-30": "1.39", "2014-03-31": "1.40", "2013-12-31": "1.30", "2013-09-30": "1.21", "2013-06-30": "1.04", "2013-03-31": "1.09", "2012-12-31": "1.01", "2012-09-30": "0.95", "2012-06-30": "0.96", "2012-03-31": "1.23", "2011-12-31": "1.14", "2011-09-30": "0.88", "2011-06-30": "1.31", "2011-03-31": "1.39", "2010-12-31": "1.21", "2010-09-30": "0.99", "2010-06-30": "0.90", "2010-03-31": "1.23", "2009-12-31": "1.22", "2009-09-30": "1.18", "2009-06-30": "0.92", "2009-03-31": "0.85", "2008-12-31": "0.84", "2008-09-30": "0.85", "2008-06-30": "0.97", "2008-03-31": "1.10", "2007-12-31": "1.36", "2007-09-30": "1.53", "2007-06-30": "1.46", "2007-03-31": "1.49", "2006-12-31": "1.29", "2006-09-30": "1.20", "2006-06-30": "1.45", "2006-03-31": "1.55"}, "price fcf": {"2021-02-05": "", "2020-09-30": "$19.26", "2020-06-30": "$19.04", "2020-03-31": "$18.17", "2019-12-31": "$8.55", "2019-09-30": "$5.69", "2019-06-30": "$7.77", "2019-03-31": "$-1.36", "2018-12-31": "$1.61", "2018-09-30": "$-0.31", "2018-06-30": "$-4.49", "2018-03-31": "$-1.02", "2017-12-31": "$-0.61", "2017-09-30": "$0.58", "2017-06-30": "$-0.51", "2017-03-31": "$2.18", "2016-12-31": "$2.12", "2016-09-30": "$5.49", "2016-06-30": "$4.05", "2016-03-31": "$7.23", "2015-12-31": "$5.32", "2015-09-30": "$4.20", "2015-06-30": "$4.87", "2015-03-31": "$1.80", "2014-12-31": "$5.51", "2014-09-30": "$3.03", "2014-06-30": "$4.46", "2014-03-31": "$6.04", "2013-12-31": "$3.23", "2013-09-30": "$2.80", "2013-06-30": "$3.70", "2013-03-31": "$1.16", "2012-12-31": "$5.07", "2012-09-30": "$4.80", "2012-06-30": "$4.14", "2012-03-31": "$3.74", "2011-12-31": "$0.06", "2011-09-30": "$2.66", "2011-06-30": "$1.44", "2011-03-31": "$1.85", "2010-12-31": "$1.05", "2010-09-30": "$-1.11", "2010-06-30": "$0.06", "2010-03-31": "$1.96", "2009-12-31": "$6.05", "2009-09-30": "$6.46", "2009-06-30": "$7.09", "2009-03-31": "$5.36", "2008-12-31": "$3.82", "2008-09-30": "$3.40", "2008-06-30": "$3.13", "2008-03-31": "$5.05", "2007-12-31": "$5.72", "2007-09-30": "$6.39", "2007-06-30": "$4.92", "2007-03-31": "$1.55", "2006-12-31": "$0.44"}, "net worth": {"value": "$7.59B"}, "current ratio": {"2020-12-31": "1.44", "2020-09-30": "1.47", "2020-06-30": "1.45", "2020-03-31": "1.46", "2019-12-31": "1.52", "2019-09-30": "1.61", "2019-06-30": "1.64", "2019-03-31": "1.74", "2018-12-31": "1.55", "2018-09-30": "1.62", "2018-06-30": "1.69", "2018-03-31": "1.69", "2017-12-31": "1.56", "2017-09-30": "1.58", "2017-06-30": "1.59", "2017-03-31": "1.57", "2016-12-31": "1.54", "2016-09-30": "1.66", "2016-06-30": "1.66", "2016-03-31": "1.71", "2015-12-31": "1.52", "2015-09-30": "1.77", "2015-06-30": "1.67", "2015-03-31": "1.80", "2014-12-31": "1.55", "2014-09-30": "1.75", "2014-06-30": "1.68", "2014-03-31": "1.74", "2013-12-31": "1.62", "2013-09-30": "1.78", "2013-06-30": "1.75", "2013-03-31": "1.86", "2012-12-31": "1.57", "2012-09-30": "1.56", "2012-06-30": "1.72", "2012-03-31": "1.89", "2011-12-31": "1.77", "2011-09-30": "1.65", "2011-06-30": "1.59", "2011-03-31": "1.61", "2010-12-31": "1.63", "2010-09-30": "1.71", "2010-06-30": "1.66", "2010-03-31": "1.84", "2009-12-31": "1.75", "2009-09-30": "1.91", "2009-06-30": "1.94", "2009-03-31": "2.00", "2008-12-31": "1.80", "2008-09-30": "1.82", "2008-06-30": "1.84", "2008-03-31": "1.97", "2007-12-31": "1.87", "2007-09-30": "1.89", "2007-06-30": "1.90", "2007-03-31": "2.05", "2006-12-31": "1.99", "2006-09-30": "2.00", "2006-06-30": "1.85", "2006-03-31": "1.86", "2005-12-31": "1.94", "2005-09-30": "2.14", "2005-06-30": "2.02", "2005-03-31": "2.02"}, "quick ratio": {"2020-12-31": "1.08", "2020-09-30": "1.06", "2020-06-30": "1.03", "2020-03-31": "1.04", "2019-12-31": "1.10", "2019-09-30": "1.13", "2019-06-30": "1.15", "2019-03-31": "1.21", "2018-12-31": "1.11", "2018-09-30": "1.15", "2018-06-30": "1.18", "2018-03-31": "1.18", "2017-12-31": "1.15", "2017-09-30": "1.13", "2017-06-30": "1.12", "2017-03-31": "1.09", "2016-12-31": "1.12", "2016-09-30": "1.19", "2016-06-30": "1.20", "2016-03-31": "1.22", "2015-12-31": "1.11", "2015-09-30": "1.23", "2015-06-30": "1.16", "2015-03-31": "1.27", "2014-12-31": "1.15", "2014-09-30": "1.25", "2014-06-30": "1.20", "2014-03-31": "1.26", "2013-12-31": "1.21", "2013-09-30": "1.25", "2013-06-30": "1.25", "2013-03-31": "1.33", "2012-12-31": "1.15", "2012-09-30": "1.10", "2012-06-30": "1.21", "2012-03-31": "1.36", "2011-12-31": "1.28", "2011-09-30": "1.14", "2011-06-30": "1.10", "2011-03-31": "1.12", "2010-12-31": "1.19", "2010-09-30": "1.16", "2010-06-30": "1.16", "2010-03-31": "1.35", "2009-12-31": "1.33", "2009-09-30": "1.44", "2009-06-30": "1.41", "2009-03-31": "1.38", "2008-12-31": "1.25", "2008-09-30": "1.21", "2008-06-30": "1.23", "2008-03-31": "1.32", "2007-12-31": "1.31", "2007-09-30": "1.30", "2007-06-30": "1.30", "2007-03-31": "1.33", "2006-12-31": "1.30", "2006-09-30": "1.30", "2006-06-30": "1.17", "2006-03-31": "1.19", "2005-12-31": "1.30", "2005-09-30": "1.44", "2005-06-30": "1.37", "2005-03-31": "1.33"}, "debt equity ratio": {"current": "0.41", "2020-12-31": "2.31", "2020-09-30": "2.20", "2020-06-30": "2.29", "2020-03-31": "2.31", "2019-12-31": "2.37", "2019-09-30": "2.31", "2019-06-30": "2.32", "2019-03-31": "2.06", "2018-12-31": "2.31", "2018-09-30": "2.20", "2018-06-30": "2.24", "2018-03-31": "2.13", "2017-12-31": "2.29", "2017-09-30": "2.06", "2017-06-30": "1.99", "2017-03-31": "1.95", "2016-12-31": "2.18", "2016-09-30": "1.93", "2016-06-30": "1.91", "2016-03-31": "1.82", "2015-12-31": "2.10", "2015-09-30": "1.85", "2015-06-30": "1.90", "2015-03-31": "1.77", "2014-12-31": "1.99", "2014-09-30": "1.66", "2014-06-30": "1.68", "2014-03-31": "1.61", "2013-12-31": "1.88", "2013-09-30": "1.57", "2013-06-30": "1.75", "2013-03-31": "1.65", "2012-12-31": "1.71", "2012-09-30": "1.66", "2012-06-30": "1.70", "2012-03-31": "1.66", "2011-12-31": "1.67", "2011-09-30": "1.79", "2011-06-30": "1.77", "2011-03-31": "1.76", "2010-12-31": "1.95", "2010-09-30": "1.77", "2010-06-30": "1.73", "2010-03-31": "1.53", "2009-12-31": "1.66", "2009-09-30": "1.52", "2009-06-30": "1.46", "2009-03-31": "1.43", "2008-12-31": "1.66", "2008-09-30": "1.19", "2008-06-30": "1.26", "2008-03-31": "1.14", "2007-12-31": "1.27", "2007-09-30": "1.24", "2007-06-30": "1.27", "2007-03-31": "1.26", "2006-12-31": "1.23", "2006-09-30": "1.25", "2006-06-30": "1.42", "2006-03-31": "1.43", "2005-12-31": "1.55", "2005-09-30": "1.45", "2005-06-30": "1.57", "2005-03-31": "1.55"}, "return on equity": {"2020-12-31": "12.07%", "2020-09-30": "9.65%", "2020-06-30": "8.14%", "2020-03-31": "-6.18%", "2019-12-31": "-4.09%", "2019-09-30": "-1.66%", "2019-06-30": "0.00%", "2019-03-31": "13.47%", "2018-12-31": "13.66%", "2018-09-30": "10.48%", "2018-06-30": "9.82%", "2018-03-31": "8.62%", "2017-12-31": "8.38%", "2017-09-30": "11.00%", "2017-06-30": "10.91%", "2017-03-31": "11.85%", "2016-12-31": "11.77%", "2016-09-30": "11.80%", "2016-06-30": "11.77%", "2016-03-31": "11.72%", "2015-12-31": "11.97%", "2015-09-30": "10.98%", "2015-06-30": "11.87%", "2015-03-31": "11.88%", "2014-12-31": "11.76%", "2014-09-30": "12.19%", "2014-06-30": "11.15%", "2014-03-31": "10.55%", "2013-12-31": "10.03%", "2013-09-30": "11.17%", "2013-06-30": "11.52%", "2013-03-31": "12.22%", "2012-12-31": "13.24%", "2012-09-30": "13.49%", "2012-06-30": "14.49%", "2012-03-31": "15.72%", "2011-12-31": "16.71%", "2011-09-30": "16.76%", "2011-06-30": "16.87%", "2011-03-31": "16.55%", "2010-12-31": "15.66%", "2010-09-30": "12.91%", "2010-06-30": "9.59%", "2010-03-31": "6.42%", "2009-12-31": "4.43%", "2009-09-30": "-29.61%", "2009-06-30": "-25.35%", "2009-03-31": "-21.00%", "2008-12-31": "-17.64%", "2008-09-30": "10.05%", "2008-06-30": "10.85%", "2008-03-31": "11.34%", "2007-12-31": "12.18%", "2007-09-30": "13.18%", "2007-06-30": "13.47%", "2007-03-31": "13.90%", "2006-12-31": "14.17%", "2006-09-30": "13.13%", "2006-06-30": "12.91%", "2006-03-31": "12.15%", "2005-12-31": "11.49%"}, "return on assets": {"2020-12-31": "3.68%", "2020-09-30": "2.93%", "2020-06-30": "2.45%", "2020-03-31": "-1.86%", "2019-12-31": "-1.26%", "2019-09-30": "-0.51%", "2019-06-30": "0.00%", "2019-03-31": "4.21%", "2018-12-31": "4.24%", "2018-09-30": "3.26%", "2018-06-30": "3.09%", "2018-03-31": "2.76%", "2017-12-31": "2.73%", "2017-09-30": "3.61%", "2017-06-30": "3.62%", "2017-03-31": "3.96%", "2016-12-31": "3.97%", "2016-09-30": "4.01%", "2016-06-30": "4.03%", "2016-03-31": "4.02%", "2015-12-31": "4.12%", "2015-09-30": "3.82%", "2015-06-30": "4.20%", "2015-03-31": "4.28%", "2014-12-31": "4.30%", "2014-09-30": "4.50%", "2014-06-30": "4.15%", "2014-03-31": "3.90%", "2013-12-31": "3.70%", "2013-09-30": "4.19%", "2013-06-30": "4.28%", "2013-03-31": "4.57%", "2012-12-31": "4.94%", "2012-09-30": "5.05%", "2012-06-30": "5.36%", "2012-03-31": "5.77%", "2011-12-31": "6.08%", "2011-09-30": "5.95%", "2011-06-30": "6.00%", "2011-03-31": "5.90%", "2010-12-31": "5.69%", "2010-09-30": "4.83%", "2010-06-30": "3.67%", "2010-03-31": "2.52%", "2009-12-31": "1.76%", "2009-09-30": "-11.77%", "2009-06-30": "-10.51%", "2009-03-31": "-8.91%", "2008-12-31": "-7.72%", "2008-09-30": "4.54%", "2008-06-30": "4.87%", "2008-03-31": "5.09%", "2007-12-31": "5.40%", "2007-09-30": "5.86%", "2007-06-30": "5.98%", "2007-03-31": "6.08%", "2006-12-31": "6.09%", "2006-09-30": "5.46%", "2006-06-30": "5.25%", "2006-03-31": "4.87%", "2005-12-31": "4.55%"}, "return on investments": {"2020-12-31": "12.82%", "2020-09-30": "11.52%", "2020-06-30": "10.32%", "2020-03-31": "0.00%", "2019-12-31": "1.34%", "2019-09-30": "2.45%", "2019-06-30": "3.74%", "2019-03-31": "13.15%", "2018-12-31": "13.18%", "2018-09-30": "12.89%", "2018-06-30": "12.59%", "2018-03-31": "12.45%", "2017-12-31": "12.57%", "2017-09-30": "12.71%", "2017-06-30": "12.45%", "2017-03-31": "12.51%", "2016-12-31": "12.34%", "2016-09-30": "12.32%", "2016-06-30": "12.23%", "2016-03-31": "12.14%", "2015-12-31": "12.33%", "2015-09-30": "11.31%", "2015-06-30": "11.74%", "2015-03-31": "11.90%", "2014-12-31": "11.97%", "2014-09-30": "12.83%", "2014-06-30": "12.51%", "2014-03-31": "11.92%", "2013-12-31": "11.39%", "2013-09-30": "12.26%", "2013-06-30": "12.59%", "2013-03-31": "13.29%", "2012-12-31": "14.18%", "2012-09-30": "13.60%", "2012-06-30": "14.41%", "2012-03-31": "15.79%", "2011-12-31": "17.17%", "2011-09-30": "17.66%", "2011-06-30": "17.68%", "2011-03-31": "17.37%", "2010-12-31": "16.53%", "2010-09-30": "14.61%", "2010-06-30": "11.82%", "2010-03-31": "8.63%", "2009-12-31": "6.73%", "2009-09-30": "-19.57%", "2009-06-30": "-16.56%", "2009-03-31": "-12.91%", "2008-12-31": "-10.38%", "2008-09-30": "12.78%", "2008-06-30": "13.49%", "2008-03-31": "14.18%", "2007-12-31": "15.04%", "2007-09-30": "14.51%", "2007-06-30": "15.13%", "2007-03-31": "15.61%", "2006-12-31": "16.28%", "2006-09-30": "16.63%", "2006-06-30": "16.04%", "2006-03-31": "15.15%", "2005-12-31": "14.09%"}, "return on tangible equity": {"2020-09-30": "18.73%", "2020-06-30": "15.88%", "2020-03-31": "-12.08%", "2019-12-31": "-8.22%", "2019-09-30": "-3.48%", "2019-06-30": "0.00%", "2019-03-31": "30.68%", "2018-12-31": "31.97%", "2018-09-30": "24.45%", "2018-06-30": "22.98%", "2018-03-31": "20.16%", "2017-12-31": "19.65%", "2017-09-30": "26.71%", "2017-06-30": "27.54%", "2017-03-31": "30.80%", "2016-12-31": "31.52%", "2016-09-30": "32.57%", "2016-06-30": "33.32%", "2016-03-31": "34.06%", "2015-12-31": "33.94%", "2015-09-30": "29.48%", "2015-06-30": "30.36%", "2015-03-31": "28.86%", "2014-12-31": "28.35%", "2014-09-30": "29.58%", "2014-06-30": "26.14%", "2014-03-31": "24.29%", "2013-12-31": "22.37%", "2013-09-30": "24.13%", "2013-06-30": "25.35%", "2013-03-31": "26.89%", "2012-12-31": "29.06%", "2012-09-30": "29.22%", "2012-06-30": "29.15%", "2012-03-31": "29.35%", "2011-12-31": "29.31%", "2011-09-30": "29.26%", "2011-06-30": "29.26%", "2011-03-31": "28.27%", "2010-12-31": "25.86%", "2010-09-30": "19.71%", "2010-06-30": "14.19%", "2010-03-31": "9.41%", "2009-12-31": "6.56%", "2009-09-30": "-44.21%", "2009-06-30": "-41.98%", "2009-03-31": "-38.31%", "2008-12-31": "-34.01%", "2008-09-30": "20.60%", "2008-06-30": "22.10%", "2008-03-31": "23.01%", "2007-12-31": "25.53%", "2007-09-30": "26.51%", "2007-06-30": "25.60%", "2007-03-31": "25.02%", "2006-12-31": "24.13%", "2006-09-30": "22.65%", "2006-06-30": "22.37%", "2006-03-31": "21.15%", "2005-12-31": "20.05%"}, "dividend yield history": {"last payout": "$0.00", "last yield": "0.00%"}}