{"ticker": "AJG", "price": {"title": "Arthur J Gallagher Historical Annual Stock Price Data", "value": 118.4, "historical": {"2021": {"Average Stock Price": "117.8846", "Year Open": "120.2400", "Year High": "122.3300", "Year Low": "113.1100", "Year Close": "118.4000", "Annual % Change": "-4.29%"}, "2020": {"Average Stock Price": "100.5626", "Year Open": "95.5100", "Year High": "128.1900", "Year Low": "68.2400", "Year Close": "123.7100", "Annual % Change": "29.91%"}, "2019": {"Average Stock Price": "85.5987", "Year Open": "71.8900", "Year High": "95.6700", "Year Low": "70.5400", "Year Close": "95.2300", "Annual % Change": "29.21%"}, "2018": {"Average Stock Price": "70.3966", "Year Open": "62.1700", "Year High": "78.3800", "Year Low": "62.1700", "Year Close": "73.7000", "Annual % Change": "16.47%"}, "2017": {"Average Stock Price": "58.5995", "Year Open": "52.2400", "Year High": "66.9600", "Year Low": "52.2400", "Year Close": "63.2800", "Annual % Change": "21.79%"}, "2016": {"Average Stock Price": "46.5545", "Year Open": "40.2000", "Year High": "52.1200", "Year Low": "36.2400", "Year Close": "51.9600", "Annual % Change": "26.92%"}, "2015": {"Average Stock Price": "45.7704", "Year Open": "46.9800", "Year High": "49.5000", "Year Low": "40.0800", "Year Close": "40.9400", "Annual % Change": "-13.04%"}, "2014": {"Average Stock Price": "46.2838", "Year Open": "46.1500", "Year High": "49.3900", "Year Low": "43.5900", "Year Close": "47.0800", "Annual % Change": "0.32%"}, "2013": {"Average Stock Price": "42.9343", "Year Open": "35.5000", "Year High": "48.1100", "Year Low": "35.2500", "Year Close": "46.9300", "Annual % Change": "35.44%"}, "2012": {"Average Stock Price": "35.3932", "Year Open": "33.2900", "Year High": "37.7300", "Year Low": "32.7600", "Year Close": "34.6500", "Annual % Change": "3.62%"}, "2011": {"Average Stock Price": "29.2783", "Year Open": "29.4500", "Year High": "33.8200", "Year Low": "24.5100", "Year Close": "33.4400", "Annual % Change": "14.99%"}, "2010": {"Average Stock Price": "25.6307", "Year Open": "22.3300", "Year High": "29.6500", "Year Low": "22.0000", "Year Close": "29.0800", "Annual % Change": "29.19%"}, "2009": {"Average Stock Price": "21.5589", "Year Open": "25.7800", "Year High": "25.8000", "Year Low": "15.0400", "Year Close": "22.5100", "Annual % Change": "-13.12%"}, "2008": {"Average Stock Price": "24.8906", "Year Open": "23.7200", "Year High": "28.5400", "Year Low": "22.1000", "Year Close": "25.9100", "Annual % Change": "7.11%"}, "2007": {"Average Stock Price": "28.2486", "Year Open": "29.6200", "Year High": "31.0800", "Year Low": "24.1900", "Year Close": "24.1900", "Annual % Change": "-18.14%"}, "2006": {"Average Stock Price": "27.8121", "Year Open": "31.3400", "Year High": "31.7600", "Year Low": "24.5600", "Year Close": "29.5500", "Annual % Change": "-4.31%"}, "2005": {"Average Stock Price": "28.9124", "Year Open": "32.6800", "Year High": "32.6800", "Year Low": "26.5000", "Year Close": "30.8800", "Annual % Change": "-4.98%"}, "2004": {"Average Stock Price": "31.5675", "Year Open": "31.9500", "Year High": "33.9600", "Year Low": "27.0600", "Year Close": "32.5000", "Annual % Change": "0.03%"}, "2003": {"Average Stock Price": "27.3540", "Year Open": "29.6300", "Year High": "32.6500", "Year Low": "23.4500", "Year Close": "32.4900", "Annual % Change": "10.59%"}, "2002": {"Average Stock Price": "30.9356", "Year Open": "33.9400", "Year High": "36.8600", "Year Low": "22.1000", "Year Close": "29.3800", "Annual % Change": "-14.82%"}, "2001": {"Average Stock Price": "29.3110", "Year Open": "31.4400", "Year High": "38.3000", "Year Low": "22.0000", "Year Close": "34.4900", "Annual % Change": "8.41%"}, "2000": {"Average Stock Price": "21.5921", "Year Open": "15.9075", "Year High": "33.6550", "Year Low": "11.7500", "Year Close": "31.8150", "Annual % Change": "96.54%"}, "1999": {"Average Stock Price": "12.6321", "Year Open": "11.1100", "Year High": "16.1875", "Year Low": "10.5950", "Year Close": "16.1875", "Annual % Change": "46.73%"}, "1998": {"Average Stock Price": "10.4350", "Year Open": "8.5475", "Year High": "11.5950", "Year Low": "8.4375", "Year Close": "11.0325", "Annual % Change": "28.14%"}, "1997": {"Average Stock Price": "8.4806", "Year Open": "7.5000", "Year High": "9.5625", "Year Low": "7.4700", "Year Close": "8.6100", "Annual % Change": "11.10%"}, "1996": {"Average Stock Price": "8.4072", "Year Open": "9.2800", "Year High": "9.8125", "Year Low": "7.3125", "Year Close": "7.7500", "Annual % Change": "-16.78%"}, "1995": {"Average Stock Price": "8.8067", "Year Open": "7.9075", "Year High": "9.5000", "Year Low": "7.5325", "Year Close": "9.3125", "Annual % Change": "16.41%"}, "1994": {"Average Stock Price": "7.8937", "Year Open": "9.0625", "Year High": "9.0625", "Year Low": "7.0950", "Year Close": "8.0000", "Annual % Change": "-11.72%"}, "1993": {"Average Stock Price": "8.2121", "Year Open": "6.9375", "Year High": "9.2825", "Year Low": "6.3750", "Year Close": "9.0625", "Annual % Change": "28.32%"}, "1992": {"Average Stock Price": "6.2461", "Year Open": "5.5950", "Year High": "7.2825", "Year Low": "5.3125", "Year Close": "7.0625", "Annual % Change": "26.23%"}, "1991": {"Average Stock Price": "5.6493", "Year Open": "5.6575", "Year High": "7.0950", "Year Low": "4.7500", "Year Close": "5.5950", "Annual % Change": "-3.74%"}, "1990": {"Average Stock Price": "5.6100", "Year Open": "6.1875", "Year High": "6.2200", "Year Low": "4.9375", "Year Close": "5.8125", "Annual % Change": "-5.56%"}, "1989": {"Average Stock Price": "5.2165", "Year Open": "4.2500", "Year High": "6.5300", "Year Low": "4.0625", "Year Close": "6.1550", "Annual % Change": "46.99%"}, "1988": {"Average Stock Price": "4.1494", "Year Open": "4.3750", "Year High": "4.7175", "Year Low": "3.4700", "Year Close": "4.1875", "Annual % Change": "-3.57%"}, "1987": {"Average Stock Price": "5.4069", "Year Open": "6.5625", "Year High": "7.7500", "Year Low": "3.8450", "Year Close": "4.3425", "Annual % Change": "-33.83%"}, "1986": {"Average Stock Price": "5.0702", "Year Open": "3.0150", "Year High": "8.2500", "Year Low": "2.8125", "Year Close": "6.5625", "Annual % Change": "117.66%"}, "1985": {"Average Stock Price": "2.4892", "Year Open": "1.8600", "Year High": "3.0625", "Year Low": "1.8438", "Year Close": "3.0150", "Annual % Change": "62.10%"}}}, "market cap": {"value": "$22.77B"}, "income statement": {"Revenue": {"2020-12-31": "7003.60000", "2019-12-31": "7195.00000", "2018-12-31": "6934.00000", "2017-12-31": "6249.00000", "2016-12-31": "5680.50000", "2015-12-31": "5392.40000", "2014-12-31": "4626.50000", "2013-12-31": "3179.60000", "2012-12-31": "2520.30000", "2011-12-31": "2134.70000", "2010-12-31": "1864.20000", "2009-12-31": "1729.30000", "2008-12-31": "1645.00000", "2007-12-31": "1623.30000", "2006-12-31": "1470.10000", "2005-12-31": "1428.90000"}, "Cost Of Goods Sold": {"2020-12-31": "4348.60000", "2019-12-31": "4692.30000", "2018-12-31": "4842.30000", "2017-12-31": "4383.30000", "2016-12-31": "3945.80000", "2015-12-31": "3780.40000", "2014-12-31": "3226.50000", "2013-12-31": "2122.30000", "2012-12-31": "1605.00000", "2011-12-31": "1358.10000", "2010-12-31": "1181.50000", "2009-12-31": "1068.70000", "2008-12-31": "996.70000", "2007-12-31": "911.60000", "2006-12-31": "838.70000", "2005-12-31": "750.60000"}, "Gross Profit": {"2020-12-31": "2655.00000", "2019-12-31": "2502.70000", "2018-12-31": "2091.70000", "2017-12-31": "1865.70000", "2016-12-31": "1734.70000", "2015-12-31": "1612.00000", "2014-12-31": "1400.00000", "2013-12-31": "1057.30000", "2012-12-31": "915.30000", "2011-12-31": "776.60000", "2010-12-31": "682.70000", "2009-12-31": "660.60010", "2008-12-31": "648.30000", "2007-12-31": "711.70010", "2006-12-31": "631.40000", "2005-12-31": "678.30000"}, "Research And Development Expenses": {"2020-12-31": "", "2019-12-31": "", "2018-12-31": "", "2017-12-31": "", "2016-12-31": "", "2015-12-31": "", "2014-12-31": "", "2013-12-31": "", "2012-12-31": "", "2011-12-31": "", "2010-12-31": "", "2009-12-31": "", "2008-12-31": "", "2007-12-31": "", "2006-12-31": "", "2005-12-31": ""}, "SG&A Expenses": {"2020-12-31": "", "2019-12-31": "", "2018-12-31": "", "2017-12-31": "", "2016-12-31": "", "2015-12-31": "", "2014-12-31": "", "2013-12-31": "", "2012-12-31": "", "2011-12-31": "", "2010-12-31": "", "2009-12-31": "", "2008-12-31": "", "2007-12-31": "", "2006-12-31": "", "2005-12-31": ""}, "Other Operating Income Or Expenses": {"2020-12-31": "-1058.20000", "2019-12-31": "-1207.10000", "2018-12-31": "-1045.30000", "2017-12-31": "-965.10000", "2016-12-31": "-908.40000", "2015-12-31": "-840.70000", "2014-12-31": "-743.10000", "2013-12-31": "-535.90000", "2012-12-31": "-483.20000", "2011-12-31": "-419.00000", "2010-12-31": "-354.60000", "2009-12-31": "-331.30000", "2008-12-31": "-382.40000", "2007-12-31": "-342.00000", "2006-12-31": "-312.60000", "2005-12-31": "-294.90000"}, "Operating Expenses": {"2020-12-31": "5969.20000", "2019-12-31": "6389.10000", "2018-12-31": "6316.20000", "2017-12-31": "5765.10000", "2016-12-31": "5237.10000", "2015-12-31": "4995.90000", "2014-12-31": "4246.00000", "2013-12-31": "2838.50000", "2012-12-31": "2232.00000", "2011-12-31": "1886.10000", "2010-12-31": "1626.60000", "2009-12-31": "1489.70000", "2008-12-31": "1452.80000", "2007-12-31": "1312.20000", "2006-12-31": "1203.40000", "2005-12-31": "1094.90000"}, "Operating Income": {"2020-12-31": "1034.40000", "2019-12-31": "805.90040", "2018-12-31": "617.79980", "2017-12-31": "483.90040", "2016-12-31": "443.39990", "2015-12-31": "396.49950", "2014-12-31": "380.50000", "2013-12-31": "341.10010", "2012-12-31": "288.30000", "2011-12-31": "248.60000", "2010-12-31": "237.60000", "2009-12-31": "239.60010", "2008-12-31": "192.20000", "2007-12-31": "311.10010", "2006-12-31": "266.70000", "2005-12-31": "334.00000"}, "Total Non-Operating Income/Expense": {"2020-12-31": "-163.50000", "2019-12-31": "-179.80000", "2018-12-31": "-138.40000", "2017-12-31": "-124.10000", "2016-12-31": "-109.80000", "2015-12-31": "-103.00000", "2014-12-31": "-89.00000", "2013-12-31": "-50.10000", "2012-12-31": "-43.00000", "2011-12-31": "-40.80000", "2010-12-31": "-34.60000", "2009-12-31": "-28.50000", "2008-12-31": "-28.60000", "2007-12-31": "-111.00000", "2006-12-31": "-112.20000", "2005-12-31": "-321.10000"}, "Pre-Tax Income": {"2020-12-31": "870.90000", "2019-12-31": "626.10000", "2018-12-31": "479.40000", "2017-12-31": "359.80000", "2016-12-31": "333.60000", "2015-12-31": "293.50000", "2014-12-31": "291.50000", "2013-12-31": "291.00000", "2012-12-31": "245.30000", "2011-12-31": "207.80000", "2010-12-31": "203.00000", "2009-12-31": "211.10000", "2008-12-31": "163.60000", "2007-12-31": "200.10000", "2006-12-31": "154.50000", "2005-12-31": "12.90000"}, "Income Taxes": {"2020-12-31": "12.80000", "2019-12-31": "-89.70000", "2018-12-31": "-196.50000", "2017-12-31": "-157.10000", "2016-12-31": "-96.70000", "2015-12-31": "-95.60000", "2014-12-31": "-36.00000", "2013-12-31": "6.40000", "2012-12-31": "50.30000", "2011-12-31": "63.70000", "2010-12-31": "39.70000", "2009-12-31": "78.00000", "2008-12-31": "52.20000", "2007-12-31": "45.50000", "2006-12-31": "26.10000", "2005-12-31": "-26.20000"}, "Income After Taxes": {"2020-12-31": "858.10000", "2019-12-31": "715.80000", "2018-12-31": "675.90000", "2017-12-31": "516.90000", "2016-12-31": "430.30000", "2015-12-31": "389.10000", "2014-12-31": "327.50000", "2013-12-31": "284.60000", "2012-12-31": "195.00000", "2011-12-31": "144.10000", "2010-12-31": "163.30000", "2009-12-31": "133.10000", "2008-12-31": "111.40000", "2007-12-31": "154.60000", "2006-12-31": "128.40000", "2005-12-31": "39.10000"}, "Other Income": {"2020-12-31": "", "2019-12-31": "", "2018-12-31": "", "2017-12-31": "", "2016-12-31": "", "2015-12-31": "", "2014-12-31": "", "2013-12-31": "", "2012-12-31": "", "2011-12-31": "", "2010-12-31": "", "2009-12-31": "", "2008-12-31": "", "2007-12-31": "", "2006-12-31": "", "2005-12-31": ""}, "Income From Continuous Operations": {"2020-12-31": "858.10000", "2019-12-31": "715.80000", "2018-12-31": "675.90000", "2017-12-31": "516.90000", "2016-12-31": "430.30000", "2015-12-31": "389.10000", "2014-12-31": "327.50000", "2013-12-31": "284.60000", "2012-12-31": "195.00000", "2011-12-31": "144.10000", "2010-12-31": "163.30000", "2009-12-31": "133.10000", "2008-12-31": "111.40000", "2007-12-31": "154.60000", "2006-12-31": "128.40000", "2005-12-31": "39.10000"}, "Income From Discontinued Operations": {"2020-12-31": "", "2019-12-31": "", "2018-12-31": "", "2017-12-31": "", "2016-12-31": "", "2015-12-31": "", "2014-12-31": "", "2013-12-31": "", "2012-12-31": "", "2011-12-31": "", "2010-12-31": "10.80000", "2009-12-31": "-4.50000", "2008-12-31": "-34.10000", "2007-12-31": "-15.80000", "2006-12-31": "0.10000", "2005-12-31": "-8.30000"}, "Net Income": {"2020-12-31": "818.80000", "2019-12-31": "668.80000", "2018-12-31": "633.50000", "2017-12-31": "481.30000", "2016-12-31": "396.80000", "2015-12-31": "356.80000", "2014-12-31": "303.40000", "2013-12-31": "268.60000", "2012-12-31": "195.00000", "2011-12-31": "144.10000", "2010-12-31": "174.10000", "2009-12-31": "128.60000", "2008-12-31": "77.30000", "2007-12-31": "138.80000", "2006-12-31": "128.50000", "2005-12-31": "30.80000"}, "EBITDA": {"2020-12-31": "1034.40000", "2019-12-31": "1280.30000", "2018-12-31": "1036.80000", "2017-12-31": "869.70040", "2016-12-31": "794.19990", "2015-12-31": "730.69950", "2014-12-31": "639.40000", "2013-12-31": "519.70010", "2012-12-31": "428.70000", "2011-12-31": "363.80000", "2010-12-31": "330.70000", "2009-12-31": "325.20010", "2008-12-31": "279.59990", "2007-12-31": "382.70010", "2006-12-31": "323.09990", "2005-12-31": "388.10000"}, "EBIT": {"2020-12-31": "1034.40000", "2019-12-31": "805.90040", "2018-12-31": "617.79980", "2017-12-31": "483.90040", "2016-12-31": "443.39990", "2015-12-31": "396.49950", "2014-12-31": "380.50000", "2013-12-31": "341.10010", "2012-12-31": "288.30000", "2011-12-31": "248.60000", "2010-12-31": "237.60000", "2009-12-31": "239.60010", "2008-12-31": "192.20000", "2007-12-31": "311.10010", "2006-12-31": "266.70000", "2005-12-31": "334.00000"}, "Basic Shares Outstanding": {"2020-12-31": "190.99500", "2019-12-31": "186.00000", "2018-12-31": "182.70000", "2017-12-31": "180.10000", "2016-12-31": "177.60000", "2015-12-31": "172.20000", "2014-12-31": "152.90000", "2013-12-31": "128.90000", "2012-12-31": "121.00000", "2011-12-31": "111.70000", "2010-12-31": "104.80000", "2009-12-31": "100.50000", "2008-12-31": "93.80000", "2007-12-31": "95.90000", "2006-12-31": "97.10000", "2005-12-31": "94.10000"}, "Shares Outstanding": {"2020-12-31": "195.04800", "2019-12-31": "190.10000", "2018-12-31": "186.20000", "2017-12-31": "182.10000", "2016-12-31": "178.40000", "2015-12-31": "173.20000", "2014-12-31": "154.30000", "2013-12-31": "130.50000", "2012-12-31": "122.50000", "2011-12-31": "112.50000", "2010-12-31": "105.10000", "2009-12-31": "100.60000", "2008-12-31": "94.20000", "2007-12-31": "97.10000", "2006-12-31": "98.40000", "2005-12-31": "96.10000"}, "Basic EPS": {"2020-12-31": "4.28700", "2019-12-31": "3.60000", "2018-12-31": "3.47000", "2017-12-31": "2.67000", "2016-12-31": "2.23000", "2015-12-31": "2.07000", "2014-12-31": "1.98000", "2013-12-31": "2.08000", "2012-12-31": "1.61000", "2011-12-31": "1.29000", "2010-12-31": "1.66000", "2009-12-31": "1.28000", "2008-12-31": "0.83000", "2007-12-31": "1.45000", "2006-12-31": "1.32000", "2005-12-31": "0.33000"}, "EPS - Earnings Per Share": {"2020-12-31": "4.20000", "2019-12-31": "3.52000", "2018-12-31": "3.40000", "2017-12-31": "2.64000", "2016-12-31": "2.22000", "2015-12-31": "2.06000", "2014-12-31": "1.97000", "2013-12-31": "2.06000", "2012-12-31": "1.59000", "2011-12-31": "1.28000", "2010-12-31": "1.66000", "2009-12-31": "1.28000", "2008-12-31": "0.82000", "2007-12-31": "1.43000", "2006-12-31": "1.31000", "2005-12-31": "0.32000"}}, "income statement, quarterly": {"Revenue": {"2020-12-31": "1703.60000", "2020-09-30": "1849.10000", "2020-06-30": "1584.00000", "2020-03-31": "1866.90000", "2019-12-31": "1721.40000", "2019-09-30": "1825.20000", "2019-06-30": "1657.80000", "2019-03-31": "1990.60000", "2018-12-31": "1657.40000", "2018-09-30": "1778.50000", "2018-06-30": "1660.40000", "2018-03-31": "1837.70000", "2017-12-31": "1519.40000", "2017-09-30": "1593.70000", "2017-06-30": "1489.50000", "2017-03-31": "1646.40000", "2016-12-31": "1470.70000", "2016-09-30": "1482.30000", "2016-06-30": "1427.10000", "2016-03-31": "1300.40000", "2015-12-31": "1334.90000", "2015-09-30": "1454.80000", "2015-06-30": "1371.40000", "2015-03-31": "1231.30000", "2014-12-31": "1245.40000", "2014-09-30": "1286.80000", "2014-06-30": "1179.30000", "2014-03-31": "915.00000", "2013-12-31": "890.20010", "2013-09-30": "835.80000", "2013-06-30": "779.50000", "2013-03-31": "674.10000", "2012-12-31": "673.20000", "2012-09-30": "650.40000", "2012-06-30": "649.90000", "2012-03-31": "546.80000", "2011-12-31": "578.39990", "2011-09-30": "562.80000", "2011-06-30": "546.10000", "2011-03-31": "447.40000", "2010-12-31": "459.10000", "2010-09-30": "463.20000", "2010-06-30": "459.50000", "2010-03-31": "482.40000", "2009-12-31": "435.10010", "2009-09-30": "439.50000", "2009-06-30": "453.60000", "2009-03-31": "401.10000", "2008-12-31": "412.10000", "2008-09-30": "428.20000", "2008-06-30": "428.90000", "2008-03-31": "375.80000", "2007-12-31": "410.00010", "2007-09-30": "410.70000", "2007-06-30": "427.60000", "2007-03-31": "375.00000", "2006-12-31": "350.79990", "2006-09-30": "421.20000", "2006-06-30": "370.60000", "2006-03-31": "327.50000", "2005-12-31": "321.10000", "2005-09-30": "389.90000", "2005-06-30": "371.10000", "2005-03-31": "346.80000"}, "Cost Of Goods Sold": {"2020-12-31": "1097.50000", "2020-09-30": "1192.70000", "2020-06-30": "976.80000", "2020-03-31": "1081.60000", "2019-12-31": "1138.30000", "2019-09-30": "1236.10000", "2019-06-30": "1098.30000", "2019-03-31": "1219.60000", "2018-12-31": "1194.30000", "2018-09-30": "1274.50000", "2018-06-30": "1166.50000", "2018-03-31": "1207.00000", "2017-12-31": "1108.70000", "2017-09-30": "1131.90000", "2017-06-30": "1064.00000", "2017-03-31": "1078.70000", "2016-12-31": "987.00000", "2016-09-30": "1076.30000", "2016-06-30": "956.00000", "2016-03-31": "926.50000", "2015-12-31": "950.20000", "2015-09-30": "1023.80000", "2015-06-30": "921.90000", "2015-03-31": "884.50000", "2014-12-31": "897.90000", "2014-09-30": "890.80000", "2014-06-30": "800.50000", "2014-03-31": "637.30000", "2013-12-31": "628.80000", "2013-09-30": "559.40000", "2013-06-30": "492.10000", "2013-03-31": "442.00000", "2012-12-31": "448.20000", "2012-09-30": "401.60000", "2012-06-30": "393.10000", "2012-03-31": "362.10000", "2011-12-31": "380.59990", "2011-09-30": "345.90000", "2011-06-30": "336.50000", "2011-03-31": "295.10000", "2010-12-31": "299.00000", "2010-09-30": "280.50000", "2010-06-30": "275.80000", "2010-03-31": "326.20000", "2009-12-31": "283.80000", "2009-09-30": "263.20000", "2009-06-30": "270.40000", "2009-03-31": "251.30000", "2008-12-31": "263.30000", "2008-09-30": "250.00000", "2008-06-30": "246.20000", "2008-03-31": "237.20000", "2007-12-31": "240.40000", "2007-09-30": "228.70000", "2007-06-30": "228.60000", "2007-03-31": "213.90000", "2006-12-31": "193.80000", "2006-09-30": "220.10000", "2006-06-30": "219.30000", "2006-03-31": "205.50000", "2005-12-31": "166.30000", "2005-09-30": "202.00000", "2005-06-30": "189.10000", "2005-03-31": "193.20000"}, "Gross Profit": {"2020-12-31": "606.10000", "2020-09-30": "656.40000", "2020-06-30": "607.20000", "2020-03-31": "785.30000", "2019-12-31": "583.10010", "2019-09-30": "589.10000", "2019-06-30": "559.50000", "2019-03-31": "771.00000", "2018-12-31": "463.10030", "2018-09-30": "504.00000", "2018-06-30": "493.90000", "2018-03-31": "630.70000", "2017-12-31": "410.69980", "2017-09-30": "461.79990", "2017-06-30": "425.50000", "2017-03-31": "567.70010", "2016-12-31": "483.70010", "2016-09-30": "406.00010", "2016-06-30": "471.10000", "2016-03-31": "373.90000", "2015-12-31": "384.69970", "2015-09-30": "431.00000", "2015-06-30": "449.50010", "2015-03-31": "346.80000", "2014-12-31": "347.49990", "2014-09-30": "396.00010", "2014-06-30": "378.80000", "2014-03-31": "277.70000", "2013-12-31": "261.40000", "2013-09-30": "276.40000", "2013-06-30": "287.40000", "2013-03-31": "232.10000", "2012-12-31": "225.00000", "2012-09-30": "248.80000", "2012-06-30": "256.80000", "2012-03-31": "184.70000", "2011-12-31": "197.80000", "2011-09-30": "216.90000", "2011-06-30": "209.60000", "2011-03-31": "152.30000", "2010-12-31": "160.10000", "2010-09-30": "182.70000", "2010-06-30": "183.70000", "2010-03-31": "156.20000", "2009-12-31": "151.30010", "2009-09-30": "176.30000", "2009-06-30": "183.20000", "2009-03-31": "149.80000", "2008-12-31": "148.80000", "2008-09-30": "178.20000", "2008-06-30": "182.70000", "2008-03-31": "138.60000", "2007-12-31": "169.60020", "2007-09-30": "182.00000", "2007-06-30": "199.00000", "2007-03-31": "161.10000", "2006-12-31": "156.99990", "2006-09-30": "201.10000", "2006-06-30": "151.30000", "2006-03-31": "122.00000", "2005-12-31": "154.80010", "2005-09-30": "187.90000", "2005-06-30": "182.00000", "2005-03-31": "153.60000"}, "Research And Development Expenses": {"2020-12-31": "", "2020-09-30": "", "2020-06-30": "", "2020-03-31": "", "2019-12-31": "", "2019-09-30": "", "2019-06-30": "", "2019-03-31": "", "2018-12-31": "", "2018-09-30": "", "2018-06-30": "", "2018-03-31": "", "2017-12-31": "", "2017-09-30": "", "2017-06-30": "", "2017-03-31": "", "2016-12-31": "", "2016-09-30": "", "2016-06-30": "", "2016-03-31": "", "2015-12-31": "", "2015-09-30": "", "2015-06-30": "", "2015-03-31": "", "2014-12-31": "", "2014-09-30": "", "2014-06-30": "", "2014-03-31": "", "2013-12-31": "", "2013-09-30": "", "2013-06-30": "", "2013-03-31": "", "2012-12-31": "", "2012-09-30": "", "2012-06-30": "", "2012-03-31": "", "2011-12-31": "", "2011-09-30": "", "2011-06-30": "", "2011-03-31": "", "2010-12-31": "", "2010-09-30": "", "2010-06-30": "", "2010-03-31": "", "2009-12-31": "", "2009-09-30": "", "2009-06-30": "", "2009-03-31": "", "2008-12-31": "", "2008-09-30": "", "2008-06-30": "", "2008-03-31": "", "2007-12-31": "", "2007-09-30": "", "2007-06-30": "", "2007-03-31": "", "2006-12-31": "", "2006-09-30": "", "2006-06-30": "", "2006-03-31": "", "2005-12-31": "", "2005-09-30": "", "2005-06-30": "", "2005-03-31": ""}, "SG&A Expenses": {"2020-12-31": "", "2020-09-30": "", "2020-06-30": "", "2020-03-31": "", "2019-12-31": "", "2019-09-30": "", "2019-06-30": "", "2019-03-31": "", "2018-12-31": "", "2018-09-30": "", "2018-06-30": "", "2018-03-31": "", "2017-12-31": "", "2017-09-30": "", "2017-06-30": "", "2017-03-31": "", "2016-12-31": "", "2016-09-30": "", "2016-06-30": "", "2016-03-31": "", "2015-12-31": "", "2015-09-30": "", "2015-06-30": "", "2015-03-31": "", "2014-12-31": "", "2014-09-30": "", "2014-06-30": "", "2014-03-31": "", "2013-12-31": "", "2013-09-30": "", "2013-06-30": "", "2013-03-31": "", "2012-12-31": "", "2012-09-30": "", "2012-06-30": "", "2012-03-31": "", "2011-12-31": "", "2011-09-30": "", "2011-06-30": "", "2011-03-31": "", "2010-12-31": "", "2010-09-30": "", "2010-06-30": "", "2010-03-31": "", "2009-12-31": "", "2009-09-30": "", "2009-06-30": "", "2009-03-31": "", "2008-12-31": "", "2008-09-30": "", "2008-06-30": "", "2008-03-31": "", "2007-12-31": "", "2007-09-30": "", "2007-06-30": "", "2007-03-31": "", "2006-12-31": "", "2006-09-30": "", "2006-06-30": "", "2006-03-31": "", "2005-12-31": "", "2005-09-30": "", "2005-06-30": "", "2005-03-31": ""}, "Other Operating Income Or Expenses": {"2020-12-31": "-270.80000", "2020-09-30": "-244.80000", "2020-06-30": "-247.20000", "2020-03-31": "-295.40000", "2019-12-31": "-318.09990", "2019-09-30": "-302.70000", "2019-06-30": "-290.70000", "2019-03-31": "-295.60000", "2018-12-31": "-271.20000", "2018-09-30": "-265.00000", "2018-06-30": "-258.20000", "2018-03-31": "-250.90000", "2017-12-31": "-250.30000", "2017-09-30": "-242.80000", "2017-06-30": "-239.40000", "2017-03-31": "-232.60000", "2016-12-31": "-309.70000", "2016-09-30": "-189.60000", "2016-06-30": "-204.60000", "2016-03-31": "-204.50000", "2015-12-31": "-222.00000", "2015-09-30": "-208.10000", "2015-06-30": "-207.10000", "2015-03-31": "-203.50000", "2014-12-31": "-217.80000", "2014-09-30": "-197.30000", "2014-06-30": "-179.20000", "2014-03-31": "-148.80000", "2013-12-31": "-131.20000", "2013-09-30": "-133.10000", "2013-06-30": "-137.80000", "2013-03-31": "-133.80000", "2012-12-31": "-129.60000", "2012-09-30": "-121.60000", "2012-06-30": "-123.70000", "2012-03-31": "-108.30000", "2011-12-31": "-106.30000", "2011-09-30": "-110.50000", "2011-06-30": "-108.20000", "2011-03-31": "-94.00000", "2010-12-31": "-101.20000", "2010-09-30": "-84.80000", "2010-06-30": "-87.40000", "2010-03-31": "-81.20000", "2009-12-31": "-89.60000", "2009-09-30": "-83.70000", "2009-06-30": "-79.10000", "2009-03-31": "-78.90000", "2008-12-31": "-109.40000", "2008-09-30": "-99.90000", "2008-06-30": "-85.20000", "2008-03-31": "-87.90000", "2007-12-31": "-93.90000", "2007-09-30": "-86.00000", "2007-06-30": "-84.50000", "2007-03-31": "-77.60000", "2006-12-31": "-81.60000", "2006-09-30": "-80.90000", "2006-06-30": "-76.50000", "2006-03-31": "-73.60000", "2005-12-31": "-75.60000", "2005-09-30": "-75.70000", "2005-06-30": "-74.10000", "2005-03-31": "-69.50000"}, "Operating Expenses": {"2020-12-31": "1501.80000", "2020-09-30": "1571.40000", "2020-06-30": "1362.30000", "2020-03-31": "1460.40000", "2019-12-31": "1594.99900", "2019-09-30": "1658.10000", "2019-06-30": "1507.40000", "2019-03-31": "1628.60000", "2018-12-31": "1577.70000", "2018-09-30": "1651.50000", "2018-06-30": "1522.90000", "2018-03-31": "1564.10000", "2017-12-31": "1459.00000", "2017-09-30": "1485.40000", "2017-06-30": "1403.80000", "2017-03-31": "1416.90000", "2016-12-31": "1396.90000", "2016-09-30": "1358.90000", "2016-06-30": "1262.40000", "2016-03-31": "1218.90000", "2015-12-31": "1280.70000", "2015-09-30": "1323.50000", "2015-06-30": "1216.90000", "2015-03-31": "1174.80000", "2014-12-31": "1190.20000", "2014-09-30": "1165.50000", "2014-06-30": "1046.20000", "2014-03-31": "844.10000", "2013-12-31": "810.50010", "2013-09-30": "737.20000", "2013-06-30": "670.20000", "2013-03-31": "620.60000", "2012-12-31": "616.90000", "2012-09-30": "563.40000", "2012-06-30": "548.00000", "2012-03-31": "503.70000", "2011-12-31": "520.60000", "2011-09-30": "481.50000", "2011-06-30": "469.60000", "2011-03-31": "414.40000", "2010-12-31": "424.59990", "2010-09-30": "384.20000", "2010-06-30": "386.90000", "2010-03-31": "430.90000", "2009-12-31": "399.90000", "2009-09-30": "368.40000", "2009-06-30": "371.10000", "2009-03-31": "350.30000", "2008-12-31": "394.20010", "2008-09-30": "368.10000", "2008-06-30": "349.60000", "2008-03-31": "340.90000", "2007-12-31": "350.00000", "2007-09-30": "328.60000", "2007-06-30": "327.40000", "2007-03-31": "306.20000", "2006-12-31": "286.80000", "2006-09-30": "315.80000", "2006-06-30": "308.80000", "2006-03-31": "292.00000", "2005-12-31": "250.00000", "2005-09-30": "290.90000", "2005-06-30": "277.50000", "2005-03-31": "276.50000"}, "Operating Income": {"2020-12-31": "201.79990", "2020-09-30": "277.70000", "2020-06-30": "221.70010", "2020-03-31": "406.50000", "2019-12-31": "126.40040", "2019-09-30": "167.09990", "2019-06-30": "150.39990", "2019-03-31": "362.00000", "2018-12-31": "79.70000", "2018-09-30": "127.00000", "2018-06-30": "137.50010", "2018-03-31": "273.59990", "2017-12-31": "60.40020", "2017-09-30": "108.29990", "2017-06-30": "85.70000", "2017-03-31": "229.50000", "2016-12-31": "73.79980", "2016-09-30": "123.40010", "2016-06-30": "164.70010", "2016-03-31": "81.50000", "2015-12-31": "54.19920", "2015-09-30": "131.30000", "2015-06-30": "154.50010", "2015-03-31": "56.50000", "2014-12-31": "55.19980", "2014-09-30": "121.30000", "2014-06-30": "133.10010", "2014-03-31": "70.90000", "2013-12-31": "79.70000", "2013-09-30": "98.60000", "2013-06-30": "109.30000", "2013-03-31": "53.50000", "2012-12-31": "56.30010", "2012-09-30": "87.00000", "2012-06-30": "101.90000", "2012-03-31": "43.10000", "2011-12-31": "57.79990", "2011-09-30": "81.30000", "2011-06-30": "76.50000", "2011-03-31": "33.00000", "2010-12-31": "34.50020", "2010-09-30": "79.00000", "2010-06-30": "72.60000", "2010-03-31": "51.50000", "2009-12-31": "35.20010", "2009-09-30": "71.10000", "2009-06-30": "82.50000", "2009-03-31": "50.80000", "2008-12-31": "17.89990", "2008-09-30": "60.10000", "2008-06-30": "79.30000", "2008-03-31": "34.90000", "2007-12-31": "60.00020", "2007-09-30": "82.10000", "2007-06-30": "100.20000", "2007-03-31": "68.80000", "2006-12-31": "63.99990", "2006-09-30": "105.40000", "2006-06-30": "61.80000", "2006-03-31": "35.50000", "2005-12-31": "71.10000", "2005-09-30": "99.00000", "2005-06-30": "93.60000", "2005-03-31": "70.30000"}, "Total Non-Operating Income/Expense": {"2020-12-31": "-68.10000", "2020-09-30": "-68.20000", "2020-06-30": "-50.00000", "2020-03-31": "-50.50000", "2019-12-31": "-42.40000", "2019-09-30": "-52.30000", "2019-06-30": "-44.90000", "2019-03-31": "-40.20000", "2018-12-31": "-36.50000", "2018-09-30": "-36.70000", "2018-06-30": "-33.90000", "2018-03-31": "-31.30000", "2017-12-31": "-31.20000", "2017-09-30": "-31.40000", "2017-06-30": "-31.60000", "2017-03-31": "-29.90000", "2016-12-31": "-28.30000", "2016-09-30": "-28.50000", "2016-06-30": "-27.20000", "2016-03-31": "-25.80000", "2015-12-31": "-25.80000", "2015-09-30": "-25.60000", "2015-06-30": "-26.00000", "2015-03-31": "-25.60000", "2014-12-31": "-25.70000", "2014-09-30": "-25.90000", "2014-06-30": "-21.20000", "2014-03-31": "-16.20000", "2013-12-31": "-13.90000", "2013-09-30": "-13.10000", "2013-06-30": "-11.90000", "2013-03-31": "-11.20000", "2012-12-31": "-10.90000", "2012-09-30": "-10.70000", "2012-06-30": "-10.80000", "2012-03-31": "-10.60000", "2011-12-31": "-10.40000", "2011-09-30": "-10.30000", "2011-06-30": "-10.60000", "2011-03-31": "-9.50000", "2010-12-31": "-8.70000", "2010-09-30": "-8.60000", "2010-06-30": "-8.70000", "2010-03-31": "-8.60000", "2009-12-31": "-4.80000", "2009-09-30": "-8.00000", "2009-06-30": "-8.40000", "2009-03-31": "-7.30000", "2008-12-31": "0.10000", "2008-09-30": "-10.70000", "2008-06-30": "-10.00000", "2008-03-31": "-8.00000", "2007-12-31": "-10.10000", "2007-09-30": "-15.70000", "2007-06-30": "-40.20000", "2007-03-31": "-45.00000", "2006-12-31": "-47.00000", "2006-09-30": "-44.60000", "2006-06-30": "-14.10000", "2006-03-31": "-6.50000", "2005-12-31": "-56.50000", "2005-09-30": "-33.40000", "2005-06-30": "-36.20000", "2005-03-31": "-195.00000"}, "Pre-Tax Income": {"2020-12-31": "133.70000", "2020-09-30": "209.50000", "2020-06-30": "171.70000", "2020-03-31": "356.00000", "2019-12-31": "84.00000", "2019-09-30": "114.80000", "2019-06-30": "105.50000", "2019-03-31": "321.80000", "2018-12-31": "43.20000", "2018-09-30": "90.30000", "2018-06-30": "103.60000", "2018-03-31": "242.30000", "2017-12-31": "29.20000", "2017-09-30": "76.90000", "2017-06-30": "54.10000", "2017-03-31": "199.60000", "2016-12-31": "45.50000", "2016-09-30": "94.90000", "2016-06-30": "137.50000", "2016-03-31": "55.70000", "2015-12-31": "28.40000", "2015-09-30": "105.70000", "2015-06-30": "128.50000", "2015-03-31": "30.90000", "2014-12-31": "29.50000", "2014-09-30": "95.40000", "2014-06-30": "111.90000", "2014-03-31": "54.70000", "2013-12-31": "65.80000", "2013-09-30": "85.50000", "2013-06-30": "97.40000", "2013-03-31": "42.30000", "2012-12-31": "45.40000", "2012-09-30": "76.30000", "2012-06-30": "91.10000", "2012-03-31": "32.50000", "2011-12-31": "47.40000", "2011-09-30": "71.00000", "2011-06-30": "65.90000", "2011-03-31": "23.50000", "2010-12-31": "25.80000", "2010-09-30": "70.40000", "2010-06-30": "63.90000", "2010-03-31": "42.90000", "2009-12-31": "30.40000", "2009-09-30": "63.10000", "2009-06-30": "74.10000", "2009-03-31": "43.50000", "2008-12-31": "18.00000", "2008-09-30": "49.40000", "2008-06-30": "69.30000", "2008-03-31": "26.90000", "2007-12-31": "49.90000", "2007-09-30": "66.40000", "2007-06-30": "60.00000", "2007-03-31": "23.80000", "2006-12-31": "17.00000", "2006-09-30": "60.80000", "2006-06-30": "47.70000", "2006-03-31": "29.00000", "2005-12-31": "14.60000", "2005-09-30": "65.60000", "2005-06-30": "57.40000", "2005-03-31": "-124.70000"}, "Income Taxes": {"2020-12-31": "-19.40000", "2020-09-30": "21.70000", "2020-06-30": "9.90000", "2020-03-31": "0.60000", "2019-12-31": "-21.60000", "2019-09-30": "-22.30000", "2019-06-30": "-15.90000", "2019-03-31": "-29.90000", "2018-12-31": "-84.60000", "2018-09-30": "-48.10000", "2018-06-30": "-20.10000", "2018-03-31": "-43.70000", "2017-12-31": "-49.30000", "2017-09-30": "-41.20000", "2017-06-30": "-24.20000", "2017-03-31": "-42.40000", "2016-12-31": "-40.80000", "2016-09-30": "-35.50000", "2016-06-30": "-18.20000", "2016-03-31": "-2.20000", "2015-12-31": "-39.80000", "2015-09-30": "-35.20000", "2015-06-30": "-19.10000", "2015-03-31": "-1.50000", "2014-12-31": "-25.20000", "2014-09-30": "-5.90000", "2014-06-30": "-1.80000", "2014-03-31": "-3.10000", "2013-12-31": "-10.20000", "2013-09-30": "10.90000", "2013-06-30": "3.90000", "2013-03-31": "1.80000", "2012-12-31": "11.90000", "2012-09-30": "14.60000", "2012-06-30": "19.40000", "2012-03-31": "4.40000", "2011-12-31": "6.90000", "2011-09-30": "24.30000", "2011-06-30": "24.20000", "2011-03-31": "8.30000", "2010-12-31": "-20.20000", "2010-09-30": "24.20000", "2010-06-30": "22.00000", "2010-03-31": "13.70000", "2009-12-31": "11.00000", "2009-09-30": "21.50000", "2009-06-30": "30.30000", "2009-03-31": "15.20000", "2008-12-31": "6.30000", "2008-09-30": "7.70000", "2008-06-30": "27.60000", "2008-03-31": "10.60000", "2007-12-31": "14.80000", "2007-09-30": "14.00000", "2007-06-30": "14.20000", "2007-03-31": "2.50000", "2006-12-31": "-7.50000", "2006-09-30": "10.60000", "2006-06-30": "11.10000", "2006-03-31": "11.90000", "2005-12-31": "-3.40000", "2005-09-30": "15.10000", "2005-06-30": "13.20000", "2005-03-31": "-51.10000"}, "Income After Taxes": {"2020-12-31": "153.10000", "2020-09-30": "187.80000", "2020-06-30": "161.80000", "2020-03-31": "355.40000", "2019-12-31": "105.60000", "2019-09-30": "137.10000", "2019-06-30": "121.40000", "2019-03-31": "351.70000", "2018-12-31": "127.80000", "2018-09-30": "138.40000", "2018-06-30": "123.70000", "2018-03-31": "286.00000", "2017-12-31": "78.50000", "2017-09-30": "118.10000", "2017-06-30": "78.30000", "2017-03-31": "242.00000", "2016-12-31": "86.30000", "2016-09-30": "130.40000", "2016-06-30": "155.70000", "2016-03-31": "57.90000", "2015-12-31": "68.20000", "2015-09-30": "140.90000", "2015-06-30": "147.60000", "2015-03-31": "32.40000", "2014-12-31": "54.70000", "2014-09-30": "101.30000", "2014-06-30": "113.70000", "2014-03-31": "57.80000", "2013-12-31": "76.00000", "2013-09-30": "74.60000", "2013-06-30": "93.50000", "2013-03-31": "40.50000", "2012-12-31": "33.50000", "2012-09-30": "61.70000", "2012-06-30": "71.70000", "2012-03-31": "28.10000", "2011-12-31": "40.50000", "2011-09-30": "46.70000", "2011-06-30": "41.70000", "2011-03-31": "15.20000", "2010-12-31": "46.00000", "2010-09-30": "46.20000", "2010-06-30": "41.90000", "2010-03-31": "29.20000", "2009-12-31": "19.40000", "2009-09-30": "41.60000", "2009-06-30": "43.80000", "2009-03-31": "28.30000", "2008-12-31": "11.70000", "2008-09-30": "41.70000", "2008-06-30": "41.70000", "2008-03-31": "16.30000", "2007-12-31": "35.10000", "2007-09-30": "52.40000", "2007-06-30": "45.80000", "2007-03-31": "21.30000", "2006-12-31": "24.50000", "2006-09-30": "50.20000", "2006-06-30": "36.60000", "2006-03-31": "17.10000", "2005-12-31": "18.00000", "2005-09-30": "50.50000", "2005-06-30": "44.20000", "2005-03-31": "-73.60000"}, "Other Income": {"2020-12-31": "", "2020-09-30": "", "2020-06-30": "", "2020-03-31": "", "2019-12-31": "", "2019-09-30": "", "2019-06-30": "", "2019-03-31": "", "2018-12-31": "", "2018-09-30": "", "2018-06-30": "", "2018-03-31": "", "2017-12-31": "", "2017-09-30": "", "2017-06-30": "", "2017-03-31": "", "2016-12-31": "", "2016-09-30": "", "2016-06-30": "", "2016-03-31": "", "2015-12-31": "", "2015-09-30": "", "2015-06-30": "", "2015-03-31": "", "2014-12-31": "", "2014-09-30": "", "2014-06-30": "", "2014-03-31": "", "2013-12-31": "", "2013-09-30": "", "2013-06-30": "", "2013-03-31": "", "2012-12-31": "", "2012-09-30": "", "2012-06-30": "", "2012-03-31": "", "2011-12-31": "", "2011-09-30": "", "2011-06-30": "", "2011-03-31": "", "2010-12-31": "", "2010-09-30": "", "2010-06-30": "", "2010-03-31": "", "2009-12-31": "", "2009-09-30": "", "2009-06-30": "", "2009-03-31": "", "2008-12-31": "", "2008-09-30": "", "2008-06-30": "", "2008-03-31": "", "2007-12-31": "", "2007-09-30": "", "2007-06-30": "", "2007-03-31": "", "2006-12-31": "", "2006-09-30": "", "2006-06-30": "", "2006-03-31": "", "2005-12-31": "", "2005-09-30": "", "2005-06-30": "", "2005-03-31": ""}, "Income From Continuous Operations": {"2020-12-31": "153.10000", "2020-09-30": "187.80000", "2020-06-30": "161.80000", "2020-03-31": "355.40000", "2019-12-31": "105.60000", "2019-09-30": "137.10000", "2019-06-30": "121.40000", "2019-03-31": "351.70000", "2018-12-31": "127.80000", "2018-09-30": "138.40000", "2018-06-30": "123.70000", "2018-03-31": "286.00000", "2017-12-31": "78.50000", "2017-09-30": "118.10000", "2017-06-30": "78.30000", "2017-03-31": "242.00000", "2016-12-31": "86.30000", "2016-09-30": "130.40000", "2016-06-30": "155.70000", "2016-03-31": "57.90000", "2015-12-31": "68.20000", "2015-09-30": "140.90000", "2015-06-30": "147.60000", "2015-03-31": "32.40000", "2014-12-31": "54.70000", "2014-09-30": "101.30000", "2014-06-30": "113.70000", "2014-03-31": "57.80000", "2013-12-31": "76.00000", "2013-09-30": "74.60000", "2013-06-30": "93.50000", "2013-03-31": "40.50000", "2012-12-31": "33.50000", "2012-09-30": "61.70000", "2012-06-30": "71.70000", "2012-03-31": "28.10000", "2011-12-31": "40.50000", "2011-09-30": "46.70000", "2011-06-30": "41.70000", "2011-03-31": "15.20000", "2010-12-31": "46.00000", "2010-09-30": "46.20000", "2010-06-30": "41.90000", "2010-03-31": "29.20000", "2009-12-31": "19.40000", "2009-09-30": "41.60000", "2009-06-30": "43.80000", "2009-03-31": "28.30000", "2008-12-31": "11.70000", "2008-09-30": "41.70000", "2008-06-30": "41.70000", "2008-03-31": "16.30000", "2007-12-31": "35.10000", "2007-09-30": "52.40000", "2007-06-30": "45.80000", "2007-03-31": "21.30000", "2006-12-31": "24.50000", "2006-09-30": "50.20000", "2006-06-30": "36.60000", "2006-03-31": "17.10000", "2005-12-31": "18.00000", "2005-09-30": "50.50000", "2005-06-30": "44.20000", "2005-03-31": "-73.60000"}, "Income From Discontinued Operations": {"2020-12-31": "", "2020-09-30": "", "2020-06-30": "", "2020-03-31": "", "2019-12-31": "", "2019-09-30": "", "2019-06-30": "", "2019-03-31": "", "2018-12-31": "", "2018-09-30": "", "2018-06-30": "", "2018-03-31": "", "2017-12-31": "", "2017-09-30": "", "2017-06-30": "", "2017-03-31": "", "2016-12-31": "", "2016-09-30": "", "2016-06-30": "", "2016-03-31": "", "2015-12-31": "", "2015-09-30": "", "2015-06-30": "", "2015-03-31": "", "2014-12-31": "", "2014-09-30": "", "2014-06-30": "", "2014-03-31": "", "2013-12-31": "", "2013-09-30": "", "2013-06-30": "", "2013-03-31": "", "2012-12-31": "", "2012-09-30": "", "2012-06-30": "", "2012-03-31": "", "2011-12-31": "", "2011-09-30": "", "2011-06-30": "", "2011-03-31": "", "2010-12-31": "8.70000", "2010-09-30": "", "2010-06-30": "2.10000", "2010-03-31": "", "2009-12-31": "-2.60000", "2009-09-30": "", "2009-06-30": "", "2009-03-31": "-1.90000", "2008-12-31": "-7.00000", "2008-09-30": "-3.90000", "2008-06-30": "-0.90000", "2008-03-31": "-22.30000", "2007-12-31": "-11.70000", "2007-09-30": "-0.60000", "2007-06-30": "-2.00000", "2007-03-31": "-1.50000", "2006-12-31": "", "2006-09-30": "", "2006-06-30": "", "2006-03-31": "", "2005-12-31": "-10.50000", "2005-09-30": "", "2005-06-30": "7.60000", "2005-03-31": "-5.40000"}, "Net Income": {"2020-12-31": "142.20000", "2020-09-30": "176.60000", "2020-06-30": "153.70000", "2020-03-31": "346.30000", "2019-12-31": "98.50000", "2019-09-30": "126.10000", "2019-06-30": "110.10000", "2019-03-31": "334.10000", "2018-12-31": "117.30000", "2018-09-30": "127.60000", "2018-06-30": "114.90000", "2018-03-31": "273.70000", "2017-12-31": "71.50000", "2017-09-30": "111.00000", "2017-06-30": "70.00000", "2017-03-31": "228.80000", "2016-12-31": "77.50000", "2016-09-30": "122.80000", "2016-06-30": "150.00000", "2016-03-31": "46.50000", "2015-12-31": "62.30000", "2015-09-30": "133.30000", "2015-06-30": "139.30000", "2015-03-31": "21.90000", "2014-12-31": "51.50000", "2014-09-30": "93.60000", "2014-06-30": "109.00000", "2014-03-31": "49.30000", "2013-12-31": "60.00000", "2013-09-30": "74.60000", "2013-06-30": "93.50000", "2013-03-31": "40.50000", "2012-12-31": "33.50000", "2012-09-30": "61.70000", "2012-06-30": "71.70000", "2012-03-31": "28.10000", "2011-12-31": "40.50000", "2011-09-30": "46.70000", "2011-06-30": "41.70000", "2011-03-31": "15.20000", "2010-12-31": "54.70000", "2010-09-30": "46.20000", "2010-06-30": "44.00000", "2010-03-31": "29.20000", "2009-12-31": "16.80000", "2009-09-30": "41.60000", "2009-06-30": "43.80000", "2009-03-31": "26.40000", "2008-12-31": "4.70000", "2008-09-30": "37.80000", "2008-06-30": "40.80000", "2008-03-31": "-6.00000", "2007-12-31": "23.40000", "2007-09-30": "51.80000", "2007-06-30": "43.80000", "2007-03-31": "19.80000", "2006-12-31": "24.60000", "2006-09-30": "50.20000", "2006-06-30": "36.60000", "2006-03-31": "17.10000", "2005-12-31": "7.50000", "2005-09-30": "50.50000", "2005-06-30": "51.80000", "2005-03-31": "-79.00000"}, "EBITDA": {"2020-12-31": "", "2020-09-30": "411.59990", "2020-06-30": "344.30010", "2020-03-31": "578.90000", "2019-12-31": "256.00040", "2019-09-30": "286.39980", "2019-06-30": "265.39990", "2019-03-31": "472.50000", "2018-12-31": "189.49990", "2018-09-30": "233.20000", "2018-06-30": "241.70010", "2018-03-31": "372.39980", "2017-12-31": "157.00010", "2017-09-30": "208.39990", "2017-06-30": "181.00000", "2017-03-31": "323.30000", "2016-12-31": "163.09980", "2016-09-30": "212.30010", "2016-06-30": "253.30010", "2016-03-31": "165.50000", "2015-12-31": "147.99920", "2015-09-30": "213.20000", "2015-06-30": "236.80010", "2015-03-31": "132.70000", "2014-12-31": "128.79980", "2014-09-30": "194.20000", "2014-06-30": "192.60010", "2014-03-31": "123.80000", "2013-12-31": "130.00000", "2013-09-30": "143.70000", "2013-06-30": "152.10000", "2013-03-31": "93.90000", "2012-12-31": "93.00010", "2012-09-30": "123.50000", "2012-06-30": "138.30000", "2012-03-31": "73.90000", "2011-12-31": "91.69990", "2011-09-30": "110.70000", "2011-06-30": "103.90000", "2011-03-31": "57.50000", "2010-12-31": "58.60020", "2010-09-30": "101.80000", "2010-06-30": "97.20000", "2010-03-31": "73.10000", "2009-12-31": "57.60010", "2009-09-30": "92.60000", "2009-06-30": "104.10000", "2009-03-31": "70.90000", "2008-12-31": "39.49990", "2008-09-30": "78.40000", "2008-06-30": "97.60000", "2008-03-31": "64.10000", "2007-12-31": "86.10020", "2007-09-30": "96.90000", "2007-06-30": "115.40000", "2007-03-31": "84.30000", "2006-12-31": "79.69990", "2006-09-30": "120.20000", "2006-06-30": "74.80000", "2006-03-31": "48.40000", "2005-12-31": "83.90000", "2005-09-30": "112.20000", "2005-06-30": "107.90000", "2005-03-31": "84.10000"}, "EBIT": {"2020-12-31": "201.79990", "2020-09-30": "277.70000", "2020-06-30": "221.70010", "2020-03-31": "406.50000", "2019-12-31": "126.40060", "2019-09-30": "167.09990", "2019-06-30": "150.39990", "2019-03-31": "362.00000", "2018-12-31": "79.69980", "2018-09-30": "127.00000", "2018-06-30": "137.50010", "2018-03-31": "273.59990", "2017-12-31": "60.40050", "2017-09-30": "108.29990", "2017-06-30": "85.70000", "2017-03-31": "229.50000", "2016-12-31": "73.79970", "2016-09-30": "123.40010", "2016-06-30": "164.70010", "2016-03-31": "81.50000", "2015-12-31": "54.19930", "2015-09-30": "131.30000", "2015-06-30": "154.50010", "2015-03-31": "56.50000", "2014-12-31": "55.19980", "2014-09-30": "121.30000", "2014-06-30": "133.10010", "2014-03-31": "70.90000", "2013-12-31": "79.70010", "2013-09-30": "98.60000", "2013-06-30": "109.30000", "2013-03-31": "53.50000", "2012-12-31": "56.30010", "2012-09-30": "87.00000", "2012-06-30": "101.90000", "2012-03-31": "43.10000", "2011-12-31": "57.80000", "2011-09-30": "81.30000", "2011-06-30": "76.50000", "2011-03-31": "33.00000", "2010-12-31": "34.50000", "2010-09-30": "79.00000", "2010-06-30": "72.60000", "2010-03-31": "51.50000", "2009-12-31": "35.20010", "2009-09-30": "71.10000", "2009-06-30": "82.50000", "2009-03-31": "50.80000", "2008-12-31": "17.89990", "2008-09-30": "60.10000", "2008-06-30": "79.30000", "2008-03-31": "34.90000", "2007-12-31": "60.00010", "2007-09-30": "82.10000", "2007-06-30": "100.20000", "2007-03-31": "68.80000", "2006-12-31": "63.99990", "2006-09-30": "105.40000", "2006-06-30": "61.80000", "2006-03-31": "35.50000", "2005-12-31": "71.10000", "2005-09-30": "99.00000", "2005-06-30": "93.60000", "2005-03-31": "70.30000"}, "Basic Shares Outstanding": {"2020-12-31": "192.87400", "2020-09-30": "191.90000", "2020-06-30": "190.50000", "2020-03-31": "188.70000", "2019-12-31": "186.00000", "2019-09-30": "186.30000", "2019-06-30": "185.80000", "2019-03-31": "184.50000", "2018-12-31": "182.70000", "2018-09-30": "183.30000", "2018-06-30": "182.40000", "2018-03-31": "181.50000", "2017-12-31": "180.10000", "2017-09-30": "180.50000", "2017-06-30": "179.90000", "2017-03-31": "178.90000", "2016-12-31": "177.60000", "2016-09-30": "177.60000", "2016-06-30": "177.40000", "2016-03-31": "177.00000", "2015-12-31": "172.20000", "2015-09-30": "176.00000", "2015-06-30": "170.60000", "2015-03-31": "165.60000", "2014-12-31": "152.90000", "2014-09-30": "160.20000", "2014-06-30": "154.30000", "2014-03-31": "134.20000", "2013-12-31": "128.90000", "2013-09-30": "129.80000", "2013-06-30": "127.30000", "2013-03-31": "126.10000", "2012-12-31": "121.00000", "2012-09-30": "123.10000", "2012-06-30": "119.70000", "2012-03-31": "116.40000", "2011-12-31": "111.70000", "2011-09-30": "112.60000", "2011-06-30": "111.00000", "2011-03-31": "109.30000", "2010-12-31": "104.80000", "2010-09-30": "105.50000", "2010-06-30": "104.40000", "2010-03-31": "102.70000", "2009-12-31": "100.50000", "2009-09-30": "101.40000", "2009-06-30": "100.60000", "2009-03-31": "98.00000", "2008-12-31": "93.80000", "2008-09-30": "94.10000", "2008-06-30": "93.00000", "2008-03-31": "92.30000", "2007-12-31": "95.90000", "2007-09-30": "94.50000", "2007-06-30": "97.40000", "2007-03-31": "98.90000", "2006-12-31": "97.10000", "2006-09-30": "97.50000", "2006-06-30": "96.80000", "2006-03-31": "96.10000", "2005-12-31": "94.10000", "2005-09-30": "94.90000", "2005-06-30": "93.80000", "2005-03-31": "92.50000"}, "Shares Outstanding": {"2020-12-31": "197.42000", "2020-09-30": "196.30000", "2020-06-30": "194.10000", "2020-03-31": "193.20000", "2019-12-31": "190.10000", "2019-09-30": "190.70000", "2019-06-30": "189.80000", "2019-03-31": "188.40000", "2018-12-31": "186.20000", "2018-09-30": "186.80000", "2018-06-30": "185.50000", "2018-03-31": "185.00000", "2017-12-31": "182.10000", "2017-09-30": "182.50000", "2017-06-30": "181.60000", "2017-03-31": "180.60000", "2016-12-31": "178.40000", "2016-09-30": "178.50000", "2016-06-30": "178.30000", "2016-03-31": "177.60000", "2015-12-31": "173.20000", "2015-09-30": "176.80000", "2015-06-30": "171.70000", "2015-03-31": "166.80000", "2014-12-31": "154.30000", "2014-09-30": "161.50000", "2014-06-30": "155.70000", "2014-03-31": "135.80000", "2013-12-31": "130.50000", "2013-09-30": "131.30000", "2013-06-30": "128.90000", "2013-03-31": "127.50000", "2012-12-31": "122.50000", "2012-09-30": "124.50000", "2012-06-30": "121.20000", "2012-03-31": "117.80000", "2011-12-31": "112.50000", "2011-09-30": "113.10000", "2011-06-30": "111.80000", "2011-03-31": "110.30000", "2010-12-31": "105.10000", "2010-09-30": "105.70000", "2010-06-30": "104.60000", "2010-03-31": "102.90000", "2009-12-31": "100.60000", "2009-09-30": "101.60000", "2009-06-30": "100.70000", "2009-03-31": "98.10000", "2008-12-31": "94.20000", "2008-09-30": "94.60000", "2008-06-30": "93.50000", "2008-03-31": "92.90000", "2007-12-31": "97.10000", "2007-09-30": "95.80000", "2007-06-30": "98.70000", "2007-03-31": "100.10000", "2006-12-31": "98.40000", "2006-09-30": "98.50000", "2006-06-30": "98.00000", "2006-03-31": "97.80000", "2005-12-31": "96.10000", "2005-09-30": "96.60000", "2005-06-30": "95.60000", "2005-03-31": "94.80000"}, "Basic EPS": {"2020-12-31": "0.73730", "2020-09-30": "0.92000", "2020-06-30": "0.81000", "2020-03-31": "1.83000", "2019-12-31": "0.52000", "2019-09-30": "0.68000", "2019-06-30": "0.59000", "2019-03-31": "1.81000", "2018-12-31": "0.63000", "2018-09-30": "0.70000", "2018-06-30": "0.63000", "2018-03-31": "1.51000", "2017-12-31": "0.39000", "2017-09-30": "0.61000", "2017-06-30": "0.39000", "2017-03-31": "1.28000", "2016-12-31": "0.43000", "2016-09-30": "0.69000", "2016-06-30": "0.85000", "2016-03-31": "0.26000", "2015-12-31": "0.36000", "2015-09-30": "0.76000", "2015-06-30": "0.82000", "2015-03-31": "0.13000", "2014-12-31": "0.32000", "2014-09-30": "0.58000", "2014-06-30": "0.71000", "2014-03-31": "0.37000", "2013-12-31": "0.46000", "2013-09-30": "0.57000", "2013-06-30": "0.73000", "2013-03-31": "0.32000", "2012-12-31": "0.27000", "2012-09-30": "0.50000", "2012-06-30": "0.60000", "2012-03-31": "0.24000", "2011-12-31": "0.36000", "2011-09-30": "0.41000", "2011-06-30": "0.38000", "2011-03-31": "0.14000", "2010-12-31": "0.52000", "2010-09-30": "0.44000", "2010-06-30": "0.42000", "2010-03-31": "0.28000", "2009-12-31": "0.16000", "2009-09-30": "0.41000", "2009-06-30": "0.44000", "2009-03-31": "0.27000", "2008-12-31": "0.06000", "2008-09-30": "0.40000", "2008-06-30": "0.44000", "2008-03-31": "-0.07000", "2007-12-31": "0.25000", "2007-09-30": "0.55000", "2007-06-30": "0.45000", "2007-03-31": "0.20000", "2006-12-31": "0.24000", "2006-09-30": "0.52000", "2006-06-30": "0.38000", "2006-03-31": "0.18000", "2005-12-31": "0.10000", "2005-09-30": "0.53000", "2005-06-30": "0.55000", "2005-03-31": "-0.85000"}, "EPS - Earnings Per Share": {"2020-12-31": "0.72000", "2020-09-30": "0.90000", "2020-06-30": "0.79000", "2020-03-31": "1.79000", "2019-12-31": "0.51000", "2019-09-30": "0.66000", "2019-06-30": "0.58000", "2019-03-31": "1.77000", "2018-12-31": "0.62000", "2018-09-30": "0.68000", "2018-06-30": "0.62000", "2018-03-31": "1.48000", "2017-12-31": "0.37000", "2017-09-30": "0.61000", "2017-06-30": "0.39000", "2017-03-31": "1.27000", "2016-12-31": "0.43000", "2016-09-30": "0.69000", "2016-06-30": "0.84000", "2016-03-31": "0.26000", "2015-12-31": "0.37000", "2015-09-30": "0.75000", "2015-06-30": "0.81000", "2015-03-31": "0.13000", "2014-12-31": "0.33000", "2014-09-30": "0.58000", "2014-06-30": "0.70000", "2014-03-31": "0.36000", "2013-12-31": "0.44000", "2013-09-30": "0.57000", "2013-06-30": "0.73000", "2013-03-31": "0.32000", "2012-12-31": "0.26000", "2012-09-30": "0.50000", "2012-06-30": "0.59000", "2012-03-31": "0.24000", "2011-12-31": "0.36000", "2011-09-30": "0.41000", "2011-06-30": "0.37000", "2011-03-31": "0.14000", "2010-12-31": "0.52000", "2010-09-30": "0.44000", "2010-06-30": "0.42000", "2010-03-31": "0.28000", "2009-12-31": "0.16000", "2009-09-30": "0.41000", "2009-06-30": "0.44000", "2009-03-31": "0.27000", "2008-12-31": "0.05000", "2008-09-30": "0.40000", "2008-06-30": "0.44000", "2008-03-31": "-0.07000", "2007-12-31": "0.25000", "2007-09-30": "0.54000", "2007-06-30": "0.44000", "2007-03-31": "0.20000", "2006-12-31": "0.26000", "2006-09-30": "0.51000", "2006-06-30": "0.37000", "2006-03-31": "0.17000", "2005-12-31": "0.11000", "2005-09-30": "0.52000", "2005-06-30": "0.54000", "2005-03-31": "-0.85000"}}, "balance sheet": {"Cash On Hand": {"2020-12-31": "3574.30000", "2019-12-31": "2623.90000", "2018-12-31": "2236.80000", "2017-12-31": "2305.00000", "2016-12-31": "1937.60000", "2015-12-31": "1892.50000", "2014-12-31": "1682.00000", "2013-12-31": "1325.50000", "2012-12-31": "1153.70000", "2011-12-31": "983.70000", "2010-12-31": "849.50000", "2009-12-31": "728.50000", "2008-12-31": "745.60000", "2007-12-31": "864.80000", "2006-12-31": "846.10000", "2005-12-31": "879.30000"}, "Receivables": {"2020-12-31": "6436.00000", "2019-12-31": "5419.20000", "2018-12-31": "4857.50000", "2017-12-31": "4082.80000", "2016-12-31": "1844.80000", "2015-12-31": "1734.00000", "2014-12-31": "1462.50000", "2013-12-31": "1288.80000", "2012-12-31": "1096.10000", "2011-12-31": "1027.10000", "2010-12-31": "750.10000", "2009-12-31": "693.70000", "2008-12-31": "826.50000", "2007-12-31": "1303.70000", "2006-12-31": "1422.30000", "2005-12-31": "1396.80000"}, "Inventory": {"2020-12-31": "", "2019-12-31": "", "2018-12-31": "", "2017-12-31": "", "2016-12-31": "", "2015-12-31": "", "2014-12-31": "", "2013-12-31": "", "2012-12-31": "", "2011-12-31": "", "2010-12-31": "", "2009-12-31": "", "2008-12-31": "", "2007-12-31": "", "2006-12-31": "", "2005-12-31": ""}, "Pre-Paid Expenses": {"2020-12-31": "", "2019-12-31": "", "2018-12-31": "", "2017-12-31": "", "2016-12-31": "", "2015-12-31": "", "2014-12-31": "", "2013-12-31": "", "2012-12-31": "", "2011-12-31": "", "2010-12-31": "", "2009-12-31": "", "2008-12-31": "", "2007-12-31": "", "2006-12-31": "", "2005-12-31": ""}, "Other Current Assets": {"2020-12-31": "1113.90000", "2019-12-31": "1074.40000", "2018-12-31": "1024.40000", "2017-12-31": "881.60000", "2016-12-31": "633.70000", "2015-12-31": "587.20000", "2014-12-31": "666.70000", "2013-12-31": "261.30000", "2012-12-31": "179.70000", "2011-12-31": "188.60000", "2010-12-31": "126.40000", "2009-12-31": "117.80000", "2008-12-31": "129.90000", "2007-12-31": "107.30000", "2006-12-31": "107.80000", "2005-12-31": "125.70000"}, "Total Current Assets": {"2020-12-31": "11124.20000", "2019-12-31": "9117.50000", "2018-12-31": "8118.70000", "2017-12-31": "7269.40000", "2016-12-31": "4416.10000", "2015-12-31": "4213.70000", "2014-12-31": "3811.20000", "2013-12-31": "2875.60000", "2012-12-31": "2429.50000", "2011-12-31": "2199.40000", "2010-12-31": "1726.00000", "2009-12-31": "1540.00000", "2008-12-31": "1702.00000", "2007-12-31": "2275.80000", "2006-12-31": "2376.20000", "2005-12-31": "2401.80000"}, "Property, Plant, And Equipment": {"2020-12-31": "450.70000", "2019-12-31": "467.40000", "2018-12-31": "436.90000", "2017-12-31": "412.20000", "2016-12-31": "377.60000", "2015-12-31": "249.00000", "2014-12-31": "195.40000", "2013-12-31": "160.40000", "2012-12-31": "105.40000", "2011-12-31": "91.30000", "2010-12-31": "75.80000", "2009-12-31": "80.70000", "2008-12-31": "88.80000", "2007-12-31": "87.90000", "2006-12-31": "32.50000", "2005-12-31": "126.00000"}, "Long-Term Investments": {"2020-12-31": "", "2019-12-31": "", "2018-12-31": "", "2017-12-31": "", "2016-12-31": "", "2015-12-31": "", "2014-12-31": "", "2013-12-31": "", "2012-12-31": "", "2011-12-31": "", "2010-12-31": "", "2009-12-31": "", "2008-12-31": "17.90000", "2007-12-31": "26.30000", "2006-12-31": "32.50000", "2005-12-31": "68.20000"}, "Goodwill And Intangible Assets": {"2020-12-31": "8526.90000", "2019-12-31": "7937.20000", "2018-12-31": "6398.60000", "2017-12-31": "5809.40000", "2016-12-31": "5395.10000", "2015-12-31": "5361.70000", "2014-12-31": "5225.60000", "2013-12-31": "3224.00000", "2012-12-31": "2282.30000", "2011-12-31": "1716.80000", "2010-12-31": "1367.20000", "2009-12-31": "1180.70000", "2008-12-31": "1057.60000", "2007-12-31": "756.20000", "2006-12-31": "529.70000", "2005-12-31": "418.20000"}, "Other Long-Term Assets": {"2020-12-31": "769.90000", "2019-12-31": "773.60000", "2018-12-31": "573.60000", "2017-12-31": "567.10000", "2016-12-31": "504.30000", "2015-12-31": "442.60000", "2014-12-31": "385.20000", "2013-12-31": "320.70000", "2012-12-31": "283.30000", "2011-12-31": "235.80000", "2010-12-31": "181.80000", "2009-12-31": "177.80000", "2008-12-31": "104.10000", "2007-12-31": "118.00000", "2006-12-31": "162.40000", "2005-12-31": "139.20000"}, "Total Long-Term Assets": {"2020-12-31": "11207.20000", "2019-12-31": "10517.30000", "2018-12-31": "8215.30000", "2017-12-31": "7640.30000", "2016-12-31": "7073.50000", "2015-12-31": "6696.80000", "2014-12-31": "6198.80000", "2013-12-31": "3984.90000", "2012-12-31": "2922.80000", "2011-12-31": "2284.10000", "2010-12-31": "1870.00000", "2009-12-31": "1710.30000", "2008-12-31": "1569.30000", "2007-12-31": "1281.00000", "2006-12-31": "1043.90000", "2005-12-31": "987.70000"}, "Total Assets": {"2020-12-31": "22331.40000", "2019-12-31": "19634.80000", "2018-12-31": "16334.00000", "2017-12-31": "14909.70000", "2016-12-31": "11489.60000", "2015-12-31": "10910.50000", "2014-12-31": "10010.00000", "2013-12-31": "6860.50000", "2012-12-31": "5352.30000", "2011-12-31": "4483.50000", "2010-12-31": "3596.00000", "2009-12-31": "3250.30000", "2008-12-31": "3271.30000", "2007-12-31": "3556.80000", "2006-12-31": "3420.10000", "2005-12-31": "3389.50000"}, "Total Current Liabilities": {"2020-12-31": "10135.00000", "2019-12-31": "8921.00000", "2018-12-31": "7693.60000", "2017-12-31": "6730.20000", "2016-12-31": "4611.70000", "2015-12-31": "4187.10000", "2014-12-31": "3642.70000", "2013-12-31": "3284.80000", "2012-12-31": "2362.90000", "2011-12-31": "2073.60000", "2010-12-31": "1577.30000", "2009-12-31": "1474.40000", "2008-12-31": "1858.60000", "2007-12-31": "2232.20000", "2006-12-31": "2401.30000", "2005-12-31": "2386.30000"}, "Long Term Debt": {"2020-12-31": "4266.00000", "2019-12-31": "3816.10000", "2018-12-31": "3091.40000", "2017-12-31": "2691.90000", "2016-12-31": "2144.60000", "2015-12-31": "2071.70000", "2014-12-31": "2125.00000", "2013-12-31": "825.00000", "2012-12-31": "725.00000", "2011-12-31": "675.00000", "2010-12-31": "550.00000", "2009-12-31": "550.00000", "2008-12-31": "400.00000", "2007-12-31": "400.00000", "2006-12-31": "25.90000", "2005-12-31": "107.60000"}, "Other Non-Current Liabilities": {"2020-12-31": "1311.10000", "2019-12-31": "1271.60000", "2018-12-31": "900.90000", "2017-12-31": "1112.60000", "2016-12-31": "1077.50000", "2015-12-31": "963.50000", "2014-12-31": "937.20000", "2013-12-31": "665.20000", "2012-12-31": "605.80000", "2011-12-31": "491.30000", "2010-12-31": "362.00000", "2009-12-31": "333.00000", "2008-12-31": "274.20000", "2007-12-31": "209.10000", "2006-12-31": "128.80000", "2005-12-31": "126.50000"}, "Total Long Term Liabilities": {"2020-12-31": "5963.70000", "2019-12-31": "5498.30000", "2018-12-31": "4070.70000", "2017-12-31": "3879.80000", "2016-12-31": "3222.10000", "2015-12-31": "3035.20000", "2014-12-31": "3062.20000", "2013-12-31": "1490.20000", "2012-12-31": "1330.80000", "2011-12-31": "1166.30000", "2010-12-31": "912.00000", "2009-12-31": "883.00000", "2008-12-31": "674.20000", "2007-12-31": "609.10000", "2006-12-31": "154.70000", "2005-12-31": "234.10000"}, "Total Liabilities": {"2020-12-31": "16098.70000", "2019-12-31": "14419.30000", "2018-12-31": "11764.30000", "2017-12-31": "10610.00000", "2016-12-31": "7833.80000", "2015-12-31": "7222.30000", "2014-12-31": "6704.90000", "2013-12-31": "4775.00000", "2012-12-31": "3693.70000", "2011-12-31": "3239.90000", "2010-12-31": "2489.30000", "2009-12-31": "2357.40000", "2008-12-31": "2532.80000", "2007-12-31": "2841.30000", "2006-12-31": "2556.00000", "2005-12-31": "2620.40000"}, "Common Stock Net": {"2020-12-31": "193.70000", "2019-12-31": "188.10000", "2018-12-31": "184.00000", "2017-12-31": "181.00000", "2016-12-31": "178.30000", "2015-12-31": "176.90000", "2014-12-31": "164.60000", "2013-12-31": "133.60000", "2012-12-31": "125.60000", "2011-12-31": "114.70000", "2010-12-31": "108.40000", "2009-12-31": "102.50000", "2008-12-31": "96.40000", "2007-12-31": "92.00000", "2006-12-31": "98.40000", "2005-12-31": "95.70000"}, "Retained Earnings (Accumulated Deficit)": {"2020-12-31": "2371.70000", "2019-12-31": "1901.30000", "2018-12-31": "1558.60000", "2017-12-31": "1221.80000", "2016-12-31": "916.40000", "2015-12-31": "774.50000", "2014-12-31": "676.00000", "2013-12-31": "596.40000", "2012-12-31": "510.40000", "2011-12-31": "482.90000", "2010-12-31": "488.30000", "2009-12-31": "450.30000", "2008-12-31": "452.00000", "2007-12-31": "495.90000", "2006-12-31": "475.00000", "2005-12-31": "463.70000"}, "Comprehensive Income": {"2020-12-31": "-643.60000", "2019-12-31": "-759.60000", "2018-12-31": "-785.60000", "2017-12-31": "-555.40000", "2016-12-31": "-763.60000", "2015-12-31": "-522.50000", "2014-12-31": "-260.60000", "2013-12-31": "-2.60000", "2012-12-31": "-32.80000", "2011-12-31": "-47.20000", "2010-12-31": "2.20000", "2009-12-31": "-9.00000", "2008-12-31": "-40.30000", "2007-12-31": "7.40000", "2006-12-31": "5.00000", "2005-12-31": "-6.60000"}, "Other Share Holders Equity": {"2020-12-31": "", "2019-12-31": "", "2018-12-31": "", "2017-12-31": "", "2016-12-31": "", "2015-12-31": "", "2014-12-31": "", "2013-12-31": "", "2012-12-31": "", "2011-12-31": "", "2010-12-31": "", "2009-12-31": "", "2008-12-31": "", "2007-12-31": "", "2006-12-31": "", "2005-12-31": ""}, "Share Holder Equity": {"2020-12-31": "6232.70000", "2019-12-31": "5215.50000", "2018-12-31": "4569.70000", "2017-12-31": "4299.70000", "2016-12-31": "3655.80000", "2015-12-31": "3688.20000", "2014-12-31": "3305.10000", "2013-12-31": "2085.50000", "2012-12-31": "1658.60000", "2011-12-31": "1243.60000", "2010-12-31": "1106.70000", "2009-12-31": "892.90000", "2008-12-31": "738.50000", "2007-12-31": "715.50000", "2006-12-31": "864.10000", "2005-12-31": "769.10000"}, "Total Liabilities And Share Holders Equity": {"2020-12-31": "22331.40000", "2019-12-31": "19634.80000", "2018-12-31": "16334.00000", "2017-12-31": "14909.70000", "2016-12-31": "11489.60000", "2015-12-31": "10910.50000", "2014-12-31": "10010.00000", "2013-12-31": "6860.50000", "2012-12-31": "5352.30000", "2011-12-31": "4483.50000", "2010-12-31": "3596.00000", "2009-12-31": "3250.30000", "2008-12-31": "3271.30000", "2007-12-31": "3556.80000", "2006-12-31": "3420.10000", "2005-12-31": "3389.50000"}}, "balance sheet, quarterly": {"Cash On Hand": {"2020-12-31": "3574.30000", "2020-09-30": "3474.80000", "2020-06-30": "3002.70000", "2020-03-31": "2633.20000", "2019-12-31": "2623.90000", "2019-09-30": "2607.30000", "2019-06-30": "2546.60000", "2019-03-31": "2540.80000", "2018-12-31": "2236.80000", "2018-09-30": "2260.50000", "2018-06-30": "2344.70000", "2018-03-31": "2108.70000", "2017-12-31": "2305.00000", "2017-09-30": "2180.50000", "2017-06-30": "2068.90000", "2017-03-31": "1822.00000", "2016-12-31": "1937.60000", "2016-09-30": "1928.90000", "2016-06-30": "1842.00000", "2016-03-31": "1728.90000", "2015-12-31": "1892.50000", "2015-09-30": "1719.30000", "2015-06-30": "1765.50000", "2015-03-31": "1463.40000", "2014-12-31": "1682.00000", "2014-09-30": "1632.60000", "2014-06-30": "2082.50000", "2014-03-31": "1655.10000", "2013-12-31": "1325.50000", "2013-09-30": "1211.10000", "2013-06-30": "1153.50000", "2013-03-31": "1023.10000", "2012-12-31": "1153.70000", "2012-09-30": "1110.70000", "2012-06-30": "1106.30000", "2012-03-31": "979.60000", "2011-12-31": "983.70000", "2011-09-30": "959.80000", "2011-06-30": "996.10000", "2011-03-31": "913.30000", "2010-12-31": "849.50000", "2010-09-30": "861.70000", "2010-06-30": "796.00000", "2010-03-31": "733.10000", "2009-12-31": "728.50000", "2009-09-30": "790.00000", "2009-06-30": "830.20000", "2009-03-31": "737.20000", "2008-12-31": "745.60000", "2008-09-30": "843.10000", "2008-06-30": "913.20000", "2008-03-31": "843.20000", "2007-12-31": "864.80000", "2007-09-30": "1004.50000", "2007-06-30": "945.50000", "2007-03-31": "845.20000", "2006-12-31": "846.10000", "2006-09-30": "905.90000", "2006-06-30": "859.60000", "2006-03-31": "728.30000", "2005-12-31": "879.30000", "2005-09-30": "929.20000", "2005-06-30": "801.20000", "2005-03-31": "746.20000"}, "Receivables": {"2020-12-31": "6436.00000", "2020-09-30": "6702.50000", "2020-06-30": "6873.50000", "2020-03-31": "7094.30000", "2019-12-31": "5419.20000", "2019-09-30": "5684.70000", "2019-06-30": "6007.60000", "2019-03-31": "6253.20000", "2018-12-31": "4857.50000", "2018-09-30": "4872.00000", "2018-06-30": "5142.20000", "2018-03-31": "5675.40000", "2017-12-31": "4082.80000", "2017-09-30": "2227.30000", "2017-06-30": "2374.20000", "2017-03-31": "2066.80000", "2016-12-31": "1844.80000", "2016-09-30": "1683.70000", "2016-06-30": "2038.40000", "2016-03-31": "1706.80000", "2015-12-31": "1734.00000", "2015-09-30": "1600.80000", "2015-06-30": "1764.50000", "2015-03-31": "1543.60000", "2014-12-31": "1462.50000", "2014-09-30": "1669.00000", "2014-06-30": "1997.60000", "2014-03-31": "1253.40000", "2013-12-31": "1288.80000", "2013-09-30": "1075.10000", "2013-06-30": "1245.20000", "2013-03-31": "1050.60000", "2012-12-31": "1096.10000", "2012-09-30": "1031.70000", "2012-06-30": "1367.60000", "2012-03-31": "1080.10000", "2011-12-31": "1027.10000", "2011-09-30": "982.00000", "2011-06-30": "1292.90000", "2011-03-31": "718.80000", "2010-12-31": "750.10000", "2010-09-30": "704.90000", "2010-06-30": "916.00000", "2010-03-31": "665.50000", "2009-12-31": "693.70000", "2009-09-30": "664.80000", "2009-06-30": "1034.30000", "2009-03-31": "574.90000", "2008-12-31": "826.50000", "2008-09-30": "784.00000", "2008-06-30": "1104.70000", "2008-03-31": "1063.00000", "2007-12-31": "1303.70000", "2007-09-30": "1247.80000", "2007-06-30": "1493.00000", "2007-03-31": "1306.50000", "2006-12-31": "1422.30000", "2006-09-30": "1303.10000", "2006-06-30": "1618.20000", "2006-03-31": "1282.60000", "2005-12-31": "1396.80000", "2005-09-30": "1328.60000", "2005-06-30": "1514.20000", "2005-03-31": "1311.30000"}, "Inventory": {"2020-12-31": "", "2020-09-30": "", "2020-06-30": "", "2020-03-31": "", "2019-12-31": "", "2019-09-30": "", "2019-06-30": "", "2019-03-31": "", "2018-12-31": "", "2018-09-30": "", "2018-06-30": "", "2018-03-31": "", "2017-12-31": "", "2017-09-30": "", "2017-06-30": "", "2017-03-31": "", "2016-12-31": "", "2016-09-30": "", "2016-06-30": "", "2016-03-31": "", "2015-12-31": "", "2015-09-30": "", "2015-06-30": "", "2015-03-31": "", "2014-12-31": "", "2014-09-30": "", "2014-06-30": "", "2014-03-31": "", "2013-12-31": "", "2013-09-30": "", "2013-06-30": "", "2013-03-31": "", "2012-12-31": "", "2012-09-30": "", "2012-06-30": "", "2012-03-31": "", "2011-12-31": "", "2011-09-30": "", "2011-06-30": "", "2011-03-31": "", "2010-12-31": "", "2010-09-30": "", "2010-06-30": "", "2010-03-31": "", "2009-12-31": "", "2009-09-30": "", "2009-06-30": "", "2009-03-31": "", "2008-12-31": "", "2008-09-30": "", "2008-06-30": "", "2008-03-31": "", "2007-12-31": "", "2007-09-30": "", "2007-06-30": "", "2007-03-31": "", "2006-12-31": "", "2006-09-30": "", "2006-06-30": "", "2006-03-31": "", "2005-12-31": "", "2005-09-30": "", "2005-06-30": "", "2005-03-31": ""}, "Pre-Paid Expenses": {"2020-12-31": "", "2020-09-30": "", "2020-06-30": "", "2020-03-31": "", "2019-12-31": "", "2019-09-30": "", "2019-06-30": "", "2019-03-31": "", "2018-12-31": "", "2018-09-30": "", "2018-06-30": "", "2018-03-31": "", "2017-12-31": "", "2017-09-30": "", "2017-06-30": "", "2017-03-31": "", "2016-12-31": "", "2016-09-30": "", "2016-06-30": "", "2016-03-31": "", "2015-12-31": "", "2015-09-30": "", "2015-06-30": "", "2015-03-31": "", "2014-12-31": "", "2014-09-30": "", "2014-06-30": "", "2014-03-31": "", "2013-12-31": "", "2013-09-30": "", "2013-06-30": "", "2013-03-31": "", "2012-12-31": "", "2012-09-30": "", "2012-06-30": "", "2012-03-31": "", "2011-12-31": "", "2011-09-30": "", "2011-06-30": "", "2011-03-31": "", "2010-12-31": "", "2010-09-30": "", "2010-06-30": "", "2010-03-31": "", "2009-12-31": "", "2009-09-30": "", "2009-06-30": "", "2009-03-31": "", "2008-12-31": "", "2008-09-30": "", "2008-06-30": "", "2008-03-31": "", "2007-12-31": "", "2007-09-30": "", "2007-06-30": "", "2007-03-31": "", "2006-12-31": "", "2006-09-30": "", "2006-06-30": "", "2006-03-31": "", "2005-12-31": "", "2005-09-30": "", "2005-06-30": "", "2005-03-31": ""}, "Other Current Assets": {"2020-12-31": "1113.90000", "2020-09-30": "1023.00000", "2020-06-30": "884.20000", "2020-03-31": "799.70000", "2019-12-31": "1074.40000", "2019-09-30": "1036.60000", "2019-06-30": "993.20000", "2019-03-31": "875.50000", "2018-12-31": "1024.40000", "2018-09-30": "951.50000", "2018-06-30": "878.10000", "2018-03-31": "749.20000", "2017-12-31": "881.60000", "2017-09-30": "679.60000", "2017-06-30": "664.10000", "2017-03-31": "594.40000", "2016-12-31": "633.70000", "2016-09-30": "601.10000", "2016-06-30": "605.20000", "2016-03-31": "503.80000", "2015-12-31": "587.20000", "2015-09-30": "700.00000", "2015-06-30": "731.40000", "2015-03-31": "587.80000", "2014-12-31": "666.70000", "2014-09-30": "670.80000", "2014-06-30": "360.20000", "2014-03-31": "289.50000", "2013-12-31": "261.30000", "2013-09-30": "260.50000", "2013-06-30": "203.90000", "2013-03-31": "227.70000", "2012-12-31": "179.70000", "2012-09-30": "182.50000", "2012-06-30": "157.90000", "2012-03-31": "165.30000", "2011-12-31": "188.60000", "2011-09-30": "146.90000", "2011-06-30": "127.00000", "2011-03-31": "117.70000", "2010-12-31": "126.40000", "2010-09-30": "123.30000", "2010-06-30": "111.60000", "2010-03-31": "123.30000", "2009-12-31": "117.80000", "2009-09-30": "110.80000", "2009-06-30": "116.20000", "2009-03-31": "132.40000", "2008-12-31": "129.90000", "2008-09-30": "116.70000", "2008-06-30": "114.90000", "2008-03-31": "114.60000", "2007-12-31": "107.30000", "2007-09-30": "117.80000", "2007-06-30": "106.60000", "2007-03-31": "117.20000", "2006-12-31": "107.80000", "2006-09-30": "128.90000", "2006-06-30": "122.00000", "2006-03-31": "119.20000", "2005-12-31": "125.70000", "2005-09-30": "162.00000", "2005-06-30": "160.50000", "2005-03-31": "159.50000"}, "Total Current Assets": {"2020-12-31": "11124.20000", "2020-09-30": "11200.30000", "2020-06-30": "10760.40000", "2020-03-31": "10527.20000", "2019-12-31": "9117.50000", "2019-09-30": "9328.60000", "2019-06-30": "9547.40000", "2019-03-31": "9669.50000", "2018-12-31": "8118.70000", "2018-09-30": "8084.00000", "2018-06-30": "8365.00000", "2018-03-31": "8533.30000", "2017-12-31": "7269.40000", "2017-09-30": "5087.40000", "2017-06-30": "5107.20000", "2017-03-31": "4483.20000", "2016-12-31": "4416.10000", "2016-09-30": "4213.70000", "2016-06-30": "4485.60000", "2016-03-31": "3939.50000", "2015-12-31": "4213.70000", "2015-09-30": "4020.10000", "2015-06-30": "4261.40000", "2015-03-31": "3594.80000", "2014-12-31": "3811.20000", "2014-09-30": "3972.40000", "2014-06-30": "4440.30000", "2014-03-31": "3198.00000", "2013-12-31": "2875.60000", "2013-09-30": "2546.70000", "2013-06-30": "2602.60000", "2013-03-31": "2301.40000", "2012-12-31": "2429.50000", "2012-09-30": "2324.90000", "2012-06-30": "2631.80000", "2012-03-31": "2225.00000", "2011-12-31": "2199.40000", "2011-09-30": "2088.70000", "2011-06-30": "2416.00000", "2011-03-31": "1749.80000", "2010-12-31": "1726.00000", "2010-09-30": "1689.90000", "2010-06-30": "1823.60000", "2010-03-31": "1521.90000", "2009-12-31": "1540.00000", "2009-09-30": "1565.60000", "2009-06-30": "1980.70000", "2009-03-31": "1444.50000", "2008-12-31": "1702.00000", "2008-09-30": "1743.80000", "2008-06-30": "2132.80000", "2008-03-31": "2020.80000", "2007-12-31": "2275.80000", "2007-09-30": "2370.10000", "2007-06-30": "2545.10000", "2007-03-31": "2268.90000", "2006-12-31": "2376.20000", "2006-09-30": "2337.90000", "2006-06-30": "2599.80000", "2006-03-31": "2130.10000", "2005-12-31": "2401.80000", "2005-09-30": "2419.80000", "2005-06-30": "2475.90000", "2005-03-31": "2217.00000"}, "Property, Plant, And Equipment": {"2020-12-31": "450.70000", "2020-09-30": "458.70000", "2020-06-30": "461.40000", "2020-03-31": "454.30000", "2019-12-31": "467.40000", "2019-09-30": "458.80000", "2019-06-30": "458.00000", "2019-03-31": "450.20000", "2018-12-31": "436.90000", "2018-09-30": "429.30000", "2018-06-30": "427.60000", "2018-03-31": "424.20000", "2017-12-31": "412.20000", "2017-09-30": "413.40000", "2017-06-30": "387.60000", "2017-03-31": "375.50000", "2016-12-31": "377.60000", "2016-09-30": "213.90000", "2016-06-30": "213.90000", "2016-03-31": "218.20000", "2015-12-31": "249.00000", "2015-09-30": "200.70000", "2015-06-30": "198.20000", "2015-03-31": "190.60000", "2014-12-31": "195.40000", "2014-09-30": "196.60000", "2014-06-30": "193.70000", "2014-03-31": "165.90000", "2013-12-31": "160.40000", "2013-09-30": "148.10000", "2013-06-30": "123.00000", "2013-03-31": "108.50000", "2012-12-31": "105.40000", "2012-09-30": "101.00000", "2012-06-30": "100.90000", "2012-03-31": "95.70000", "2011-12-31": "91.30000", "2011-09-30": "90.50000", "2011-06-30": "87.70000", "2011-03-31": "79.40000", "2010-12-31": "75.80000", "2010-09-30": "75.80000", "2010-06-30": "79.00000", "2010-03-31": "79.50000", "2009-12-31": "80.70000", "2009-09-30": "82.60000", "2009-06-30": "86.10000", "2009-03-31": "85.50000", "2008-12-31": "88.80000", "2008-09-30": "87.50000", "2008-06-30": "", "2008-03-31": "", "2007-12-31": "87.90000", "2007-09-30": "1.90000", "2007-06-30": "2.00000", "2007-03-31": "3.80000", "2006-12-31": "32.50000", "2006-09-30": "121.10000", "2006-06-30": "122.90000", "2006-03-31": "124.30000", "2005-12-31": "126.00000", "2005-09-30": "128.20000", "2005-06-30": "130.80000", "2005-03-31": "194.60000"}, "Long-Term Investments": {"2020-12-31": "", "2020-09-30": "", "2020-06-30": "", "2020-03-31": "", "2019-12-31": "", "2019-09-30": "", "2019-06-30": "", "2019-03-31": "", "2018-12-31": "", "2018-09-30": "", "2018-06-30": "", "2018-03-31": "", "2017-12-31": "", "2017-09-30": "", "2017-06-30": "", "2017-03-31": "", "2016-12-31": "", "2016-09-30": "", "2016-06-30": "", "2016-03-31": "", "2015-12-31": "", "2015-09-30": "", "2015-06-30": "", "2015-03-31": "", "2014-12-31": "", "2014-09-30": "", "2014-06-30": "", "2014-03-31": "", "2013-12-31": "", "2013-09-30": "", "2013-06-30": "", "2013-03-31": "", "2012-12-31": "", "2012-09-30": "", "2012-06-30": "", "2012-03-31": "", "2011-12-31": "", "2011-09-30": "", "2011-06-30": "", "2011-03-31": "", "2010-12-31": "", "2010-09-30": "", "2010-06-30": "", "2010-03-31": "", "2009-12-31": "", "2009-09-30": "25.30000", "2009-06-30": "17.70000", "2009-03-31": "17.60000", "2008-12-31": "17.90000", "2008-09-30": "22.60000", "2008-06-30": "25.10000", "2008-03-31": "25.80000", "2007-12-31": "26.30000", "2007-09-30": "27.40000", "2007-06-30": "27.40000", "2007-03-31": "29.50000", "2006-12-31": "32.50000", "2006-09-30": "57.40000", "2006-06-30": "62.00000", "2006-03-31": "66.20000", "2005-12-31": "68.20000", "2005-09-30": "89.90000", "2005-06-30": "108.60000", "2005-03-31": "129.40000"}, "Goodwill And Intangible Assets": {"2020-12-31": "8526.90000", "2020-09-30": "8027.20000", "2020-06-30": "7982.40000", "2020-03-31": "7802.00000", "2019-12-31": "7937.20000", "2019-09-30": "7388.30000", "2019-06-30": "7250.70000", "2019-03-31": "6642.30000", "2018-12-31": "6398.60000", "2018-09-30": "6273.40000", "2018-06-30": "6134.90000", "2018-03-31": "5875.90000", "2017-12-31": "5809.40000", "2017-09-30": "5831.60000", "2017-06-30": "5651.60000", "2017-03-31": "5579.00000", "2016-12-31": "5395.10000", "2016-09-30": "5392.50000", "2016-06-30": "5375.90000", "2016-03-31": "5366.30000", "2015-12-31": "5361.70000", "2015-09-30": "5321.40000", "2015-06-30": "5330.90000", "2015-03-31": "5141.60000", "2014-12-31": "5225.60000", "2014-09-30": "5067.30000", "2014-06-30": "4659.10000", "2014-03-31": "3235.80000", "2013-12-31": "3224.00000", "2013-09-30": "2689.50000", "2013-06-30": "2290.80000", "2013-03-31": "2237.10000", "2012-12-31": "2282.30000", "2012-09-30": "2096.60000", "2012-06-30": "1930.80000", "2012-03-31": "1794.00000", "2011-12-31": "1716.80000", "2011-09-30": "1648.90000", "2011-06-30": "1635.30000", "2011-03-31": "1415.40000", "2010-12-31": "1367.20000", "2010-09-30": "1260.00000", "2010-06-30": "1211.40000", "2010-03-31": "1183.40000", "2009-12-31": "1180.70000", "2009-09-30": "1160.80000", "2009-06-30": "1161.20000", "2009-03-31": "1150.00000", "2008-12-31": "1057.60000", "2008-09-30": "945.40000", "2008-06-30": "853.20000", "2008-03-31": "796.30000", "2007-12-31": "756.20000", "2007-09-30": "674.70000", "2007-06-30": "647.60000", "2007-03-31": "626.40000", "2006-12-31": "529.70000", "2006-09-30": "481.10000", "2006-06-30": "457.40000", "2006-03-31": "430.90000", "2005-12-31": "418.20000", "2005-09-30": "407.30000", "2005-06-30": "400.30000", "2005-03-31": "372.90000"}, "Other Long-Term Assets": {"2020-12-31": "769.90000", "2020-09-30": "732.50000", "2020-06-30": "727.70000", "2020-03-31": "674.40000", "2019-12-31": "773.60000", "2019-09-30": "660.80000", "2019-06-30": "670.10000", "2019-03-31": "630.70000", "2018-12-31": "573.60000", "2018-09-30": "584.60000", "2018-06-30": "586.70000", "2018-03-31": "585.70000", "2017-12-31": "567.10000", "2017-09-30": "559.60000", "2017-06-30": "561.30000", "2017-03-31": "536.20000", "2016-12-31": "504.30000", "2016-09-30": "630.40000", "2016-06-30": "606.60000", "2016-03-31": "528.00000", "2015-12-31": "442.60000", "2015-09-30": "480.40000", "2015-06-30": "487.60000", "2015-03-31": "408.50000", "2014-12-31": "385.20000", "2014-09-30": "399.00000", "2014-06-30": "397.30000", "2014-03-31": "383.00000", "2013-12-31": "320.70000", "2013-09-30": "302.30000", "2013-06-30": "270.60000", "2013-03-31": "319.60000", "2012-12-31": "283.30000", "2012-09-30": "245.90000", "2012-06-30": "232.40000", "2012-03-31": "251.50000", "2011-12-31": "235.80000", "2011-09-30": "204.90000", "2011-06-30": "208.80000", "2011-03-31": "204.00000", "2010-12-31": "181.80000", "2010-09-30": "190.10000", "2010-06-30": "186.40000", "2010-03-31": "182.60000", "2009-12-31": "177.80000", "2009-09-30": "133.90000", "2009-06-30": "128.90000", "2009-03-31": "119.30000", "2008-12-31": "104.10000", "2008-09-30": "122.90000", "2008-06-30": "216.20000", "2008-03-31": "208.80000", "2007-12-31": "118.00000", "2007-09-30": "188.40000", "2007-06-30": "185.00000", "2007-03-31": "173.10000", "2006-12-31": "162.40000", "2006-09-30": "153.70000", "2006-06-30": "149.60000", "2006-03-31": "148.30000", "2005-12-31": "139.20000", "2005-09-30": "131.20000", "2005-06-30": "129.10000", "2005-03-31": "127.90000"}, "Total Long-Term Assets": {"2020-12-31": "11207.20000", "2020-09-30": "10614.60000", "2020-06-30": "10545.80000", "2020-03-31": "10309.30000", "2019-12-31": "10517.30000", "2019-09-30": "9845.19900", "2019-06-30": "9652.89900", "2019-03-31": "8961.90000", "2018-12-31": "8215.30000", "2018-09-30": "8030.70000", "2018-06-30": "7865.50000", "2018-03-31": "7594.20000", "2017-12-31": "7640.30000", "2017-09-30": "7723.00000", "2017-06-30": "7462.40000", "2017-03-31": "7297.40000", "2016-12-31": "7073.50000", "2016-09-30": "6986.60000", "2016-06-30": "6898.70000", "2016-03-31": "6773.10000", "2015-12-31": "6696.80000", "2015-09-30": "6490.30000", "2015-06-30": "6454.70000", "2015-03-31": "6136.10000", "2014-12-31": "6198.80000", "2014-09-30": "6015.60000", "2014-06-30": "5579.00000", "2014-03-31": "4077.60000", "2013-12-31": "3984.90000", "2013-09-30": "3423.50000", "2013-06-30": "2959.50000", "2013-03-31": "2923.70000", "2012-12-31": "2922.80000", "2012-09-30": "2684.40000", "2012-06-30": "2501.80000", "2012-03-31": "2377.70000", "2011-12-31": "2284.10000", "2011-09-30": "2158.50000", "2011-06-30": "2165.90000", "2011-03-31": "1941.30000", "2010-12-31": "1870.00000", "2010-09-30": "1770.80000", "2010-06-30": "1732.20000", "2010-03-31": "1710.20000", "2009-12-31": "1710.30000", "2009-09-30": "1675.50000", "2009-06-30": "1671.80000", "2009-03-31": "1664.10000", "2008-12-31": "1569.30000", "2008-09-30": "1453.40000", "2008-06-30": "1376.70000", "2008-03-31": "1320.10000", "2007-12-31": "1281.00000", "2007-09-30": "1200.80000", "2007-06-30": "1156.60000", "2007-03-31": "1122.80000", "2006-12-31": "1043.90000", "2006-09-30": "1077.20000", "2006-06-30": "1038.50000", "2006-03-31": "1005.00000", "2005-12-31": "987.70000", "2005-09-30": "966.00010", "2005-06-30": "968.50000", "2005-03-31": "1010.70000"}, "Total Assets": {"2020-12-31": "22331.40000", "2020-09-30": "21814.90000", "2020-06-30": "21306.20000", "2020-03-31": "20836.50000", "2019-12-31": "19634.80000", "2019-09-30": "19173.80000", "2019-06-30": "19200.30000", "2019-03-31": "18631.40000", "2018-12-31": "16334.00000", "2018-09-30": "16114.70000", "2018-06-30": "16230.50000", "2018-03-31": "16127.50000", "2017-12-31": "14909.70000", "2017-09-30": "12810.40000", "2017-06-30": "12569.60000", "2017-03-31": "11780.60000", "2016-12-31": "11489.60000", "2016-09-30": "11200.30000", "2016-06-30": "11384.30000", "2016-03-31": "10712.60000", "2015-12-31": "10910.50000", "2015-09-30": "10510.40000", "2015-06-30": "10716.10000", "2015-03-31": "9730.90000", "2014-12-31": "10010.00000", "2014-09-30": "9988.00000", "2014-06-30": "10019.30000", "2014-03-31": "7275.60000", "2013-12-31": "6860.50000", "2013-09-30": "5970.20000", "2013-06-30": "5562.10000", "2013-03-31": "5225.10000", "2012-12-31": "5352.30000", "2012-09-30": "5009.30000", "2012-06-30": "5133.60000", "2012-03-31": "4602.70000", "2011-12-31": "4483.50000", "2011-09-30": "4247.20000", "2011-06-30": "4581.90000", "2011-03-31": "3691.10000", "2010-12-31": "3596.00000", "2010-09-30": "3460.70000", "2010-06-30": "3555.80000", "2010-03-31": "3232.10000", "2009-12-31": "3250.30000", "2009-09-30": "3241.10000", "2009-06-30": "3652.50000", "2009-03-31": "3108.60000", "2008-12-31": "3271.30000", "2008-09-30": "3197.20000", "2008-06-30": "3509.50000", "2008-03-31": "3340.90000", "2007-12-31": "3556.80000", "2007-09-30": "3570.90000", "2007-06-30": "3701.70000", "2007-03-31": "3391.70000", "2006-12-31": "3420.10000", "2006-09-30": "3415.10000", "2006-06-30": "3638.30000", "2006-03-31": "3135.10000", "2005-12-31": "3389.50000", "2005-09-30": "3385.80000", "2005-06-30": "3444.40000", "2005-03-31": "3227.70000"}, "Total Current Liabilities": {"2020-12-31": "10135.00000", "2020-09-30": "10117.20000", "2020-06-30": "9864.00000", "2020-03-31": "9837.80000", "2019-12-31": "8921.00000", "2019-09-30": "8910.90000", "2019-06-30": "8932.50000", "2019-03-31": "8637.90000", "2018-12-31": "7693.60000", "2018-09-30": "7422.60000", "2018-06-30": "7568.60000", "2018-03-31": "7742.40000", "2017-12-31": "6730.20000", "2017-09-30": "4705.20000", "2017-06-30": "4858.00000", "2017-03-31": "4784.70000", "2016-12-31": "4611.70000", "2016-09-30": "4398.90000", "2016-06-30": "4383.70000", "2016-03-31": "4022.40000", "2015-12-31": "4187.10000", "2015-09-30": "3729.20000", "2015-06-30": "3905.40000", "2015-03-31": "3438.70000", "2014-12-31": "3642.70000", "2014-09-30": "3769.80000", "2014-06-30": "3875.00000", "2014-03-31": "3033.60000", "2013-12-31": "3284.80000", "2013-09-30": "2577.90000", "2013-06-30": "2343.70000", "2013-03-31": "2215.10000", "2012-12-31": "2362.90000", "2012-09-30": "2090.30000", "2012-06-30": "2442.00000", "2012-03-31": "2044.20000", "2011-12-31": "2073.60000", "2011-09-30": "1943.60000", "2011-06-30": "2287.10000", "2011-03-31": "1485.30000", "2010-12-31": "1577.30000", "2010-09-30": "1532.30000", "2010-06-30": "1689.90000", "2010-03-31": "1420.50000", "2009-12-31": "1474.40000", "2009-09-30": "1630.50000", "2009-06-30": "2070.60000", "2009-03-31": "1580.10000", "2008-12-31": "1858.60000", "2008-09-30": "1818.00000", "2008-06-30": "2162.40000", "2008-03-31": "2022.40000", "2007-12-31": "2232.20000", "2007-09-30": "2180.40000", "2007-06-30": "2699.40000", "2007-03-31": "2312.50000", "2006-12-31": "2401.30000", "2006-09-30": "2329.90000", "2006-06-30": "2603.20000", "2006-03-31": "2119.40000", "2005-12-31": "2386.30000", "2005-09-30": "2390.60000", "2005-06-30": "2491.80000", "2005-03-31": "2281.70000"}, "Long Term Debt": {"2020-12-31": "4266.00000", "2020-09-30": "4265.70000", "2020-06-30": "4315.40000", "2020-03-31": "4315.10000", "2019-12-31": "3816.10000", "2019-09-30": "3815.80000", "2019-06-30": "3815.60000", "2019-03-31": "3690.30000", "2018-12-31": "3091.40000", "2018-09-30": "3141.20000", "2018-06-30": "3141.00000", "2018-03-31": "2792.10000", "2017-12-31": "2691.90000", "2017-09-30": "2741.70000", "2017-06-30": "2644.80000", "2017-03-31": "2144.70000", "2016-12-31": "2144.60000", "2016-09-30": "2044.60000", "2016-06-30": "2344.40000", "2016-03-31": "2071.80000", "2015-12-31": "2071.70000", "2015-09-30": "2125.00000", "2015-06-30": "2125.00000", "2015-03-31": "2125.00000", "2014-12-31": "2125.00000", "2014-09-30": "2125.00000", "2014-06-30": "2125.00000", "2014-03-31": "1425.00000", "2013-12-31": "825.00000", "2013-09-30": "825.00000", "2013-06-30": "925.00000", "2013-03-31": "725.00000", "2012-12-31": "725.00000", "2012-09-30": "725.00000", "2012-06-30": "675.00000", "2012-03-31": "675.00000", "2011-12-31": "675.00000", "2011-09-30": "675.00000", "2011-06-30": "675.00000", "2011-03-31": "675.00000", "2010-12-31": "550.00000", "2010-09-30": "550.00000", "2010-06-30": "550.00000", "2010-03-31": "550.00000", "2009-12-31": "550.00000", "2009-09-30": "400.00000", "2009-06-30": "400.00000", "2009-03-31": "400.00000", "2008-12-31": "400.00000", "2008-09-30": "400.00000", "2008-06-30": "400.00000", "2008-03-31": "400.00000", "2007-12-31": "400.00000", "2007-09-30": "400.00000", "2007-06-30": "", "2007-03-31": "", "2006-12-31": "25.90000", "2006-09-30": "102.70000", "2006-06-30": "104.30000", "2006-03-31": "106.00000", "2005-12-31": "107.60000", "2005-09-30": "80.70000", "2005-06-30": "81.70000", "2005-03-31": "138.30000"}, "Other Non-Current Liabilities": {"2020-12-31": "1311.10000", "2020-09-30": "1255.70000", "2020-06-30": "1218.10000", "2020-03-31": "1225.90000", "2019-12-31": "1271.60000", "2019-09-30": "1127.10000", "2019-06-30": "1101.70000", "2019-03-31": "937.10000", "2018-12-31": "900.90000", "2018-09-30": "862.10000", "2018-06-30": "931.20000", "2018-03-31": "933.70000", "2017-12-31": "1112.60000", "2017-09-30": "1191.30000", "2017-06-30": "1156.80000", "2017-03-31": "1123.90000", "2016-12-31": "1077.50000", "2016-09-30": "1015.60000", "2016-06-30": "1000.40000", "2016-03-31": "966.10000", "2015-12-31": "963.50000", "2015-09-30": "948.30000", "2015-06-30": "974.20000", "2015-03-31": "947.60000", "2014-12-31": "937.20000", "2014-09-30": "837.20000", "2014-06-30": "769.70000", "2014-03-31": "672.80000", "2013-12-31": "665.20000", "2013-09-30": "635.10000", "2013-06-30": "591.40000", "2013-03-31": "620.30000", "2012-12-31": "605.80000", "2012-09-30": "557.80000", "2012-06-30": "543.70000", "2012-03-31": "526.90000", "2011-12-31": "491.30000", "2011-09-30": "409.30000", "2011-06-30": "417.00000", "2011-03-31": "383.70000", "2010-12-31": "362.00000", "2010-09-30": "367.00000", "2010-06-30": "350.50000", "2010-03-31": "344.90000", "2009-12-31": "333.00000", "2009-09-30": "341.50000", "2009-06-30": "342.10000", "2009-03-31": "330.30000", "2008-12-31": "274.20000", "2008-09-30": "204.20000", "2008-06-30": "220.90000", "2008-03-31": "219.90000", "2007-12-31": "209.10000", "2007-09-30": "221.20000", "2007-06-30": "219.50000", "2007-03-31": "211.30000", "2006-12-31": "128.80000", "2006-09-30": "136.70000", "2006-06-30": "129.60000", "2006-03-31": "130.80000", "2005-12-31": "126.50000", "2005-09-30": "130.00000", "2005-06-30": "128.00000", "2005-03-31": "125.00000"}, "Total Long Term Liabilities": {"2020-12-31": "5963.70000", "2020-09-30": "5879.50000", "2020-06-30": "5907.70000", "2020-03-31": "5928.60000", "2019-12-31": "5498.30000", "2019-09-30": "5350.90000", "2019-06-30": "5320.00000", "2019-03-31": "5035.30000", "2018-12-31": "4070.70000", "2018-09-30": "4079.40000", "2018-06-30": "4148.80000", "2018-03-31": "3800.60000", "2017-12-31": "3879.80000", "2017-09-30": "3933.00000", "2017-06-30": "3801.60000", "2017-03-31": "3268.60000", "2016-12-31": "3222.10000", "2016-09-30": "3060.20000", "2016-06-30": "3344.80000", "2016-03-31": "3037.90000", "2015-12-31": "3035.20000", "2015-09-30": "3073.30000", "2015-06-30": "3099.20000", "2015-03-31": "3072.60000", "2014-12-31": "3062.20000", "2014-09-30": "2962.20000", "2014-06-30": "2894.70000", "2014-03-31": "2097.80000", "2013-12-31": "1490.20000", "2013-09-30": "1460.10000", "2013-06-30": "1516.40000", "2013-03-31": "1345.30000", "2012-12-31": "1330.80000", "2012-09-30": "1282.80000", "2012-06-30": "1218.70000", "2012-03-31": "1201.90000", "2011-12-31": "1166.30000", "2011-09-30": "1084.30000", "2011-06-30": "1092.00000", "2011-03-31": "1058.70000", "2010-12-31": "912.00000", "2010-09-30": "917.00000", "2010-06-30": "900.50000", "2010-03-31": "894.90000", "2009-12-31": "883.00000", "2009-09-30": "741.50000", "2009-06-30": "742.10000", "2009-03-31": "730.30000", "2008-12-31": "674.20000", "2008-09-30": "604.20000", "2008-06-30": "620.90000", "2008-03-31": "619.90000", "2007-12-31": "609.10000", "2007-09-30": "621.20000", "2007-06-30": "219.50000", "2007-03-31": "211.30000", "2006-12-31": "154.70000", "2006-09-30": "239.40000", "2006-06-30": "233.90000", "2006-03-31": "236.80000", "2005-12-31": "234.10000", "2005-09-30": "210.70000", "2005-06-30": "209.70000", "2005-03-31": "263.30000"}, "Total Liabilities": {"2020-12-31": "16098.70000", "2020-09-30": "15996.70000", "2020-06-30": "15771.70000", "2020-03-31": "15766.40000", "2019-12-31": "14419.30000", "2019-09-30": "14261.80000", "2019-06-30": "14252.50000", "2019-03-31": "13673.20000", "2018-12-31": "11764.30000", "2018-09-30": "11502.00000", "2018-06-30": "11717.40000", "2018-03-31": "11543.00000", "2017-12-31": "10610.00000", "2017-09-30": "8638.20000", "2017-06-30": "8659.60000", "2017-03-31": "8053.30000", "2016-12-31": "7833.80000", "2016-09-30": "7459.10000", "2016-06-30": "7728.50000", "2016-03-31": "7060.30000", "2015-12-31": "7222.30000", "2015-09-30": "6802.50000", "2015-06-30": "7004.60000", "2015-03-31": "6511.30000", "2014-12-31": "6704.90000", "2014-09-30": "6732.00000", "2014-06-30": "6769.70000", "2014-03-31": "5131.40000", "2013-12-31": "4775.00000", "2013-09-30": "4038.00000", "2013-06-30": "3860.10000", "2013-03-31": "3560.40000", "2012-12-31": "3693.70000", "2012-09-30": "3373.10000", "2012-06-30": "3660.70000", "2012-03-31": "3246.10000", "2011-12-31": "3239.90000", "2011-09-30": "3027.90000", "2011-06-30": "3379.10000", "2011-03-31": "2544.00000", "2010-12-31": "2489.30000", "2010-09-30": "2449.30000", "2010-06-30": "2590.40000", "2010-03-31": "2315.40000", "2009-12-31": "2357.40000", "2009-09-30": "2372.00000", "2009-06-30": "2812.70000", "2009-03-31": "2310.40000", "2008-12-31": "2532.80000", "2008-09-30": "2422.20000", "2008-06-30": "2783.30000", "2008-03-31": "2642.30000", "2007-12-31": "2841.30000", "2007-09-30": "2801.60000", "2007-06-30": "2918.90000", "2007-03-31": "2523.80000", "2006-12-31": "2556.00000", "2006-09-30": "2569.30000", "2006-06-30": "2837.10000", "2006-03-31": "2356.20000", "2005-12-31": "2620.40000", "2005-09-30": "2601.30000", "2005-06-30": "2701.50000", "2005-03-31": "2545.00000"}, "Common Stock Net": {"2020-12-31": "193.70000", "2020-09-30": "192.30000", "2020-06-30": "191.50000", "2020-03-31": "189.60000", "2019-12-31": "188.10000", "2019-09-30": "186.50000", "2019-06-30": "186.10000", "2019-03-31": "185.30000", "2018-12-31": "184.00000", "2018-09-30": "183.70000", "2018-06-30": "182.60000", "2018-03-31": "182.10000", "2017-12-31": "181.00000", "2017-09-30": "180.80000", "2017-06-30": "180.20000", "2017-03-31": "179.50000", "2016-12-31": "178.30000", "2016-09-30": "177.90000", "2016-06-30": "177.00000", "2016-03-31": "177.10000", "2015-12-31": "176.90000", "2015-09-30": "176.70000", "2015-06-30": "174.50000", "2015-03-31": "166.70000", "2014-12-31": "164.60000", "2014-09-30": "161.40000", "2014-06-30": "159.00000", "2014-03-31": "135.10000", "2013-12-31": "133.60000", "2013-09-30": "131.50000", "2013-06-30": "127.70000", "2013-03-31": "126.80000", "2012-12-31": "125.60000", "2012-09-30": "124.40000", "2012-06-30": "121.00000", "2012-03-31": "118.30000", "2011-12-31": "114.70000", "2011-09-30": "112.90000", "2011-06-30": "112.20000", "2011-03-31": "110.30000", "2010-12-31": "108.40000", "2010-09-30": "106.00000", "2010-06-30": "105.20000", "2010-03-31": "103.60000", "2009-12-31": "102.50000", "2009-09-30": "101.80000", "2009-06-30": "101.20000", "2009-03-31": "100.20000", "2008-12-31": "96.40000", "2008-09-30": "95.00000", "2008-06-30": "93.30000", "2008-03-31": "92.80000", "2007-12-31": "92.00000", "2007-09-30": "93.90000", "2007-06-30": "95.30000", "2007-03-31": "98.90000", "2006-12-31": "98.40000", "2006-09-30": "98.10000", "2006-06-30": "97.20000", "2006-03-31": "96.70000", "2005-12-31": "95.70000", "2005-09-30": "95.20000", "2005-06-30": "94.60000", "2005-03-31": "93.20000"}, "Retained Earnings (Accumulated Deficit)": {"2020-12-31": "2371.70000", "2020-09-30": "2317.30000", "2020-06-30": "2228.30000", "2020-03-31": "2161.40000", "2019-12-31": "1901.30000", "2019-09-30": "1884.20000", "2019-06-30": "1839.30000", "2019-03-31": "1810.20000", "2018-12-31": "1558.60000", "2018-09-30": "1517.60000", "2018-06-30": "1466.00000", "2018-03-31": "1426.70000", "2017-12-31": "1221.80000", "2017-09-30": "1062.10000", "2017-06-30": "1002.90000", "2017-03-31": "901.80000", "2016-12-31": "916.40000", "2016-09-30": "889.80000", "2016-06-30": "835.20000", "2016-03-31": "753.40000", "2015-12-31": "774.50000", "2015-09-30": "778.40000", "2015-06-30": "710.80000", "2015-03-31": "636.00000", "2014-12-31": "676.00000", "2014-09-30": "683.70000", "2014-06-30": "648.40000", "2014-03-31": "596.90000", "2013-12-31": "596.40000", "2013-09-30": "583.20000", "2013-06-30": "554.90000", "2013-03-31": "506.40000", "2012-12-31": "510.40000", "2012-09-30": "519.70000", "2012-06-30": "500.70000", "2012-03-31": "470.50000", "2011-12-31": "482.90000", "2011-09-30": "480.40000", "2011-06-30": "471.30000", "2011-03-31": "466.80000", "2010-12-31": "488.30000", "2010-09-30": "468.40000", "2010-06-30": "456.30000", "2010-03-31": "446.20000", "2009-12-31": "450.30000", "2009-09-30": "466.30000", "2009-06-30": "457.50000", "2009-03-31": "446.20000", "2008-12-31": "452.00000", "2008-09-30": "478.40000", "2008-06-30": "470.90000", "2008-03-31": "460.10000", "2007-12-31": "495.90000", "2007-09-30": "501.00000", "2007-06-30": "478.40000", "2007-03-31": "464.10000", "2006-12-31": "475.00000", "2006-09-30": "479.90000", "2006-06-30": "459.10000", "2006-03-31": "451.70000", "2005-12-31": "463.70000", "2005-09-30": "488.10000", "2005-06-30": "464.20000", "2005-03-31": "438.80000"}, "Comprehensive Income": {"2020-12-31": "-643.60000", "2020-09-30": "-870.40000", "2020-06-30": "-982.20000", "2020-03-31": "-1231.10000", "2019-12-31": "-759.60000", "2019-09-30": "-925.10000", "2019-06-30": "-802.50000", "2019-03-31": "-721.50000", "2018-12-31": "-785.60000", "2018-09-30": "-673.40000", "2018-06-30": "-651.40000", "2018-03-31": "-499.50000", "2017-12-31": "-555.40000", "2017-09-30": "-498.90000", "2017-06-30": "-661.90000", "2017-03-31": "-699.10000", "2016-12-31": "-763.60000", "2016-09-30": "-620.50000", "2016-06-30": "-603.50000", "2016-03-31": "-535.40000", "2015-12-31": "-522.50000", "2015-09-30": "-496.30000", "2015-06-30": "-338.70000", "2015-03-31": "-380.20000", "2014-12-31": "-260.60000", "2014-09-30": "-83.70000", "2014-06-30": "54.20000", "2014-03-31": "6.90000", "2013-12-31": "-2.60000", "2013-09-30": "-41.80000", "2013-06-30": "-72.60000", "2013-03-31": "-55.00000", "2012-12-31": "-32.80000", "2012-09-30": "-25.80000", "2012-06-30": "-48.10000", "2012-03-31": "-36.00000", "2011-12-31": "-47.20000", "2011-09-30": "-12.10000", "2011-06-30": "3.70000", "2011-03-31": "6.50000", "2010-12-31": "2.20000", "2010-09-30": "-2.60000", "2010-06-30": "-13.30000", "2010-03-31": "-9.20000", "2009-12-31": "-9.00000", "2009-09-30": "-27.80000", "2009-06-30": "-31.50000", "2009-03-31": "-41.20000", "2008-12-31": "-40.30000", "2008-09-30": "7.00000", "2008-06-30": "7.90000", "2008-03-31": "7.60000", "2007-12-31": "7.40000", "2007-09-30": "9.50000", "2007-06-30": "7.50000", "2007-03-31": "5.20000", "2006-12-31": "5.00000", "2006-09-30": "-6.00000", "2006-06-30": "-6.00000", "2006-03-31": "-6.40000", "2005-12-31": "-6.60000", "2005-09-30": "-0.10000", "2005-06-30": "-0.20000", "2005-03-31": ""}, "Other Share Holders Equity": {"2020-12-31": "", "2020-09-30": "", "2020-06-30": "", "2020-03-31": "", "2019-12-31": "", "2019-09-30": "", "2019-06-30": "", "2019-03-31": "", "2018-12-31": "", "2018-09-30": "", "2018-06-30": "", "2018-03-31": "", "2017-12-31": "", "2017-09-30": "", "2017-06-30": "", "2017-03-31": "", "2016-12-31": "", "2016-09-30": "", "2016-06-30": "", "2016-03-31": "", "2015-12-31": "", "2015-09-30": "", "2015-06-30": "", "2015-03-31": "", "2014-12-31": "", "2014-09-30": "", "2014-06-30": "", "2014-03-31": "", "2013-12-31": "", "2013-09-30": "", "2013-06-30": "", "2013-03-31": "", "2012-12-31": "", "2012-09-30": "", "2012-06-30": "", "2012-03-31": "", "2011-12-31": "", "2011-09-30": "", "2011-06-30": "", "2011-03-31": "", "2010-12-31": "", "2010-09-30": "", "2010-06-30": "", "2010-03-31": "", "2009-12-31": "", "2009-09-30": "", "2009-06-30": "", "2009-03-31": "", "2008-12-31": "", "2008-09-30": "", "2008-06-30": "", "2008-03-31": "", "2007-12-31": "", "2007-09-30": "", "2007-06-30": "", "2007-03-31": "", "2006-12-31": "", "2006-09-30": "", "2006-06-30": "", "2006-03-31": "", "2005-12-31": "", "2005-09-30": "-5.20000", "2005-06-30": "-6.00000", "2005-03-31": "-5.70000"}, "Share Holder Equity": {"2020-12-31": "6232.70000", "2020-09-30": "5818.20000", "2020-06-30": "5534.50000", "2020-03-31": "5070.10000", "2019-12-31": "5215.50000", "2019-09-30": "4912.00000", "2019-06-30": "4947.80000", "2019-03-31": "4958.20000", "2018-12-31": "4569.70000", "2018-09-30": "4612.70000", "2018-06-30": "4513.10000", "2018-03-31": "4584.50000", "2017-12-31": "4299.70000", "2017-09-30": "4172.20000", "2017-06-30": "3910.00000", "2017-03-31": "3727.30000", "2016-12-31": "3655.80000", "2016-09-30": "3741.20000", "2016-06-30": "3655.80000", "2016-03-31": "3652.30000", "2015-12-31": "3688.20000", "2015-09-30": "3707.90000", "2015-06-30": "3711.50000", "2015-03-31": "3219.60000", "2014-12-31": "3305.10000", "2014-09-30": "3256.00000", "2014-06-30": "3249.60000", "2014-03-31": "2144.20000", "2013-12-31": "2085.50000", "2013-09-30": "1932.20000", "2013-06-30": "1702.00000", "2013-03-31": "1664.70000", "2012-12-31": "1658.60000", "2012-09-30": "1636.20000", "2012-06-30": "1472.90000", "2012-03-31": "1356.60000", "2011-12-31": "1243.60000", "2011-09-30": "1219.30000", "2011-06-30": "1202.80000", "2011-03-31": "1147.10000", "2010-12-31": "1106.70000", "2010-09-30": "1011.40000", "2010-06-30": "965.40000", "2010-03-31": "916.70000", "2009-12-31": "892.90000", "2009-09-30": "869.10000", "2009-06-30": "839.80000", "2009-03-31": "798.20000", "2008-12-31": "738.50000", "2008-09-30": "775.00000", "2008-06-30": "726.20000", "2008-03-31": "698.60000", "2007-12-31": "715.50000", "2007-09-30": "769.30000", "2007-06-30": "782.80000", "2007-03-31": "867.90000", "2006-12-31": "864.10000", "2006-09-30": "845.80000", "2006-06-30": "801.20000", "2006-03-31": "778.90000", "2005-12-31": "769.10000", "2005-09-30": "784.50000", "2005-06-30": "742.90000", "2005-03-31": "682.70000"}, "Total Liabilities And Share Holders Equity": {"2020-12-31": "22331.40000", "2020-09-30": "21814.90000", "2020-06-30": "21306.20000", "2020-03-31": "20836.50000", "2019-12-31": "19634.80000", "2019-09-30": "19173.80000", "2019-06-30": "19200.30000", "2019-03-31": "18631.40000", "2018-12-31": "16334.00000", "2018-09-30": "16114.70000", "2018-06-30": "16230.50000", "2018-03-31": "16127.50000", "2017-12-31": "14909.70000", "2017-09-30": "12810.40000", "2017-06-30": "12569.60000", "2017-03-31": "11780.60000", "2016-12-31": "11489.60000", "2016-09-30": "11200.30000", "2016-06-30": "11384.30000", "2016-03-31": "10712.60000", "2015-12-31": "10910.50000", "2015-09-30": "10510.40000", "2015-06-30": "10716.10000", "2015-03-31": "9730.90000", "2014-12-31": "10010.00000", "2014-09-30": "9988.00000", "2014-06-30": "10019.30000", "2014-03-31": "7275.60000", "2013-12-31": "6860.50000", "2013-09-30": "5970.20000", "2013-06-30": "5562.10000", "2013-03-31": "5225.10000", "2012-12-31": "5352.30000", "2012-09-30": "5009.30000", "2012-06-30": "5133.60000", "2012-03-31": "4602.70000", "2011-12-31": "4483.50000", "2011-09-30": "4247.20000", "2011-06-30": "4581.90000", "2011-03-31": "3691.10000", "2010-12-31": "3596.00000", "2010-09-30": "3460.70000", "2010-06-30": "3555.80000", "2010-03-31": "3232.10000", "2009-12-31": "3250.30000", "2009-09-30": "3241.10000", "2009-06-30": "3652.50000", "2009-03-31": "3108.60000", "2008-12-31": "3271.30000", "2008-09-30": "3197.20000", "2008-06-30": "3509.50000", "2008-03-31": "3340.90000", "2007-12-31": "3556.80000", "2007-09-30": "3570.90000", "2007-06-30": "3701.70000", "2007-03-31": "3391.70000", "2006-12-31": "3420.10000", "2006-09-30": "3415.10000", "2006-06-30": "3638.30000", "2006-03-31": "3135.10000", "2005-12-31": "3389.50000", "2005-09-30": "3385.80000", "2005-06-30": "3444.40000", "2005-03-31": "3227.70000"}}, "cash flow statement": {"Net Income/Loss": {"2020-12-31": "0.00000", "2019-12-31": "715.80000", "2018-12-31": "675.90000", "2017-12-31": "516.90000", "2016-12-31": "430.30000", "2015-12-31": "389.10000", "2014-12-31": "327.50000", "2013-12-31": "268.60000", "2012-12-31": "195.00000", "2011-12-31": "144.10000", "2010-12-31": "163.30000", "2009-12-31": "133.10000", "2008-12-31": "111.40000", "2007-12-31": "154.60000", "2006-12-31": "128.40000", "2005-12-31": "39.10000"}, "Total Depreciation And Amortization - Cash Flow": {"2020-12-31": "", "2019-12-31": "474.40000", "2018-12-31": "419.00000", "2017-12-31": "385.80000", "2016-12-31": "350.80000", "2015-12-31": "334.20000", "2014-12-31": "258.90000", "2013-12-31": "178.60000", "2012-12-31": "140.40000", "2011-12-31": "115.20000", "2010-12-31": "93.10000", "2009-12-31": "85.60000", "2008-12-31": "87.40000", "2007-12-31": "71.60000", "2006-12-31": "56.40000", "2005-12-31": "54.10000"}, "Other Non-Cash Items": {"2020-12-31": "", "2019-12-31": "-156.10000", "2018-12-31": "-227.00000", "2017-12-31": "-191.70000", "2016-12-31": "-125.40000", "2015-12-31": "-105.60000", "2014-12-31": "-98.60000", "2013-12-31": "-26.70000", "2012-12-31": "-3.20000", "2011-12-31": "31.20000", "2010-12-31": "37.20000", "2009-12-31": "68.80000", "2008-12-31": "3.50000", "2007-12-31": "-4.20000", "2006-12-31": "8.70000", "2005-12-31": "-78.70000"}, "Total Non-Cash Items": {"2020-12-31": "", "2019-12-31": "318.30000", "2018-12-31": "192.00000", "2017-12-31": "194.10000", "2016-12-31": "225.40000", "2015-12-31": "228.60000", "2014-12-31": "160.30000", "2013-12-31": "151.90000", "2012-12-31": "137.20000", "2011-12-31": "146.40000", "2010-12-31": "130.30000", "2009-12-31": "154.40000", "2008-12-31": "90.90000", "2007-12-31": "67.40000", "2006-12-31": "65.10000", "2005-12-31": "-24.60000"}, "Change In Accounts Receivable": {"2020-12-31": "", "2019-12-31": "-434.70000", "2018-12-31": "-783.10000", "2017-12-31": "-47.70000", "2016-12-31": "-777.20000", "2015-12-31": "-258.90000", "2014-12-31": "69.30000", "2013-12-31": "-91.30000", "2012-12-31": "15.80000", "2011-12-31": "48.00000", "2010-12-31": "-14.50000", "2009-12-31": "21.60000", "2008-12-31": "72.50000", "2007-12-31": "143.30000", "2006-12-31": "-10.90000", "2005-12-31": "-36.10000"}, "Change In Inventories": {"2020-12-31": "", "2019-12-31": "", "2018-12-31": "", "2017-12-31": "", "2016-12-31": "", "2015-12-31": "", "2014-12-31": "", "2013-12-31": "", "2012-12-31": "", "2011-12-31": "", "2010-12-31": "", "2009-12-31": "", "2008-12-31": "", "2007-12-31": "", "2006-12-31": "", "2005-12-31": ""}, "Change In Accounts Payable": {"2020-12-31": "", "2019-12-31": "461.60000", "2018-12-31": "819.70000", "2017-12-31": "166.90000", "2016-12-31": "770.00000", "2015-12-31": "252.20000", "2014-12-31": "60.00000", "2013-12-31": "114.30000", "2012-12-31": "33.30000", "2011-12-31": "-55.80000", "2010-12-31": "-11.50000", "2009-12-31": "-83.90000", "2008-12-31": "-102.30000", "2007-12-31": "-152.20000", "2006-12-31": "16.10000", "2005-12-31": "67.20000"}, "Change In Assets/Liabilities": {"2020-12-31": "", "2019-12-31": "-54.30000", "2018-12-31": "-138.30000", "2017-12-31": "-47.60000", "2016-12-31": "-57.90000", "2015-12-31": "-124.20000", "2014-12-31": "-235.50000", "2013-12-31": "-127.50000", "2012-12-31": "-71.50000", "2011-12-31": "-1.10000", "2010-12-31": "-20.90000", "2009-12-31": "32.10000", "2008-12-31": "29.30000", "2007-12-31": "82.70000", "2006-12-31": "-69.50000", "2005-12-31": "38.40000"}, "Total Change In Assets/Liabilities": {"2020-12-31": "", "2019-12-31": "85.10000", "2018-12-31": "-102.80000", "2017-12-31": "143.20000", "2016-12-31": "-6.10000", "2015-12-31": "68.40000", "2014-12-31": "90.30000", "2013-12-31": "-57.50000", "2012-12-31": "10.80000", "2011-12-31": "-6.50000", "2010-12-31": "-64.10000", "2009-12-31": "-76.00000", "2008-12-31": "-41.70000", "2007-12-31": "30.30000", "2006-12-31": "-88.80000", "2005-12-31": "174.90000"}, "Cash Flow From Operating Activities": {"2020-12-31": "", "2019-12-31": "1119.20000", "2018-12-31": "765.10000", "2017-12-31": "854.20000", "2016-12-31": "649.60000", "2015-12-31": "686.10000", "2014-12-31": "436.60000", "2013-12-31": "372.50000", "2012-12-31": "343.00000", "2011-12-31": "284.00000", "2010-12-31": "229.50000", "2009-12-31": "211.50000", "2008-12-31": "160.60000", "2007-12-31": "252.30000", "2006-12-31": "104.70000", "2005-12-31": "189.40000"}, "Net Change In Property, Plant, And Equipment": {"2020-12-31": "", "2019-12-31": "-138.80000", "2018-12-31": "-124.40000", "2017-12-31": "-129.20000", "2016-12-31": "-217.80000", "2015-12-31": "-99.00000", "2014-12-31": "-81.50000", "2013-12-31": "-93.60000", "2012-12-31": "-51.00000", "2011-12-31": "-45.90000", "2010-12-31": "-25.10000", "2009-12-31": "-23.50000", "2008-12-31": "-32.00000", "2007-12-31": "-40.70000", "2006-12-31": "-33.00000", "2005-12-31": "-23.40000"}, "Net Change In Intangible Assets": {"2020-12-31": "", "2019-12-31": "", "2018-12-31": "", "2017-12-31": "", "2016-12-31": "", "2015-12-31": "", "2014-12-31": "", "2013-12-31": "", "2012-12-31": "", "2011-12-31": "", "2010-12-31": "", "2009-12-31": "", "2008-12-31": "", "2007-12-31": "", "2006-12-31": "", "2005-12-31": ""}, "Net Acquisitions/Divestitures": {"2020-12-31": "", "2019-12-31": "-1266.80000", "2018-12-31": "-784.80000", "2017-12-31": "-376.10000", "2016-12-31": "-243.40000", "2015-12-31": "-249.60000", "2014-12-31": "-1918.30000", "2013-12-31": "-727.70000", "2012-12-31": "-344.10000", "2011-12-31": "-264.80000", "2010-12-31": "-80.10000", "2009-12-31": "-44.60000", "2008-12-31": "-241.10000", "2007-12-31": "-215.00000", "2006-12-31": "-80.80000", "2005-12-31": "4.70000"}, "Net Change In Short-term Investments": {"2020-12-31": "", "2019-12-31": "", "2018-12-31": "", "2017-12-31": "", "2016-12-31": "", "2015-12-31": "", "2014-12-31": "", "2013-12-31": "", "2012-12-31": "", "2011-12-31": "", "2010-12-31": "", "2009-12-31": "", "2008-12-31": "", "2007-12-31": "", "2006-12-31": "", "2005-12-31": ""}, "Net Change In Long-Term Investments": {"2020-12-31": "", "2019-12-31": "-52.00000", "2018-12-31": "-15.60000", "2017-12-31": "-8.90000", "2016-12-31": "-31.90000", "2015-12-31": "-29.50000", "2014-12-31": "-20.10000", "2013-12-31": "-35.90000", "2012-12-31": "1.50000", "2011-12-31": "-14.50000", "2010-12-31": "9.40000", "2009-12-31": "-27.40000", "2008-12-31": "11.00000", "2007-12-31": "9.80000", "2006-12-31": "10.00000", "2005-12-31": "3.50000"}, "Net Change In Investments - Total": {"2020-12-31": "", "2019-12-31": "-52.00000", "2018-12-31": "-15.60000", "2017-12-31": "-8.90000", "2016-12-31": "-31.90000", "2015-12-31": "-29.50000", "2014-12-31": "-20.10000", "2013-12-31": "-35.90000", "2012-12-31": "1.50000", "2011-12-31": "-14.50000", "2010-12-31": "9.40000", "2009-12-31": "-27.40000", "2008-12-31": "11.00000", "2007-12-31": "9.80000", "2006-12-31": "10.00000", "2005-12-31": "3.50000"}, "Investing Activities - Other": {"2020-12-31": "", "2019-12-31": "81.00000", "2018-12-31": "14.50000", "2017-12-31": "3.20000", "2016-12-31": "7.80000", "2015-12-31": "9.20000", "2014-12-31": "8.20000", "2013-12-31": "5.50000", "2012-12-31": "11.40000", "2011-12-31": "14.00000", "2010-12-31": "3.20000", "2009-12-31": "0.90000", "2008-12-31": "", "2007-12-31": "", "2006-12-31": "7.90000", "2005-12-31": ""}, "Cash Flow From Investing Activities": {"2020-12-31": "", "2019-12-31": "-1376.60000", "2018-12-31": "-910.30000", "2017-12-31": "-511.00000", "2016-12-31": "-485.30000", "2015-12-31": "-368.90000", "2014-12-31": "-2011.70000", "2013-12-31": "-851.70000", "2012-12-31": "-382.20000", "2011-12-31": "-311.20000", "2010-12-31": "-92.60000", "2009-12-31": "-94.60000", "2008-12-31": "-262.10000", "2007-12-31": "-245.90000", "2006-12-31": "-95.90000", "2005-12-31": "-15.20000"}, "Net Long-Term Debt": {"2020-12-31": "", "2019-12-31": "725.00000", "2018-12-31": "400.00000", "2017-12-31": "348.00000", "2016-12-31": "326.00000", "2015-12-31": "", "2014-12-31": "1200.00000", "2013-12-31": "200.00000", "2012-12-31": "50.00000", "2011-12-31": "125.00000", "2010-12-31": "", "2009-12-31": "150.00000", "2008-12-31": "", "2007-12-31": "396.50000", "2006-12-31": "-2.90000", "2005-12-31": "-6.40000"}, "Net Current Debt": {"2020-12-31": "", "2019-12-31": "274.20020", "2018-12-31": "107.89990", "2017-12-31": "-87.39990", "2016-12-31": "70.80010", "2015-12-31": "78.90000", "2014-12-31": "-383.00000", "2013-12-31": "401.50000", "2012-12-31": "119.00000", "2011-12-31": "10.00000", "2010-12-31": "", "2009-12-31": "-132.00000", "2008-12-31": "132.00000", "2007-12-31": "", "2006-12-31": "", "2005-12-31": "1.80000"}, "Debt Issuance/Retirement Net - Total": {"2020-12-31": "", "2019-12-31": "999.20020", "2018-12-31": "507.89990", "2017-12-31": "260.60010", "2016-12-31": "396.80000", "2015-12-31": "78.90000", "2014-12-31": "817.00000", "2013-12-31": "601.50000", "2012-12-31": "169.00000", "2011-12-31": "135.00000", "2010-12-31": "", "2009-12-31": "18.00000", "2008-12-31": "132.00000", "2007-12-31": "396.50000", "2006-12-31": "-2.90000", "2005-12-31": "-4.60000"}, "Net Common Equity Issued/Repurchased": {"2020-12-31": "", "2019-12-31": "101.20000", "2018-12-31": "70.60000", "2017-12-31": "42.70000", "2016-12-31": "-55.40000", "2015-12-31": "203.30000", "2014-12-31": "997.00000", "2013-12-31": "76.20000", "2012-12-31": "80.80000", "2011-12-31": "72.70000", "2010-12-31": "35.90000", "2009-12-31": "7.30000", "2008-12-31": "21.30000", "2007-12-31": "-239.60000", "2006-12-31": "-9.20000", "2005-12-31": "25.90000"}, "Net Total Equity Issued/Repurchased": {"2020-12-31": "", "2019-12-31": "101.20000", "2018-12-31": "70.60000", "2017-12-31": "42.70000", "2016-12-31": "-55.40000", "2015-12-31": "203.30000", "2014-12-31": "997.00000", "2013-12-31": "76.20000", "2012-12-31": "80.80000", "2011-12-31": "72.70000", "2010-12-31": "35.90000", "2009-12-31": "7.30000", "2008-12-31": "21.30000", "2007-12-31": "-239.60000", "2006-12-31": "-9.20000", "2005-12-31": "25.90000"}, "Total Common And Preferred Stock Dividends Paid": {"2020-12-31": "", "2019-12-31": "-321.10000", "2018-12-31": "-301.80000", "2017-12-31": "-282.70000", "2016-12-31": "-272.20000", "2015-12-31": "-257.50000", "2014-12-31": "-223.10000", "2013-12-31": "-182.60000", "2012-12-31": "-204.40000", "2011-12-31": "-145.80000", "2010-12-31": "-133.50000", "2009-12-31": "-127.90000", "2008-12-31": "-118.50000", "2007-12-31": "-118.80000", "2006-12-31": "-114.40000", "2005-12-31": "-102.30000"}, "Financial Activities - Other": {"2020-12-31": "", "2019-12-31": "-140.90000", "2018-12-31": "-114.70000", "2017-12-31": "-68.40000", "2016-12-31": "-80.80000", "2015-12-31": "-56.40000", "2014-12-31": "-27.40000", "2013-12-31": "-15.10000", "2012-12-31": "0.50000", "2011-12-31": "3.70000", "2010-12-31": "1.40000", "2009-12-31": "-2.80000", "2008-12-31": "5.20000", "2007-12-31": "3.40000", "2006-12-31": "7.90000", "2005-12-31": ""}, "Cash Flow From Financial Activities": {"2020-12-31": "", "2019-12-31": "638.40000", "2018-12-31": "162.00000", "2017-12-31": "-47.80000", "2016-12-31": "-11.60000", "2015-12-31": "-31.70000", "2014-12-31": "1563.50000", "2013-12-31": "480.00000", "2012-12-31": "45.90000", "2011-12-31": "65.60000", "2010-12-31": "-96.20000", "2009-12-31": "-105.40000", "2008-12-31": "40.00000", "2007-12-31": "41.50000", "2006-12-31": "-118.60000", "2005-12-31": "-81.00000"}, "Net Cash Flow": {"2020-12-31": "", "2019-12-31": "387.10000", "2018-12-31": "-68.20000", "2017-12-31": "367.40000", "2016-12-31": "45.10000", "2015-12-31": "210.50000", "2014-12-31": "16.30000", "2013-12-31": "-4.00000", "2012-12-31": "10.90000", "2011-12-31": "41.40000", "2010-12-31": "43.90000", "2009-12-31": "11.50000", "2008-12-31": "-61.50000", "2007-12-31": "47.90000", "2006-12-31": "-109.80000", "2005-12-31": "93.20000"}, "Stock-Based Compensation": {"2020-12-31": "", "2019-12-31": "61.20000", "2018-12-31": "55.30000", "2017-12-31": "50.80000", "2016-12-31": "43.20000", "2015-12-31": "33.90000", "2014-12-31": "33.50000", "2013-12-31": "26.70000", "2012-12-31": "15.80000", "2011-12-31": "21.10000", "2010-12-31": "15.60000", "2009-12-31": "16.10000", "2008-12-31": "18.30000", "2007-12-31": "19.00000", "2006-12-31": "24.60000", "2005-12-31": "16.10000"}, "Common Stock Dividends Paid": {"2020-12-31": "", "2019-12-31": "-321.10000", "2018-12-31": "-301.80000", "2017-12-31": "-282.70000", "2016-12-31": "-272.20000", "2015-12-31": "-257.50000", "2014-12-31": "-223.10000", "2013-12-31": "-182.60000", "2012-12-31": "-204.40000", "2011-12-31": "-145.80000", "2010-12-31": "-133.50000", "2009-12-31": "-127.90000", "2008-12-31": "-118.50000", "2007-12-31": "-118.80000", "2006-12-31": "-114.40000", "2005-12-31": "-102.30000"}}, "cash flow statement, quarterly": {"Net Income/Loss": {"2020-12-31": -705, "2020-09-30": 187.8, "2020-06-30": 161.8, "2020-03-31": "355.40000", "2019-12-31": 105.6, "2019-09-30": 137.1, "2019-06-30": 121.4, "2019-03-31": "351.70000", "2018-12-31": 127.8, "2018-09-30": 138.4, "2018-06-30": 123.7, "2018-03-31": "286.00000", "2017-12-31": 78.5, "2017-09-30": 118.1, "2017-06-30": 78.3, "2017-03-31": "242.00000", "2016-12-31": 86.3, "2016-09-30": 130.4, "2016-06-30": 155.7, "2016-03-31": "57.90000", "2015-12-31": 68.2, "2015-09-30": 140.9, "2015-06-30": 147.6, "2015-03-31": "32.40000", "2014-12-31": 75.6, "2014-09-30": 93.6, "2014-06-30": 109, "2014-03-31": "49.30000", "2013-12-31": 60, "2013-09-30": 74.6, "2013-06-30": 93.5, "2013-03-31": "40.50000", "2012-12-31": 33.5, "2012-09-30": 61.7, "2012-06-30": 71.7, "2012-03-31": "28.10000", "2011-12-31": 40.5, "2011-09-30": 46.7, "2011-06-30": 41.7, "2011-03-31": "15.20000", "2010-12-31": 46, "2010-09-30": 46.2, "2010-06-30": 41.9, "2010-03-31": "29.20000", "2009-12-31": 19.4, "2009-09-30": 41.6, "2009-06-30": 43.8, "2009-03-31": "28.30000", "2008-12-31": 11.7, "2008-09-30": 41.7, "2008-06-30": 41.7, "2008-03-31": "16.30000", "2007-12-31": 35.1, "2007-09-30": 52.4, "2007-06-30": 45.8, "2007-03-31": "21.30000", "2006-12-31": 24.5, "2006-09-30": 50.2, "2006-06-30": 36.6, "2006-03-31": "17.10000", "2005-12-31": 18, "2005-09-30": 50.5, "2005-06-30": 44.2, "2005-03-31": "-73.60000"}, "Total Depreciation And Amortization - Cash Flow": {"2020-12-31": -428.9, "2020-09-30": 133.9, "2020-06-30": 122.6, "2020-03-31": "172.40000", "2019-12-31": 129.6, "2019-09-30": 119.3, "2019-06-30": 115, "2019-03-31": "110.50000", "2018-12-31": 109.8, "2018-09-30": 106.2, "2018-06-30": 104.2, "2018-03-31": "98.80000", "2017-12-31": 96.6, "2017-09-30": 100.1, "2017-06-30": 95.3, "2017-03-31": "93.80000", "2016-12-31": 89.3, "2016-09-30": 88.9, "2016-06-30": 88.6, "2016-03-31": "84.00000", "2015-12-31": 93.8, "2015-09-30": 81.9, "2015-06-30": 82.3, "2015-03-31": "76.20000", "2014-12-31": 73.6, "2014-09-30": 72.9, "2014-06-30": 59.5, "2014-03-31": "52.90000", "2013-12-31": 50.3, "2013-09-30": 45.1, "2013-06-30": 42.8, "2013-03-31": "40.40000", "2012-12-31": 36.7, "2012-09-30": 36.5, "2012-06-30": 36.4, "2012-03-31": "30.80000", "2011-12-31": 33.9, "2011-09-30": 29.4, "2011-06-30": 27.4, "2011-03-31": "24.50000", "2010-12-31": 24.1, "2010-09-30": 22.8, "2010-06-30": 24.6, "2010-03-31": "21.60000", "2009-12-31": 22.4, "2009-09-30": 21.5, "2009-06-30": 21.6, "2009-03-31": "20.10000", "2008-12-31": 21.6, "2008-09-30": 18.3, "2008-06-30": 18.3, "2008-03-31": "29.20000", "2007-12-31": 26.1, "2007-09-30": 14.8, "2007-06-30": 15.2, "2007-03-31": "15.50000", "2006-12-31": 15.7, "2006-09-30": 14.8, "2006-06-30": 13, "2006-03-31": "12.90000", "2005-12-31": 12.8, "2005-09-30": 13.2, "2005-06-30": 14.3, "2005-03-31": "13.80000"}, "Other Non-Cash Items": {"2020-12-31": 149.5, "2020-09-30": -12.4, "2020-06-30": -15.8, "2020-03-31": "-121.30000", "2019-12-31": -4.5, "2019-09-30": -29.7, "2019-06-30": -8.9, "2019-03-31": "-113.00000", "2018-12-31": -34.6, "2018-09-30": -46.7, "2018-06-30": -82.5, "2018-03-31": "-63.20000", "2017-12-31": -86.9, "2017-09-30": -37.9, "2017-06-30": -36, "2017-03-31": "-30.90000", "2016-12-31": -32.4, "2016-09-30": -49.8, "2016-06-30": -27.9, "2016-03-31": "-15.30000", "2015-12-31": -38.3, "2015-09-30": -42.3, "2015-06-30": -40.1, "2015-03-31": "15.10000", "2014-12-31": -61.8, "2014-09-30": 6.5, "2014-06-30": -18.3, "2014-03-31": "-25.00000", "2013-12-31": 10, "2013-09-30": -8.6, "2013-06-30": -18.4, "2013-03-31": "-9.70000", "2012-12-31": -18.9, "2012-09-30": 9.8, "2012-06-30": -0.3, "2012-03-31": "6.20000", "2011-12-31": -6.7, "2011-09-30": 19.5, "2011-06-30": 12, "2011-03-31": "6.40000", "2010-12-31": 16.5, "2010-09-30": 3.9, "2010-06-30": 12.2, "2010-03-31": "4.60000", "2009-12-31": 8.1, "2009-09-30": 24.2, "2009-06-30": 21, "2009-03-31": "15.50000", "2008-12-31": 5.2, "2008-09-30": 5, "2008-06-30": 15.2, "2008-03-31": "-21.90000", "2007-12-31": -2.1, "2007-09-30": -2.1, "2007-06-30": -56, "2007-03-31": "56.00000", "2006-12-31": -14.8, "2006-09-30": 6.3, "2006-06-30": 7, "2006-03-31": "10.20000", "2005-12-31": -17.1, "2005-09-30": -10.7, "2005-06-30": -22.3, "2005-03-31": "-28.60000"}, "Total Non-Cash Items": {"2020-12-31": -279.4, "2020-09-30": 121.5, "2020-06-30": 106.8, "2020-03-31": "51.10000", "2019-12-31": 125.1, "2019-09-30": 89.6, "2019-06-30": 106.1, "2019-03-31": "-2.50000", "2018-12-31": 75.2, "2018-09-30": 59.5, "2018-06-30": 21.7, "2018-03-31": "35.60000", "2017-12-31": 9.7, "2017-09-30": 62.2, "2017-06-30": 59.3, "2017-03-31": "62.90000", "2016-12-31": 56.9, "2016-09-30": 39.1, "2016-06-30": 60.7, "2016-03-31": "68.70000", "2015-12-31": 55.5, "2015-09-30": 39.6, "2015-06-30": 42.2, "2015-03-31": "91.30000", "2014-12-31": 11.8, "2014-09-30": 79.4, "2014-06-30": 41.2, "2014-03-31": "27.90000", "2013-12-31": 60.3, "2013-09-30": 36.5, "2013-06-30": 24.4, "2013-03-31": "30.70000", "2012-12-31": 17.8, "2012-09-30": 46.3, "2012-06-30": 36.1, "2012-03-31": "37.00000", "2011-12-31": 27.2, "2011-09-30": 48.9, "2011-06-30": 39.4, "2011-03-31": "30.90000", "2010-12-31": 40.6, "2010-09-30": 26.7, "2010-06-30": 36.8, "2010-03-31": "26.20000", "2009-12-31": 30.5, "2009-09-30": 45.7, "2009-06-30": 42.6, "2009-03-31": "35.60000", "2008-12-31": 26.8, "2008-09-30": 23.3, "2008-06-30": 33.5, "2008-03-31": "7.30000", "2007-12-31": 24, "2007-09-30": 12.7, "2007-06-30": -40.8, "2007-03-31": "71.50000", "2006-12-31": 0.9, "2006-09-30": 21.1, "2006-06-30": 20, "2006-03-31": "23.10000", "2005-12-31": -4.3, "2005-09-30": 2.5, "2005-06-30": -8, "2005-03-31": "-14.80000"}, "Change In Accounts Receivable": {"2020-12-31": 1297.9, "2020-09-30": 271.2, "2020-06-30": 486.7, "2020-03-31": "-2055.80000", "2019-12-31": 397.4, "2019-09-30": 276.9, "2019-06-30": 176.6, "2019-03-31": "-1285.60000", "2018-12-31": -0.8, "2018-09-30": 315, "2018-06-30": 408.1, "2018-03-31": "-1505.40000", "2017-12-31": 752.4, "2017-09-30": 734.3, "2017-06-30": 25, "2017-03-31": "-1559.40000", "2016-12-31": -762.8, "2016-09-30": 396.2, "2016-06-30": -366.4, "2016-03-31": "-44.20000", "2015-12-31": -116.6, "2015-09-30": 151.2, "2015-06-30": -197.7, "2015-03-31": "-95.80000", "2014-12-31": 143.2, "2014-09-30": 96.3, "2014-06-30": -211.3, "2014-03-31": "41.10000", "2013-12-31": -142.3, "2013-09-30": 219.2, "2013-06-30": -183.1, "2013-03-31": "14.90000", "2012-12-31": -51.4, "2012-09-30": 366.9, "2012-06-30": -266.7, "2012-03-31": "-33.00000", "2011-12-31": -40.6, "2011-09-30": 302.7, "2011-06-30": -259.6, "2011-03-31": "45.50000", "2010-12-31": -25.8, "2010-09-30": 214.5, "2010-06-30": -236.5, "2010-03-31": "33.30000", "2009-12-31": -33.5, "2009-09-30": 363.2, "2009-06-30": -459.7, "2009-03-31": "151.60000", "2008-12-31": -26.2, "2008-09-30": 313.9, "2008-06-30": -294.6, "2008-03-31": "79.40000", "2007-12-31": -42.7, "2007-09-30": 239.2, "2007-06-30": -176.7, "2007-03-31": "123.50000", "2006-12-31": -114.9, "2006-09-30": 316.6, "2006-06-30": -324.2, "2006-03-31": "111.60000", "2005-12-31": -71, "2005-09-30": 180.9, "2005-06-30": -198.7, "2005-03-31": "52.70000"}, "Change In Inventories": {"2020-12-31": 0, "2020-09-30": 0, "2020-06-30": 0, "2020-03-31": "", "2019-12-31": 0, "2019-09-30": 0, "2019-06-30": 0, "2019-03-31": "", "2018-12-31": 0, "2018-09-30": 0, "2018-06-30": 0, "2018-03-31": "", "2017-12-31": 0, "2017-09-30": 0, "2017-06-30": 0, "2017-03-31": "", "2016-12-31": 0, "2016-09-30": 0, "2016-06-30": 0, "2016-03-31": "", "2015-12-31": 0, "2015-09-30": 0, "2015-06-30": 0, "2015-03-31": "", "2014-12-31": 0, "2014-09-30": 0, "2014-06-30": 0, "2014-03-31": "", "2013-12-31": 0, "2013-09-30": 0, "2013-06-30": 0, "2013-03-31": "", "2012-12-31": 0, "2012-09-30": 0, "2012-06-30": 0, "2012-03-31": "", "2011-12-31": 0, "2011-09-30": 0, "2011-06-30": 0, "2011-03-31": "", "2010-12-31": 0, "2010-09-30": 0, "2010-06-30": 0, "2010-03-31": "", "2009-12-31": 0, "2009-09-30": 0, "2009-06-30": 0, "2009-03-31": "", "2008-12-31": 0, "2008-09-30": 0, "2008-06-30": 0, "2008-03-31": "", "2007-12-31": 0, "2007-09-30": 0, "2007-06-30": 0, "2007-03-31": "", "2006-12-31": 0, "2006-09-30": 0, "2006-06-30": 0, "2006-03-31": "", "2005-12-31": 0, "2005-09-30": 0, "2005-06-30": 0, "2005-03-31": ""}, "Change In Accounts Payable": {"2020-12-31": -1596, "2020-09-30": -127.6, "2020-06-30": -139.5, "2020-03-31": "1863.10000", "2019-12-31": -381.7, "2019-09-30": -235.9, "2019-06-30": 202.3, "2019-03-31": "876.90000", "2018-12-31": 90.6, "2018-09-30": -377.8, "2018-06-30": 127.5, "2018-03-31": "979.40000", "2017-12-31": -588.7, "2017-09-30": -623.8, "2017-06-30": 260.4, "2017-03-31": "1119.00000", "2016-12-31": 681.6, "2016-09-30": -385.3, "2016-06-30": 587.9, "2016-03-31": "-114.20000", "2015-12-31": 33.5, "2015-09-30": -105.8, "2015-06-30": 405.9, "2015-03-31": "-81.40000", "2014-12-31": 21, "2014-09-30": -5.7, "2014-06-30": 239.8, "2014-03-31": "-195.10000", "2013-12-31": 121.5, "2013-09-30": -178.4, "2013-06-30": 206.8, "2013-03-31": "-35.60000", "2012-12-31": 88.8, "2012-09-30": -405.9, "2012-06-30": 366.8, "2012-03-31": "-16.40000", "2011-12-31": 24.4, "2011-09-30": -342, "2011-06-30": 315.2, "2011-03-31": "-53.40000", "2010-12-31": -68.2, "2010-09-30": -165.6, "2010-06-30": 247.6, "2010-03-31": "-25.30000", "2009-12-31": -42.7, "2009-09-30": -375.9, "2009-06-30": 517.2, "2009-03-31": "-182.50000", "2008-12-31": -36, "2008-09-30": -379.8, "2008-06-30": 326.1, "2008-03-31": "-12.60000", "2007-12-31": 13.4, "2007-09-30": -339.5, "2007-06-30": 283.5, "2007-03-31": "-109.60000", "2006-12-31": 2.5, "2006-09-30": -288.4, "2006-06-30": 414.9, "2006-03-31": "-112.90000", "2005-12-31": -35, "2005-09-30": -116.7, "2005-06-30": 234.6, "2005-03-31": "-15.70000"}, "Change In Assets/Liabilities": {"2020-12-31": -49.7, "2020-09-30": -95, "2020-06-30": -54.5, "2020-03-31": "199.20000", "2019-12-31": -54.5, "2019-09-30": -34.7, "2019-06-30": -101.9, "2019-03-31": "136.80000", "2018-12-31": -81.6, "2018-09-30": -24.4, "2018-06-30": -168.3, "2018-03-31": "136.00000", "2017-12-31": -71, "2017-09-30": -19.4, "2017-06-30": -48.7, "2017-03-31": "91.50000", "2016-12-31": 45.6, "2016-09-30": 44.6, "2016-06-30": -309.5, "2016-03-31": "161.40000", "2015-12-31": -4.4, "2015-09-30": 51.4, "2015-06-30": -396.2, "2015-03-31": "225.00000", "2014-12-31": -39.1, "2014-09-30": -229.5, "2014-06-30": -15.9, "2014-03-31": "49.00000", "2013-12-31": -2.5, "2013-09-30": -10, "2013-06-30": -75.8, "2013-03-31": "-39.20000", "2012-12-31": 12, "2012-09-30": 24.2, "2012-06-30": -137.1, "2012-03-31": "29.40000", "2011-12-31": -0.2, "2011-09-30": 21.6, "2011-06-30": -44.5, "2011-03-31": "22.00000", "2010-12-31": 34.7, "2010-09-30": -13.7, "2010-06-30": -37.4, "2010-03-31": "-4.50000", "2009-12-31": 43.3, "2009-09-30": 40.3, "2009-06-30": -24.8, "2009-03-31": "-26.70000", "2008-12-31": 40.7, "2008-09-30": 86.9, "2008-06-30": -25, "2008-03-31": "-73.30000", "2007-12-31": 94.5, "2007-09-30": 72.1, "2007-06-30": -38.5, "2007-03-31": "-45.40000", "2006-12-31": 50.5, "2006-09-30": -50.3, "2006-06-30": -90.2, "2006-03-31": "20.50000", "2005-12-31": 111.7, "2005-09-30": -54, "2005-06-30": -18.9, "2005-03-31": "-0.40000"}, "Total Change In Assets/Liabilities": {"2020-12-31": -403.2, "2020-09-30": 276.1, "2020-06-30": 425.0001, "2020-03-31": "-297.90010", "2019-12-31": 119.4, "2019-09-30": 122.8, "2019-06-30": 288.3, "2019-03-31": "-445.40000", "2018-12-31": 57.5, "2018-09-30": -6.6, "2018-06-30": 385.5, "2018-03-31": "-539.20000", "2017-12-31": 172.8, "2017-09-30": 152, "2017-06-30": 107.8, "2017-03-31": "-289.40000", "2016-12-31": 90.1, "2016-09-30": 78.2, "2016-06-30": -155, "2016-03-31": "-19.40000", "2015-12-31": 86.1, "2015-09-30": 148.2, "2015-06-30": -223.4, "2015-03-31": "57.50000", "2014-12-31": 199.7, "2014-09-30": -71, "2014-06-30": -38.9, "2014-03-31": "0.50000", "2013-12-31": -35.9, "2013-09-30": 93.7, "2013-06-30": -95.3, "2013-03-31": "-20.00000", "2012-12-31": 112.3, "2012-09-30": 8.4, "2012-06-30": 4.8, "2012-03-31": "-114.70000", "2011-12-31": 30.7, "2011-09-30": -6.3, "2011-06-30": 23.6, "2011-03-31": "-54.50000", "2010-12-31": -69.5, "2010-09-30": 49.9, "2010-06-30": 7.4, "2010-03-31": "-51.90000", "2009-12-31": -36.1, "2009-09-30": 32.8, "2009-06-30": 25.2, "2009-03-31": "-97.90000", "2008-12-31": -20.3, "2008-09-30": 58.4, "2008-06-30": 7.2, "2008-03-31": "-87.00000", "2007-12-31": 38.8, "2007-09-30": 16.3, "2007-06-30": 109.2, "2007-03-31": "-134.00000", "2006-12-31": 4.1, "2006-09-30": 24.5, "2006-06-30": 10.8, "2006-03-31": "-128.20000", "2005-12-31": 45.3, "2005-09-30": 31.2, "2005-06-30": -10, "2005-03-31": "108.40000"}, "Cash Flow From Operating Activities": {"2020-12-31": -1387.6, "2020-09-30": 585.4, "2020-06-30": 693.6, "2020-03-31": "108.60000", "2019-12-31": 350.1, "2019-09-30": 349.5, "2019-06-30": 515.8, "2019-03-31": "-96.20000", "2018-12-31": 260.5, "2018-09-30": 191.3, "2018-06-30": 530.9, "2018-03-31": "-217.60000", "2017-12-31": 261, "2017-09-30": 332.3, "2017-06-30": 245.4, "2017-03-31": "15.50000", "2016-12-31": 280.7, "2016-09-30": 239.5, "2016-06-30": 29.4, "2016-03-31": "100.00000", "2015-12-31": 359.6, "2015-09-30": 238, "2015-06-30": -24.8, "2015-03-31": "113.30000", "2014-12-31": 178.4, "2014-09-30": 35.4, "2014-06-30": 138.7, "2014-03-31": "84.10000", "2013-12-31": 93.9, "2013-09-30": 204.8, "2013-06-30": 22.6, "2013-03-31": "51.20000", "2012-12-31": 163.6, "2012-09-30": 116.4, "2012-06-30": 112.6, "2012-03-31": "-49.60000", "2011-12-31": 98.4, "2011-09-30": 89.3, "2011-06-30": 104.7, "2011-03-31": "-8.40000", "2010-12-31": 17.1, "2010-09-30": 122.8, "2010-06-30": 86.1, "2010-03-31": "3.50000", "2009-12-31": 15.9, "2009-09-30": 118, "2009-06-30": 111.6, "2009-03-31": "-34.00000", "2008-12-31": 39.6, "2008-09-30": 102, "2008-06-30": 82.4, "2008-03-31": "-63.40000", "2007-12-31": 103.2, "2007-09-30": 76.1, "2007-06-30": 114.2, "2007-03-31": "-41.20000", "2006-12-31": 30.6, "2006-09-30": 100, "2006-06-30": 68.2, "2006-03-31": "-94.10000", "2005-12-31": 33.3, "2005-09-30": 102.2, "2005-06-30": 40, "2005-03-31": "13.90000"}, "Net Change In Property, Plant, And Equipment": {"2020-12-31": 79.5, "2020-09-30": -20.7, "2020-06-30": -29.3, "2020-03-31": "-29.50000", "2019-12-31": -31.1, "2019-09-30": -32.4, "2019-06-30": -36, "2019-03-31": "-39.30000", "2018-12-31": -33.6, "2018-09-30": -28.1, "2018-06-30": -31.6, "2018-03-31": "-31.10000", "2017-12-31": -35.4, "2017-09-30": -28.2, "2017-06-30": -36.3, "2017-03-31": "-29.30000", "2016-12-31": -79, "2016-09-30": -35.7, "2016-06-30": -41.2, "2016-03-31": "-61.90000", "2015-12-31": -27.2, "2015-09-30": -26.3, "2015-06-30": -27.7, "2015-03-31": "-17.80000", "2014-12-31": -21.8, "2014-09-30": -17.6, "2014-06-30": -22.3, "2014-03-31": "-19.80000", "2013-12-31": -23.8, "2013-09-30": -33.9, "2013-06-30": -26.6, "2013-03-31": "-9.30000", "2012-12-31": -14.9, "2012-09-30": -9.5, "2012-06-30": -13.6, "2012-03-31": "-13.00000", "2011-12-31": -10.6, "2011-09-30": -13, "2011-06-30": -14, "2011-03-31": "-8.30000", "2010-12-31": -7, "2010-09-30": -5.1, "2010-06-30": -7, "2010-03-31": "-6.00000", "2009-12-31": -5.9, "2009-09-30": -4.1, "2009-06-30": -8.2, "2009-03-31": "-5.30000", "2008-12-31": -7, "2008-09-30": -8.6, "2008-06-30": -8.2, "2008-03-31": "-8.20000", "2007-12-31": -14.7, "2007-09-30": -8.9, "2007-06-30": -7.2, "2007-03-31": "-9.90000", "2006-12-31": -5.5, "2006-09-30": -8.5, "2006-06-30": -9.6, "2006-03-31": "-9.40000", "2005-12-31": -9, "2005-09-30": -3.2, "2005-06-30": -6.5, "2005-03-31": "-4.70000"}, "Net Change In Intangible Assets": {"2020-12-31": 0, "2020-09-30": 0, "2020-06-30": 0, "2020-03-31": "", "2019-12-31": 0, "2019-09-30": 0, "2019-06-30": 0, "2019-03-31": "", "2018-12-31": 0, "2018-09-30": 0, "2018-06-30": 0, "2018-03-31": "", "2017-12-31": 0, "2017-09-30": 0, "2017-06-30": 0, "2017-03-31": "", "2016-12-31": 0, "2016-09-30": 0, "2016-06-30": 0, "2016-03-31": "", "2015-12-31": 0, "2015-09-30": 0, "2015-06-30": 0, "2015-03-31": "", "2014-12-31": 0, "2014-09-30": 0, "2014-06-30": 0, "2014-03-31": "", "2013-12-31": 0, "2013-09-30": 0, "2013-06-30": 0, "2013-03-31": "", "2012-12-31": 0, "2012-09-30": 0, "2012-06-30": 0, "2012-03-31": "", "2011-12-31": 0, "2011-09-30": 0, "2011-06-30": 0, "2011-03-31": "", "2010-12-31": 0, "2010-09-30": 0, "2010-06-30": 0, "2010-03-31": "", "2009-12-31": 0, "2009-09-30": 0, "2009-06-30": 0, "2009-03-31": "", "2008-12-31": 0, "2008-09-30": 0, "2008-06-30": 0, "2008-03-31": "", "2007-12-31": 0, "2007-09-30": 0, "2007-06-30": 0, "2007-03-31": "", "2006-12-31": 0, "2006-09-30": 0, "2006-06-30": 0, "2006-03-31": "", "2005-12-31": 0, "2005-09-30": 0, "2005-06-30": 0, "2005-03-31": ""}, "Net Acquisitions/Divestitures": {"2020-12-31": 91.3, "2020-09-30": -8.4, "2020-06-30": -6.7, "2020-03-31": "-76.20000", "2019-12-31": -315.7, "2019-09-30": -217.2, "2019-06-30": -558.3, "2019-03-31": "-175.60000", "2018-12-31": -209.3, "2018-09-30": -180.1, "2018-06-30": -338.1, "2018-03-31": "-57.30000", "2017-12-31": -73.4, "2017-09-30": -88.6, "2017-06-30": -77, "2017-03-31": "-137.10000", "2016-12-31": -96.4, "2016-09-30": -49.7, "2016-06-30": -52.8, "2016-03-31": "-44.50000", "2015-12-31": -73.1, "2015-09-30": -109.8, "2015-06-30": -44.7, "2015-03-31": "-22.00000", "2014-12-31": -83.7, "2014-09-30": -432.6, "2014-06-30": -1378.4, "2014-03-31": "-23.60000", "2013-12-31": -394.7, "2013-09-30": -219.6, "2013-06-30": -94.8, "2013-03-31": "-18.60000", "2012-12-31": -206.2, "2012-09-30": -60.8, "2012-06-30": -59.9, "2012-03-31": "-17.20000", "2011-12-31": -23, "2011-09-30": -27.3, "2011-06-30": -195.4, "2011-03-31": "-19.10000", "2010-12-31": -35.9, "2010-09-30": -19.2, "2010-06-30": -20.7, "2010-03-31": "-4.30000", "2009-12-31": -10.8, "2009-09-30": -1.9, "2009-06-30": -7.5, "2009-03-31": "-24.40000", "2008-12-31": -76, "2008-09-30": -65.2, "2008-06-30": -62.8, "2008-03-31": "-37.10000", "2007-12-31": -98.9, "2007-09-30": -18.6, "2007-06-30": -18, "2007-03-31": "-79.50000", "2006-12-31": -26.3, "2006-09-30": -15.2, "2006-06-30": -25, "2006-03-31": "-14.30000", "2005-12-31": -0.2, "2005-09-30": -2.9, "2005-06-30": 17.6, "2005-03-31": "-9.80000"}, "Net Change In Short-term Investments": {"2020-12-31": 0, "2020-09-30": 0, "2020-06-30": 0, "2020-03-31": "", "2019-12-31": 0, "2019-09-30": 0, "2019-06-30": 0, "2019-03-31": "", "2018-12-31": 0, "2018-09-30": 0, "2018-06-30": 0, "2018-03-31": "", "2017-12-31": 0, "2017-09-30": 0, "2017-06-30": 0, "2017-03-31": "", "2016-12-31": 0, "2016-09-30": 0, "2016-06-30": 0, "2016-03-31": "", "2015-12-31": 0, "2015-09-30": 0, "2015-06-30": 0, "2015-03-31": "", "2014-12-31": 0, "2014-09-30": 0, "2014-06-30": 0, "2014-03-31": "", "2013-12-31": 0, "2013-09-30": 0, "2013-06-30": 0, "2013-03-31": "", "2012-12-31": 0, "2012-09-30": 0, "2012-06-30": 0, "2012-03-31": "", "2011-12-31": 0, "2011-09-30": 0, "2011-06-30": 0, "2011-03-31": "", "2010-12-31": 0, "2010-09-30": 0, "2010-06-30": 0, "2010-03-31": "", "2009-12-31": 0, "2009-09-30": 0, "2009-06-30": 0, "2009-03-31": "", "2008-12-31": 0, "2008-09-30": 0, "2008-06-30": 0, "2008-03-31": "", "2007-12-31": 0, "2007-09-30": 0, "2007-06-30": 0, "2007-03-31": "", "2006-12-31": 0, "2006-09-30": 0, "2006-06-30": 0, "2006-03-31": "", "2005-12-31": 0, "2005-09-30": 0, "2005-06-30": 0, "2005-03-31": ""}, "Net Change In Long-Term Investments": {"2020-12-31": 1, "2020-09-30": -0.4, "2020-06-30": -0.2, "2020-03-31": "-0.40000", "2019-12-31": -51, "2019-09-30": -0.3, "2019-06-30": -0.3, "2019-03-31": "-0.40000", "2018-12-31": -15.5, "2018-09-30": -0.4, "2018-06-30": 1, "2018-03-31": "-0.70000", "2017-12-31": -0.3, "2017-09-30": -2.3, "2017-06-30": -1.1, "2017-03-31": "-5.20000", "2016-12-31": -9.6, "2016-09-30": -10.3, "2016-06-30": -5.5, "2016-03-31": "-6.50000", "2015-12-31": -8.9, "2015-09-30": -12.9, "2015-06-30": -6.4, "2015-03-31": "-1.30000", "2014-12-31": -0.6, "2014-09-30": 0.5, "2014-06-30": -16.9, "2014-03-31": "-3.10000", "2013-12-31": -4.9, "2013-09-30": -12.1, "2013-06-30": -13.6, "2013-03-31": "-5.30000", "2012-12-31": -9.2, "2012-09-30": -2.5, "2012-06-30": 0, "2012-03-31": "13.20000", "2011-12-31": -10.8, "2011-09-30": -3.8, "2011-06-30": 0, "2011-03-31": "0.10000", "2010-12-31": -3.7, "2010-09-30": -0.1, "2010-06-30": 0.3, "2010-03-31": "12.90000", "2009-12-31": -20.2, "2009-09-30": -7.5, "2009-06-30": 0.1, "2009-03-31": "0.20000", "2008-12-31": 2.7, "2008-09-30": -5.1, "2008-06-30": 10.8, "2008-03-31": "2.60000", "2007-12-31": 9.6, "2007-09-30": -0.2, "2007-06-30": 0.3, "2007-03-31": "0.10000", "2006-12-31": 16, "2006-09-30": -6.2, "2006-06-30": 0.2, "2006-03-31": "", "2005-12-31": 3.5, "2005-09-30": 0, "2005-06-30": 0, "2005-03-31": ""}, "Net Change In Investments - Total": {"2020-12-31": 1, "2020-09-30": -0.4, "2020-06-30": -0.2, "2020-03-31": "-0.40000", "2019-12-31": -51, "2019-09-30": -0.3, "2019-06-30": -0.3, "2019-03-31": "-0.40000", "2018-12-31": -15.5, "2018-09-30": -0.4, "2018-06-30": 1, "2018-03-31": "-0.70000", "2017-12-31": -0.3, "2017-09-30": -2.3, "2017-06-30": -1.1, "2017-03-31": "-5.20000", "2016-12-31": -9.6, "2016-09-30": -10.3, "2016-06-30": -5.5, "2016-03-31": "-6.50000", "2015-12-31": -8.9, "2015-09-30": -12.9, "2015-06-30": -6.4, "2015-03-31": "-1.30000", "2014-12-31": -0.6, "2014-09-30": 0.5, "2014-06-30": -16.9, "2014-03-31": "-3.10000", "2013-12-31": -4.9, "2013-09-30": -12.1, "2013-06-30": -13.6, "2013-03-31": "-5.30000", "2012-12-31": -9.2, "2012-09-30": -2.5, "2012-06-30": 0, "2012-03-31": "13.20000", "2011-12-31": -10.8, "2011-09-30": -3.8, "2011-06-30": 0, "2011-03-31": "0.10000", "2010-12-31": -3.7, "2010-09-30": -0.1, "2010-06-30": 0.3, "2010-03-31": "12.90000", "2009-12-31": -20.2, "2009-09-30": -7.5, "2009-06-30": 0.1, "2009-03-31": "0.20000", "2008-12-31": 2.7, "2008-09-30": -5.1, "2008-06-30": 10.8, "2008-03-31": "2.60000", "2007-12-31": 9.6, "2007-09-30": -0.2, "2007-06-30": 0.3, "2007-03-31": "0.10000", "2006-12-31": 16, "2006-09-30": -6.2, "2006-06-30": 0.2, "2006-03-31": "", "2005-12-31": 3.5, "2005-09-30": 0, "2005-06-30": 0, "2005-03-31": ""}, "Investing Activities - Other": {"2020-12-31": -9, "2020-09-30": 6.5, "2020-06-30": 1.4, "2020-03-31": "1.10000", "2019-12-31": 1.6, "2019-09-30": 2.3, "2019-06-30": 3.1, "2019-03-31": "74.00000", "2018-12-31": 1.9, "2018-09-30": 0.5, "2018-06-30": 9.9, "2018-03-31": "2.20000", "2017-12-31": 0.3, "2017-09-30": 0.3, "2017-06-30": 1.2, "2017-03-31": "1.40000", "2016-12-31": 0.5, "2016-09-30": 4.2, "2016-06-30": 1.4, "2016-03-31": "1.70000", "2015-12-31": 0.5, "2015-09-30": 4.3, "2015-06-30": 3.6, "2015-03-31": "0.80000", "2014-12-31": 5.1, "2014-09-30": 0.4, "2014-06-30": 0.7, "2014-03-31": "2.00000", "2013-12-31": 2.2, "2013-09-30": 0.4, "2013-06-30": 2.5, "2013-03-31": "0.40000", "2012-12-31": 2.5, "2012-09-30": 0.7, "2012-06-30": 3.5, "2012-03-31": "4.70000", "2011-12-31": 1.3, "2011-09-30": 0.8, "2011-06-30": 10.8, "2011-03-31": "1.10000", "2010-12-31": 3.2, "2010-09-30": 0, "2010-06-30": 0, "2010-03-31": "", "2009-12-31": 0.9, "2009-09-30": 0, "2009-06-30": 0, "2009-03-31": "", "2008-12-31": 0, "2008-09-30": 0, "2008-06-30": 0, "2008-03-31": "", "2007-12-31": -0.7, "2007-09-30": 0, "2007-06-30": 0, "2007-03-31": "0.70000", "2006-12-31": 7.9, "2006-09-30": 0, "2006-06-30": 0, "2006-03-31": "", "2005-12-31": -1.2, "2005-09-30": -0.8, "2005-06-30": -0.1, "2005-03-31": "2.10000"}, "Cash Flow From Investing Activities": {"2020-12-31": 162.8, "2020-09-30": -23, "2020-06-30": -34.8, "2020-03-31": "-105.00000", "2019-12-31": -396.2, "2019-09-30": -247.6, "2019-06-30": -591.5, "2019-03-31": "-141.30000", "2018-12-31": -256.5, "2018-09-30": -208.1, "2018-06-30": -358.8, "2018-03-31": "-86.90000", "2017-12-31": -108.8, "2017-09-30": -118.8, "2017-06-30": -113.2, "2017-03-31": "-170.20000", "2016-12-31": -184.5, "2016-09-30": -91.5, "2016-06-30": -98.1, "2016-03-31": "-111.20000", "2015-12-31": -108.7, "2015-09-30": -144.7, "2015-06-30": -75.2, "2015-03-31": "-40.30000", "2014-12-31": -101, "2014-09-30": -449.3, "2014-06-30": -1416.9, "2014-03-31": "-44.50000", "2013-12-31": -421.2, "2013-09-30": -265.2, "2013-06-30": -132.5, "2013-03-31": "-32.80000", "2012-12-31": -227.8, "2012-09-30": -72.1, "2012-06-30": -70, "2012-03-31": "-12.30000", "2011-12-31": -43.1, "2011-09-30": -43.3, "2011-06-30": -198.6, "2011-03-31": "-26.20000", "2010-12-31": -43.4, "2010-09-30": -24.4, "2010-06-30": -27.4, "2010-03-31": "2.60000", "2009-12-31": -36, "2009-09-30": -13.5, "2009-06-30": -15.6, "2009-03-31": "-29.50000", "2008-12-31": -80.3, "2008-09-30": -78.9, "2008-06-30": -60.2, "2008-03-31": "-42.70000", "2007-12-31": -104.7, "2007-09-30": -27.7, "2007-06-30": -24.9, "2007-03-31": "-88.60000", "2006-12-31": -7.9, "2006-09-30": -29.9, "2006-06-30": -34.4, "2006-03-31": "-23.70000", "2005-12-31": -6.9, "2005-09-30": -6.9, "2005-06-30": 11, "2005-03-31": "-12.40000"}, "Net Long-Term Debt": {"2020-12-31": -474.6, "2020-09-30": -50.2, "2020-06-30": -50.2, "2020-03-31": "575.00000", "2019-12-31": 0, "2019-09-30": 0, "2019-06-30": 125, "2019-03-31": "600.00000", "2018-12-31": -50, "2018-09-30": 0, "2018-06-30": 450, "2018-03-31": "", "2017-12-31": 0, "2017-09-30": 98, "2017-06-30": 250, "2017-03-31": "", "2016-12-31": 50, "2016-09-30": 0, "2016-06-30": 276, "2016-03-31": "", "2015-12-31": 0, "2015-09-30": 0, "2015-06-30": 0, "2015-03-31": "", "2014-12-31": 0, "2014-09-30": -100, "2014-06-30": 700, "2014-03-31": "600.00000", "2013-12-31": 0, "2013-09-30": 0, "2013-06-30": 200, "2013-03-31": "", "2012-12-31": 0, "2012-09-30": 50, "2012-06-30": 0, "2012-03-31": "", "2011-12-31": 0, "2011-09-30": 0, "2011-06-30": 0, "2011-03-31": "125.00000", "2010-12-31": 0, "2010-09-30": 0, "2010-06-30": 0, "2010-03-31": "", "2009-12-31": 150, "2009-09-30": 0, "2009-06-30": 0, "2009-03-31": "", "2008-12-31": 0, "2008-09-30": 0, "2008-06-30": 0, "2008-03-31": "", "2007-12-31": 0, "2007-09-30": 399.9, "2007-06-30": -3.2, "2007-03-31": "-0.20000", "2006-12-31": -0.7, "2006-09-30": -0.8, "2006-06-30": -0.8, "2006-03-31": "-0.60000", "2005-12-31": -2.4, "2005-09-30": -1.7, "2005-06-30": -1.6, "2005-03-31": "-0.70000"}, "Net Current Debt": {"2020-12-31": 503.1001, "2020-09-30": -20.4001, "2020-06-30": -216.2, "2020-03-31": "-266.50000", "2019-12-31": 126.0002, "2019-09-30": 103.6, "2019-06-30": 70.1, "2019-03-31": "-25.50000", "2018-12-31": 148.8999, "2018-09-30": 48.5, "2018-06-30": -229.2, "2018-03-31": "139.70000", "2017-12-31": 97.6001, "2017-09-30": -193.7, "2017-06-30": -80.5, "2017-03-31": "89.20000", "2016-12-31": 18.7001, "2016-09-30": 51.6, "2016-06-30": -66.2, "2016-03-31": "66.70000", "2015-12-31": 61.5, "2015-09-30": 32, "2015-06-30": 38.7, "2015-03-31": "-53.30000", "2014-12-31": -35.8, "2014-09-30": -108.7, "2014-06-30": -75.4, "2014-03-31": "-163.10000", "2013-12-31": 395, "2013-09-30": 135.5, "2013-06-30": -50, "2013-03-31": "-79.00000", "2012-12-31": 129, "2012-09-30": -48, "2012-06-30": -44, "2012-03-31": "82.00000", "2011-12-31": 10, "2011-09-30": -35, "2011-06-30": 35, "2011-03-31": "", "2010-12-31": 0, "2010-09-30": 0, "2010-06-30": -35, "2010-03-31": "35.00000", "2009-12-31": -131, "2009-09-30": -62, "2009-06-30": -29, "2009-03-31": "90.00000", "2008-12-31": 14, "2008-09-30": 13, "2008-06-30": 49, "2008-03-31": "56.00000", "2007-12-31": 0, "2007-09-30": -229.5, "2007-06-30": 112.5, "2007-03-31": "117.00000", "2006-12-31": 0, "2006-09-30": -35, "2006-06-30": 35, "2006-03-31": "", "2005-12-31": 0, "2005-09-30": 0, "2005-06-30": 1.3, "2005-03-31": "0.50000"}, "Debt Issuance/Retirement Net - Total": {"2020-12-31": 28.5001, "2020-09-30": -70.6001, "2020-06-30": -266.4, "2020-03-31": "308.50000", "2019-12-31": 126.0002, "2019-09-30": 103.6, "2019-06-30": 195.1, "2019-03-31": "574.50000", "2018-12-31": 98.8999, "2018-09-30": 48.5, "2018-06-30": 220.8, "2018-03-31": "139.70000", "2017-12-31": 97.6001, "2017-09-30": -95.7, "2017-06-30": 169.5, "2017-03-31": "89.20000", "2016-12-31": 68.7, "2016-09-30": 51.6, "2016-06-30": 209.8, "2016-03-31": "66.70000", "2015-12-31": 61.5, "2015-09-30": 32, "2015-06-30": 38.7, "2015-03-31": "-53.30000", "2014-12-31": -35.8, "2014-09-30": -208.7, "2014-06-30": 624.6, "2014-03-31": "436.90000", "2013-12-31": 395, "2013-09-30": 135.5, "2013-06-30": 150, "2013-03-31": "-79.00000", "2012-12-31": 129, "2012-09-30": 2, "2012-06-30": -44, "2012-03-31": "82.00000", "2011-12-31": 10, "2011-09-30": -35, "2011-06-30": 35, "2011-03-31": "125.00000", "2010-12-31": 0, "2010-09-30": 0, "2010-06-30": -35, "2010-03-31": "35.00000", "2009-12-31": 19, "2009-09-30": -62, "2009-06-30": -29, "2009-03-31": "90.00000", "2008-12-31": 14, "2008-09-30": 13, "2008-06-30": 49, "2008-03-31": "56.00000", "2007-12-31": 0, "2007-09-30": 170.4, "2007-06-30": 109.3, "2007-03-31": "116.80000", "2006-12-31": -0.7, "2006-09-30": -35.8, "2006-06-30": 34.2, "2006-03-31": "-0.60000", "2005-12-31": -2.4, "2005-09-30": -1.7, "2005-06-30": -0.3, "2005-03-31": "-0.20000"}, "Net Common Equity Issued/Repurchased": {"2020-12-31": -83.6, "2020-09-30": 25.4, "2020-06-30": 34.3, "2020-03-31": "23.90000", "2019-12-31": 18.1, "2019-09-30": 18, "2019-06-30": 32.3, "2019-03-31": "32.80000", "2018-12-31": 12, "2018-09-30": 22.2, "2018-06-30": 15.4, "2018-03-31": "21.00000", "2017-12-31": -7.5, "2017-09-30": 15.3, "2017-06-30": 14.6, "2017-03-31": "20.30000", "2016-12-31": 8.8, "2016-09-30": 15.9, "2016-06-30": -56.5, "2016-03-31": "-23.60000", "2015-12-31": 4.3, "2015-09-30": 10.8, "2015-06-30": 170.1, "2015-03-31": "18.10000", "2014-12-31": 36.4, "2014-09-30": 12.6, "2014-06-30": 929.9, "2014-03-31": "18.10000", "2013-12-31": 11.7, "2013-09-30": 13.1, "2013-06-30": 24.4, "2013-03-31": "27.00000", "2012-12-31": 19.9, "2012-09-30": 12.3, "2012-06-30": 21.9, "2012-03-31": "26.70000", "2011-12-31": 19, "2011-09-30": 8.1, "2011-06-30": 19.6, "2011-03-31": "26.00000", "2010-12-31": 10.1, "2010-09-30": 3, "2010-06-30": 11, "2010-03-31": "11.80000", "2009-12-31": 1.4, "2009-09-30": 1.7, "2009-06-30": 1.8, "2009-03-31": "2.40000", "2008-12-31": 1.8, "2008-09-30": 7.7, "2008-06-30": 5, "2008-03-31": "6.80000", "2007-12-31": -64.9, "2007-09-30": -49.8, "2007-06-30": -116.8, "2007-03-31": "-8.10000", "2006-12-31": -16.2, "2006-09-30": 2.9, "2006-06-30": -4.4, "2006-03-31": "8.50000", "2005-12-31": 6.6, "2005-09-30": 3.7, "2005-06-30": 6.2, "2005-03-31": "9.40000"}, "Net Total Equity Issued/Repurchased": {"2020-12-31": -83.6, "2020-09-30": 25.4, "2020-06-30": 34.3, "2020-03-31": "23.90000", "2019-12-31": 18.1, "2019-09-30": 18, "2019-06-30": 32.3, "2019-03-31": "32.80000", "2018-12-31": 12, "2018-09-30": 22.2, "2018-06-30": 15.4, "2018-03-31": "21.00000", "2017-12-31": -7.5, "2017-09-30": 15.3, "2017-06-30": 14.6, "2017-03-31": "20.30000", "2016-12-31": 8.8, "2016-09-30": 15.9, "2016-06-30": -56.5, "2016-03-31": "-23.60000", "2015-12-31": 4.3, "2015-09-30": 10.8, "2015-06-30": 170.1, "2015-03-31": "18.10000", "2014-12-31": 36.4, "2014-09-30": 12.6, "2014-06-30": 929.9, "2014-03-31": "18.10000", "2013-12-31": 11.7, "2013-09-30": 13.1, "2013-06-30": 24.4, "2013-03-31": "27.00000", "2012-12-31": 19.9, "2012-09-30": 12.3, "2012-06-30": 21.9, "2012-03-31": "26.70000", "2011-12-31": 19, "2011-09-30": 8.1, "2011-06-30": 19.6, "2011-03-31": "26.00000", "2010-12-31": 10.1, "2010-09-30": 3, "2010-06-30": 11, "2010-03-31": "11.80000", "2009-12-31": 1.4, "2009-09-30": 1.7, "2009-06-30": 1.8, "2009-03-31": "2.40000", "2008-12-31": 1.8, "2008-09-30": 7.7, "2008-06-30": 5, "2008-03-31": "6.80000", "2007-12-31": -64.9, "2007-09-30": -49.8, "2007-06-30": -116.8, "2007-03-31": "-8.10000", "2006-12-31": -16.2, "2006-09-30": 2.9, "2006-06-30": -4.4, "2006-03-31": "8.50000", "2005-12-31": 6.6, "2005-09-30": 3.7, "2005-06-30": 6.2, "2005-03-31": "9.40000"}, "Total Common And Preferred Stock Dividends Paid": {"2020-12-31": 260.1, "2020-09-30": -86.6, "2020-06-30": -86.1, "2020-03-31": "-87.40000", "2019-12-31": -81.3, "2019-09-30": -80.1, "2019-06-30": -80.1, "2019-03-31": "-79.60000", "2018-12-31": -75.6, "2018-09-30": -75.3, "2018-06-30": -74.8, "2018-03-31": "-76.10000", "2017-12-31": -71.1, "2017-09-30": -70, "2017-06-30": -70.2, "2017-03-31": "-71.40000", "2016-12-31": -67.9, "2016-09-30": -67.9, "2016-06-30": -67.5, "2016-03-31": "-68.90000", "2015-12-31": -65, "2015-09-30": -65.8, "2015-06-30": -64, "2015-03-31": "-62.70000", "2014-12-31": -58.8, "2014-09-30": -58.2, "2014-06-30": -56.8, "2014-03-31": "-49.30000", "2013-12-31": -46.6, "2013-09-30": -45.9, "2013-06-30": -45.9, "2013-03-31": "-44.20000", "2012-12-31": -84.7, "2012-09-30": -41.1, "2012-06-30": -39.8, "2012-03-31": "-38.80000", "2011-12-31": -37.2, "2011-09-30": -37, "2011-06-30": -36.9, "2011-03-31": "-34.70000", "2010-12-31": -33.8, "2010-09-30": -33.8, "2010-06-30": -33.1, "2010-03-31": "-32.80000", "2009-12-31": -32.6, "2009-09-30": -32.4, "2009-06-30": -32.1, "2009-03-31": "-30.80000", "2008-12-31": -30.4, "2008-09-30": -29.9, "2008-06-30": -29.7, "2008-03-31": "-28.50000", "2007-12-31": -29.1, "2007-09-30": -29.5, "2007-06-30": -30.7, "2007-03-31": "-29.50000", "2006-12-31": -29.4, "2006-09-30": -29.2, "2006-06-30": -29, "2006-03-31": "-26.80000", "2005-12-31": -26.7, "2005-09-30": -26.5, "2005-06-30": -26.1, "2005-03-31": "-23.00000"}, "Financial Activities - Other": {"2020-12-31": 176.2, "2020-09-30": 3.1, "2020-06-30": -82.2, "2020-03-31": "-97.10000", "2019-12-31": -53.1, "2019-09-30": -32.9, "2019-06-30": -34.6, "2019-03-31": "-20.30000", "2018-12-31": -30.1, "2018-09-30": -40.2, "2018-06-30": -29.3, "2018-03-31": "-15.10000", "2017-12-31": -20.2, "2017-09-30": -15.2, "2017-06-30": -14.8, "2017-03-31": "-18.20000", "2016-12-31": -11.1, "2016-09-30": -25.1, "2016-06-30": -28.5, "2016-03-31": "-16.10000", "2015-12-31": -33.7, "2015-09-30": -12.6, "2015-06-30": -3.6, "2015-03-31": "-6.50000", "2014-12-31": -9.1, "2014-09-30": -10, "2014-06-30": -4.1, "2014-03-31": "-4.20000", "2013-12-31": -21.4, "2013-09-30": 1.4, "2013-06-30": 0.9, "2013-03-31": "4.00000", "2012-12-31": -3.2, "2012-09-30": 1.5, "2012-06-30": 2.4, "2012-03-31": "-0.20000", "2011-12-31": 1.5, "2011-09-30": 0.2, "2011-06-30": 0.3, "2011-03-31": "1.70000", "2010-12-31": 0.3, "2010-09-30": -1.3, "2010-06-30": 1.3, "2010-03-31": "1.10000", "2009-12-31": 0.3, "2009-09-30": 0, "2009-06-30": -3.1, "2009-03-31": "", "2008-12-31": 0.1, "2008-09-30": 2.8, "2008-06-30": 1.2, "2008-03-31": "1.10000", "2007-12-31": 0, "2007-09-30": 1, "2007-06-30": 1, "2007-03-31": "1.40000", "2006-12-31": 0.5, "2006-09-30": 0.7, "2006-06-30": 3.8, "2006-03-31": "2.90000", "2005-12-31": 0, "2005-09-30": 0, "2005-06-30": 0, "2005-03-31": ""}, "Cash Flow From Financial Activities": {"2020-12-31": 381.2, "2020-09-30": -128.7, "2020-06-30": -400.4, "2020-03-31": "147.90000", "2019-12-31": 9.7, "2019-09-30": 8.6, "2019-06-30": 112.7, "2019-03-31": "507.40000", "2018-12-31": 5.2, "2018-09-30": -44.8, "2018-06-30": 132.1, "2018-03-31": "69.50000", "2017-12-31": -1.2, "2017-09-30": -165.6, "2017-06-30": 99.1, "2017-03-31": "19.90000", "2016-12-31": -1.5, "2016-09-30": -25.5, "2016-06-30": 57.3, "2016-03-31": "-41.90000", "2015-12-31": -32.9, "2015-09-30": -35.6, "2015-06-30": 141.2, "2015-03-31": "-104.40000", "2014-12-31": -67.3, "2014-09-30": -264.3, "2014-06-30": 1493.6, "2014-03-31": "401.50000", "2013-12-31": 338.7, "2013-09-30": 104.1, "2013-06-30": 129.4, "2013-03-31": "-92.20000", "2012-12-31": 61, "2012-09-30": -25.3, "2012-06-30": -59.5, "2012-03-31": "69.70000", "2011-12-31": -6.7, "2011-09-30": -63.7, "2011-06-30": 18, "2011-03-31": "118.00000", "2010-12-31": -23.4, "2010-09-30": -32.1, "2010-06-30": -55.8, "2010-03-31": "15.10000", "2009-12-31": -11.9, "2009-09-30": -92.7, "2009-06-30": -62.4, "2009-03-31": "61.60000", "2008-12-31": -14.5, "2008-09-30": -6.4, "2008-06-30": 25.5, "2008-03-31": "35.40000", "2007-12-31": -94, "2007-09-30": 92.1, "2007-06-30": -37.2, "2007-03-31": "80.60000", "2006-12-31": -45.8, "2006-09-30": -61.4, "2006-06-30": 4.6, "2006-03-31": "-16.00000", "2005-12-31": -22.5, "2005-09-30": -24.5, "2005-06-30": -20.2, "2005-03-31": "-13.80000"}, "Net Cash Flow": {"2020-12-31": -850.9, "2020-09-30": 472.1, "2020-06-30": 369.5, "2020-03-31": "9.30000", "2019-12-31": 16.6, "2019-09-30": 60.7, "2019-06-30": 5.8, "2019-03-31": "304.00000", "2018-12-31": -23.7, "2018-09-30": -84.2, "2018-06-30": 236, "2018-03-31": "-196.30000", "2017-12-31": 124.5, "2017-09-30": 111.6, "2017-06-30": 246.9, "2017-03-31": "-115.60000", "2016-12-31": -6.3, "2016-09-30": 120.7, "2016-06-30": -14.3, "2016-03-31": "-55.00000", "2015-12-31": 155.2, "2015-09-30": 48, "2015-06-30": 44.9, "2015-03-31": "-37.60000", "2014-12-31": 23.9, "2014-09-30": -683, "2014-06-30": 234.3, "2014-03-31": "441.10000", "2013-12-31": 11.2, "2013-09-30": 46.9, "2013-06-30": 16, "2013-03-31": "-78.10000", "2012-12-31": -3.1, "2012-09-30": 23.1, "2012-06-30": -19.7, "2012-03-31": "10.60000", "2011-12-31": 49.8, "2011-09-30": -21.8, "2011-06-30": -70, "2011-03-31": "83.40000", "2010-12-31": -46.5, "2010-09-30": 66.3, "2010-06-30": 2.9, "2010-03-31": "21.20000", "2009-12-31": -32, "2009-09-30": 11.8, "2009-06-30": 33.6, "2009-03-31": "-1.90000", "2008-12-31": -55.2, "2008-09-30": 16.7, "2008-06-30": 47.7, "2008-03-31": "-70.70000", "2007-12-31": -95.5, "2007-09-30": 140.5, "2007-06-30": 52.1, "2007-03-31": "-49.20000", "2006-12-31": -23.1, "2006-09-30": 8.7, "2006-06-30": 38.4, "2006-03-31": "-133.80000", "2005-12-31": 3.9, "2005-09-30": 70.8, "2005-06-30": 30.8, "2005-03-31": "-12.30000"}, "Stock-Based Compensation": {"2020-12-31": -55.2, "2020-09-30": 17.7, "2020-06-30": 18.9, "2020-03-31": "18.60000", "2019-12-31": 15.9, "2019-09-30": 15.5, "2019-06-30": 16.2, "2019-03-31": "13.60000", "2018-12-31": 13.5, "2018-09-30": 13.5, "2018-06-30": 13.6, "2018-03-31": "14.70000", "2017-12-31": 12.5, "2017-09-30": 12.9, "2017-06-30": 15.1, "2017-03-31": "10.30000", "2016-12-31": 10.7, "2016-09-30": 10.8, "2016-06-30": 12.7, "2016-03-31": "9.00000", "2015-12-31": 8.9, "2015-09-30": 8.6, "2015-06-30": 10, "2015-03-31": "6.40000", "2014-12-31": 8.4, "2014-09-30": 8.8, "2014-06-30": 9.1, "2014-03-31": "7.20000", "2013-12-31": 10.7, "2013-09-30": 7.1, "2013-06-30": 5.8, "2013-03-31": "3.10000", "2012-12-31": 3.9, "2012-09-30": 4.2, "2012-06-30": 5, "2012-03-31": "2.70000", "2011-12-31": 4.4, "2011-09-30": 4.1, "2011-06-30": 10.2, "2011-03-31": "2.40000", "2010-12-31": 4.1, "2010-09-30": 4.3, "2010-06-30": 4.8, "2010-03-31": "2.40000", "2009-12-31": 5.2, "2009-09-30": 3.9, "2009-06-30": 4.6, "2009-03-31": "2.40000", "2008-12-31": 4.7, "2008-09-30": 4.1, "2008-06-30": 5.4, "2008-03-31": "4.10000", "2007-12-31": 4.1, "2007-09-30": 5, "2007-06-30": 5.8, "2007-03-31": "4.10000", "2006-12-31": 5.3, "2006-09-30": 5.4, "2006-06-30": 7.8, "2006-03-31": "6.10000", "2005-12-31": 4, "2005-09-30": 3.8, "2005-06-30": 3.4, "2005-03-31": "4.90000"}, "Common Stock Dividends Paid": {"2020-12-31": 260.1, "2020-09-30": -86.6, "2020-06-30": -86.1, "2020-03-31": "-87.40000", "2019-12-31": -81.3, "2019-09-30": -80.1, "2019-06-30": -80.1, "2019-03-31": "-79.60000", "2018-12-31": -75.6, "2018-09-30": -75.3, "2018-06-30": -74.8, "2018-03-31": "-76.10000", "2017-12-31": -71.1, "2017-09-30": -70, "2017-06-30": -70.2, "2017-03-31": "-71.40000", "2016-12-31": -67.9, "2016-09-30": -67.9, "2016-06-30": -67.5, "2016-03-31": "-68.90000", "2015-12-31": -65, "2015-09-30": -65.8, "2015-06-30": -64, "2015-03-31": "-62.70000", "2014-12-31": -58.8, "2014-09-30": -58.2, "2014-06-30": -56.8, "2014-03-31": "-49.30000", "2013-12-31": -46.6, "2013-09-30": -45.9, "2013-06-30": -45.9, "2013-03-31": "-44.20000", "2012-12-31": -84.7, "2012-09-30": -41.1, "2012-06-30": -39.8, "2012-03-31": "-38.80000", "2011-12-31": -37.2, "2011-09-30": -37, "2011-06-30": -36.9, "2011-03-31": "-34.70000", "2010-12-31": -33.8, "2010-09-30": -33.8, "2010-06-30": -33.1, "2010-03-31": "-32.80000", "2009-12-31": -32.6, "2009-09-30": -32.4, "2009-06-30": -32.1, "2009-03-31": "-30.80000", "2008-12-31": -30.4, "2008-09-30": -29.9, "2008-06-30": -29.7, "2008-03-31": "-28.50000", "2007-12-31": -29.1, "2007-09-30": -29.5, "2007-06-30": -30.7, "2007-03-31": "-29.50000", "2006-12-31": -29.4, "2006-09-30": -29.2, "2006-06-30": -29, "2006-03-31": "-26.80000", "2005-12-31": -26.7, "2005-09-30": -26.5, "2005-06-30": -26.1, "2005-03-31": "-23.00000"}}, "financial ratios": {"Current Ratio": {"2019-12-31": "1.02200", "2018-12-31": "1.05530", "2017-12-31": "1.08010", "2016-12-31": "0.95760", "2015-12-31": "1.00640", "2014-12-31": "1.04630", "2013-12-31": "0.87540", "2012-12-31": "1.02820", "2011-12-31": "1.06070", "2010-12-31": "1.09430", "2009-12-31": "1.04450", "2008-12-31": "0.91570", "2007-12-31": "1.01950", "2006-12-31": "0.98950", "2005-12-31": "1.00650"}, "Long-term Debt / Capital": {"2019-12-31": "0.42250", "2018-12-31": "0.40350", "2017-12-31": "0.38500", "2016-12-31": "0.36970", "2015-12-31": "0.35970", "2014-12-31": "0.39130", "2013-12-31": "0.28350", "2012-12-31": "0.30420", "2011-12-31": "0.35180", "2010-12-31": "0.33200", "2009-12-31": "0.38120", "2008-12-31": "0.35130", "2007-12-31": "0.35860", "2006-12-31": "0.02910", "2005-12-31": "0.12270"}, "Debt/Equity Ratio": {"2019-12-31": "0.88330", "2018-12-31": "0.79010", "2017-12-31": "0.72870", "2016-12-31": "0.77910", "2015-12-31": "0.66530", "2014-12-31": "0.72400", "2013-12-31": "0.69790", "2012-12-31": "0.51490", "2011-12-31": "0.55080", "2010-12-31": "0.49700", "2009-12-31": "0.61600", "2008-12-31": "0.72040", "2007-12-31": "0.55900", "2006-12-31": "0.04030", "2005-12-31": "0.14680"}, "Gross Margin": {"2019-12-31": "34.78390", "2018-12-31": "30.16590", "2017-12-31": "29.85600", "2016-12-31": "30.53780", "2015-12-31": "29.89390", "2014-12-31": "30.26050", "2013-12-31": "33.25260", "2012-12-31": "36.31710", "2011-12-31": "36.37980", "2010-12-31": "36.62160", "2009-12-31": "38.20040", "2008-12-31": "39.41030", "2007-12-31": "43.84280", "2006-12-31": "42.94950", "2005-12-31": "47.47010"}, "Operating Margin": {"2019-12-31": "11.20080", "2018-12-31": "8.90970", "2017-12-31": "7.74360", "2016-12-31": "7.80560", "2015-12-31": "7.35290", "2014-12-31": "8.22440", "2013-12-31": "10.72780", "2012-12-31": "11.43910", "2011-12-31": "11.64570", "2010-12-31": "12.74540", "2009-12-31": "13.85530", "2008-12-31": "11.68390", "2007-12-31": "19.16470", "2006-12-31": "18.14160", "2005-12-31": "23.37460"}, "EBIT Margin": {"2019-12-31": "11.20080", "2018-12-31": "8.90970", "2017-12-31": "7.74360", "2016-12-31": "7.80560", "2015-12-31": "7.35290", "2014-12-31": "8.22440", "2013-12-31": "10.72780", "2012-12-31": "11.43910", "2011-12-31": "11.64570", "2010-12-31": "12.74540", "2009-12-31": "13.85530", "2008-12-31": "11.68390", "2007-12-31": "19.16470", "2006-12-31": "18.14160", "2005-12-31": "23.37460"}, "EBITDA Margin": {"2019-12-31": "17.79430", "2018-12-31": "14.95240", "2017-12-31": "13.91740", "2016-12-31": "13.98120", "2015-12-31": "13.55050", "2014-12-31": "13.82040", "2013-12-31": "16.34480", "2012-12-31": "17.00990", "2011-12-31": "17.04220", "2010-12-31": "17.73950", "2009-12-31": "18.80530", "2008-12-31": "16.99700", "2007-12-31": "23.57540", "2006-12-31": "21.97810", "2005-12-31": "27.16080"}, "Pre-Tax Profit Margin": {"2019-12-31": "8.70190", "2018-12-31": "6.91380", "2017-12-31": "5.75770", "2016-12-31": "5.87270", "2015-12-31": "5.44280", "2014-12-31": "6.30070", "2013-12-31": "9.15210", "2012-12-31": "9.73300", "2011-12-31": "9.73440", "2010-12-31": "10.88940", "2009-12-31": "12.20730", "2008-12-31": "9.94530", "2007-12-31": "12.32670", "2006-12-31": "10.50950", "2005-12-31": "0.90280"}, "Net Profit Margin": {"2019-12-31": "9.29530", "2018-12-31": "9.13610", "2017-12-31": "7.70200", "2016-12-31": "6.98530", "2015-12-31": "6.61670", "2014-12-31": "6.55790", "2013-12-31": "8.44760", "2012-12-31": "7.73720", "2011-12-31": "6.75040", "2010-12-31": "9.33910", "2009-12-31": "7.43650", "2008-12-31": "4.69910", "2007-12-31": "8.55050", "2006-12-31": "8.74090", "2005-12-31": "2.15550"}, "Asset Turnover": {"2019-12-31": "0.36640", "2018-12-31": "0.42450", "2017-12-31": "0.41910", "2016-12-31": "0.49440", "2015-12-31": "0.49420", "2014-12-31": "0.46220", "2013-12-31": "0.46350", "2012-12-31": "0.47090", "2011-12-31": "0.47610", "2010-12-31": "0.51840", "2009-12-31": "0.53200", "2008-12-31": "0.50290", "2007-12-31": "0.45640", "2006-12-31": "0.42980", "2005-12-31": "0.42160"}, "Inventory Turnover Ratio": {"2019-12-31": "", "2018-12-31": "", "2017-12-31": "", "2016-12-31": "", "2015-12-31": "", "2014-12-31": "", "2013-12-31": "", "2012-12-31": "", "2011-12-31": "", "2010-12-31": "", "2009-12-31": "", "2008-12-31": "", "2007-12-31": "", "2006-12-31": "", "2005-12-31": ""}, "Receiveable Turnover": {"2019-12-31": "1.32770", "2018-12-31": "1.42750", "2017-12-31": "1.53060", "2016-12-31": "3.07920", "2015-12-31": "3.10980", "2014-12-31": "3.16340", "2013-12-31": "2.46710", "2012-12-31": "2.29930", "2011-12-31": "2.07840", "2010-12-31": "2.48530", "2009-12-31": "2.49290", "2008-12-31": "1.99030", "2007-12-31": "1.24510", "2006-12-31": "1.03360", "2005-12-31": "1.02300"}, "Days Sales In Receivables": {"2019-12-31": "274.91430", "2018-12-31": "255.69480", "2017-12-31": "238.47370", "2016-12-31": "118.53750", "2015-12-31": "117.37070", "2014-12-31": "115.38150", "2013-12-31": "147.94690", "2012-12-31": "158.74160", "2011-12-31": "175.61790", "2010-12-31": "146.86540", "2009-12-31": "146.41790", "2008-12-31": "183.38750", "2007-12-31": "293.13770", "2006-12-31": "353.13210", "2005-12-31": "356.80040"}, "ROE - Return On Equity": {"2019-12-31": "13.72450", "2018-12-31": "14.79090", "2017-12-31": "12.02180", "2016-12-31": "11.77030", "2015-12-31": "10.54990", "2014-12-31": "9.90890", "2013-12-31": "13.64660", "2012-12-31": "11.75690", "2011-12-31": "11.58730", "2010-12-31": "14.75560", "2009-12-31": "14.90650", "2008-12-31": "15.08460", "2007-12-31": "21.60730", "2006-12-31": "14.85940", "2005-12-31": "5.08390"}, "Return On Tangible Equity": {"2019-12-31": "-26.29980", "2018-12-31": "-36.95660", "2017-12-31": "-34.23860", "2016-12-31": "-24.73980", "2015-12-31": "-23.25070", "2014-12-31": "-17.05290", "2013-12-31": "-24.99780", "2012-12-31": "-31.26500", "2011-12-31": "-30.45230", "2010-12-31": "-62.68710", "2009-12-31": "-46.24740", "2008-12-31": "-34.91070", "2007-12-31": "-379.85250", "2006-12-31": "38.39710", "2005-12-31": "11.14280"}, "ROA - Return On Assets": {"2019-12-31": "3.64560", "2018-12-31": "4.13800", "2017-12-31": "3.46690", "2016-12-31": "3.74510", "2015-12-31": "3.56630", "2014-12-31": "3.27170", "2013-12-31": "4.14840", "2012-12-31": "3.64330", "2011-12-31": "3.21400", "2010-12-31": "4.54120", "2009-12-31": "4.09500", "2008-12-31": "3.40540", "2007-12-31": "4.34660", "2006-12-31": "3.75430", "2005-12-31": "1.15360"}, "ROI - Return On Investment": {"2019-12-31": "7.92550", "2018-12-31": "8.82250", "2017-12-31": "7.39320", "2016-12-31": "7.41850", "2015-12-31": "6.75530", "2014-12-31": "6.03120", "2013-12-31": "9.77840", "2012-12-31": "8.18090", "2011-12-31": "7.51070", "2010-12-31": "9.85690", "2009-12-31": "9.22450", "2008-12-31": "9.78480", "2007-12-31": "13.85930", "2006-12-31": "14.42700", "2005-12-31": "4.45990"}, "Book Value Per Share": {"2019-12-31": "27.72730", "2018-12-31": "24.83530", "2017-12-31": "23.75530", "2016-12-31": "20.50360", "2015-12-31": "20.84910", "2014-12-31": "20.07960", "2013-12-31": "15.61000", "2012-12-31": "13.20540", "2011-12-31": "10.84220", "2010-12-31": "10.20940", "2009-12-31": "8.71120", "2008-12-31": "7.66080", "2007-12-31": "7.77720", "2006-12-31": "8.78150", "2005-12-31": "8.03660"}, "Operating Cash Flow Per Share": {"2019-12-31": 1.7784, "2018-12-31": -0.5818, "2017-12-31": 1.0495, "2016-12-31": -0.32, "2015-12-31": 1.1317, "2014-12-31": -0.0248, "2013-12-31": 0.0544, "2012-12-31": 0.2756, "2011-12-31": 0.3408, "2010-12-31": 0.0812, "2009-12-31": 0.3975, "2008-12-31": -0.8935, "2007-12-31": 1.5344, "2006-12-31": -0.9069, "2005-12-31": 1.9709}, "Free Cash Flow Per Share": {"2019-12-31": 1.7164, "2018-12-31": -0.5404, "2017-12-31": 1.5609, "2016-12-31": -0.9693, "2015-12-31": 1.0883, "2014-12-31": 0.1642, "2013-12-31": -0.2465, "2012-12-31": 0.2673, "2011-12-31": 0.1716, "2010-12-31": 0.076, "2009-12-31": 0.5036, "2008-12-31": -0.814, "2007-12-31": 1.4505, "2006-12-31": -0.9987, "2005-12-31": 1.7274}}, "financial ratios, quarterly": {"Current Ratio": {"2020-09-30": "1.10710", "2020-06-30": "1.09090", "2020-03-31": "1.07010", "2019-12-31": "1.02200", "2019-09-30": "1.04690", "2019-06-30": "1.06880", "2019-03-31": "1.11940", "2018-12-31": "1.05530", "2018-09-30": "1.08910", "2018-06-30": "1.10520", "2018-03-31": "1.10220", "2017-12-31": "1.08010", "2017-09-30": "1.08120", "2017-06-30": "1.05130", "2017-03-31": "0.93700", "2016-12-31": "0.95760", "2016-09-30": "0.95790", "2016-06-30": "1.02320", "2016-03-31": "0.97940", "2015-12-31": "1.00640", "2015-09-30": "1.07800", "2015-06-30": "1.09120", "2015-03-31": "1.04540", "2014-12-31": "1.04630", "2014-09-30": "1.05370", "2014-06-30": "1.14590", "2014-03-31": "1.05420", "2013-12-31": "0.87540", "2013-09-30": "0.98790", "2013-06-30": "1.11050", "2013-03-31": "1.03900", "2012-12-31": "1.02820", "2012-09-30": "1.11220", "2012-06-30": "1.07770", "2012-03-31": "1.08840", "2011-12-31": "1.06070", "2011-09-30": "1.07470", "2011-06-30": "1.05640", "2011-03-31": "1.17810", "2010-12-31": "1.09430", "2010-09-30": "1.10290", "2010-06-30": "1.07910", "2010-03-31": "1.07140", "2009-12-31": "1.04450", "2009-09-30": "0.96020", "2009-06-30": "0.95660", "2009-03-31": "0.91420", "2008-12-31": "0.91570", "2008-09-30": "0.95920", "2008-06-30": "0.98630", "2008-03-31": "0.99920", "2007-12-31": "1.01950", "2007-09-30": "1.08700", "2007-06-30": "0.94280", "2007-03-31": "0.98110", "2006-12-31": "0.98950", "2006-09-30": "1.00340", "2006-06-30": "0.99870", "2006-03-31": "1.00500", "2005-12-31": "1.00650", "2005-09-30": "1.01220", "2005-06-30": "0.99360", "2005-03-31": "0.97160"}, "Long-term Debt / Capital": {"2020-09-30": "0.42300", "2020-06-30": "0.43810", "2020-03-31": "0.45980", "2019-12-31": "0.42250", "2019-09-30": "0.43720", "2019-06-30": "0.43540", "2019-03-31": "0.42670", "2018-12-31": "0.40350", "2018-09-30": "0.40510", "2018-06-30": "0.41040", "2018-03-31": "0.37850", "2017-12-31": "0.38500", "2017-09-30": "0.39650", "2017-06-30": "0.40350", "2017-03-31": "0.36520", "2016-12-31": "0.36970", "2016-09-30": "0.35340", "2016-06-30": "0.39070", "2016-03-31": "0.36190", "2015-12-31": "0.35970", "2015-09-30": "0.36430", "2015-06-30": "0.36410", "2015-03-31": "0.39760", "2014-12-31": "0.39130", "2014-09-30": "0.39490", "2014-06-30": "0.39540", "2014-03-31": "0.39920", "2013-12-31": "0.28350", "2013-09-30": "0.29920", "2013-06-30": "0.35210", "2013-03-31": "0.30340", "2012-12-31": "0.30420", "2012-09-30": "0.30700", "2012-06-30": "0.31430", "2012-03-31": "0.33230", "2011-12-31": "0.35180", "2011-09-30": "0.35630", "2011-06-30": "0.35950", "2011-03-31": "0.37050", "2010-12-31": "0.33200", "2010-09-30": "0.35220", "2010-06-30": "0.36290", "2010-03-31": "0.37500", "2009-12-31": "0.38120", "2009-09-30": "0.31520", "2009-06-30": "0.32260", "2009-03-31": "0.33380", "2008-12-31": "0.35130", "2008-09-30": "0.34040", "2008-06-30": "0.35520", "2008-03-31": "0.36410", "2007-12-31": "0.35860", "2007-09-30": "0.34210", "2007-06-30": "", "2007-03-31": "", "2006-12-31": "0.02910", "2006-09-30": "0.10830", "2006-06-30": "0.11520", "2006-03-31": "0.11980", "2005-12-31": "0.12270", "2005-09-30": "0.09330", "2005-06-30": "0.09910", "2005-03-31": "0.16850"}, "Debt/Equity Ratio": {"2020-09-30": "0.78780", "2020-06-30": "0.83910", "2020-03-31": "0.96500", "2019-12-31": "0.88330", "2019-09-30": "0.91120", "2019-06-30": "0.88480", "2019-03-31": "0.84410", "2018-12-31": "0.79010", "2018-09-30": "0.76540", "2018-06-30": "0.77270", "2018-03-31": "0.71390", "2017-12-31": "0.72870", "2017-09-30": "0.72460", "2017-06-30": "0.79610", "2017-03-31": "0.78990", "2016-12-31": "0.77910", "2016-09-30": "0.74460", "2016-06-30": "0.74690", "2016-03-31": "0.69080", "2015-12-31": "0.66530", "2015-09-30": "0.64530", "2015-06-30": "0.63900", "2015-03-31": "0.72550", "2014-12-31": "0.72400", "2014-09-30": "0.74360", "2014-06-30": "0.77460", "2014-03-31": "0.88260", "2013-12-31": "0.69790", "2013-09-30": "0.54890", "2013-06-30": "0.54350", "2013-03-31": "0.46550", "2012-12-31": "0.51490", "2012-09-30": "0.44310", "2012-06-30": "0.49090", "2012-03-31": "0.56540", "2011-12-31": "0.55080", "2011-09-30": "0.55360", "2011-06-30": "0.59030", "2011-03-31": "0.58840", "2010-12-31": "0.49700", "2010-09-30": "0.54380", "2010-06-30": "0.56970", "2010-03-31": "0.63820", "2009-12-31": "0.61600", "2009-09-30": "0.61100", "2009-06-30": "0.70610", "2009-03-31": "0.77930", "2008-12-31": "0.72040", "2008-09-30": "0.66840", "2008-06-30": "0.69540", "2008-03-31": "0.65270", "2007-12-31": "0.55900", "2007-09-30": "0.52450", "2007-06-30": "0.29760", "2007-03-31": "0.14260", "2006-12-31": "0.04030", "2006-09-30": "0.13100", "2006-06-30": "0.18290", "2006-03-31": "0.14420", "2005-12-31": "0.14680", "2005-09-30": "0.14710", "2005-06-30": "0.15750", "2005-03-31": "0.26540"}, "Gross Margin": {"2020-09-30": "35.49840", "2020-06-30": "38.33330", "2020-03-31": "42.06440", "2019-12-31": "33.87360", "2019-09-30": "32.27590", "2019-06-30": "33.74960", "2019-03-31": "38.73200", "2018-12-31": "27.94140", "2018-09-30": "28.33850", "2018-06-30": "29.74580", "2018-03-31": "34.32010", "2017-12-31": "27.03040", "2017-09-30": "28.97660", "2017-06-30": "28.56660", "2017-03-31": "34.48130", "2016-12-31": "32.88910", "2016-09-30": "27.38990", "2016-06-30": "33.01100", "2016-03-31": "28.75270", "2015-12-31": "28.81860", "2015-09-30": "29.62610", "2015-06-30": "32.77670", "2015-03-31": "28.16540", "2014-12-31": "27.90270", "2014-09-30": "30.77400", "2014-06-30": "32.12080", "2014-03-31": "30.34970", "2013-12-31": "29.36420", "2013-09-30": "33.07010", "2013-06-30": "36.86980", "2013-03-31": "34.43110", "2012-12-31": "33.42250", "2012-09-30": "38.25340", "2012-06-30": "39.51380", "2012-03-31": "33.77840", "2011-12-31": "34.19780", "2011-09-30": "38.53940", "2011-06-30": "38.38120", "2011-03-31": "34.04110", "2010-12-31": "34.87260", "2010-09-30": "39.44300", "2010-06-30": "39.97820", "2010-03-31": "32.37980", "2009-12-31": "34.77360", "2009-09-30": "40.11380", "2009-06-30": "40.38800", "2009-03-31": "37.34730", "2008-12-31": "36.10770", "2008-09-30": "41.61610", "2008-06-30": "42.59730", "2008-03-31": "36.88130", "2007-12-31": "41.36590", "2007-09-30": "44.31460", "2007-06-30": "46.53880", "2007-03-31": "42.96000", "2006-12-31": "44.75480", "2006-09-30": "47.74450", "2006-06-30": "40.82570", "2006-03-31": "37.25190", "2005-12-31": "48.20930", "2005-09-30": "48.19180", "2005-06-30": "49.04340", "2005-03-31": "44.29070"}, "Operating Margin": {"2020-09-30": "15.01810", "2020-06-30": "13.99620", "2020-03-31": "21.77410", "2019-12-31": "7.34290", "2019-09-30": "9.15520", "2019-06-30": "9.07230", "2019-03-31": "18.18550", "2018-12-31": "4.80870", "2018-09-30": "7.14080", "2018-06-30": "8.28110", "2018-03-31": "14.88820", "2017-12-31": "3.97530", "2017-09-30": "6.79550", "2017-06-30": "5.75360", "2017-03-31": "13.93950", "2016-12-31": "5.01800", "2016-09-30": "8.32490", "2016-06-30": "11.54090", "2016-03-31": "6.26730", "2015-12-31": "4.06020", "2015-09-30": "9.02530", "2015-06-30": "11.26590", "2015-03-31": "4.58860", "2014-12-31": "4.43230", "2014-09-30": "9.42650", "2014-06-30": "11.28640", "2014-03-31": "7.74860", "2013-12-31": "8.95300", "2013-09-30": "11.79710", "2013-06-30": "14.02180", "2013-03-31": "7.93650", "2012-12-31": "8.36310", "2012-09-30": "13.37640", "2012-06-30": "15.67930", "2012-03-31": "7.88220", "2011-12-31": "9.99310", "2011-09-30": "14.44560", "2011-06-30": "14.00840", "2011-03-31": "7.37600", "2010-12-31": "7.51470", "2010-09-30": "17.05530", "2010-06-30": "15.79980", "2010-03-31": "10.67580", "2009-12-31": "8.09010", "2009-09-30": "16.17750", "2009-06-30": "18.18780", "2009-03-31": "12.66520", "2008-12-31": "4.34360", "2008-09-30": "14.03550", "2008-06-30": "18.48920", "2008-03-31": "9.28690", "2007-12-31": "14.63420", "2007-09-30": "19.99030", "2007-06-30": "23.43310", "2007-03-31": "18.34670", "2006-12-31": "18.24400", "2006-09-30": "25.02370", "2006-06-30": "16.67570", "2006-03-31": "10.83970", "2005-12-31": "22.14260", "2005-09-30": "25.39110", "2005-06-30": "25.22230", "2005-03-31": "20.27110"}, "EBIT Margin": {"2020-09-30": "15.01810", "2020-06-30": "13.99620", "2020-03-31": "21.77410", "2019-12-31": "7.34290", "2019-09-30": "9.15520", "2019-06-30": "9.07230", "2019-03-31": "18.18550", "2018-12-31": "4.80870", "2018-09-30": "7.14080", "2018-06-30": "8.28110", "2018-03-31": "14.88820", "2017-12-31": "3.97530", "2017-09-30": "6.79550", "2017-06-30": "5.75360", "2017-03-31": "13.93950", "2016-12-31": "5.01800", "2016-09-30": "8.32490", "2016-06-30": "11.54090", "2016-03-31": "6.26730", "2015-12-31": "4.06020", "2015-09-30": "9.02530", "2015-06-30": "11.26590", "2015-03-31": "4.58860", "2014-12-31": "4.43230", "2014-09-30": "9.42650", "2014-06-30": "11.28640", "2014-03-31": "7.74860", "2013-12-31": "8.95310", "2013-09-30": "11.79710", "2013-06-30": "14.02180", "2013-03-31": "7.93650", "2012-12-31": "8.36310", "2012-09-30": "13.37640", "2012-06-30": "15.67930", "2012-03-31": "7.88220", "2011-12-31": "9.99310", "2011-09-30": "14.44560", "2011-06-30": "14.00840", "2011-03-31": "7.37600", "2010-12-31": "7.51470", "2010-09-30": "17.05530", "2010-06-30": "15.79980", "2010-03-31": "10.67580", "2009-12-31": "8.09010", "2009-09-30": "16.17750", "2009-06-30": "18.18780", "2009-03-31": "12.66520", "2008-12-31": "4.34360", "2008-09-30": "14.03550", "2008-06-30": "18.48920", "2008-03-31": "9.28690", "2007-12-31": "14.63420", "2007-09-30": "19.99030", "2007-06-30": "23.43310", "2007-03-31": "18.34670", "2006-12-31": "18.24400", "2006-09-30": "25.02370", "2006-06-30": "16.67570", "2006-03-31": "10.83970", "2005-12-31": "22.14260", "2005-09-30": "25.39110", "2005-06-30": "25.22230", "2005-03-31": "20.27110"}, "EBITDA Margin": {"2020-09-30": "", "2020-06-30": "", "2020-03-31": "", "2019-12-31": "", "2019-09-30": "", "2019-06-30": "", "2019-03-31": "", "2018-12-31": "", "2018-09-30": "", "2018-06-30": "", "2018-03-31": "", "2017-12-31": "", "2017-09-30": "", "2017-06-30": "", "2017-03-31": "", "2016-12-31": "", "2016-09-30": "", "2016-06-30": "", "2016-03-31": "", "2015-12-31": "", "2015-09-30": "", "2015-06-30": "", "2015-03-31": "", "2014-12-31": "", "2014-09-30": "", "2014-06-30": "", "2014-03-31": "", "2013-12-31": "", "2013-09-30": "", "2013-06-30": "", "2013-03-31": "", "2012-12-31": "", "2012-09-30": "", "2012-06-30": "", "2012-03-31": "", "2011-12-31": "", "2011-09-30": "", "2011-06-30": "", "2011-03-31": "", "2010-12-31": "", "2010-09-30": "", "2010-06-30": "", "2010-03-31": "", "2009-12-31": "", "2009-09-30": "", "2009-06-30": "", "2009-03-31": "", "2008-12-31": "", "2008-09-30": "", "2008-06-30": "", "2008-03-31": "", "2007-12-31": "", "2007-09-30": "", "2007-06-30": "", "2007-03-31": "", "2006-12-31": "", "2006-09-30": "", "2006-06-30": "", "2006-03-31": "", "2005-12-31": "", "2005-09-30": "", "2005-06-30": "", "2005-03-31": ""}, "Pre-Tax Profit Margin": {"2020-09-30": "11.32980", "2020-06-30": "10.83970", "2020-03-31": "19.06900", "2019-12-31": "4.87980", "2019-09-30": "6.28970", "2019-06-30": "6.36390", "2019-03-31": "16.16600", "2018-12-31": "2.60650", "2018-09-30": "5.07730", "2018-06-30": "6.23950", "2018-03-31": "13.18500", "2017-12-31": "1.92180", "2017-09-30": "4.82530", "2017-06-30": "3.63210", "2017-03-31": "12.12340", "2016-12-31": "3.09380", "2016-09-30": "6.40220", "2016-06-30": "9.63490", "2016-03-31": "4.28330", "2015-12-31": "2.12750", "2015-09-30": "7.26560", "2015-06-30": "9.37000", "2015-03-31": "2.50950", "2014-12-31": "2.36870", "2014-09-30": "7.41370", "2014-06-30": "9.48870", "2014-03-31": "5.97810", "2013-12-31": "7.39160", "2013-09-30": "10.22970", "2013-06-30": "12.49520", "2013-03-31": "6.27500", "2012-12-31": "6.74390", "2012-09-30": "11.73120", "2012-06-30": "14.01750", "2012-03-31": "5.94370", "2011-12-31": "8.19500", "2011-09-30": "12.61550", "2011-06-30": "12.06740", "2011-03-31": "5.25260", "2010-12-31": "5.61970", "2010-09-30": "15.19860", "2010-06-30": "13.90640", "2010-03-31": "8.89300", "2009-12-31": "6.98690", "2009-09-30": "14.35720", "2009-06-30": "16.33600", "2009-03-31": "10.84520", "2008-12-31": "4.36790", "2008-09-30": "11.53670", "2008-06-30": "16.15760", "2008-03-31": "7.15810", "2007-12-31": "12.17070", "2007-09-30": "16.16750", "2007-06-30": "14.03180", "2007-03-31": "6.34670", "2006-12-31": "4.84610", "2006-09-30": "14.43500", "2006-06-30": "12.87100", "2006-03-31": "8.85500", "2005-12-31": "4.54690", "2005-09-30": "16.82480", "2005-06-30": "15.46750", "2005-03-31": "-35.95730"}, "Net Profit Margin": {"2020-09-30": "9.55060", "2020-06-30": "9.70330", "2020-03-31": "18.54950", "2019-12-31": "5.72210", "2019-09-30": "6.90880", "2019-06-30": "6.64130", "2019-03-31": "16.78390", "2018-12-31": "7.07730", "2018-09-30": "7.17460", "2018-06-30": "6.92000", "2018-03-31": "14.89360", "2017-12-31": "4.70580", "2017-09-30": "6.96490", "2017-06-30": "4.69960", "2017-03-31": "13.89700", "2016-12-31": "5.26960", "2016-09-30": "8.28440", "2016-06-30": "10.51080", "2016-03-31": "3.57580", "2015-12-31": "4.66700", "2015-09-30": "9.16280", "2015-06-30": "10.15750", "2015-03-31": "1.77860", "2014-12-31": "4.13520", "2014-09-30": "7.27390", "2014-06-30": "9.24280", "2014-03-31": "5.38800", "2013-12-31": "6.74010", "2013-09-30": "8.92560", "2013-06-30": "11.99490", "2013-03-31": "6.00800", "2012-12-31": "4.97620", "2012-09-30": "9.48650", "2012-06-30": "11.03250", "2012-03-31": "5.13900", "2011-12-31": "7.00210", "2011-09-30": "8.29780", "2011-06-30": "7.63600", "2011-03-31": "3.39740", "2010-12-31": "11.91460", "2010-09-30": "9.97410", "2010-06-30": "9.57560", "2010-03-31": "6.05310", "2009-12-31": "3.86120", "2009-09-30": "9.46530", "2009-06-30": "9.65610", "2009-03-31": "6.58190", "2008-12-31": "1.14050", "2008-09-30": "8.82770", "2008-06-30": "9.51270", "2008-03-31": "-1.59660", "2007-12-31": "5.70730", "2007-09-30": "12.61260", "2007-06-30": "10.24320", "2007-03-31": "5.28000", "2006-12-31": "7.01250", "2006-09-30": "11.91830", "2006-06-30": "9.87590", "2006-03-31": "5.22140", "2005-12-31": "2.33570", "2005-09-30": "12.95200", "2005-06-30": "13.95850", "2005-03-31": "-22.77970"}, "Asset Turnover": {"2020-09-30": "0.08480", "2020-06-30": "0.07430", "2020-03-31": "0.08960", "2019-12-31": "0.08770", "2019-09-30": "0.09520", "2019-06-30": "0.08630", "2019-03-31": "0.10680", "2018-12-31": "0.10150", "2018-09-30": "0.11040", "2018-06-30": "0.10230", "2018-03-31": "0.11390", "2017-12-31": "0.10190", "2017-09-30": "0.12440", "2017-06-30": "0.11850", "2017-03-31": "0.13980", "2016-12-31": "0.12800", "2016-09-30": "0.13230", "2016-06-30": "0.12540", "2016-03-31": "0.12140", "2015-12-31": "0.12240", "2015-09-30": "0.13840", "2015-06-30": "0.12800", "2015-03-31": "0.12650", "2014-12-31": "0.12440", "2014-09-30": "0.12880", "2014-06-30": "0.11770", "2014-03-31": "0.12580", "2013-12-31": "0.12980", "2013-09-30": "0.14000", "2013-06-30": "0.14010", "2013-03-31": "0.12900", "2012-12-31": "0.12580", "2012-09-30": "0.12980", "2012-06-30": "0.12660", "2012-03-31": "0.11880", "2011-12-31": "0.12900", "2011-09-30": "0.13250", "2011-06-30": "0.11920", "2011-03-31": "0.12120", "2010-12-31": "0.12770", "2010-09-30": "0.13380", "2010-06-30": "0.12920", "2010-03-31": "0.14930", "2009-12-31": "0.13390", "2009-09-30": "0.13560", "2009-06-30": "0.12420", "2009-03-31": "0.12900", "2008-12-31": "0.12600", "2008-09-30": "0.13390", "2008-06-30": "0.12220", "2008-03-31": "0.11250", "2007-12-31": "0.11530", "2007-09-30": "0.11500", "2007-06-30": "0.11550", "2007-03-31": "0.11060", "2006-12-31": "0.10260", "2006-09-30": "0.12330", "2006-06-30": "0.10190", "2006-03-31": "0.10450", "2005-12-31": "0.09470", "2005-09-30": "0.11520", "2005-06-30": "0.10770", "2005-03-31": "0.10740"}, "Inventory Turnover Ratio": {"2020-09-30": "", "2020-06-30": "", "2020-03-31": "", "2019-12-31": "", "2019-09-30": "", "2019-06-30": "", "2019-03-31": "", "2018-12-31": "", "2018-09-30": "", "2018-06-30": "", "2018-03-31": "", "2017-12-31": "", "2017-09-30": "", "2017-06-30": "", "2017-03-31": "", "2016-12-31": "", "2016-09-30": "", "2016-06-30": "", "2016-03-31": "", "2015-12-31": "", "2015-09-30": "", "2015-06-30": "", "2015-03-31": "", "2014-12-31": "", "2014-09-30": "", "2014-06-30": "", "2014-03-31": "", "2013-12-31": "", "2013-09-30": "", "2013-06-30": "", "2013-03-31": "", "2012-12-31": "", "2012-09-30": "", "2012-06-30": "", "2012-03-31": "", "2011-12-31": "", "2011-09-30": "", "2011-06-30": "", "2011-03-31": "", "2010-12-31": "", "2010-09-30": "", "2010-06-30": "", "2010-03-31": "", "2009-12-31": "", "2009-09-30": "", "2009-06-30": "", "2009-03-31": "", "2008-12-31": "", "2008-09-30": "", "2008-06-30": "", "2008-03-31": "", "2007-12-31": "", "2007-09-30": "", "2007-06-30": "", "2007-03-31": "", "2006-12-31": "", "2006-09-30": "", "2006-06-30": "", "2006-03-31": "", "2005-12-31": "", "2005-09-30": "", "2005-06-30": "", "2005-03-31": ""}, "Receiveable Turnover": {"2020-09-30": "0.27590", "2020-06-30": "0.23050", "2020-03-31": "0.26320", "2019-12-31": "0.31760", "2019-09-30": "0.32110", "2019-06-30": "0.27600", "2019-03-31": "0.31830", "2018-12-31": "0.34120", "2018-09-30": "0.36500", "2018-06-30": "0.32290", "2018-03-31": "0.32380", "2017-12-31": "0.37210", "2017-09-30": "0.71550", "2017-06-30": "0.62740", "2017-03-31": "0.79660", "2016-12-31": "0.79720", "2016-09-30": "0.88040", "2016-06-30": "0.70010", "2016-03-31": "0.76190", "2015-12-31": "0.76980", "2015-09-30": "0.90880", "2015-06-30": "0.77720", "2015-03-31": "0.79770", "2014-12-31": "0.85160", "2014-09-30": "0.77100", "2014-06-30": "0.59040", "2014-03-31": "0.73000", "2013-12-31": "0.69070", "2013-09-30": "0.77740", "2013-06-30": "0.62600", "2013-03-31": "0.64160", "2012-12-31": "0.61420", "2012-09-30": "0.63040", "2012-06-30": "0.47520", "2012-03-31": "0.50620", "2011-12-31": "0.56310", "2011-09-30": "0.57310", "2011-06-30": "0.42240", "2011-03-31": "0.62240", "2010-12-31": "0.61210", "2010-09-30": "0.65710", "2010-06-30": "0.50160", "2010-03-31": "0.72490", "2009-12-31": "0.62720", "2009-09-30": "0.66110", "2009-06-30": "0.43860", "2009-03-31": "0.69770", "2008-12-31": "0.49860", "2008-09-30": "0.54620", "2008-06-30": "0.38830", "2008-03-31": "0.35350", "2007-12-31": "0.31450", "2007-09-30": "0.32910", "2007-06-30": "0.28640", "2007-03-31": "0.28700", "2006-12-31": "0.24660", "2006-09-30": "0.32320", "2006-06-30": "0.22900", "2006-03-31": "0.25530", "2005-12-31": "0.22990", "2005-09-30": "0.29350", "2005-06-30": "0.24510", "2005-03-31": "0.26450"}, "Days Sales In Receivables": {"2020-09-30": "326.22630", "2020-06-30": "390.53980", "2020-03-31": "342.00390", "2019-12-31": "283.33220", "2019-09-30": "280.31070", "2019-06-30": "326.14550", "2019-03-31": "282.72280", "2018-12-31": "263.77150", "2018-09-30": "246.54480", "2018-06-30": "278.72680", "2018-03-31": "277.94850", "2017-12-31": "241.84020", "2017-09-30": "125.78090", "2017-06-30": "143.45620", "2017-03-31": "112.98100", "2016-12-31": "112.89320", "2016-09-30": "102.22830", "2016-06-30": "128.55160", "2016-03-31": "118.12670", "2015-12-31": "116.90770", "2015-09-30": "99.03220", "2015-06-30": "115.79770", "2015-03-31": "112.82710", "2014-12-31": "105.68890", "2014-09-30": "116.73140", "2014-06-30": "152.44980", "2014-03-31": "123.28530", "2013-12-31": "130.29880", "2013-09-30": "115.76810", "2013-06-30": "143.76910", "2013-03-31": "140.26700", "2012-12-31": "146.53740", "2012-09-30": "142.76290", "2012-06-30": "189.38910", "2012-03-31": "177.77800", "2011-12-31": "159.81850", "2011-09-30": "157.03630", "2011-06-30": "213.07640", "2011-03-31": "144.59540", "2010-12-31": "147.04640", "2010-09-30": "136.96240", "2010-06-30": "179.41240", "2010-03-31": "124.16040", "2009-12-31": "143.49110", "2009-09-30": "136.13650", "2009-06-30": "205.21830", "2009-03-31": "128.99780", "2008-12-31": "180.50230", "2008-09-30": "164.78280", "2008-06-30": "231.80930", "2008-03-31": "254.57690", "2007-12-31": "286.17790", "2007-09-30": "273.44050", "2007-06-30": "314.24230", "2007-03-31": "313.56000", "2006-12-31": "364.90030", "2006-09-30": "278.44020", "2006-06-30": "392.97890", "2006-03-31": "352.47020", "2005-12-31": "391.50420", "2005-09-30": "306.67860", "2005-06-30": "367.22710", "2005-03-31": "340.30280"}, "ROE - Return On Equity": {"2020-09-30": "3.22780", "2020-06-30": "2.92350", "2020-03-31": "7.00970", "2019-12-31": "2.02470", "2019-09-30": "2.79110", "2019-06-30": "2.45360", "2019-03-31": "7.09330", "2018-12-31": "2.79670", "2018-09-30": "3.00040", "2018-06-30": "2.74090", "2018-03-31": "6.23840", "2017-12-31": "1.82570", "2017-09-30": "2.83060", "2017-06-30": "2.00260", "2017-03-31": "6.49260", "2016-12-31": "2.36060", "2016-09-30": "3.48550", "2016-06-30": "4.25900", "2016-03-31": "1.58530", "2015-12-31": "1.84910", "2015-09-30": "3.80000", "2015-06-30": "3.97680", "2015-03-31": "1.00630", "2014-12-31": "1.65500", "2014-09-30": "3.11120", "2014-06-30": "3.49890", "2014-03-31": "2.69560", "2013-12-31": "3.64420", "2013-09-30": "3.86090", "2013-06-30": "5.49350", "2013-03-31": "2.43290", "2012-12-31": "2.01980", "2012-09-30": "3.77090", "2012-06-30": "4.86790", "2012-03-31": "2.07140", "2011-12-31": "3.25670", "2011-09-30": "3.83010", "2011-06-30": "3.46690", "2011-03-31": "1.32510", "2010-12-31": "4.15650", "2010-09-30": "4.56790", "2010-06-30": "4.34020", "2010-03-31": "3.18530", "2009-12-31": "2.17270", "2009-09-30": "4.78660", "2009-06-30": "5.21550", "2009-03-31": "3.54550", "2008-12-31": "1.58430", "2008-09-30": "5.38060", "2008-06-30": "5.74220", "2008-03-31": "2.33320", "2007-12-31": "4.90570", "2007-09-30": "6.81140", "2007-06-30": "5.85080", "2007-03-31": "2.45420", "2006-12-31": "2.83530", "2006-09-30": "5.93520", "2006-06-30": "4.56810", "2006-03-31": "2.19540", "2005-12-31": "2.34040", "2005-09-30": "6.43720", "2005-06-30": "5.94970", "2005-03-31": "-10.78070"}, "Return On Tangible Equity": {"2020-09-30": "-8.50160", "2020-06-30": "-6.60970", "2020-03-31": "-13.00930", "2019-12-31": "-3.87990", "2019-09-30": "-5.53650", "2019-06-30": "-5.27160", "2019-03-31": "-20.88360", "2018-12-31": "-6.98780", "2018-09-30": "-8.33380", "2018-06-30": "-7.62730", "2018-03-31": "-22.14650", "2017-12-31": "-5.19970", "2017-09-30": "-7.11700", "2017-06-30": "-4.49590", "2017-03-31": "-13.06910", "2016-12-31": "-4.96180", "2016-09-30": "-7.89680", "2016-06-30": "-9.05180", "2016-03-31": "-3.37810", "2015-12-31": "-4.07530", "2015-09-30": "-8.73260", "2015-06-30": "-9.11450", "2015-03-31": "-1.68570", "2014-12-31": "-2.84820", "2014-09-30": "-5.59270", "2014-06-30": "-8.06670", "2014-03-31": "-5.29500", "2013-12-31": "-6.67550", "2013-09-30": "-9.85080", "2013-06-30": "-15.87980", "2013-03-31": "-7.07550", "2012-12-31": "-5.37120", "2012-09-30": "-13.40140", "2012-06-30": "-15.65840", "2012-03-31": "-6.42430", "2011-12-31": "-8.55880", "2011-09-30": "-10.87060", "2011-06-30": "-9.64160", "2011-03-31": "-5.66530", "2010-12-31": "-17.65840", "2010-09-30": "-18.58410", "2010-06-30": "-17.03250", "2010-03-31": "-10.94860", "2009-12-31": "-6.74080", "2009-09-30": "-14.26120", "2009-06-30": "-13.62790", "2009-03-31": "-8.04430", "2008-12-31": "-3.66660", "2008-09-30": "-24.47180", "2008-06-30": "-32.83460", "2008-03-31": "-16.68370", "2007-12-31": "-86.24080", "2007-09-30": "55.39120", "2007-06-30": "33.87570", "2007-03-31": "8.81990", "2006-12-31": "7.32660", "2006-09-30": "13.76470", "2006-06-30": "10.64570", "2006-03-31": "4.91380", "2005-12-31": "5.12970", "2005-09-30": "13.38810", "2005-06-30": "12.90140", "2005-03-31": "-23.75730"}, "ROA - Return On Assets": {"2020-09-30": "0.86090", "2020-06-30": "0.75940", "2020-03-31": "1.70570", "2019-12-31": "0.53780", "2019-09-30": "0.71500", "2019-06-30": "0.63230", "2019-03-31": "1.88770", "2018-12-31": "0.78240", "2018-09-30": "0.85880", "2018-06-30": "0.76210", "2018-03-31": "1.77340", "2017-12-31": "0.52650", "2017-09-30": "0.92190", "2017-06-30": "0.62290", "2017-03-31": "2.05420", "2016-12-31": "0.75110", "2016-09-30": "1.16430", "2016-06-30": "1.36770", "2016-03-31": "0.54050", "2015-12-31": "0.62510", "2015-09-30": "1.34060", "2015-06-30": "1.37740", "2015-03-31": "0.33300", "2014-12-31": "0.54650", "2014-09-30": "1.01420", "2014-06-30": "1.13480", "2014-03-31": "0.79440", "2013-12-31": "1.10780", "2013-09-30": "1.24950", "2013-06-30": "1.68100", "2013-03-31": "0.77510", "2012-12-31": "0.62590", "2012-09-30": "1.23170", "2012-06-30": "1.39670", "2012-03-31": "0.61050", "2011-12-31": "0.90330", "2011-09-30": "1.09950", "2011-06-30": "0.91010", "2011-03-31": "0.41180", "2010-12-31": "1.27920", "2010-09-30": "1.33500", "2010-06-30": "1.17840", "2010-03-31": "0.90340", "2009-12-31": "0.59690", "2009-09-30": "1.28350", "2009-06-30": "1.19920", "2009-03-31": "0.91040", "2008-12-31": "0.35770", "2008-09-30": "1.30430", "2008-06-30": "1.18820", "2008-03-31": "0.48790", "2007-12-31": "0.98680", "2007-09-30": "1.46740", "2007-06-30": "1.23730", "2007-03-31": "0.62800", "2006-12-31": "0.71640", "2006-09-30": "1.46990", "2006-06-30": "1.00600", "2006-03-31": "0.54540", "2005-12-31": "0.53110", "2005-09-30": "1.49150", "2005-06-30": "1.28320", "2005-03-31": "-2.28030"}, "ROI - Return On Investment": {"2020-09-30": "1.86240", "2020-06-30": "1.64270", "2020-03-31": "3.78680", "2019-12-31": "1.16920", "2019-09-30": "1.57080", "2019-06-30": "1.38530", "2019-03-31": "4.06660", "2018-12-31": "1.66820", "2018-09-30": "1.78490", "2018-06-30": "1.61610", "2018-03-31": "3.87710", "2017-12-31": "1.12280", "2017-09-30": "1.70820", "2017-06-30": "1.19450", "2017-03-31": "4.12130", "2016-12-31": "1.48780", "2016-09-30": "2.25380", "2016-06-30": "2.59490", "2016-03-31": "1.01150", "2015-12-31": "1.18400", "2015-09-30": "2.41560", "2015-06-30": "2.52890", "2015-03-31": "0.60620", "2014-12-31": "1.00730", "2014-09-30": "1.88260", "2014-06-30": "2.11550", "2014-03-31": "1.61940", "2013-12-31": "2.61120", "2013-09-30": "2.70560", "2013-06-30": "3.55920", "2013-03-31": "1.69480", "2012-12-31": "1.40540", "2012-09-30": "2.61310", "2012-06-30": "3.33810", "2012-03-31": "1.38310", "2011-12-31": "2.11090", "2011-09-30": "2.46530", "2011-06-30": "2.22070", "2011-03-31": "0.83420", "2010-12-31": "2.77660", "2010-09-30": "2.95890", "2010-06-30": "2.76490", "2010-03-31": "1.99090", "2009-12-31": "1.34450", "2009-09-30": "3.27790", "2009-06-30": "3.53280", "2009-03-31": "2.36190", "2008-12-31": "1.02770", "2008-09-30": "3.54890", "2008-06-30": "3.70270", "2008-03-31": "1.48370", "2007-12-31": "3.14660", "2007-09-30": "4.48130", "2007-06-30": "5.85080", "2007-03-31": "2.45420", "2006-12-31": "2.75280", "2006-09-30": "5.29260", "2006-06-30": "4.04200", "2006-03-31": "1.93240", "2005-12-31": "2.05320", "2005-09-30": "5.83680", "2005-06-30": "5.36020", "2005-03-31": "-8.96470"}, "Book Value Per Share": {"2020-09-30": "30.25590", "2020-06-30": "28.90080", "2020-03-31": "26.74100", "2019-12-31": "27.72730", "2019-09-30": "26.33780", "2019-06-30": "26.58680", "2019-03-31": "26.75770", "2018-12-31": "24.83530", "2018-09-30": "25.11000", "2018-06-30": "24.71580", "2018-03-31": "25.17570", "2017-12-31": "23.75530", "2017-09-30": "23.07630", "2017-06-30": "21.69810", "2017-03-31": "20.76490", "2016-12-31": "20.50360", "2016-09-30": "21.02980", "2016-06-30": "20.65420", "2016-03-31": "20.62280", "2015-12-31": "20.84910", "2015-09-30": "20.98420", "2015-06-30": "21.26930", "2015-03-31": "19.31370", "2014-12-31": "20.07960", "2014-09-30": "20.17350", "2014-06-30": "20.43770", "2014-03-31": "15.87120", "2013-12-31": "15.61000", "2013-09-30": "14.69350", "2013-06-30": "13.32810", "2013-03-31": "13.12860", "2012-12-31": "13.20540", "2012-09-30": "13.15270", "2012-06-30": "12.17270", "2012-03-31": "11.46750", "2011-12-31": "10.84220", "2011-09-30": "10.79980", "2011-06-30": "10.72010", "2011-03-31": "10.39980", "2010-12-31": "10.20940", "2010-09-30": "9.54150", "2010-06-30": "9.17680", "2010-03-31": "8.84850", "2009-12-31": "8.71120", "2009-09-30": "8.53730", "2009-06-30": "8.29840", "2009-03-31": "7.96610", "2008-12-31": "7.66080", "2008-09-30": "8.15790", "2008-06-30": "7.78350", "2008-03-31": "7.52800", "2007-12-31": "7.77720", "2007-09-30": "8.19280", "2007-06-30": "8.21410", "2007-03-31": "8.77550", "2006-12-31": "8.78150", "2006-09-30": "8.62180", "2006-06-30": "8.24280", "2006-03-31": "8.05480", "2005-12-31": "8.03660", "2005-09-30": "8.24050", "2005-06-30": "7.85310", "2005-03-31": "7.32510"}, "Operating Cash Flow Per Share": {"2020-09-30": 2.9359, "2020-06-30": 3.5708, "2020-03-31": "0.56210", "2019-12-31": 1.8544, "2019-09-30": 1.8223, "2019-06-30": 2.7213, "2019-03-31": "-0.51060", "2018-12-31": 1.4077, "2018-09-30": 1.0124, "2018-06-30": 2.8651, "2018-03-31": "-1.17620", "2017-12-31": 1.4404, "2017-09-30": 1.8137, "2017-06-30": 1.3509, "2017-03-31": "0.08580", "2016-12-31": 1.5746, "2016-09-30": 1.341, "2016-06-30": 0.1626, "2016-03-31": "0.56310", "2015-12-31": 2.1146, "2015-09-30": 1.3313, "2015-06-30": -0.1639, "2015-03-31": "0.67930", "2014-12-31": 1.2308, "2014-09-30": 0.1678, "2014-06-30": 0.8117, "2014-03-31": "0.61930", "2013-12-31": 0.7325, "2013-09-30": 1.5494, "2013-06-30": 0.1709, "2013-03-31": "0.40160", "2012-12-31": 1.359, "2012-09-30": 0.9212, "2012-06-30": 0.9409, "2012-03-31": "-0.42110", "2011-12-31": 0.8834, "2011-09-30": 0.7796, "2011-06-30": 0.9376, "2011-03-31": "-0.07620", "2010-12-31": 0.1741, "2010-09-30": 1.1529, "2010-06-30": 0.8226, "2010-03-31": "0.03400", "2009-12-31": 0.1772, "2009-09-30": 1.1546, "2009-06-30": 1.1172, "2009-03-31": "-0.34660", "2008-12-31": 0.4258, "2008-09-30": 1.0759, "2008-06-30": 0.8857, "2008-03-31": "-0.68250", "2007-12-31": 1.042, "2007-09-30": 0.8168, "2007-06-30": 1.1512, "2007-03-31": "-0.41160", "2006-12-31": 0.3117, "2006-09-30": 1.0166, "2006-06-30": 0.6979, "2006-03-31": "-0.96220", "2005-12-31": 0.355, "2005-09-30": 1.0521, "2005-06-30": 0.4172, "2005-03-31": "0.14660"}, "Free Cash Flow Per Share": {"2020-09-30": 2.8338, "2020-06-30": 3.4206, "2020-03-31": "0.40940", "2019-12-31": 1.689, "2019-09-30": 1.6543, "2019-06-30": 2.5332, "2019-03-31": "-0.71920", "2018-12-31": 1.2257, "2018-09-30": 0.8643, "2018-06-30": 2.6952, "2018-03-31": "-1.34430", "2017-12-31": 1.2449, "2017-09-30": 1.661, "2017-06-30": 1.1518, "2017-03-31": "-0.07640", "2016-12-31": 1.1313, "2016-09-30": 1.1416, "2016-06-30": -0.067, "2016-03-31": "0.21450", "2015-12-31": 1.9491, "2015-09-30": 1.1902, "2015-06-30": -0.3221, "2015-03-31": "0.57250", "2014-12-31": 1.0723, "2014-09-30": 0.0685, "2014-06-30": 0.6871, "2014-03-31": "0.47350", "2013-12-31": 0.5469, "2013-09-30": 1.2963, "2013-06-30": -0.0346, "2013-03-31": "0.32860", "2012-12-31": 1.2327, "2012-09-30": 0.8507, "2012-06-30": 0.8317, "2012-03-31": "-0.53140", "2011-12-31": 0.7875, "2011-09-30": 0.667, "2011-06-30": 0.8133, "2011-03-31": "-0.15140", "2010-12-31": 0.1066, "2010-09-30": 1.1059, "2010-06-30": 0.7566, "2010-03-31": "-0.02430", "2009-12-31": 0.1168, "2009-09-30": 1.1155, "2009-06-30": 1.0371, "2009-03-31": "-0.40060", "2008-12-31": 0.3504, "2008-09-30": 0.987, "2008-06-30": 0.7985, "2008-03-31": "-0.77070", "2007-12-31": 0.8942, "2007-09-30": 0.7186, "2007-06-30": 1.0769, "2007-03-31": "-0.51050", "2006-12-31": 0.2556, "2006-09-30": 0.9313, "2006-06-30": 0.6001, "2006-03-31": "-1.05830", "2005-12-31": 0.2605, "2005-09-30": 1.0202, "2005-06-30": 0.3497, "2005-03-31": "0.09700"}}, "revenue": {"Arthur J Gallagher Annual Revenue (Millions of US $)": {"2020": "$7,004", "2019": "$7,195", "2018": "$6,934", "2017": "$6,249", "2016": "$5,681", "2015": "$5,392", "2014": "$4,627", "2013": "$3,180", "2012": "$2,520", "2011": "$2,135", "2010": "$1,864", "2009": "$1,729", "2008": "$1,645", "2007": "$1,623", "2006": "$1,470", "2005": "$1,429"}, "Arthur J Gallagher Quarterly Revenue (Millions of US $)": {"2020-12-31": "$1,704", "2020-09-30": "$1,849", "2020-06-30": "$1,584", "2020-03-31": "$1,867", "2019-12-31": "$1,721", "2019-09-30": "$1,825", "2019-06-30": "$1,658", "2019-03-31": "$1,991", "2018-12-31": "$1,657", "2018-09-30": "$1,779", "2018-06-30": "$1,660", "2018-03-31": "$1,838", "2017-12-31": "$1,519", "2017-09-30": "$1,594", "2017-06-30": "$1,490", "2017-03-31": "$1,646", "2016-12-31": "$1,471", "2016-09-30": "$1,482", "2016-06-30": "$1,427", "2016-03-31": "$1,300", "2015-12-31": "$1,335", "2015-09-30": "$1,455", "2015-06-30": "$1,371", "2015-03-31": "$1,231", "2014-12-31": "$1,245", "2014-09-30": "$1,287", "2014-06-30": "$1,179", "2014-03-31": "$915", "2013-12-31": "$890", "2013-09-30": "$836", "2013-06-30": "$780", "2013-03-31": "$674", "2012-12-31": "$673", "2012-09-30": "$650", "2012-06-30": "$650", "2012-03-31": "$547", "2011-12-31": "$578", "2011-09-30": "$563", "2011-06-30": "$546", "2011-03-31": "$447", "2010-12-31": "$459", "2010-09-30": "$463", "2010-06-30": "$460", "2010-03-31": "$482", "2009-12-31": "$435", "2009-09-30": "$440", "2009-06-30": "$454", "2009-03-31": "$401", "2008-12-31": "$412", "2008-09-30": "$428", "2008-06-30": "$429", "2008-03-31": "$376", "2007-12-31": "$410", "2007-09-30": "$411", "2007-06-30": "$428", "2007-03-31": "$375", "2006-12-31": "$351", "2006-09-30": "$421", "2006-06-30": "$371", "2006-03-31": "$328", "2005-12-31": "$321", "2005-09-30": "$390", "2005-06-30": "$371", "2005-03-31": "$347"}}, "gross-profit": {"Arthur J Gallagher Annual Gross Profit (Millions of US $)": {"2020": "$2,655", "2019": "$2,503", "2018": "$2,092", "2017": "$1,866", "2016": "$1,735", "2015": "$1,612", "2014": "$1,400", "2013": "$1,057", "2012": "$915", "2011": "$777", "2010": "$683", "2009": "$661", "2008": "$648", "2007": "$712", "2006": "$631", "2005": "$678"}, "Arthur J Gallagher Quarterly Gross Profit (Millions of US $)": {"2020-12-31": "$606", "2020-09-30": "$656", "2020-06-30": "$607", "2020-03-31": "$785", "2019-12-31": "$583", "2019-09-30": "$589", "2019-06-30": "$560", "2019-03-31": "$771", "2018-12-31": "$463", "2018-09-30": "$504", "2018-06-30": "$494", "2018-03-31": "$631", "2017-12-31": "$411", "2017-09-30": "$462", "2017-06-30": "$426", "2017-03-31": "$568", "2016-12-31": "$484", "2016-09-30": "$406", "2016-06-30": "$471", "2016-03-31": "$374", "2015-12-31": "$385", "2015-09-30": "$431", "2015-06-30": "$450", "2015-03-31": "$347", "2014-12-31": "$348", "2014-09-30": "$396", "2014-06-30": "$379", "2014-03-31": "$278", "2013-12-31": "$261", "2013-09-30": "$276", "2013-06-30": "$287", "2013-03-31": "$232", "2012-12-31": "$225", "2012-09-30": "$249", "2012-06-30": "$257", "2012-03-31": "$185", "2011-12-31": "$198", "2011-09-30": "$217", "2011-06-30": "$210", "2011-03-31": "$152", "2010-12-31": "$160", "2010-09-30": "$183", "2010-06-30": "$184", "2010-03-31": "$156", "2009-12-31": "$151", "2009-09-30": "$176", "2009-06-30": "$183", "2009-03-31": "$150", "2008-12-31": "$149", "2008-09-30": "$178", "2008-06-30": "$183", "2008-03-31": "$139", "2007-12-31": "$170", "2007-09-30": "$182", "2007-06-30": "$199", "2007-03-31": "$161", "2006-12-31": "$157", "2006-09-30": "$201", "2006-06-30": "$151", "2006-03-31": "$122", "2005-12-31": "$155", "2005-09-30": "$188", "2005-06-30": "$182", "2005-03-31": "$154"}}, "operating-income": {"Arthur J Gallagher Annual Operating Income (Millions of US $)": {"2020": "$1,034", "2019": "$806", "2018": "$618", "2017": "$484", "2016": "$443", "2015": "$397", "2014": "$381", "2013": "$341", "2012": "$288", "2011": "$249", "2010": "$238", "2009": "$240", "2008": "$192", "2007": "$311", "2006": "$267", "2005": "$334"}, "Arthur J Gallagher Quarterly Operating Income (Millions of US $)": {"2020-12-31": "$202", "2020-09-30": "$278", "2020-06-30": "$222", "2020-03-31": "$407", "2019-12-31": "$126", "2019-09-30": "$167", "2019-06-30": "$150", "2019-03-31": "$362", "2018-12-31": "$80", "2018-09-30": "$127", "2018-06-30": "$138", "2018-03-31": "$274", "2017-12-31": "$60", "2017-09-30": "$108", "2017-06-30": "$86", "2017-03-31": "$230", "2016-12-31": "$74", "2016-09-30": "$123", "2016-06-30": "$165", "2016-03-31": "$82", "2015-12-31": "$54", "2015-09-30": "$131", "2015-06-30": "$155", "2015-03-31": "$57", "2014-12-31": "$55", "2014-09-30": "$121", "2014-06-30": "$133", "2014-03-31": "$71", "2013-12-31": "$80", "2013-09-30": "$99", "2013-06-30": "$109", "2013-03-31": "$54", "2012-12-31": "$56", "2012-09-30": "$87", "2012-06-30": "$102", "2012-03-31": "$43", "2011-12-31": "$58", "2011-09-30": "$81", "2011-06-30": "$77", "2011-03-31": "$33", "2010-12-31": "$35", "2010-09-30": "$79", "2010-06-30": "$73", "2010-03-31": "$52", "2009-12-31": "$35", "2009-09-30": "$71", "2009-06-30": "$83", "2009-03-31": "$51", "2008-12-31": "$18", "2008-09-30": "$60", "2008-06-30": "$79", "2008-03-31": "$35", "2007-12-31": "$60", "2007-09-30": "$82", "2007-06-30": "$100", "2007-03-31": "$69", "2006-12-31": "$64", "2006-09-30": "$105", "2006-06-30": "$62", "2006-03-31": "$36", "2005-12-31": "$71", "2005-09-30": "$99", "2005-06-30": "$94", "2005-03-31": "$70"}}, "ebitda": {"Arthur J Gallagher Annual EBITDA (Millions of US $)": {"2019": "$1,280", "2018": "$1,037", "2017": "$870", "2016": "$794", "2015": "$731", "2014": "$639", "2013": "$520", "2012": "$429", "2011": "$364", "2010": "$331", "2009": "$325", "2008": "$280", "2007": "$383", "2006": "$323", "2005": "$388"}, "Arthur J Gallagher Quarterly EBITDA (Millions of US $)": {"2020-09-30": "$412", "2020-06-30": "$344", "2020-03-31": "$579", "2019-12-31": "$256", "2019-09-30": "$286", "2019-06-30": "$265", "2019-03-31": "$473", "2018-12-31": "$190", "2018-09-30": "$233", "2018-06-30": "$242", "2018-03-31": "$372", "2017-12-31": "$157", "2017-09-30": "$208", "2017-06-30": "$181", "2017-03-31": "$323", "2016-12-31": "$163", "2016-09-30": "$212", "2016-06-30": "$253", "2016-03-31": "$166", "2015-12-31": "$148", "2015-09-30": "$213", "2015-06-30": "$237", "2015-03-31": "$133", "2014-12-31": "$129", "2014-09-30": "$194", "2014-06-30": "$193", "2014-03-31": "$124", "2013-12-31": "$130", "2013-09-30": "$144", "2013-06-30": "$152", "2013-03-31": "$94", "2012-12-31": "$93", "2012-09-30": "$124", "2012-06-30": "$138", "2012-03-31": "$74", "2011-12-31": "$92", "2011-09-30": "$111", "2011-06-30": "$104", "2011-03-31": "$58", "2010-12-31": "$59", "2010-09-30": "$102", "2010-06-30": "$97", "2010-03-31": "$73", "2009-12-31": "$58", "2009-09-30": "$93", "2009-06-30": "$104", "2009-03-31": "$71", "2008-12-31": "$40", "2008-09-30": "$78", "2008-06-30": "$98", "2008-03-31": "$64", "2007-12-31": "$86", "2007-09-30": "$97", "2007-06-30": "$115", "2007-03-31": "$84", "2006-12-31": "$80", "2006-09-30": "$120", "2006-06-30": "$75", "2006-03-31": "$48", "2005-12-31": "$84", "2005-09-30": "$112", "2005-06-30": "$108", "2005-03-31": "$84"}}, "net-income": {"Arthur J Gallagher Annual Net Income (Millions of US $)": {"2020": "$819", "2019": "$669", "2018": "$634", "2017": "$481", "2016": "$397", "2015": "$357", "2014": "$303", "2013": "$269", "2012": "$195", "2011": "$144", "2010": "$174", "2009": "$129", "2008": "$77", "2007": "$139", "2006": "$129", "2005": "$31"}, "Arthur J Gallagher Quarterly Net Income (Millions of US $)": {"2020-12-31": "$142", "2020-09-30": "$177", "2020-06-30": "$154", "2020-03-31": "$346", "2019-12-31": "$99", "2019-09-30": "$126", "2019-06-30": "$110", "2019-03-31": "$334", "2018-12-31": "$117", "2018-09-30": "$128", "2018-06-30": "$115", "2018-03-31": "$274", "2017-12-31": "$72", "2017-09-30": "$111", "2017-06-30": "$70", "2017-03-31": "$229", "2016-12-31": "$78", "2016-09-30": "$123", "2016-06-30": "$150", "2016-03-31": "$47", "2015-12-31": "$62", "2015-09-30": "$133", "2015-06-30": "$139", "2015-03-31": "$22", "2014-12-31": "$52", "2014-09-30": "$94", "2014-06-30": "$109", "2014-03-31": "$49", "2013-12-31": "$60", "2013-09-30": "$75", "2013-06-30": "$94", "2013-03-31": "$41", "2012-12-31": "$34", "2012-09-30": "$62", "2012-06-30": "$72", "2012-03-31": "$28", "2011-12-31": "$41", "2011-09-30": "$47", "2011-06-30": "$42", "2011-03-31": "$15", "2010-12-31": "$55", "2010-09-30": "$46", "2010-06-30": "$44", "2010-03-31": "$29", "2009-12-31": "$17", "2009-09-30": "$42", "2009-06-30": "$44", "2009-03-31": "$26", "2008-12-31": "$5", "2008-09-30": "$38", "2008-06-30": "$41", "2008-03-31": "$-6", "2007-12-31": "$23", "2007-09-30": "$52", "2007-06-30": "$44", "2007-03-31": "$20", "2006-12-31": "$25", "2006-09-30": "$50", "2006-06-30": "$37", "2006-03-31": "$17", "2005-12-31": "$8", "2005-09-30": "$51", "2005-06-30": "$52", "2005-03-31": "$-79"}}, "eps-earnings-per-share-diluted": {"Arthur J Gallagher Annual EPS": {"2020": "$4.20", "2019": "$3.52", "2018": "$3.40", "2017": "$2.64", "2016": "$2.22", "2015": "$2.06", "2014": "$1.97", "2013": "$2.06", "2012": "$1.59", "2011": "$1.28", "2010": "$1.66", "2009": "$1.28", "2008": "$0.82", "2007": "$1.43", "2006": "$1.31", "2005": "$0.32"}, "Arthur J Gallagher Quarterly EPS": {"2020-12-31": "$0.72", "2020-09-30": "$0.90", "2020-06-30": "$0.79", "2020-03-31": "$1.79", "2019-12-31": "$0.51", "2019-09-30": "$0.66", "2019-06-30": "$0.58", "2019-03-31": "$1.77", "2018-12-31": "$0.62", "2018-09-30": "$0.68", "2018-06-30": "$0.62", "2018-03-31": "$1.48", "2017-12-31": "$0.37", "2017-09-30": "$0.61", "2017-06-30": "$0.39", "2017-03-31": "$1.27", "2016-12-31": "$0.43", "2016-09-30": "$0.69", "2016-06-30": "$0.84", "2016-03-31": "$0.26", "2015-12-31": "$0.37", "2015-09-30": "$0.75", "2015-06-30": "$0.81", "2015-03-31": "$0.13", "2014-12-31": "$0.33", "2014-09-30": "$0.58", "2014-06-30": "$0.70", "2014-03-31": "$0.36", "2013-12-31": "$0.44", "2013-09-30": "$0.57", "2013-06-30": "$0.73", "2013-03-31": "$0.32", "2012-12-31": "$0.26", "2012-09-30": "$0.50", "2012-06-30": "$0.59", "2012-03-31": "$0.24", "2011-12-31": "$0.36", "2011-09-30": "$0.41", "2011-06-30": "$0.37", "2011-03-31": "$0.14", "2010-12-31": "$0.52", "2010-09-30": "$0.44", "2010-06-30": "$0.42", "2010-03-31": "$0.28", "2009-12-31": "$0.16", "2009-09-30": "$0.41", "2009-06-30": "$0.44", "2009-03-31": "$0.27", "2008-12-31": "$0.05", "2008-09-30": "$0.40", "2008-06-30": "$0.44", "2008-03-31": "$-0.07", "2007-12-31": "$0.25", "2007-09-30": "$0.54", "2007-06-30": "$0.44", "2007-03-31": "$0.20", "2006-12-31": "$0.26", "2006-09-30": "$0.51", "2006-06-30": "$0.37", "2006-03-31": "$0.17", "2005-12-31": "$0.11", "2005-09-30": "$0.52", "2005-06-30": "$0.54", "2005-03-31": "$-0.85"}}, "shares-outstanding": {"Arthur J Gallagher Annual Shares Outstanding (Millions of Shares)": {"2020": "195", "2019": "190", "2018": "186", "2017": "182", "2016": "178", "2015": "173", "2014": "154", "2013": "131", "2012": "123", "2011": "113", "2010": "105", "2009": "101", "2008": "94", "2007": "97", "2006": "98", "2005": "96"}, "Arthur J Gallagher Quarterly Shares Outstanding (Millions of Shares)": {"2020-12-31": "197", "2020-09-30": "196", "2020-06-30": "194", "2020-03-31": "193", "2019-12-31": "190", "2019-09-30": "191", "2019-06-30": "190", "2019-03-31": "188", "2018-12-31": "186", "2018-09-30": "187", "2018-06-30": "186", "2018-03-31": "185", "2017-12-31": "182", "2017-09-30": "183", "2017-06-30": "182", "2017-03-31": "181", "2016-12-31": "178", "2016-09-30": "179", "2016-06-30": "178", "2016-03-31": "178", "2015-12-31": "173", "2015-09-30": "177", "2015-06-30": "172", "2015-03-31": "167", "2014-12-31": "154", "2014-09-30": "162", "2014-06-30": "156", "2014-03-31": "136", "2013-12-31": "131", "2013-09-30": "131", "2013-06-30": "129", "2013-03-31": "128", "2012-12-31": "123", "2012-09-30": "125", "2012-06-30": "121", "2012-03-31": "118", "2011-12-31": "113", "2011-09-30": "113", "2011-06-30": "112", "2011-03-31": "110", "2010-12-31": "105", "2010-09-30": "106", "2010-06-30": "105", "2010-03-31": "103", "2009-12-31": "101", "2009-09-30": "102", "2009-06-30": "101", "2009-03-31": "98", "2008-12-31": "94", "2008-09-30": "95", "2008-06-30": "94", "2008-03-31": "93", "2007-12-31": "97", "2007-09-30": "96", "2007-06-30": "99", "2007-03-31": "100", "2006-12-31": "98", "2006-09-30": "99", "2006-06-30": "98", "2006-03-31": "98", "2005-12-31": "96", "2005-09-30": "97", "2005-06-30": "96", "2005-03-31": "95"}}, "total-assets": {"Arthur J Gallagher Annual Total Assets (Millions of US $)": {"2019": "$19,635", "2018": "$16,334", "2017": "$14,910", "2016": "$11,490", "2015": "$10,911", "2014": "$10,010", "2013": "$6,861", "2012": "$5,352", "2011": "$4,484", "2010": "$3,596", "2009": "$3,250", "2008": "$3,271", "2007": "$3,557", "2006": "$3,420", "2005": "$3,390"}, "Arthur J Gallagher Quarterly Total Assets (Millions of US $)": {"2020-09-30": "$21,815", "2020-06-30": "$21,306", "2020-03-31": "$20,837", "2019-12-31": "$19,635", "2019-09-30": "$19,174", "2019-06-30": "$19,200", "2019-03-31": "$18,631", "2018-12-31": "$16,334", "2018-09-30": "$16,115", "2018-06-30": "$16,231", "2018-03-31": "$16,128", "2017-12-31": "$14,910", "2017-09-30": "$12,810", "2017-06-30": "$12,570", "2017-03-31": "$11,781", "2016-12-31": "$11,490", "2016-09-30": "$11,200", "2016-06-30": "$11,384", "2016-03-31": "$10,713", "2015-12-31": "$10,911", "2015-09-30": "$10,510", "2015-06-30": "$10,716", "2015-03-31": "$9,731", "2014-12-31": "$10,010", "2014-09-30": "$9,988", "2014-06-30": "$10,019", "2014-03-31": "$7,276", "2013-12-31": "$6,861", "2013-09-30": "$5,970", "2013-06-30": "$5,562", "2013-03-31": "$5,225", "2012-12-31": "$5,352", "2012-09-30": "$5,009", "2012-06-30": "$5,134", "2012-03-31": "$4,603", "2011-12-31": "$4,484", "2011-09-30": "$4,247", "2011-06-30": "$4,582", "2011-03-31": "$3,691", "2010-12-31": "$3,596", "2010-09-30": "$3,461", "2010-06-30": "$3,556", "2010-03-31": "$3,232", "2009-12-31": "$3,250", "2009-09-30": "$3,241", "2009-06-30": "$3,653", "2009-03-31": "$3,109", "2008-12-31": "$3,271", "2008-09-30": "$3,197", "2008-06-30": "$3,510", "2008-03-31": "$3,341", "2007-12-31": "$3,557", "2007-09-30": "$3,571", "2007-06-30": "$3,702", "2007-03-31": "$3,392", "2006-12-31": "$3,420", "2006-09-30": "$3,415", "2006-06-30": "$3,638", "2006-03-31": "$3,135", "2005-12-31": "$3,390", "2005-09-30": "$3,386", "2005-06-30": "$3,444", "2005-03-31": "$3,228"}}, "cash-on-hand": {"Arthur J Gallagher Annual Cash on Hand (Millions of US $)": {"2019": "$2,624", "2018": "$2,237", "2017": "$2,305", "2016": "$1,938", "2015": "$1,893", "2014": "$1,682", "2013": "$1,326", "2012": "$1,154", "2011": "$984", "2010": "$850", "2009": "$729", "2008": "$746", "2007": "$865", "2006": "$846", "2005": "$879"}, "Arthur J Gallagher Quarterly Cash on Hand (Millions of US $)": {"2020-09-30": "$3,475", "2020-06-30": "$3,003", "2020-03-31": "$2,633", "2019-12-31": "$2,624", "2019-09-30": "$2,607", "2019-06-30": "$2,547", "2019-03-31": "$2,541", "2018-12-31": "$2,237", "2018-09-30": "$2,261", "2018-06-30": "$2,345", "2018-03-31": "$2,109", "2017-12-31": "$2,305", "2017-09-30": "$2,181", "2017-06-30": "$2,069", "2017-03-31": "$1,822", "2016-12-31": "$1,938", "2016-09-30": "$1,929", "2016-06-30": "$1,842", "2016-03-31": "$1,729", "2015-12-31": "$1,893", "2015-09-30": "$1,719", "2015-06-30": "$1,766", "2015-03-31": "$1,463", "2014-12-31": "$1,682", "2014-09-30": "$1,633", "2014-06-30": "$2,083", "2014-03-31": "$1,655", "2013-12-31": "$1,326", "2013-09-30": "$1,211", "2013-06-30": "$1,154", "2013-03-31": "$1,023", "2012-12-31": "$1,154", "2012-09-30": "$1,111", "2012-06-30": "$1,106", "2012-03-31": "$980", "2011-12-31": "$984", "2011-09-30": "$960", "2011-06-30": "$996", "2011-03-31": "$913", "2010-12-31": "$850", "2010-09-30": "$862", "2010-06-30": "$796", "2010-03-31": "$733", "2009-12-31": "$729", "2009-09-30": "$790", "2009-06-30": "$830", "2009-03-31": "$737", "2008-12-31": "$746", "2008-09-30": "$843", "2008-06-30": "$913", "2008-03-31": "$843", "2007-12-31": "$865", "2007-09-30": "$1,005", "2007-06-30": "$946", "2007-03-31": "$845", "2006-12-31": "$846", "2006-09-30": "$906", "2006-06-30": "$860", "2006-03-31": "$728", "2005-12-31": "$879", "2005-09-30": "$929", "2005-06-30": "$801", "2005-03-31": "$746"}}, "long-term-debt": {"Arthur J Gallagher Annual Long Term Debt (Millions of US $)": {"2019": "$3,816", "2018": "$3,091", "2017": "$2,692", "2016": "$2,145", "2015": "$2,072", "2014": "$2,125", "2013": "$825", "2012": "$725", "2011": "$675", "2010": "$550", "2009": "$550", "2008": "$400", "2007": "$400", "2006": "$26", "2005": "$108"}, "Arthur J Gallagher Quarterly Long Term Debt (Millions of US $)": {"2020-09-30": "$4,266", "2020-06-30": "$4,315", "2020-03-31": "$4,315", "2019-12-31": "$3,816", "2019-09-30": "$3,816", "2019-06-30": "$3,816", "2019-03-31": "$3,690", "2018-12-31": "$3,091", "2018-09-30": "$3,141", "2018-06-30": "$3,141", "2018-03-31": "$2,792", "2017-12-31": "$2,692", "2017-09-30": "$2,742", "2017-06-30": "$2,645", "2017-03-31": "$2,145", "2016-12-31": "$2,145", "2016-09-30": "$2,045", "2016-06-30": "$2,344", "2016-03-31": "$2,072", "2015-12-31": "$2,072", "2015-09-30": "$2,125", "2015-06-30": "$2,125", "2015-03-31": "$2,125", "2014-12-31": "$2,125", "2014-09-30": "$2,125", "2014-06-30": "$2,125", "2014-03-31": "$1,425", "2013-12-31": "$825", "2013-09-30": "$825", "2013-06-30": "$925", "2013-03-31": "$725", "2012-12-31": "$725", "2012-09-30": "$725", "2012-06-30": "$675", "2012-03-31": "$675", "2011-12-31": "$675", "2011-09-30": "$675", "2011-06-30": "$675", "2011-03-31": "$675", "2010-12-31": "$550", "2010-09-30": "$550", "2010-06-30": "$550", "2010-03-31": "$550", "2009-12-31": "$550", "2009-09-30": "$400", "2009-06-30": "$400", "2009-03-31": "$400", "2008-12-31": "$400", "2008-09-30": "$400", "2008-06-30": "$400", "2008-03-31": "$400", "2007-12-31": "$400", "2007-09-30": "$400", "2007-06-30": "", "2007-03-31": "", "2006-12-31": "$26", "2006-09-30": "$103", "2006-06-30": "$104", "2006-03-31": "$106", "2005-12-31": "$108", "2005-09-30": "$81", "2005-06-30": "$82", "2005-03-31": "$138"}}, "total-liabilities": {"Arthur J Gallagher Annual Total Liabilities (Millions of US $)": {"2019": "$14,419", "2018": "$11,764", "2017": "$10,610", "2016": "$7,834", "2015": "$7,222", "2014": "$6,705", "2013": "$4,775", "2012": "$3,694", "2011": "$3,240", "2010": "$2,489", "2009": "$2,357", "2008": "$2,533", "2007": "$2,841", "2006": "$2,556", "2005": "$2,620"}, "Arthur J Gallagher Quarterly Total Liabilities (Millions of US $)": {"2020-09-30": "$15,997", "2020-06-30": "$15,772", "2020-03-31": "$15,766", "2019-12-31": "$14,419", "2019-09-30": "$14,262", "2019-06-30": "$14,253", "2019-03-31": "$13,673", "2018-12-31": "$11,764", "2018-09-30": "$11,502", "2018-06-30": "$11,717", "2018-03-31": "$11,543", "2017-12-31": "$10,610", "2017-09-30": "$8,638", "2017-06-30": "$8,660", "2017-03-31": "$8,053", "2016-12-31": "$7,834", "2016-09-30": "$7,459", "2016-06-30": "$7,729", "2016-03-31": "$7,060", "2015-12-31": "$7,222", "2015-09-30": "$6,803", "2015-06-30": "$7,005", "2015-03-31": "$6,511", "2014-12-31": "$6,705", "2014-09-30": "$6,732", "2014-06-30": "$6,770", "2014-03-31": "$5,131", "2013-12-31": "$4,775", "2013-09-30": "$4,038", "2013-06-30": "$3,860", "2013-03-31": "$3,560", "2012-12-31": "$3,694", "2012-09-30": "$3,373", "2012-06-30": "$3,661", "2012-03-31": "$3,246", "2011-12-31": "$3,240", "2011-09-30": "$3,028", "2011-06-30": "$3,379", "2011-03-31": "$2,544", "2010-12-31": "$2,489", "2010-09-30": "$2,449", "2010-06-30": "$2,590", "2010-03-31": "$2,315", "2009-12-31": "$2,357", "2009-09-30": "$2,372", "2009-06-30": "$2,813", "2009-03-31": "$2,310", "2008-12-31": "$2,533", "2008-09-30": "$2,422", "2008-06-30": "$2,783", "2008-03-31": "$2,642", "2007-12-31": "$2,841", "2007-09-30": "$2,802", "2007-06-30": "$2,919", "2007-03-31": "$2,524", "2006-12-31": "$2,556", "2006-09-30": "$2,569", "2006-06-30": "$2,837", "2006-03-31": "$2,356", "2005-12-31": "$2,620", "2005-09-30": "$2,601", "2005-06-30": "$2,702", "2005-03-31": "$2,545"}}, "total-share-holder-equity": {"Arthur J Gallagher Annual Share Holder Equity (Millions of US $)": {"2019": "$5,216", "2018": "$4,570", "2017": "$4,300", "2016": "$3,656", "2015": "$3,688", "2014": "$3,305", "2013": "$2,086", "2012": "$1,659", "2011": "$1,244", "2010": "$1,107", "2009": "$893", "2008": "$739", "2007": "$716", "2006": "$864", "2005": "$769"}, "Arthur J Gallagher Quarterly Share Holder Equity (Millions of US $)": {"2020-09-30": "$5,818", "2020-06-30": "$5,535", "2020-03-31": "$5,070", "2019-12-31": "$5,216", "2019-09-30": "$4,912", "2019-06-30": "$4,948", "2019-03-31": "$4,958", "2018-12-31": "$4,570", "2018-09-30": "$4,613", "2018-06-30": "$4,513", "2018-03-31": "$4,585", "2017-12-31": "$4,300", "2017-09-30": "$4,172", "2017-06-30": "$3,910", "2017-03-31": "$3,727", "2016-12-31": "$3,656", "2016-09-30": "$3,741", "2016-06-30": "$3,656", "2016-03-31": "$3,652", "2015-12-31": "$3,688", "2015-09-30": "$3,708", "2015-06-30": "$3,712", "2015-03-31": "$3,220", "2014-12-31": "$3,305", "2014-09-30": "$3,256", "2014-06-30": "$3,250", "2014-03-31": "$2,144", "2013-12-31": "$2,086", "2013-09-30": "$1,932", "2013-06-30": "$1,702", "2013-03-31": "$1,665", "2012-12-31": "$1,659", "2012-09-30": "$1,636", "2012-06-30": "$1,473", "2012-03-31": "$1,357", "2011-12-31": "$1,244", "2011-09-30": "$1,219", "2011-06-30": "$1,203", "2011-03-31": "$1,147", "2010-12-31": "$1,107", "2010-09-30": "$1,011", "2010-06-30": "$965", "2010-03-31": "$917", "2009-12-31": "$893", "2009-09-30": "$869", "2009-06-30": "$840", "2009-03-31": "$798", "2008-12-31": "$739", "2008-09-30": "$775", "2008-06-30": "$726", "2008-03-31": "$699", "2007-12-31": "$716", "2007-09-30": "$769", "2007-06-30": "$783", "2007-03-31": "$868", "2006-12-31": "$864", "2006-09-30": "$846", "2006-06-30": "$801", "2006-03-31": "$779", "2005-12-31": "$769", "2005-09-30": "$785", "2005-06-30": "$743", "2005-03-31": "$683"}}, "profit-margins": {"current": "11.69%"}, "gross margin": {"2020-12-31": "37.89%", "2020-09-30": "37.47%", "2020-06-30": "36.64%", "2020-03-31": "35.60%", "2019-12-31": "34.79%", "2019-09-30": "33.42%", "2019-06-30": "32.43%", "2019-03-31": "31.49%", "2018-12-31": "30.17%", "2018-09-30": "30.02%", "2018-06-30": "30.22%", "2018-03-31": "29.96%", "2017-12-31": "29.88%", "2017-09-30": "31.29%", "2017-06-30": "30.94%", "2017-03-31": "32.01%", "2016-12-31": "30.55%", "2016-09-30": "29.51%", "2016-06-30": "30.11%", "2016-03-31": "30.03%", "2015-12-31": "29.91%", "2015-09-30": "29.71%", "2015-06-30": "30.00%", "2015-03-31": "29.72%", "2014-12-31": "30.26%", "2014-09-30": "30.77%", "2014-06-30": "31.26%", "2014-03-31": "32.21%", "2013-12-31": "33.21%", "2013-09-30": "34.42%", "2013-06-30": "35.76%", "2013-03-31": "36.38%", "2012-12-31": "36.35%", "2012-09-30": "36.66%", "2012-06-30": "36.66%", "2012-03-31": "36.26%", "2011-12-31": "36.41%", "2011-09-30": "36.67%", "2011-06-30": "36.81%", "2011-03-31": "37.12%", "2010-12-31": "36.64%", "2010-09-30": "36.63%", "2010-06-30": "36.71%", "2010-03-31": "36.78%", "2009-12-31": "38.15%", "2009-09-30": "38.55%", "2009-06-30": "38.94%", "2009-03-31": "39.52%", "2008-12-31": "39.45%", "2008-09-30": "40.78%", "2008-06-30": "41.45%", "2008-03-31": "42.46%", "2007-12-31": "43.84%", "2007-09-30": "44.66%", "2007-06-30": "45.59%", "2007-03-31": "44.14%", "2006-12-31": "42.90%", "2006-09-30": "43.65%", "2006-06-30": "43.69%", "2006-03-31": "45.89%", "2005-12-31": "47.52%"}, "operating margin": {"2020-12-31": "15.83%", "2020-09-30": "14.71%", "2020-06-30": "13.18%", "2020-03-31": "12.02%", "2019-12-31": "11.19%", "2019-09-30": "10.64%", "2019-06-30": "10.15%", "2019-03-31": "9.98%", "2018-12-31": "8.93%", "2018-09-30": "8.81%", "2018-06-30": "8.77%", "2018-03-31": "8.20%", "2017-12-31": "7.75%", "2017-09-30": "8.03%", "2017-06-30": "8.43%", "2017-03-31": "9.82%", "2016-12-31": "7.82%", "2016-09-30": "7.65%", "2016-06-30": "7.83%", "2016-03-31": "7.73%", "2015-12-31": "7.36%", "2015-09-30": "7.51%", "2015-06-30": "7.56%", "2015-03-31": "7.41%", "2014-12-31": "8.21%", "2014-09-30": "9.48%", "2014-06-30": "10.03%", "2014-03-31": "10.49%", "2013-12-31": "10.75%", "2013-09-30": "10.73%", "2013-06-30": "11.02%", "2013-03-31": "11.30%", "2012-12-31": "11.43%", "2012-09-30": "11.96%", "2012-06-30": "12.15%", "2012-03-31": "11.59%", "2011-12-31": "11.67%", "2011-09-30": "11.22%", "2011-06-30": "11.70%", "2011-03-31": "12.03%", "2010-12-31": "12.82%", "2010-09-30": "12.99%", "2010-06-30": "12.71%", "2010-03-31": "13.31%", "2009-12-31": "13.87%", "2009-09-30": "13.06%", "2009-06-30": "12.51%", "2009-03-31": "12.46%", "2008-12-31": "11.67%", "2008-09-30": "14.24%", "2008-06-30": "15.74%", "2008-03-31": "17.05%", "2007-12-31": "19.15%", "2007-09-30": "20.13%", "2007-06-30": "21.46%", "2007-03-31": "19.76%", "2006-12-31": "18.15%", "2006-09-30": "19.01%", "2006-06-30": "19.01%", "2006-03-31": "21.28%", "2005-12-31": "23.37%"}, "ebitda margin": {"2020-09-30": "22.66%", "2020-06-30": "20.94%", "2020-03-31": "19.60%", "2019-12-31": "17.79%", "2019-09-30": "17.01%", "2019-06-30": "16.37%", "2019-03-31": "16.04%", "2018-12-31": "14.94%", "2018-09-30": "14.77%", "2018-06-30": "14.81%", "2018-03-31": "14.25%", "2017-12-31": "13.91%", "2017-09-30": "14.11%", "2017-06-30": "14.44%", "2017-03-31": "15.78%", "2016-12-31": "13.98%", "2016-09-30": "14.05%", "2016-06-30": "14.14%", "2016-03-31": "13.99%", "2015-12-31": "13.56%", "2015-09-30": "13.43%", "2015-06-30": "13.50%", "2015-03-31": "13.13%", "2014-12-31": "13.83%", "2014-09-30": "15.01%", "2014-06-30": "15.47%", "2014-03-31": "16.08%", "2013-12-31": "16.35%", "2013-09-30": "16.30%", "2013-06-30": "16.67%", "2013-03-31": "16.96%", "2012-12-31": "17.02%", "2012-09-30": "17.65%", "2012-06-30": "17.75%", "2012-03-31": "17.05%", "2011-12-31": "17.10%", "2011-09-30": "16.48%", "2011-06-30": "16.87%", "2011-03-31": "17.28%", "2010-12-31": "17.76%", "2010-09-30": "17.93%", "2010-06-30": "17.67%", "2010-03-31": "18.11%", "2009-12-31": "18.84%", "2009-09-30": "17.98%", "2009-06-30": "17.23%", "2009-03-31": "17.13%", "2008-12-31": "16.96%", "2008-09-30": "19.84%", "2008-06-30": "21.22%", "2008-03-31": "22.28%", "2007-12-31": "23.52%", "2007-09-30": "24.03%", "2007-06-30": "25.33%", "2007-03-31": "23.65%", "2006-12-31": "21.96%", "2006-09-30": "22.69%", "2006-06-30": "22.62%", "2006-03-31": "24.96%", "2005-12-31": "27.15%"}, "pre tax profit margin": {"2020-12-31": "12.45%", "2020-09-30": "11.71%", "2020-06-30": "10.39%", "2020-03-31": "9.35%", "2019-12-31": "8.71%", "2019-09-30": "8.22%", "2019-06-30": "7.92%", "2019-03-31": "7.89%", "2018-12-31": "6.91%", "2018-09-30": "6.84%", "2018-06-30": "6.84%", "2018-03-31": "6.24%", "2017-12-31": "5.76%", "2017-09-30": "6.08%", "2017-06-30": "6.49%", "2017-03-31": "7.95%", "2016-12-31": "5.90%", "2016-09-30": "5.72%", "2016-06-30": "5.95%", "2016-03-31": "5.84%", "2015-12-31": "5.45%", "2015-09-30": "5.58%", "2015-06-30": "5.55%", "2015-03-31": "5.42%", "2014-12-31": "6.31%", "2014-09-30": "7.68%", "2014-06-30": "8.35%", "2014-03-31": "8.89%", "2013-12-31": "9.15%", "2013-09-30": "9.11%", "2013-06-30": "9.36%", "2013-03-31": "9.60%", "2012-12-31": "9.72%", "2012-09-30": "10.19%", "2012-06-30": "10.35%", "2012-03-31": "9.71%", "2011-12-31": "9.75%", "2011-09-30": "9.28%", "2011-06-30": "9.71%", "2011-03-31": "10.06%", "2010-12-31": "10.89%", "2010-09-30": "11.25%", "2010-06-30": "11.01%", "2010-03-31": "11.60%", "2009-12-31": "12.20%", "2009-09-30": "11.66%", "2009-06-30": "10.91%", "2009-03-31": "10.78%", "2008-12-31": "9.91%", "2008-09-30": "11.87%", "2008-06-30": "13.04%", "2008-03-31": "12.49%", "2007-12-31": "12.32%", "2007-09-30": "10.67%", "2007-06-30": "10.29%", "2007-03-31": "9.88%", "2006-12-31": "10.54%", "2006-09-30": "10.62%", "2006-06-30": "11.21%", "2006-03-31": "11.84%", "2005-12-31": "0.91%"}, "net profit margin": {"2020-12-31": "11.69%", "2020-09-30": "11.05%", "2020-06-30": "10.36%", "2020-03-31": "9.63%", "2019-12-31": "9.30%", "2019-09-30": "9.63%", "2019-06-30": "9.72%", "2019-03-31": "9.79%", "2018-12-31": "9.14%", "2018-09-30": "8.67%", "2018-06-30": "8.65%", "2018-03-31": "8.18%", "2017-12-31": "7.71%", "2017-09-30": "7.87%", "2017-06-30": "8.21%", "2017-03-31": "9.62%", "2016-12-31": "7.01%", "2016-09-30": "6.89%", "2016-06-30": "7.11%", "2016-03-31": "6.98%", "2015-12-31": "6.60%", "2015-09-30": "6.53%", "2015-06-30": "5.98%", "2015-03-31": "5.61%", "2014-12-31": "6.57%", "2014-09-30": "7.31%", "2014-06-30": "7.67%", "2014-03-31": "8.13%", "2013-12-31": "8.49%", "2013-09-30": "8.23%", "2013-06-30": "8.32%", "2013-03-31": "7.90%", "2012-12-31": "7.78%", "2012-09-30": "8.37%", "2012-06-30": "8.04%", "2012-03-31": "7.07%", "2011-12-31": "6.79%", "2011-09-30": "7.89%", "2011-06-30": "8.25%", "2011-03-31": "8.75%", "2010-12-31": "9.33%", "2010-09-30": "7.39%", "2010-06-30": "7.26%", "2010-03-31": "7.29%", "2009-12-31": "7.46%", "2009-09-30": "6.85%", "2009-06-30": "6.67%", "2009-03-31": "6.59%", "2008-12-31": "4.74%", "2008-09-30": "5.84%", "2008-06-30": "6.77%", "2008-03-31": "6.95%", "2007-12-31": "8.56%", "2007-09-30": "9.01%", "2007-06-30": "8.83%", "2007-03-31": "8.70%", "2006-12-31": "8.77%", "2006-09-30": "7.77%", "2006-06-30": "8.01%", "2006-03-31": "9.08%", "2005-12-31": "2.24%"}, "pe ratio": {"current": "25.03", "2021-02-05": "34.02", "2020-12-31": "35.55", "2020-09-30": "26.36", "2020-06-30": "25.79", "2020-03-31": "22.73", "2019-12-31": "26.59", "2019-09-30": "24.08", "2019-06-30": "23.30", "2019-03-31": "20.45", "2018-12-31": "20.83", "2018-09-30": "21.30", "2018-06-30": "18.41", "2018-03-31": "17.55", "2017-12-31": "23.46", "2017-09-30": "23.05", "2017-06-30": "21.47", "2017-03-31": "22.04", "2016-12-31": "20.55", "2016-09-30": "21.65", "2016-06-30": "19.55", "2016-03-31": "18.38", "2015-12-31": "17.82", "2015-09-30": "18.18", "2015-06-30": "22.57", "2015-03-31": "23.55", "2014-12-31": "20.75", "2014-09-30": "18.52", "2014-06-30": "18.97", "2014-03-31": "18.95", "2013-12-31": "18.90", "2013-09-30": "19.11", "2013-06-30": "19.70", "2013-03-31": "20.01", "2012-12-31": "17.47", "2012-09-30": "17.04", "2012-06-30": "17.46", "2012-03-31": "20.45", "2011-12-31": "20.45", "2011-09-30": "14.14", "2011-06-30": "14.84", "2011-03-31": "15.11", "2010-12-31": "13.08", "2010-09-30": "14.90", "2010-06-30": "13.93", "2010-03-31": "13.63", "2009-12-31": "12.44", "2009-09-30": "14.53", "2009-06-30": "12.67", "2009-03-31": "9.94", "2008-12-31": "21.05", "2008-09-30": "16.55", "2008-06-30": "13.50", "2008-03-31": "13.07", "2007-12-31": "10.71", "2007-09-30": "12.67", "2007-06-30": "12.32", "2007-03-31": "13.03", "2006-12-31": "13.76"}, "price sales": {"2021-02-05": "3.30", "2020-12-31": "3.45", "2020-09-30": "2.90", "2020-06-30": "2.65", "2020-03-31": "2.17", "2019-12-31": "2.47", "2019-09-30": "2.32", "2019-06-30": "2.26", "2019-03-31": "1.99", "2018-12-31": "1.90", "2018-09-30": "1.94", "2018-06-30": "1.73", "2018-03-31": "1.85", "2017-12-31": "1.73", "2017-09-30": "1.68", "2017-06-30": "1.57", "2017-03-31": "1.55", "2016-12-31": "1.50", "2016-09-30": "1.48", "2016-06-30": "1.38", "2016-03-31": "1.28", "2015-12-31": "1.16", "2015-09-30": "1.15", "2015-06-30": "1.31", "2015-03-31": "1.31", "2014-12-31": "1.33", "2014-09-30": "1.33", "2014-06-30": "1.43", "2014-03-31": "1.54", "2013-12-31": "1.60", "2013-09-30": "1.56", "2013-06-30": "1.63", "2013-03-31": "1.57", "2012-12-31": "1.35", "2012-09-30": "1.41", "2012-06-30": "1.38", "2012-03-31": "1.43", "2011-12-31": "1.36", "2011-09-30": "1.11", "2011-06-30": "1.22", "2011-03-31": "1.33", "2010-12-31": "1.21", "2010-09-30": "1.09", "2010-06-30": "1.00", "2010-03-31": "0.99", "2009-12-31": "0.92", "2009-09-30": "0.98", "2009-06-30": "0.84", "2009-03-31": "0.66", "2008-12-31": "0.98", "2008-09-30": "0.97", "2008-06-30": "0.91", "2008-03-31": "0.90", "2007-12-31": "0.92", "2007-09-30": "1.14", "2007-06-30": "1.08", "2007-03-31": "1.13", "2006-12-31": "1.19"}, "price book": {"current": "3.65", "2021-02-05": "3.91", "2020-09-30": "3.48", "2020-06-30": "3.35", "2020-03-31": "3.01", "2019-12-31": "3.38", "2019-09-30": "3.33", "2019-06-30": "3.21", "2019-03-31": "2.83", "2018-12-31": "2.86", "2018-09-30": "2.84", "2018-06-30": "2.52", "2018-03-31": "2.59", "2017-12-31": "2.51", "2017-09-30": "2.50", "2017-06-30": "2.45", "2017-03-31": "2.52", "2016-12-31": "2.33", "2016-09-30": "2.20", "2016-06-30": "2.08", "2016-03-31": "1.93", "2015-12-31": "1.74", "2015-09-30": "1.73", "2015-06-30": "1.94", "2015-03-31": "2.10", "2014-12-31": "2.02", "2014-09-30": "1.92", "2014-06-30": "1.93", "2014-03-31": "2.52", "2013-12-31": "2.51", "2013-09-30": "2.46", "2013-06-30": "2.69", "2013-03-31": "2.56", "2012-12-31": "2.12", "2012-09-30": "2.18", "2012-06-30": "2.28", "2012-03-31": "2.44", "2011-12-31": "2.39", "2011-09-30": "1.87", "2011-06-30": "2.02", "2011-03-31": "2.19", "2010-12-31": "2.11", "2010-09-30": "2.03", "2010-06-30": "1.93", "2010-03-31": "1.99", "2009-12-31": "1.83", "2009-09-30": "1.99", "2009-06-30": "1.77", "2009-03-31": "1.45", "2008-12-31": "2.25", "2008-09-30": "2.07", "2008-06-30": "2.01", "2008-03-31": "2.01", "2007-12-31": "1.97", "2007-09-30": "2.21", "2007-06-30": "2.10", "2007-03-31": "1.98", "2006-12-31": "2.04", "2006-09-30": "1.85", "2006-06-30": "1.82", "2006-03-31": "2.02"}, "price fcf": {"2021-02-05": "", "2020-09-30": "$8.35", "2020-06-30": "$7.17", "2020-03-31": "$6.29", "2019-12-31": "$5.16", "2019-09-30": "$4.69", "2019-06-30": "$3.90", "2019-03-31": "$4.07", "2018-12-31": "$3.44", "2018-09-30": "$3.46", "2018-06-30": "$4.26", "2018-03-31": "$2.71", "2017-12-31": "$3.98", "2017-09-30": "$3.87", "2017-06-30": "$3.35", "2017-03-31": "$2.13", "2016-12-31": "$2.42", "2016-09-30": "$3.24", "2016-06-30": "$3.29", "2016-03-31": "$3.03", "2015-12-31": "$3.39", "2015-09-30": "$2.51", "2015-06-30": "$1.39", "2015-03-31": "$2.40", "2014-12-31": "$2.30", "2014-09-30": "$1.78", "2014-06-30": "$3.00", "2014-03-31": "$2.28", "2013-12-31": "$2.14", "2013-09-30": "$2.82", "2013-06-30": "$2.38", "2013-03-31": "$3.24", "2012-12-31": "$2.38", "2012-09-30": "$1.94", "2012-06-30": "$1.75", "2012-03-31": "$1.74", "2011-12-31": "$2.12", "2011-09-30": "$1.44", "2011-06-30": "$1.87", "2011-03-31": "$1.82", "2010-12-31": "$1.94", "2010-09-30": "$1.96", "2010-06-30": "$1.96", "2010-03-31": "$2.25", "2009-12-31": "$1.87", "2009-09-30": "$2.10", "2009-06-30": "$1.97", "2009-03-31": "$1.74", "2008-12-31": "$1.37", "2008-09-30": "$1.91", "2008-06-30": "$1.64", "2008-03-31": "$1.92", "2007-12-31": "$2.18", "2007-09-30": "$1.54", "2007-06-30": "$1.75", "2007-03-31": "$1.28", "2006-12-31": "$0.73"}, "net worth": {"value": "$22.77B"}, "current ratio": {"2020-12-31": "1.10", "2020-09-30": "1.11", "2020-06-30": "1.09", "2020-03-31": "1.07", "2019-12-31": "1.02", "2019-09-30": "1.05", "2019-06-30": "1.07", "2019-03-31": "1.12", "2018-12-31": "1.06", "2018-09-30": "1.09", "2018-06-30": "1.11", "2018-03-31": "1.10", "2017-12-31": "1.08", "2017-09-30": "1.08", "2017-06-30": "1.05", "2017-03-31": "0.94", "2016-12-31": "0.96", "2016-09-30": "0.96", "2016-06-30": "1.02", "2016-03-31": "0.98", "2015-12-31": "1.01", "2015-09-30": "1.08", "2015-06-30": "1.09", "2015-03-31": "1.05", "2014-12-31": "1.05", "2014-09-30": "1.05", "2014-06-30": "1.15", "2014-03-31": "1.05", "2013-12-31": "0.88", "2013-09-30": "0.99", "2013-06-30": "1.11", "2013-03-31": "1.04", "2012-12-31": "1.03", "2012-09-30": "1.11", "2012-06-30": "1.08", "2012-03-31": "1.09", "2011-12-31": "1.06", "2011-09-30": "1.08", "2011-06-30": "1.06", "2011-03-31": "1.18", "2010-12-31": "1.09", "2010-09-30": "1.10", "2010-06-30": "1.08", "2010-03-31": "1.07", "2009-12-31": "1.04", "2009-09-30": "0.96", "2009-06-30": "0.96", "2009-03-31": "0.91", "2008-12-31": "0.92", "2008-09-30": "0.96", "2008-06-30": "0.99", "2008-03-31": "1.00", "2007-12-31": "1.02", "2007-09-30": "1.09", "2007-06-30": "0.94", "2007-03-31": "0.98", "2006-12-31": "0.99", "2006-09-30": "1.00", "2006-06-30": "1.00", "2006-03-31": "1.01", "2005-12-31": "1.01", "2005-09-30": "1.01", "2005-06-30": "0.99", "2005-03-31": "0.97"}, "quick ratio": {"2020-12-31": "0.00", "2020-09-30": "0.00", "2020-06-30": "0.00", "2020-03-31": "0.00", "2019-12-31": "0.00", "2019-09-30": "0.00", "2019-06-30": "0.00", "2019-03-31": "0.00", "2018-12-31": "0.00", "2018-09-30": "0.00", "2018-06-30": "0.00", "2018-03-31": "0.00", "2017-12-31": "0.00", "2017-09-30": "0.00", "2017-06-30": "0.00", "2017-03-31": "0.00", "2016-12-31": "0.00", "2016-09-30": "0.00", "2016-06-30": "0.00", "2016-03-31": "0.00", "2015-12-31": "0.00", "2015-09-30": "0.00", "2015-06-30": "0.00", "2015-03-31": "0.00", "2014-12-31": "0.00", "2014-09-30": "0.00", "2014-06-30": "0.00", "2014-03-31": "0.00", "2013-12-31": "0.00", "2013-09-30": "0.00", "2013-06-30": "0.00", "2013-03-31": "0.00", "2012-12-31": "0.00", "2012-09-30": "0.00", "2012-06-30": "0.00", "2012-03-31": "0.00", "2011-12-31": "0.00", "2011-09-30": "0.00", "2011-06-30": "0.00", "2011-03-31": "0.00", "2010-12-31": "0.00", "2010-09-30": "0.00", "2010-06-30": "0.00", "2010-03-31": "0.00", "2009-12-31": "0.00", "2009-09-30": "0.00", "2009-06-30": "0.00", "2009-03-31": "0.00", "2008-12-31": "0.00", "2008-09-30": "0.00", "2008-06-30": "0.00", "2008-03-31": "0.00", "2007-12-31": "0.00", "2007-09-30": "0.00", "2007-06-30": "0.00", "2007-03-31": "0.00", "2006-12-31": "0.00", "2006-09-30": "0.00", "2006-06-30": "0.00", "2006-03-31": "0.00", "2005-12-31": "0.00", "2005-09-30": "0.00", "2005-06-30": "0.00", "2005-03-31": "0.00"}, "debt equity ratio": {"current": "0.68", "2020-12-31": "2.58", "2020-09-30": "2.75", "2020-06-30": "2.85", "2020-03-31": "3.11", "2019-12-31": "2.77", "2019-09-30": "2.90", "2019-06-30": "2.88", "2019-03-31": "2.76", "2018-12-31": "2.57", "2018-09-30": "2.49", "2018-06-30": "2.60", "2018-03-31": "2.52", "2017-12-31": "2.47", "2017-09-30": "2.07", "2017-06-30": "2.22", "2017-03-31": "2.16", "2016-12-31": "2.14", "2016-09-30": "1.99", "2016-06-30": "2.11", "2016-03-31": "1.93", "2015-12-31": "1.96", "2015-09-30": "1.84", "2015-06-30": "1.89", "2015-03-31": "2.02", "2014-12-31": "2.03", "2014-09-30": "2.07", "2014-06-30": "2.08", "2014-03-31": "2.39", "2013-12-31": "2.29", "2013-09-30": "2.09", "2013-06-30": "2.27", "2013-03-31": "2.14", "2012-12-31": "2.23", "2012-09-30": "2.06", "2012-06-30": "2.49", "2012-03-31": "2.39", "2011-12-31": "2.61", "2011-09-30": "2.48", "2011-06-30": "2.81", "2011-03-31": "2.22", "2010-12-31": "2.25", "2010-09-30": "2.42", "2010-06-30": "2.68", "2010-03-31": "2.53", "2009-12-31": "2.64", "2009-09-30": "2.73", "2009-06-30": "3.35", "2009-03-31": "2.90", "2008-12-31": "3.43", "2008-09-30": "3.13", "2008-06-30": "3.83", "2008-03-31": "3.78", "2007-12-31": "3.97", "2007-09-30": "3.64", "2007-06-30": "3.73", "2007-03-31": "2.91", "2006-12-31": "2.96", "2006-09-30": "3.04", "2006-06-30": "3.54", "2006-03-31": "3.03", "2005-12-31": "3.41", "2005-09-30": "3.32", "2005-06-30": "3.64", "2005-03-31": "3.73"}, "return on equity": {"2020-12-31": "14.46%", "2020-09-30": "14.34%", "2020-06-30": "13.99%", "2020-03-31": "13.52%", "2019-12-31": "13.36%", "2019-09-30": "14.17%", "2019-06-30": "14.44%", "2019-03-31": "14.88%", "2018-12-31": "13.87%", "2018-09-30": "13.08%", "2018-06-30": "13.02%", "2018-03-31": "12.42%", "2017-12-31": "11.97%", "2017-09-30": "12.62%", "2017-06-30": "13.30%", "2017-03-31": "15.70%", "2016-12-31": "10.83%", "2016-09-30": "10.37%", "2016-06-30": "10.66%", "2016-03-31": "10.33%", "2015-12-31": "9.94%", "2015-09-30": "9.92%", "2015-06-30": "9.10%", "2015-03-31": "8.50%", "2014-12-31": "10.17%", "2014-09-30": "11.62%", "2014-06-30": "12.45%", "2014-03-31": "14.14%", "2013-12-31": "14.62%", "2013-09-30": "14.03%", "2013-06-30": "13.87%", "2013-03-31": "13.00%", "2012-12-31": "12.80%", "2012-09-30": "14.22%", "2012-06-30": "14.21%", "2012-03-31": "12.58%", "2011-12-31": "12.05%", "2011-09-30": "13.60%", "2011-06-30": "14.15%", "2011-03-31": "15.13%", "2010-12-31": "17.40%", "2010-09-30": "14.37%", "2010-06-30": "14.49%", "2010-03-31": "15.00%", "2009-12-31": "15.18%", "2009-09-30": "14.42%", "2009-06-30": "14.34%", "2009-03-31": "14.48%", "2008-12-31": "10.62%", "2008-09-30": "13.17%", "2008-06-30": "15.12%", "2008-03-31": "15.23%", "2007-12-31": "17.73%", "2007-09-30": "17.17%", "2007-06-30": "16.54%", "2007-03-31": "15.63%", "2006-12-31": "15.68%", "2006-09-30": "14.02%", "2006-06-30": "14.42%", "2006-03-31": "16.64%", "2005-12-31": "4.30%"}, "return on assets": {"2020-12-31": "3.80%", "2020-09-30": "3.71%", "2020-06-30": "3.58%", "2020-03-31": "3.45%", "2019-12-31": "3.49%", "2019-09-30": "3.75%", "2019-06-30": "3.92%", "2019-03-31": "4.12%", "2018-12-31": "3.91%", "2018-09-30": "3.72%", "2018-06-30": "3.81%", "2018-03-31": "3.74%", "2017-12-31": "3.70%", "2017-09-30": "4.01%", "2017-06-30": "4.25%", "2017-03-31": "5.06%", "2016-12-31": "3.55%", "2016-09-30": "3.46%", "2016-06-30": "3.60%", "2016-03-31": "3.56%", "2015-12-31": "3.40%", "2015-09-30": "3.38%", "2015-06-30": "3.04%", "2015-03-31": "2.79%", "2014-12-31": "3.26%", "2014-09-30": "3.66%", "2014-06-30": "3.89%", "2014-03-31": "4.33%", "2013-12-31": "4.57%", "2013-09-30": "4.41%", "2013-06-30": "4.37%", "2013-03-31": "4.03%", "2012-12-31": "3.90%", "2012-09-30": "4.22%", "2012-06-30": "4.07%", "2012-03-31": "3.53%", "2011-12-31": "3.41%", "2011-09-30": "3.95%", "2011-06-30": "4.12%", "2011-03-31": "4.47%", "2010-12-31": "5.03%", "2010-09-30": "4.03%", "2010-06-30": "3.98%", "2010-03-31": "3.95%", "2009-12-31": "3.89%", "2009-09-30": "3.53%", "2009-06-30": "3.42%", "2009-03-31": "3.36%", "2008-12-31": "2.34%", "2008-09-30": "2.82%", "2008-06-30": "3.15%", "2008-03-31": "3.19%", "2007-12-31": "3.91%", "2007-09-30": "4.00%", "2007-06-30": "3.99%", "2007-03-31": "3.81%", "2006-12-31": "3.79%", "2006-09-30": "3.30%", "2006-06-30": "3.34%", "2006-03-31": "3.83%", "2005-12-31": "0.95%"}, "return on investments": {"2020-12-31": "11.14%", "2020-09-30": "10.77%", "2020-06-30": "9.97%", "2020-03-31": "9.47%", "2019-12-31": "9.16%", "2019-09-30": "8.98%", "2019-06-30": "8.76%", "2019-03-31": "8.92%", "2018-12-31": "8.13%", "2018-09-30": "8.05%", "2018-06-30": "8.02%", "2018-03-31": "7.59%", "2017-12-31": "7.35%", "2017-09-30": "7.92%", "2017-06-30": "8.55%", "2017-03-31": "10.09%", "2016-12-31": "7.62%", "2016-09-30": "7.29%", "2016-06-30": "7.41%", "2016-03-31": "7.29%", "2015-12-31": "6.97%", "2015-09-30": "7.09%", "2015-06-30": "7.06%", "2015-03-31": "6.80%", "2014-12-31": "7.69%", "2014-09-30": "9.40%", "2014-06-30": "10.48%", "2014-03-31": "12.10%", "2013-12-31": "12.80%", "2013-09-30": "12.52%", "2013-06-30": "12.54%", "2013-03-31": "12.88%", "2012-12-31": "12.91%", "2012-09-30": "13.71%", "2012-06-30": "14.21%", "2012-03-31": "13.41%", "2011-12-31": "13.26%", "2011-09-30": "12.47%", "2011-06-30": "12.95%", "2011-03-31": "13.42%", "2010-12-31": "15.42%", "2010-09-30": "15.97%", "2010-06-30": "16.23%", "2010-03-31": "17.79%", "2009-12-31": "18.64%", "2009-09-30": "18.41%", "2009-06-30": "17.85%", "2009-03-31": "17.94%", "2008-12-31": "16.92%", "2008-09-30": "20.73%", "2008-06-30": "22.71%", "2008-03-31": "32.74%", "2007-12-31": "54.44%", "2007-09-30": "61.19%", "2007-06-30": "73.52%", "2007-03-31": "43.72%", "2006-12-31": "29.42%", "2006-09-30": "30.30%", "2006-06-30": "30.34%", "2006-03-31": "34.76%", "2005-12-31": "39.43%"}, "return on tangible equity": {"2020-09-30": "-30.70%", "2020-06-30": "-27.94%", "2020-03-31": "-26.62%", "2019-12-31": "-29.13%", "2019-09-30": "-33.14%", "2019-06-30": "-36.86%", "2019-03-31": "-40.85%", "2018-12-31": "-39.61%", "2018-09-30": "-38.72%", "2018-06-30": "-37.62%", "2018-03-31": "-33.99%", "2017-12-31": "-28.51%", "2017-09-30": "-27.92%", "2017-06-30": "-28.64%", "2017-03-31": "-33.32%", "2016-12-31": "-23.33%", "2016-09-30": "-22.61%", "2016-06-30": "-23.33%", "2016-03-31": "-23.02%", "2015-12-31": "-20.85%", "2015-09-30": "-19.56%", "2015-06-30": "-16.88%", "2015-03-31": "-15.69%", "2014-12-31": "-19.51%", "2014-09-30": "-22.89%", "2014-06-30": "-26.65%", "2014-03-31": "-31.09%", "2013-12-31": "-35.33%", "2013-09-30": "-38.39%", "2013-06-30": "-41.16%", "2013-03-31": "-39.55%", "2012-12-31": "-39.62%", "2012-09-30": "-44.42%", "2012-06-30": "-41.82%", "2012-03-31": "-35.65%", "2011-12-31": "-36.16%", "2011-09-30": "-45.69%", "2011-06-30": "-52.19%", "2011-03-31": "-62.50%", "2010-12-31": "-68.04%", "2010-09-30": "-51.81%", "2010-06-30": "-48.31%", "2010-03-31": "-45.21%", "2009-12-31": "-41.18%", "2009-09-30": "-36.45%", "2009-06-30": "-38.90%", "2009-03-31": "-45.45%", "2008-12-31": "-43.70%", "2008-09-30": "-88.07%", "2008-06-30": "-257.31%", "2008-03-31": "496.70%", "2007-12-31": "129.30%", "2007-09-30": "70.06%", "2007-06-30": "51.72%", "2007-03-31": "41.12%", "2006-12-31": "37.10%", "2006-09-30": "31.82%", "2006-06-30": "31.83%", "2006-03-31": "36.08%", "2005-12-31": "9.27%"}, "dividend yield history": {"last payout": "$1.80", "last yield": "1.52%"}}