{"ticker": "ASH", "price": {"title": "Ashland Global Holdings Historical Annual Stock Price Data", "value": 84.97, "historical": {"2021": {"Average Stock Price": "84.7800", "Year Open": "79.1000", "Year High": "87.8600", "Year Low": "79.1000", "Year Close": "84.9700", "Annual % Change": "7.29%"}, "2020": {"Average Stock Price": "70.1859", "Year Open": "76.7600", "Year High": "81.5900", "Year Low": "39.7600", "Year Close": "79.2000", "Annual % Change": "3.49%"}, "2019": {"Average Stock Price": "76.5252", "Year Open": "71.5300", "Year High": "80.5300", "Year Low": "69.3000", "Year Close": "76.5300", "Annual % Change": "7.85%"}, "2018": {"Average Stock Price": "76.7916", "Year Open": "73.1300", "Year High": "86.1100", "Year Low": "65.2800", "Year Close": "70.9600", "Annual % Change": "-0.34%"}, "2017": {"Average Stock Price": "85.8515", "Year Open": "109.1200", "Year High": "127.5600", "Year Low": "60.7900", "Year Close": "71.2000", "Annual % Change": "-34.85%"}, "2016": {"Average Stock Price": "110.4053", "Year Open": "102.1600", "Year High": "123.3000", "Year Low": "89.2500", "Year Close": "109.2900", "Annual % Change": "6.42%"}, "2015": {"Average Stock Price": "117.3599", "Year Open": "119.0700", "Year High": "131.5200", "Year Low": "98.9300", "Year Close": "102.7000", "Annual % Change": "-14.25%"}, "2014": {"Average Stock Price": "103.7371", "Year Open": "96.9500", "Year High": "120.9000", "Year Low": "89.0900", "Year Close": "119.7600", "Annual % Change": "23.41%"}, "2013": {"Average Stock Price": "86.3210", "Year Open": "84.5100", "Year High": "97.0500", "Year Low": "72.7600", "Year Close": "97.0400", "Annual % Change": "20.68%"}, "2012": {"Average Stock Price": "67.8913", "Year Open": "57.8900", "Year High": "80.7900", "Year Low": "57.8900", "Year Close": "80.4100", "Annual % Change": "40.68%"}, "2011": {"Average Stock Price": "56.1243", "Year Open": "52.8000", "Year High": "68.3400", "Year Low": "42.7900", "Year Close": "57.1600", "Annual % Change": "12.39%"}, "2010": {"Average Stock Price": "50.6721", "Year Open": "41.1600", "Year High": "63.2800", "Year Low": "38.7100", "Year Close": "50.8600", "Annual % Change": "28.37%"}, "2009": {"Average Stock Price": "26.3574", "Year Open": "11.0200", "Year High": "44.6200", "Year Low": "5.6000", "Year Close": "39.6200", "Annual % Change": "276.97%"}, "2008": {"Average Stock Price": "38.6518", "Year Open": "46.9400", "Year High": "58.2800", "Year Low": "8.0300", "Year Close": "10.5100", "Annual % Change": "-77.84%"}, "2007": {"Average Stock Price": "60.7357", "Year Open": "68.3100", "Year High": "69.8000", "Year Low": "46.5300", "Year Close": "47.4300", "Annual % Change": "-31.44%"}, "2006": {"Average Stock Price": "65.3535", "Year Open": "59.9200", "Year High": "74.5500", "Year Low": "57.4200", "Year Close": "69.1800", "Annual % Change": "19.48%"}, "2005": {"Average Stock Price": "61.1907", "Year Open": "57.5600", "Year High": "71.8700", "Year Low": "51.2300", "Year Close": "57.9000", "Annual % Change": "-0.82%"}, "2004": {"Average Stock Price": "51.1376", "Year Open": "43.9300", "Year High": "59.8500", "Year Low": "43.9300", "Year Close": "58.3800", "Annual % Change": "32.50%"}, "2003": {"Average Stock Price": "32.7427", "Year Open": "28.9100", "Year High": "44.5300", "Year Low": "26.1200", "Year Close": "44.0600", "Annual % Change": "54.43%"}, "2002": {"Average Stock Price": "36.0790", "Year Open": "45.3800", "Year High": "46.7700", "Year Low": "23.7800", "Year Close": "28.5300", "Annual % Change": "-38.09%"}, "2001": {"Average Stock Price": "40.2460", "Year Open": "35.7000", "Year High": "46.3400", "Year Low": "34.9300", "Year Close": "46.0800", "Annual % Change": "28.39%"}, "2000": {"Average Stock Price": "33.6085", "Year Open": "32.0000", "Year High": "37.0000", "Year Low": "29.0600", "Year Close": "35.8900", "Annual % Change": "8.96%"}, "1999": {"Average Stock Price": "39.6698", "Year Open": "49.4400", "Year High": "50.6300", "Year Low": "31.0000", "Year Close": "32.9400", "Annual % Change": "-31.91%"}, "1998": {"Average Stock Price": "51.3162", "Year Open": "53.1300", "Year High": "57.3100", "Year Low": "42.5600", "Year Close": "48.3800", "Annual % Change": "-9.89%"}, "1997": {"Average Stock Price": "47.1795", "Year Open": "43.8800", "Year High": "54.8800", "Year Low": "39.6300", "Year Close": "53.6900", "Annual % Change": "22.38%"}, "1996": {"Average Stock Price": "39.8407", "Year Open": "36.0000", "Year High": "48.5000", "Year Low": "34.7500", "Year Close": "43.8700", "Annual % Change": "24.88%"}, "1995": {"Average Stock Price": "34.1371", "Year Open": "34.2500", "Year High": "38.1300", "Year Low": "30.8800", "Year Close": "35.1300", "Annual % Change": "1.44%"}, "1994": {"Average Stock Price": "37.4128", "Year Open": "34.7500", "Year High": "44.0000", "Year Low": "32.2500", "Year Close": "34.6300", "Annual % Change": "1.46%"}, "1993": {"Average Stock Price": "29.5261", "Year Open": "26.3800", "Year High": "35.3800", "Year Low": "24.8800", "Year Close": "34.1300", "Annual % Change": "29.38%"}, "1992": {"Average Stock Price": "28.0807", "Year Open": "30.0000", "Year High": "33.8800", "Year Low": "22.8800", "Year Close": "26.3800", "Annual % Change": "-11.71%"}, "1991": {"Average Stock Price": "30.4211", "Year Open": "26.5000", "Year High": "34.5000", "Year Low": "26.5000", "Year Close": "29.8800", "Annual % Change": "9.65%"}, "1990": {"Average Stock Price": "33.8817", "Year Open": "39.2500", "Year High": "39.8800", "Year Low": "26.3800", "Year Close": "27.2500", "Annual % Change": "-31.88%"}, "1989": {"Average Stock Price": "38.3559", "Year Open": "33.1300", "Year High": "42.7500", "Year Low": "33.1300", "Year Close": "40.0000", "Annual % Change": "19.40%"}, "1988": {"Average Stock Price": "33.3920", "Year Open": "28.6900", "Year High": "38.0000", "Year Low": "27.0000", "Year Close": "33.5000", "Annual % Change": "16.02%"}, "1987": {"Average Stock Price": "30.8511", "Year Open": "28.0000", "Year High": "35.4350", "Year Low": "24.5000", "Year Close": "28.8750", "Annual % Change": "3.13%"}, "1986": {"Average Stock Price": "26.4121", "Year Open": "18.8150", "Year High": "31.5000", "Year Low": "18.1900", "Year Close": "28.0000", "Annual % Change": "49.81%"}, "1985": {"Average Stock Price": "16.1608", "Year Open": "12.2500", "Year High": "19.6900", "Year Low": "12.2500", "Year Close": "18.6900", "Annual % Change": "55.75%"}, "1984": {"Average Stock Price": "13.1082", "Year Open": "14.3750", "Year High": "14.5000", "Year Low": "10.5600", "Year Close": "12.0000", "Annual % Change": "-15.79%"}}}, "market cap": {"value": "$5.15B"}, "income statement": {"Revenue": {"2020-09-30": "2326.00000", "2019-09-30": "2493.00000", "2018-09-30": "2589.00000", "2017-09-30": "2309.00000", "2016-09-30": "3019.00000", "2015-09-30": "3420.00000", "2014-09-30": "6121.00000", "2013-09-30": "6091.00000", "2012-09-30": "6472.00000", "2011-09-30": "6502.00000", "2010-09-30": "5741.00000", "2009-09-30": "5220.00000", "2008-09-30": "8381.00000", "2007-09-30": "7785.00000", "2006-09-30": "7233.00000", "2005-09-30": "7295.00000"}, "Cost Of Goods Sold": {"2020-09-30": "1619.00000", "2019-09-30": "1726.00000", "2018-09-30": "1726.00000", "2017-09-30": "1580.00000", "2016-09-30": "2132.00000", "2015-09-30": "2532.00000", "2014-09-30": "4605.00000", "2013-09-30": "4304.00000", "2012-09-30": "4813.00000", "2011-09-30": "4890.00000", "2010-09-30": "4124.00000", "2009-09-30": "3850.00000", "2008-09-30": "7056.00000", "2007-09-30": "6447.00000", "2006-09-30": "6030.00000", "2005-09-30": "5545.00000"}, "Gross Profit": {"2020-09-30": "707.00000", "2019-09-30": "767.00000", "2018-09-30": "863.00000", "2017-09-30": "729.00000", "2016-09-30": "887.00000", "2015-09-30": "888.00000", "2014-09-30": "1516.00000", "2013-09-30": "1787.00000", "2012-09-30": "1659.00000", "2011-09-30": "1612.00000", "2010-09-30": "1617.00000", "2009-09-30": "1370.00000", "2008-09-30": "1325.00000", "2007-09-30": "1338.00000", "2006-09-30": "1203.00000", "2005-09-30": "1750.00000"}, "Research And Development Expenses": {"2020-09-30": "64.00000", "2019-09-30": "66.00000", "2018-09-30": "73.00000", "2017-09-30": "73.00000", "2016-09-30": "87.00000", "2015-09-30": "99.00000", "2014-09-30": "114.00000", "2013-09-30": "142.00000", "2012-09-30": "104.00000", "2011-09-30": "80.00000", "2010-09-30": "78.00000", "2009-09-30": "96.00000", "2008-09-30": "48.00000", "2007-09-30": "45.00000", "2006-09-30": "", "2005-09-30": ""}, "SG&A Expenses": {"2020-09-30": "424.00000", "2019-09-30": "453.00000", "2018-09-30": "599.00000", "2017-09-30": "610.00000", "2016-09-30": "858.00000", "2015-09-30": "692.00000", "2014-09-30": "1358.00000", "2013-09-30": "670.00000", "2012-09-30": "1327.00000", "2011-09-30": "1451.00000", "2010-09-30": "1338.00000", "2009-09-30": "1399.00000", "2008-09-30": "1118.00000", "2007-09-30": "1126.00000", "2006-09-30": "1077.00000", "2005-09-30": "1079.00000"}, "Other Operating Income Or Expenses": {"2020-09-30": "8.00000", "2019-09-30": "4.00000", "2018-09-30": "4.00000", "2017-09-30": "3.00000", "2016-09-30": "8.00000", "2015-09-30": "15.00000", "2014-09-30": "2.00000", "2013-09-30": "64.00000", "2012-09-30": "53.00000", "2011-09-30": "49.00000", "2010-09-30": "48.00000", "2009-09-30": "34.00000", "2008-09-30": "54.00000", "2007-09-30": "49.00000", "2006-09-30": "44.00000", "2005-09-30": ""}, "Operating Expenses": {"2020-09-30": "2714.00000", "2019-09-30": "2327.00000", "2018-09-30": "2487.00000", "2017-09-30": "2260.00000", "2016-09-30": "3069.00000", "2015-09-30": "3308.00000", "2014-09-30": "6075.00000", "2013-09-30": "5052.00000", "2012-09-30": "6191.00000", "2011-09-30": "6372.00000", "2010-09-30": "5492.00000", "2009-09-30": "5311.00000", "2008-09-30": "8168.00000", "2007-09-30": "7569.00000", "2006-09-30": "7063.00000", "2005-09-30": "6624.00000"}, "Operating Income": {"2020-09-30": "-388.00000", "2019-09-30": "166.00000", "2018-09-30": "102.00000", "2017-09-30": "49.00000", "2016-09-30": "-50.00000", "2015-09-30": "112.00000", "2014-09-30": "46.00000", "2013-09-30": "1039.00000", "2012-09-30": "281.00000", "2011-09-30": "130.00000", "2010-09-30": "249.00000", "2009-09-30": "-91.00000", "2008-09-30": "213.00000", "2007-09-30": "216.00000", "2006-09-30": "170.00000", "2005-09-30": "671.00000"}, "Total Non-Operating Income/Expense": {"2020-09-30": "-115.00000", "2019-09-30": "-96.00000", "2018-09-30": "-91.00000", "2017-09-30": "-245.00000", "2016-09-30": "-258.00000", "2015-09-30": "-263.00000", "2014-09-30": "-162.00000", "2013-09-30": "-290.00000", "2012-09-30": "-324.00000", "2011-09-30": "-127.00000", "2010-09-30": "-174.00000", "2009-09-30": "-232.00000", "2008-09-30": "48.00000", "2007-09-30": "43.00000", "2006-09-30": "42.00000", "2005-09-30": "1057.00000"}, "Pre-Tax Income": {"2020-09-30": "-503.00000", "2019-09-30": "70.00000", "2018-09-30": "11.00000", "2017-09-30": "-196.00000", "2016-09-30": "-308.00000", "2015-09-30": "-151.00000", "2014-09-30": "-116.00000", "2013-09-30": "749.00000", "2012-09-30": "-43.00000", "2011-09-30": "3.00000", "2010-09-30": "75.00000", "2009-09-30": "-323.00000", "2008-09-30": "261.00000", "2007-09-30": "259.00000", "2006-09-30": "212.00000", "2005-09-30": "1728.00000"}, "Income Taxes": {"2020-09-30": "-12.00000", "2019-09-30": "46.00000", "2018-09-30": "-8.00000", "2017-09-30": "-16.00000", "2016-09-30": "-25.00000", "2015-09-30": "-139.00000", "2014-09-30": "-188.00000", "2013-09-30": "196.00000", "2012-09-30": "-57.00000", "2011-09-30": "-53.00000", "2010-09-30": "-13.00000", "2009-09-30": "-83.00000", "2008-09-30": "86.00000", "2007-09-30": "58.00000", "2006-09-30": "29.00000", "2005-09-30": "-230.00000"}, "Income After Taxes": {"2020-09-30": "-491.00000", "2019-09-30": "24.00000", "2018-09-30": "19.00000", "2017-09-30": "-180.00000", "2016-09-30": "-283.00000", "2015-09-30": "-12.00000", "2014-09-30": "72.00000", "2013-09-30": "553.00000", "2012-09-30": "14.00000", "2011-09-30": "56.00000", "2010-09-30": "88.00000", "2009-09-30": "-240.00000", "2008-09-30": "175.00000", "2007-09-30": "201.00000", "2006-09-30": "183.00000", "2005-09-30": "1958.00000"}, "Other Income": {"2020-09-30": "", "2019-09-30": "", "2018-09-30": "", "2017-09-30": "", "2016-09-30": "", "2015-09-30": "", "2014-09-30": "", "2013-09-30": "", "2012-09-30": "", "2011-09-30": "", "2010-09-30": "", "2009-09-30": "", "2008-09-30": "", "2007-09-30": "", "2006-09-30": "", "2005-09-30": ""}, "Income From Continuous Operations": {"2020-09-30": "-491.00000", "2019-09-30": "24.00000", "2018-09-30": "19.00000", "2017-09-30": "-180.00000", "2016-09-30": "-283.00000", "2015-09-30": "-12.00000", "2014-09-30": "72.00000", "2013-09-30": "553.00000", "2012-09-30": "14.00000", "2011-09-30": "56.00000", "2010-09-30": "88.00000", "2009-09-30": "-240.00000", "2008-09-30": "175.00000", "2007-09-30": "201.00000", "2006-09-30": "183.00000", "2005-09-30": "1958.00000"}, "Income From Discontinued Operations": {"2020-09-30": "-17.00000", "2019-09-30": "481.00000", "2018-09-30": "95.00000", "2017-09-30": "208.00000", "2016-09-30": "255.00000", "2015-09-30": "321.00000", "2014-09-30": "161.00000", "2013-09-30": "130.00000", "2012-09-30": "12.00000", "2011-09-30": "358.00000", "2010-09-30": "53.00000", "2009-09-30": "-21.00000", "2008-09-30": "-8.00000", "2007-09-30": "29.00000", "2006-09-30": "224.00000", "2005-09-30": "46.00000"}, "Net Income": {"2020-09-30": "-508.00000", "2019-09-30": "505.00000", "2018-09-30": "114.00000", "2017-09-30": "1.00000", "2016-09-30": "-29.00000", "2015-09-30": "309.00000", "2014-09-30": "233.00000", "2013-09-30": "683.00000", "2012-09-30": "26.00000", "2011-09-30": "414.00000", "2010-09-30": "141.00000", "2009-09-30": "-261.00000", "2008-09-30": "167.00000", "2007-09-30": "230.00000", "2006-09-30": "407.00000", "2005-09-30": "2004.00000"}, "EBITDA": {"2020-09-30": "-126.00000", "2019-09-30": "468.00000", "2018-09-30": "387.00000", "2017-09-30": "423.00000", "2016-09-30": "270.00000", "2015-09-30": "436.00000", "2014-09-30": "453.00000", "2013-09-30": "1460.00000", "2012-09-30": "694.00000", "2011-09-30": "455.00000", "2010-09-30": "610.00000", "2009-09-30": "276.00000", "2008-09-30": "358.00000", "2007-09-30": "349.00000", "2006-09-30": "281.00000", "2005-09-30": "771.00000"}, "EBIT": {"2020-09-30": "-388.00000", "2019-09-30": "166.00000", "2018-09-30": "102.00000", "2017-09-30": "49.00000", "2016-09-30": "-50.00000", "2015-09-30": "112.00000", "2014-09-30": "46.00000", "2013-09-30": "1039.00000", "2012-09-30": "281.00000", "2011-09-30": "130.00000", "2010-09-30": "249.00000", "2009-09-30": "-91.00000", "2008-09-30": "213.00000", "2007-09-30": "216.00000", "2006-09-30": "170.00000", "2005-09-30": "671.00000"}, "Basic Shares Outstanding": {"2020-09-30": "61.00000", "2019-09-30": "62.00000", "2018-09-30": "63.00000", "2017-09-30": "62.00000", "2016-09-30": "63.00000", "2015-09-30": "68.00000", "2014-09-30": "77.00000", "2013-09-30": "78.00000", "2012-09-30": "78.00000", "2011-09-30": "78.00000", "2010-09-30": "78.00000", "2009-09-30": "72.00000", "2008-09-30": "63.00000", "2007-09-30": "63.00000", "2006-09-30": "71.00000", "2005-09-30": "73.00000"}, "Shares Outstanding": {"2020-09-30": "61.00000", "2019-09-30": "63.00000", "2018-09-30": "64.00000", "2017-09-30": "62.00000", "2016-09-30": "63.00000", "2015-09-30": "68.00000", "2014-09-30": "78.00000", "2013-09-30": "80.00000", "2012-09-30": "80.00000", "2011-09-30": "80.00000", "2010-09-30": "79.00000", "2009-09-30": "72.00000", "2008-09-30": "64.00000", "2007-09-30": "64.00000", "2006-09-30": "72.00000", "2005-09-30": "75.00000"}, "Basic EPS": {"2020-09-30": "-8.39000", "2019-09-30": "8.15000", "2018-09-30": "1.82000", "2017-09-30": "0.01000", "2016-09-30": "-0.47000", "2015-09-30": "4.54000", "2014-09-30": "3.04000", "2013-09-30": "8.71000", "2012-09-30": "0.33000", "2011-09-30": "5.28000", "2010-09-30": "1.82000", "2009-09-30": "-3.60000", "2008-09-30": "2.65000", "2007-09-30": "3.66000", "2006-09-30": "5.73000", "2005-09-30": "27.49000"}, "EPS - Earnings Per Share": {"2020-09-30": "-8.39000", "2019-09-30": "8.03000", "2018-09-30": "1.79000", "2017-09-30": "0.01000", "2016-09-30": "-0.47000", "2015-09-30": "4.54000", "2014-09-30": "3.00000", "2013-09-30": "8.57000", "2012-09-30": "0.33000", "2011-09-30": "5.17000", "2010-09-30": "1.78000", "2009-09-30": "-3.60000", "2008-09-30": "2.63000", "2007-09-30": "3.60000", "2006-09-30": "5.64000", "2005-09-30": "26.85000"}}, "income statement, quarterly": {"Revenue": {"2020-12-31": "552.00000", "2020-09-30": "609.00000", "2020-06-30": "574.00000", "2020-03-31": "610.00000", "2019-12-31": "533.00000", "2019-09-30": "609.00000", "2019-06-30": "641.00000", "2019-03-31": "667.00000", "2018-12-31": "576.00000", "2018-09-30": "668.00000", "2018-06-30": "668.00000", "2018-03-31": "672.00000", "2017-12-31": "581.00000", "2017-09-30": "880.00000", "2017-06-30": "870.00000", "2017-03-31": "806.00000", "2016-12-31": "704.00000", "2016-09-30": "754.00000", "2016-06-30": "790.00000", "2016-03-31": "1247.00000", "2015-12-31": "1163.00000", "2015-09-30": "1280.00000", "2015-06-30": "1367.00000", "2015-03-31": "1350.00000", "2014-12-31": "1391.00000", "2014-09-30": "1539.00000", "2014-06-30": "1605.00000", "2014-03-31": "1545.00000", "2013-12-31": "1432.00000", "2013-09-30": "1048.00000", "2013-06-30": "1624.00000", "2013-03-31": "1550.00000", "2012-12-31": "1869.00000", "2012-09-30": "322.00000", "2012-06-30": "2141.00000", "2012-03-31": "2079.00000", "2011-12-31": "1930.00000", "2011-09-30": "1845.00000", "2011-06-30": "1667.00000", "2011-03-31": "1557.00000", "2010-12-31": "1433.00000", "2010-09-30": "2382.00000", "2010-06-30": "1478.00000", "2010-03-31": "1423.00000", "2009-12-31": "1324.00000", "2009-09-30": "2113.00000", "2009-06-30": "2037.00000", "2009-03-31": "1990.00000", "2008-12-31": "1966.00000", "2008-09-30": "2216.00000", "2008-06-30": "2201.00000", "2008-03-31": "2059.00000", "2007-12-31": "1905.00000", "2007-09-30": "2084.00000", "2007-06-30": "1983.00000", "2007-03-31": "1915.00000", "2006-12-31": "1803.00000", "2006-09-30": "1925.00000", "2006-06-30": "1862.00000", "2006-03-31": "1795.00000", "2005-12-31": "1696.00000", "2005-09-30": "1714.00000", "2005-06-30": "2821.00000", "2005-03-31": "2149.00000"}, "Cost Of Goods Sold": {"2020-12-31": "374.00000", "2020-09-30": "448.00000", "2020-06-30": "378.00000", "2020-03-31": "413.00000", "2019-12-31": "380.00000", "2019-09-30": "399.00000", "2019-06-30": "434.00000", "2019-03-31": "469.00000", "2018-12-31": "424.00000", "2018-09-30": "436.00000", "2018-06-30": "439.00000", "2018-03-31": "449.00000", "2017-12-31": "402.00000", "2017-09-30": "646.00000", "2017-06-30": "635.00000", "2017-03-31": "578.00000", "2016-12-31": "515.00000", "2016-09-30": "572.00000", "2016-06-30": "554.00000", "2016-03-31": "823.00000", "2015-12-31": "771.00000", "2015-09-30": "970.00000", "2015-06-30": "939.00000", "2015-03-31": "925.00000", "2014-12-31": "982.00000", "2014-09-30": "1228.00000", "2014-06-30": "1161.00000", "2014-03-31": "1168.00000", "2013-12-31": "1048.00000", "2013-09-30": "656.00000", "2013-06-30": "1192.00000", "2013-03-31": "1124.00000", "2012-12-31": "1332.00000", "2012-09-30": "387.00000", "2012-06-30": "1514.00000", "2012-03-31": "1504.00000", "2011-12-31": "1408.00000", "2011-09-30": "1528.00000", "2011-06-30": "1233.00000", "2011-03-31": "1094.00000", "2010-12-31": "1035.00000", "2010-09-30": "1903.00000", "2010-06-30": "1037.00000", "2010-03-31": "992.00000", "2009-12-31": "906.00000", "2009-09-30": "1601.00000", "2009-06-30": "1544.00000", "2009-03-31": "1531.00000", "2008-12-31": "1641.00000", "2008-09-30": "1898.00000", "2008-06-30": "1844.00000", "2008-03-31": "1725.00000", "2007-12-31": "1589.00000", "2007-09-30": "1740.00000", "2007-06-30": "1643.00000", "2007-03-31": "1575.00000", "2006-12-31": "1489.00000", "2006-09-30": "1612.00000", "2006-06-30": "1538.00000", "2006-03-31": "1484.00000", "2005-12-31": "1397.00000", "2005-09-30": "1415.00000", "2005-06-30": "2074.00000", "2005-03-31": "1754.00000"}, "Gross Profit": {"2020-12-31": "178.00000", "2020-09-30": "161.00000", "2020-06-30": "196.00000", "2020-03-31": "197.00000", "2019-12-31": "153.00000", "2019-09-30": "210.00000", "2019-06-30": "207.00000", "2019-03-31": "198.00000", "2018-12-31": "152.00000", "2018-09-30": "232.00000", "2018-06-30": "229.00000", "2018-03-31": "223.00000", "2017-12-31": "179.00000", "2017-09-30": "234.00000", "2017-06-30": "235.00000", "2017-03-31": "228.00000", "2016-12-31": "189.00000", "2016-09-30": "182.00000", "2016-06-30": "236.00000", "2016-03-31": "424.00000", "2015-12-31": "392.00000", "2015-09-30": "310.00000", "2015-06-30": "428.00000", "2015-03-31": "425.00000", "2014-12-31": "409.00000", "2014-09-30": "311.00000", "2014-06-30": "444.00000", "2014-03-31": "377.00000", "2013-12-31": "384.00000", "2013-09-30": "392.00000", "2013-06-30": "432.00000", "2013-03-31": "426.00000", "2012-12-31": "537.00000", "2012-09-30": "-65.00000", "2012-06-30": "627.00000", "2012-03-31": "575.00000", "2011-12-31": "522.00000", "2011-09-30": "317.00000", "2011-06-30": "434.00000", "2011-03-31": "463.00000", "2010-12-31": "398.00000", "2010-09-30": "479.00000", "2010-06-30": "441.00000", "2010-03-31": "431.00000", "2009-12-31": "418.00000", "2009-09-30": "512.00000", "2009-06-30": "493.00000", "2009-03-31": "459.00000", "2008-12-31": "325.00000", "2008-09-30": "318.00000", "2008-06-30": "357.00000", "2008-03-31": "334.00000", "2007-12-31": "316.00000", "2007-09-30": "344.00000", "2007-06-30": "340.00000", "2007-03-31": "340.00000", "2006-12-31": "314.00000", "2006-09-30": "313.00000", "2006-06-30": "324.00000", "2006-03-31": "311.00000", "2005-12-31": "299.00000", "2005-09-30": "299.00000", "2005-06-30": "747.00000", "2005-03-31": "395.00000"}, "Research And Development Expenses": {"2020-12-31": "15.00000", "2020-09-30": "16.00000", "2020-06-30": "14.00000", "2020-03-31": "18.00000", "2019-12-31": "16.00000", "2019-09-30": "15.00000", "2019-06-30": "17.00000", "2019-03-31": "17.00000", "2018-12-31": "17.00000", "2018-09-30": "18.00000", "2018-06-30": "18.00000", "2018-03-31": "18.00000", "2017-12-31": "19.00000", "2017-09-30": "22.00000", "2017-06-30": "20.00000", "2017-03-31": "21.00000", "2016-12-31": "20.00000", "2016-09-30": "22.00000", "2016-06-30": "22.00000", "2016-03-31": "25.00000", "2015-12-31": "25.00000", "2015-09-30": "36.00000", "2015-06-30": "24.00000", "2015-03-31": "25.00000", "2014-12-31": "25.00000", "2014-09-30": "28.00000", "2014-06-30": "23.00000", "2014-03-31": "36.00000", "2013-12-31": "27.00000", "2013-09-30": "54.00000", "2013-06-30": "26.00000", "2013-03-31": "30.00000", "2012-12-31": "32.00000", "2012-09-30": "13.00000", "2012-06-30": "30.00000", "2012-03-31": "31.00000", "2011-12-31": "30.00000", "2011-09-30": "21.00000", "2011-06-30": "19.00000", "2011-03-31": "20.00000", "2010-12-31": "20.00000", "2010-09-30": "23.00000", "2010-06-30": "23.00000", "2010-03-31": "20.00000", "2009-12-31": "20.00000", "2009-09-30": "23.00000", "2009-06-30": "23.00000", "2009-03-31": "23.00000", "2008-12-31": "27.00000", "2008-09-30": "", "2008-06-30": "", "2008-03-31": "", "2007-12-31": "", "2007-09-30": "", "2007-06-30": "", "2007-03-31": "", "2006-12-31": "", "2006-09-30": "", "2006-06-30": "", "2006-03-31": "", "2005-12-31": "", "2005-09-30": "", "2005-06-30": "", "2005-03-31": ""}, "SG&A Expenses": {"2020-12-31": "106.00000", "2020-09-30": "109.00000", "2020-06-30": "113.00000", "2020-03-31": "103.00000", "2019-12-31": "99.00000", "2019-09-30": "67.00000", "2019-06-30": "128.00000", "2019-03-31": "115.00000", "2018-12-31": "143.00000", "2018-09-30": "118.00000", "2018-06-30": "181.00000", "2018-03-31": "146.00000", "2017-12-31": "154.00000", "2017-09-30": "177.00000", "2017-06-30": "182.00000", "2017-03-31": "155.00000", "2016-12-31": "157.00000", "2016-09-30": "433.00000", "2016-06-30": "160.00000", "2016-03-31": "258.00000", "2015-12-31": "224.00000", "2015-09-30": "383.00000", "2015-06-30": "216.00000", "2015-03-31": "203.00000", "2014-12-31": "226.00000", "2014-09-30": "467.00000", "2014-06-30": "286.00000", "2014-03-31": "370.00000", "2013-12-31": "235.00000", "2013-09-30": "-158.00000", "2013-06-30": "257.00000", "2013-03-31": "228.00000", "2012-12-31": "343.00000", "2012-09-30": "235.00000", "2012-06-30": "349.00000", "2012-03-31": "381.00000", "2011-12-31": "362.00000", "2011-09-30": "673.00000", "2011-06-30": "301.00000", "2011-03-31": "201.00000", "2010-12-31": "276.00000", "2010-09-30": "360.00000", "2010-06-30": "291.00000", "2010-03-31": "293.00000", "2009-12-31": "284.00000", "2009-09-30": "365.00000", "2009-06-30": "330.00000", "2009-03-31": "329.00000", "2008-12-31": "317.00000", "2008-09-30": "262.00000", "2008-06-30": "283.00000", "2008-03-31": "292.00000", "2007-12-31": "281.00000", "2007-09-30": "292.00000", "2007-06-30": "259.00000", "2007-03-31": "309.00000", "2006-12-31": "266.00000", "2006-09-30": "285.00000", "2006-06-30": "277.00000", "2006-03-31": "262.00000", "2005-12-31": "253.00000", "2005-09-30": "278.00000", "2005-06-30": "337.00000", "2005-03-31": "309.00000"}, "Other Operating Income Or Expenses": {"2020-12-31": "5.00000", "2020-09-30": "1.00000", "2020-06-30": "", "2020-03-31": "7.00000", "2019-12-31": "", "2019-09-30": "1.00000", "2019-06-30": "3.00000", "2019-03-31": "-1.00000", "2018-12-31": "1.00000", "2018-09-30": "1.00000", "2018-06-30": "", "2018-03-31": "4.00000", "2017-12-31": "-1.00000", "2017-09-30": "-1.00000", "2017-06-30": "4.00000", "2017-03-31": "1.00000", "2016-12-31": "3.00000", "2016-09-30": "1.00000", "2016-06-30": "3.00000", "2016-03-31": "6.00000", "2015-12-31": "8.00000", "2015-09-30": "8.00000", "2015-06-30": "8.00000", "2015-03-31": "-4.00000", "2014-12-31": "11.00000", "2014-09-30": "8.00000", "2014-06-30": "8.00000", "2014-03-31": "-35.00000", "2013-12-31": "21.00000", "2013-09-30": "8.00000", "2013-06-30": "26.00000", "2013-03-31": "16.00000", "2012-12-31": "14.00000", "2012-09-30": "8.00000", "2012-06-30": "15.00000", "2012-03-31": "16.00000", "2011-12-31": "14.00000", "2011-09-30": "8.00000", "2011-06-30": "15.00000", "2011-03-31": "14.00000", "2010-12-31": "12.00000", "2010-09-30": "10.00000", "2010-06-30": "12.00000", "2010-03-31": "14.00000", "2009-12-31": "13.00000", "2009-09-30": "9.00000", "2009-06-30": "12.00000", "2009-03-31": "5.00000", "2008-12-31": "12.00000", "2008-09-30": "20.00000", "2008-06-30": "13.00000", "2008-03-31": "10.00000", "2007-12-31": "11.00000", "2007-09-30": "19.00000", "2007-06-30": "10.00000", "2007-03-31": "10.00000", "2006-12-31": "10.00000", "2006-09-30": "", "2006-06-30": "", "2006-03-31": "", "2005-12-31": "", "2005-09-30": "", "2005-06-30": "", "2005-03-31": ""}, "Operating Expenses": {"2020-12-31": "511.00000", "2020-09-30": "594.00000", "2020-06-30": "526.00000", "2020-03-31": "1078.00000", "2019-12-31": "516.00000", "2019-09-30": "523.00000", "2019-06-30": "598.00000", "2019-03-31": "623.00000", "2018-12-31": "583.00000", "2018-09-30": "664.00000", "2018-06-30": "638.00000", "2018-03-31": "609.00000", "2017-12-31": "576.00000", "2017-09-30": "846.00000", "2017-06-30": "833.00000", "2017-03-31": "753.00000", "2016-12-31": "689.00000", "2016-09-30": "1026.00000", "2016-06-30": "733.00000", "2016-03-31": "1100.00000", "2015-12-31": "1012.00000", "2015-09-30": "1381.00000", "2015-06-30": "1171.00000", "2015-03-31": "1157.00000", "2014-12-31": "1222.00000", "2014-09-30": "1715.00000", "2014-06-30": "1462.00000", "2014-03-31": "1609.00000", "2013-12-31": "1289.00000", "2013-09-30": "544.00000", "2013-06-30": "1449.00000", "2013-03-31": "1366.00000", "2012-12-31": "1693.00000", "2012-09-30": "627.00000", "2012-06-30": "1878.00000", "2012-03-31": "1900.00000", "2011-12-31": "1786.00000", "2011-09-30": "2214.00000", "2011-06-30": "1538.00000", "2011-03-31": "1301.00000", "2010-12-31": "1319.00000", "2010-09-30": "2276.00000", "2010-06-30": "1339.00000", "2010-03-31": "1291.00000", "2009-12-31": "1197.00000", "2009-09-30": "1980.00000", "2009-06-30": "1885.00000", "2009-03-31": "1878.00000", "2008-12-31": "1973.00000", "2008-09-30": "2188.00000", "2008-06-30": "2114.00000", "2008-03-31": "2007.00000", "2007-12-31": "1859.00000", "2007-09-30": "2058.00000", "2007-06-30": "1892.00000", "2007-03-31": "1874.00000", "2006-12-31": "1745.00000", "2006-09-30": "1897.00000", "2006-06-30": "1815.00000", "2006-03-31": "1746.00000", "2005-12-31": "1650.00000", "2005-09-30": "1693.00000", "2005-06-30": "2411.00000", "2005-03-31": "2063.00000"}, "Operating Income": {"2020-12-31": "41.00000", "2020-09-30": "15.00000", "2020-06-30": "48.00000", "2020-03-31": "-468.00000", "2019-12-31": "17.00000", "2019-09-30": "86.00000", "2019-06-30": "43.00000", "2019-03-31": "44.00000", "2018-12-31": "-7.00000", "2018-09-30": "4.00000", "2018-06-30": "30.00000", "2018-03-31": "63.00000", "2017-12-31": "5.00000", "2017-09-30": "34.00000", "2017-06-30": "37.00000", "2017-03-31": "53.00000", "2016-12-31": "15.00000", "2016-09-30": "-272.00000", "2016-06-30": "57.00000", "2016-03-31": "147.00000", "2015-12-31": "151.00000", "2015-09-30": "-101.00000", "2015-06-30": "196.00000", "2015-03-31": "193.00000", "2014-12-31": "169.00000", "2014-09-30": "-176.00000", "2014-06-30": "143.00000", "2014-03-31": "-64.00000", "2013-12-31": "143.00000", "2013-09-30": "504.00000", "2013-06-30": "175.00000", "2013-03-31": "184.00000", "2012-12-31": "176.00000", "2012-09-30": "-305.00000", "2012-06-30": "263.00000", "2012-03-31": "179.00000", "2011-12-31": "144.00000", "2011-09-30": "-369.00000", "2011-06-30": "129.00000", "2011-03-31": "256.00000", "2010-12-31": "114.00000", "2010-09-30": "106.00000", "2010-06-30": "139.00000", "2010-03-31": "132.00000", "2009-12-31": "127.00000", "2009-09-30": "133.00000", "2009-06-30": "152.00000", "2009-03-31": "112.00000", "2008-12-31": "-7.00000", "2008-09-30": "28.00000", "2008-06-30": "87.00000", "2008-03-31": "52.00000", "2007-12-31": "46.00000", "2007-09-30": "26.00000", "2007-06-30": "91.00000", "2007-03-31": "41.00000", "2006-12-31": "58.00000", "2006-09-30": "28.00000", "2006-06-30": "47.00000", "2006-03-31": "49.00000", "2005-12-31": "46.00000", "2005-09-30": "21.00000", "2005-06-30": "410.00000", "2005-03-31": "86.00000"}, "Total Non-Operating Income/Expense": {"2020-12-31": "20.00000", "2020-09-30": "-5.00000", "2020-06-30": "14.00000", "2020-03-31": "-117.00000", "2019-12-31": "-7.00000", "2019-09-30": "-37.00000", "2019-06-30": "-21.00000", "2019-03-31": "2.00000", "2018-12-31": "-40.00000", "2018-09-30": "-11.00000", "2018-06-30": "-30.00000", "2018-03-31": "-23.00000", "2017-12-31": "-27.00000", "2017-09-30": "-31.00000", "2017-06-30": "-57.00000", "2017-03-31": "-29.00000", "2016-12-31": "-121.00000", "2016-09-30": "-58.00000", "2016-06-30": "-37.00000", "2016-03-31": "-45.00000", "2015-12-31": "-40.00000", "2015-09-30": "-35.00000", "2015-06-30": "-54.00000", "2015-03-31": "-73.00000", "2014-12-31": "-126.00000", "2014-09-30": "-41.00000", "2014-06-30": "-44.00000", "2014-03-31": "-40.00000", "2013-12-31": "-37.00000", "2013-09-30": "-56.00000", "2013-06-30": "-52.00000", "2013-03-31": "-138.00000", "2012-12-31": "-44.00000", "2012-09-30": "-160.00000", "2012-06-30": "-48.00000", "2012-03-31": "-55.00000", "2011-12-31": "-61.00000", "2011-09-30": "-59.00000", "2011-06-30": "-23.00000", "2011-03-31": "-39.00000", "2010-12-31": "-6.00000", "2010-09-30": "-22.00000", "2010-06-30": "-3.00000", "2010-03-31": "-108.00000", "2009-12-31": "-41.00000", "2009-09-30": "-3.00000", "2009-06-30": "-61.00000", "2009-03-31": "-55.00000", "2008-12-31": "-113.00000", "2008-09-30": "", "2008-06-30": "6.00000", "2008-03-31": "30.00000", "2007-12-31": "12.00000", "2007-09-30": "12.00000", "2007-06-30": "10.00000", "2007-03-31": "5.00000", "2006-12-31": "16.00000", "2006-09-30": "-23.00000", "2006-06-30": "9.00000", "2006-03-31": "6.00000", "2005-12-31": "12.00000", "2005-09-30": "-17.00000", "2005-06-30": "1121.00000", "2005-03-31": "-29.00000"}, "Pre-Tax Income": {"2020-12-31": "61.00000", "2020-09-30": "10.00000", "2020-06-30": "62.00000", "2020-03-31": "-585.00000", "2019-12-31": "10.00000", "2019-09-30": "49.00000", "2019-06-30": "22.00000", "2019-03-31": "46.00000", "2018-12-31": "-47.00000", "2018-09-30": "-7.00000", "2018-06-30": "", "2018-03-31": "40.00000", "2017-12-31": "-22.00000", "2017-09-30": "3.00000", "2017-06-30": "-20.00000", "2017-03-31": "24.00000", "2016-12-31": "-106.00000", "2016-09-30": "-330.00000", "2016-06-30": "20.00000", "2016-03-31": "102.00000", "2015-12-31": "111.00000", "2015-09-30": "-136.00000", "2015-06-30": "142.00000", "2015-03-31": "120.00000", "2014-12-31": "43.00000", "2014-09-30": "-217.00000", "2014-06-30": "99.00000", "2014-03-31": "-104.00000", "2013-12-31": "106.00000", "2013-09-30": "448.00000", "2013-06-30": "123.00000", "2013-03-31": "46.00000", "2012-12-31": "132.00000", "2012-09-30": "-465.00000", "2012-06-30": "215.00000", "2012-03-31": "124.00000", "2011-12-31": "83.00000", "2011-09-30": "-428.00000", "2011-06-30": "106.00000", "2011-03-31": "217.00000", "2010-12-31": "108.00000", "2010-09-30": "84.00000", "2010-06-30": "136.00000", "2010-03-31": "24.00000", "2009-12-31": "86.00000", "2009-09-30": "130.00000", "2009-06-30": "91.00000", "2009-03-31": "57.00000", "2008-12-31": "-120.00000", "2008-09-30": "28.00000", "2008-06-30": "93.00000", "2008-03-31": "82.00000", "2007-12-31": "58.00000", "2007-09-30": "38.00000", "2007-06-30": "101.00000", "2007-03-31": "46.00000", "2006-12-31": "74.00000", "2006-09-30": "43.00000", "2006-06-30": "56.00000", "2006-03-31": "55.00000", "2005-12-31": "58.00000", "2005-09-30": "18.00000", "2005-06-30": "1531.00000", "2005-03-31": "57.00000"}, "Income Taxes": {"2020-12-31": "", "2020-09-30": "10.00000", "2020-06-30": "12.00000", "2020-03-31": "-10.00000", "2019-12-31": "-24.00000", "2019-09-30": "22.00000", "2019-06-30": "-1.00000", "2019-03-31": "1.00000", "2018-12-31": "24.00000", "2018-09-30": "-5.00000", "2018-06-30": "-11.00000", "2018-03-31": "-2.00000", "2017-12-31": "10.00000", "2017-09-30": "56.00000", "2017-06-30": "-4.00000", "2017-03-31": "-5.00000", "2016-12-31": "-41.00000", "2016-09-30": "14.00000", "2016-06-30": "-4.00000", "2016-03-31": "15.00000", "2015-12-31": "20.00000", "2015-09-30": "-77.00000", "2015-06-30": "27.00000", "2015-03-31": "25.00000", "2014-12-31": "3.00000", "2014-09-30": "-191.00000", "2014-06-30": "28.00000", "2014-03-31": "-43.00000", "2013-12-31": "18.00000", "2013-09-30": "134.00000", "2013-06-30": "34.00000", "2013-03-31": "-2.00000", "2012-12-31": "30.00000", "2012-09-30": "-169.00000", "2012-06-30": "55.00000", "2012-03-31": "34.00000", "2011-12-31": "23.00000", "2011-09-30": "-156.00000", "2011-06-30": "31.00000", "2011-03-31": "35.00000", "2010-12-31": "37.00000", "2010-09-30": "12.00000", "2010-06-30": "19.00000", "2010-03-31": "18.00000", "2009-12-31": "22.00000", "2009-09-30": "32.00000", "2009-06-30": "40.00000", "2009-03-31": "9.00000", "2008-12-31": "-1.00000", "2008-09-30": "29.00000", "2008-06-30": "27.00000", "2008-03-31": "10.00000", "2007-12-31": "20.00000", "2007-09-30": "7.00000", "2007-06-30": "15.00000", "2007-03-31": "15.00000", "2006-12-31": "21.00000", "2006-09-30": "13.00000", "2006-06-30": "14.00000", "2006-03-31": "5.00000", "2005-12-31": "23.00000", "2005-09-30": "63.00000", "2005-06-30": "-236.00000", "2005-03-31": "24.00000"}, "Income After Taxes": {"2020-12-31": "61.00000", "2020-09-30": "", "2020-06-30": "50.00000", "2020-03-31": "-575.00000", "2019-12-31": "34.00000", "2019-09-30": "27.00000", "2019-06-30": "23.00000", "2019-03-31": "45.00000", "2018-12-31": "-71.00000", "2018-09-30": "-2.00000", "2018-06-30": "11.00000", "2018-03-31": "42.00000", "2017-12-31": "-32.00000", "2017-09-30": "-53.00000", "2017-06-30": "-16.00000", "2017-03-31": "29.00000", "2016-12-31": "-65.00000", "2016-09-30": "-344.00000", "2016-06-30": "24.00000", "2016-03-31": "87.00000", "2015-12-31": "91.00000", "2015-09-30": "-59.00000", "2015-06-30": "115.00000", "2015-03-31": "95.00000", "2014-12-31": "40.00000", "2014-09-30": "-26.00000", "2014-06-30": "71.00000", "2014-03-31": "-61.00000", "2013-12-31": "88.00000", "2013-09-30": "314.00000", "2013-06-30": "89.00000", "2013-03-31": "48.00000", "2012-12-31": "102.00000", "2012-09-30": "-296.00000", "2012-06-30": "160.00000", "2012-03-31": "90.00000", "2011-12-31": "60.00000", "2011-09-30": "-272.00000", "2011-06-30": "75.00000", "2011-03-31": "182.00000", "2010-12-31": "71.00000", "2010-09-30": "72.00000", "2010-06-30": "117.00000", "2010-03-31": "6.00000", "2009-12-31": "64.00000", "2009-09-30": "98.00000", "2009-06-30": "51.00000", "2009-03-31": "48.00000", "2008-12-31": "-119.00000", "2008-09-30": "-1.00000", "2008-06-30": "66.00000", "2008-03-31": "72.00000", "2007-12-31": "38.00000", "2007-09-30": "31.00000", "2007-06-30": "86.00000", "2007-03-31": "31.00000", "2006-12-31": "53.00000", "2006-09-30": "30.00000", "2006-06-30": "42.00000", "2006-03-31": "50.00000", "2005-12-31": "35.00000", "2005-09-30": "-45.00000", "2005-06-30": "1767.00000", "2005-03-31": "33.00000"}, "Other Income": {"2020-12-31": "", "2020-09-30": "", "2020-06-30": "", "2020-03-31": "", "2019-12-31": "", "2019-09-30": "", "2019-06-30": "", "2019-03-31": "", "2018-12-31": "", "2018-09-30": "", "2018-06-30": "", "2018-03-31": "", "2017-12-31": "", "2017-09-30": "", "2017-06-30": "", "2017-03-31": "", "2016-12-31": "", "2016-09-30": "", "2016-06-30": "", "2016-03-31": "", "2015-12-31": "", "2015-09-30": "", "2015-06-30": "", "2015-03-31": "", "2014-12-31": "", "2014-09-30": "", "2014-06-30": "", "2014-03-31": "", "2013-12-31": "", "2013-09-30": "", "2013-06-30": "", "2013-03-31": "", "2012-12-31": "", "2012-09-30": "", "2012-06-30": "", "2012-03-31": "", "2011-12-31": "", "2011-09-30": "", "2011-06-30": "", "2011-03-31": "", "2010-12-31": "", "2010-09-30": "", "2010-06-30": "", "2010-03-31": "", "2009-12-31": "", "2009-09-30": "", "2009-06-30": "", "2009-03-31": "", "2008-12-31": "", "2008-09-30": "", "2008-06-30": "", "2008-03-31": "", "2007-12-31": "", "2007-09-30": "", "2007-06-30": "", "2007-03-31": "", "2006-12-31": "", "2006-09-30": "", "2006-06-30": "", "2006-03-31": "", "2005-12-31": "", "2005-09-30": "", "2005-06-30": "", "2005-03-31": ""}, "Income From Continuous Operations": {"2020-12-31": "61.00000", "2020-09-30": "", "2020-06-30": "50.00000", "2020-03-31": "-575.00000", "2019-12-31": "34.00000", "2019-09-30": "27.00000", "2019-06-30": "23.00000", "2019-03-31": "45.00000", "2018-12-31": "-71.00000", "2018-09-30": "-2.00000", "2018-06-30": "11.00000", "2018-03-31": "42.00000", "2017-12-31": "-32.00000", "2017-09-30": "-53.00000", "2017-06-30": "-16.00000", "2017-03-31": "29.00000", "2016-12-31": "-65.00000", "2016-09-30": "-344.00000", "2016-06-30": "24.00000", "2016-03-31": "87.00000", "2015-12-31": "91.00000", "2015-09-30": "-59.00000", "2015-06-30": "115.00000", "2015-03-31": "95.00000", "2014-12-31": "40.00000", "2014-09-30": "-26.00000", "2014-06-30": "71.00000", "2014-03-31": "-61.00000", "2013-12-31": "88.00000", "2013-09-30": "314.00000", "2013-06-30": "89.00000", "2013-03-31": "48.00000", "2012-12-31": "102.00000", "2012-09-30": "-296.00000", "2012-06-30": "160.00000", "2012-03-31": "90.00000", "2011-12-31": "60.00000", "2011-09-30": "-272.00000", "2011-06-30": "75.00000", "2011-03-31": "182.00000", "2010-12-31": "71.00000", "2010-09-30": "72.00000", "2010-06-30": "117.00000", "2010-03-31": "6.00000", "2009-12-31": "64.00000", "2009-09-30": "98.00000", "2009-06-30": "51.00000", "2009-03-31": "48.00000", "2008-12-31": "-119.00000", "2008-09-30": "-1.00000", "2008-06-30": "66.00000", "2008-03-31": "72.00000", "2007-12-31": "38.00000", "2007-09-30": "31.00000", "2007-06-30": "86.00000", "2007-03-31": "31.00000", "2006-12-31": "53.00000", "2006-09-30": "56.00000", "2006-06-30": "42.00000", "2006-03-31": "50.00000", "2005-12-31": "35.00000", "2005-09-30": "81.00000", "2005-06-30": "1767.00000", "2005-03-31": "33.00000"}, "Income From Discontinued Operations": {"2020-12-31": "-5.00000", "2020-09-30": "5.00000", "2020-06-30": "-13.00000", "2020-03-31": "-7.00000", "2019-12-31": "-2.00000", "2019-09-30": "384.00000", "2019-06-30": "43.00000", "2019-03-31": "31.00000", "2018-12-31": "23.00000", "2018-09-30": "11.00000", "2018-06-30": "25.00000", "2018-03-31": "31.00000", "2017-12-31": "28.00000", "2017-09-30": "-5.00000", "2017-06-30": "-14.00000", "2017-03-31": "76.00000", "2016-12-31": "75.00000", "2016-09-30": "69.00000", "2016-06-30": "47.00000", "2016-03-31": "", "2015-12-31": "-2.00000", "2015-09-30": "4.00000", "2015-06-30": "-8.00000", "2015-03-31": "129.00000", "2014-12-31": "-8.00000", "2014-09-30": "94.00000", "2014-06-30": "28.00000", "2014-03-31": "17.00000", "2013-12-31": "22.00000", "2013-09-30": "91.00000", "2013-06-30": "35.00000", "2013-03-31": "5.00000", "2012-12-31": "-1.00000", "2012-09-30": "22.00000", "2012-06-30": "-9.00000", "2012-03-31": "-2.00000", "2011-12-31": "1.00000", "2011-09-30": "9.00000", "2011-06-30": "18.00000", "2011-03-31": "303.00000", "2010-12-31": "28.00000", "2010-09-30": "4.00000", "2010-06-30": "31.00000", "2010-03-31": "16.00000", "2009-12-31": "22.00000", "2009-09-30": "-5.00000", "2009-06-30": "-1.00000", "2009-03-31": "", "2008-12-31": "", "2008-09-30": "-9.00000", "2008-06-30": "6.00000", "2008-03-31": "", "2007-12-31": "-5.00000", "2007-09-30": "1.00000", "2007-06-30": "14.00000", "2007-03-31": "18.00000", "2006-12-31": "-4.00000", "2006-09-30": "144.00000", "2006-06-30": "51.00000", "2006-03-31": "-1.00000", "2005-12-31": "31.00000", "2005-09-30": "30.00000", "2005-06-30": "", "2005-03-31": ""}, "Net Income": {"2020-12-31": "56.00000", "2020-09-30": "5.00000", "2020-06-30": "37.00000", "2020-03-31": "-582.00000", "2019-12-31": "32.00000", "2019-09-30": "411.00000", "2019-06-30": "66.00000", "2019-03-31": "76.00000", "2018-12-31": "-48.00000", "2018-09-30": "9.00000", "2018-06-30": "36.00000", "2018-03-31": "73.00000", "2017-12-31": "-4.00000", "2017-09-30": "-58.00000", "2017-06-30": "-33.00000", "2017-03-31": "92.00000", "2016-12-31": "-1.00000", "2016-09-30": "-276.00000", "2016-06-30": "71.00000", "2016-03-31": "87.00000", "2015-12-31": "89.00000", "2015-09-30": "-55.00000", "2015-06-30": "107.00000", "2015-03-31": "224.00000", "2014-12-31": "32.00000", "2014-09-30": "68.00000", "2014-06-30": "99.00000", "2014-03-31": "-44.00000", "2013-12-31": "110.00000", "2013-09-30": "405.00000", "2013-06-30": "124.00000", "2013-03-31": "53.00000", "2012-12-31": "101.00000", "2012-09-30": "-274.00000", "2012-06-30": "151.00000", "2012-03-31": "88.00000", "2011-12-31": "61.00000", "2011-09-30": "-263.00000", "2011-06-30": "93.00000", "2011-03-31": "485.00000", "2010-12-31": "99.00000", "2010-09-30": "76.00000", "2010-06-30": "148.00000", "2010-03-31": "22.00000", "2009-12-31": "86.00000", "2009-09-30": "93.00000", "2009-06-30": "50.00000", "2009-03-31": "48.00000", "2008-12-31": "-119.00000", "2008-09-30": "-10.00000", "2008-06-30": "72.00000", "2008-03-31": "72.00000", "2007-12-31": "33.00000", "2007-09-30": "32.00000", "2007-06-30": "100.00000", "2007-03-31": "49.00000", "2006-12-31": "49.00000", "2006-09-30": "200.00000", "2006-06-30": "93.00000", "2006-03-31": "49.00000", "2005-12-31": "66.00000", "2005-09-30": "111.00000", "2005-06-30": "1767.00000", "2005-03-31": "33.00000"}, "EBITDA": {"2020-12-31": "104.00000", "2020-09-30": "80.00000", "2020-06-30": "111.00000", "2020-03-31": "-397.00000", "2019-12-31": "80.00000", "2019-09-30": "157.00000", "2019-06-30": "107.00000", "2019-03-31": "128.00000", "2018-12-31": "76.00000", "2018-09-30": "74.00000", "2018-06-30": "100.00000", "2018-03-31": "136.00000", "2017-12-31": "77.00000", "2017-09-30": "82.00000", "2017-06-30": "132.00000", "2017-03-31": "122.00000", "2016-12-31": "177.00000", "2016-09-30": "-188.00000", "2016-06-30": "119.00000", "2016-03-31": "235.00000", "2015-12-31": "237.00000", "2015-09-30": "-49.00000", "2015-06-30": "291.00000", "2015-03-31": "281.00000", "2014-12-31": "258.00000", "2014-09-30": "-61.00000", "2014-06-30": "236.00000", "2014-03-31": "44.00000", "2013-12-31": "234.00000", "2013-09-30": "592.00000", "2013-06-30": "269.00000", "2013-03-31": "311.00000", "2012-12-31": "288.00000", "2012-09-30": "-230.00000", "2012-06-30": "377.00000", "2012-03-31": "293.00000", "2011-12-31": "254.00000", "2011-09-30": "-277.00000", "2011-06-30": "200.00000", "2011-03-31": "341.00000", "2010-12-31": "191.00000", "2010-09-30": "181.00000", "2010-06-30": "210.00000", "2010-03-31": "267.00000", "2009-12-31": "207.00000", "2009-09-30": "211.00000", "2009-06-30": "259.00000", "2009-03-31": "216.00000", "2008-12-31": "71.00000", "2008-09-30": "68.00000", "2008-06-30": "121.00000", "2008-03-31": "89.00000", "2007-12-31": "80.00000", "2007-09-30": "76.00000", "2007-06-30": "117.00000", "2007-03-31": "70.00000", "2006-12-31": "86.00000", "2006-09-30": "59.00000", "2006-06-30": "75.00000", "2006-03-31": "76.00000", "2005-12-31": "71.00000", "2005-09-30": "-20.00000", "2005-06-30": "458.00000", "2005-03-31": "133.00000"}, "EBIT": {"2020-12-31": "41.00000", "2020-09-30": "15.00000", "2020-06-30": "48.00000", "2020-03-31": "-468.00000", "2019-12-31": "17.00000", "2019-09-30": "86.00000", "2019-06-30": "43.00000", "2019-03-31": "44.00000", "2018-12-31": "-7.00000", "2018-09-30": "4.00000", "2018-06-30": "30.00000", "2018-03-31": "63.00000", "2017-12-31": "5.00000", "2017-09-30": "34.00000", "2017-06-30": "37.00000", "2017-03-31": "53.00000", "2016-12-31": "15.00000", "2016-09-30": "-272.00000", "2016-06-30": "57.00000", "2016-03-31": "147.00000", "2015-12-31": "151.00000", "2015-09-30": "-101.00000", "2015-06-30": "196.00000", "2015-03-31": "193.00000", "2014-12-31": "169.00000", "2014-09-30": "-176.00000", "2014-06-30": "143.00000", "2014-03-31": "-64.00000", "2013-12-31": "143.00000", "2013-09-30": "504.00000", "2013-06-30": "175.00000", "2013-03-31": "184.00000", "2012-12-31": "176.00000", "2012-09-30": "-305.00000", "2012-06-30": "263.00000", "2012-03-31": "179.00000", "2011-12-31": "144.00000", "2011-09-30": "-369.00000", "2011-06-30": "129.00000", "2011-03-31": "256.00000", "2010-12-31": "114.00000", "2010-09-30": "106.00000", "2010-06-30": "139.00000", "2010-03-31": "132.00000", "2009-12-31": "127.00000", "2009-09-30": "133.00000", "2009-06-30": "152.00000", "2009-03-31": "112.00000", "2008-12-31": "-7.00000", "2008-09-30": "28.00000", "2008-06-30": "87.00000", "2008-03-31": "52.00000", "2007-12-31": "46.00000", "2007-09-30": "26.00000", "2007-06-30": "91.00000", "2007-03-31": "41.00000", "2006-12-31": "58.00000", "2006-09-30": "28.00000", "2006-06-30": "47.00000", "2006-03-31": "49.00000", "2005-12-31": "46.00000", "2005-09-30": "21.00000", "2005-06-30": "410.00000", "2005-03-31": "86.00000"}, "Basic Shares Outstanding": {"2020-12-31": "60.00000", "2020-09-30": "61.00000", "2020-06-30": "60.00000", "2020-03-31": "61.00000", "2019-12-31": "60.00000", "2019-09-30": "62.00000", "2019-06-30": "61.00000", "2019-03-31": "63.00000", "2018-12-31": "63.00000", "2018-09-30": "63.00000", "2018-06-30": "63.00000", "2018-03-31": "63.00000", "2017-12-31": "62.00000", "2017-09-30": "63.00000", "2017-06-30": "62.00000", "2017-03-31": "62.00000", "2016-12-31": "62.00000", "2016-09-30": "62.00000", "2016-06-30": "62.00000", "2016-03-31": "62.00000", "2015-12-31": "65.00000", "2015-09-30": "67.00000", "2015-06-30": "68.00000", "2015-03-31": "68.00000", "2014-12-31": "69.00000", "2014-09-30": "77.00000", "2014-06-30": "78.00000", "2014-03-31": "78.00000", "2013-12-31": "77.00000", "2013-09-30": "78.00000", "2013-06-30": "79.00000", "2013-03-31": "79.00000", "2012-12-31": "79.00000", "2012-09-30": "78.00000", "2012-06-30": "78.00000", "2012-03-31": "78.00000", "2011-12-31": "78.00000", "2011-09-30": "78.00000", "2011-06-30": "78.00000", "2011-03-31": "79.00000", "2010-12-31": "79.00000", "2010-09-30": "78.00000", "2010-06-30": "78.00000", "2010-03-31": "78.00000", "2009-12-31": "77.00000", "2009-09-30": "72.00000", "2009-06-30": "74.00000", "2009-03-31": "74.00000", "2008-12-31": "69.00000", "2008-09-30": "63.00000", "2008-06-30": "63.00000", "2008-03-31": "63.00000", "2007-12-31": "63.00000", "2007-09-30": "63.00000", "2007-06-30": "62.00000", "2007-03-31": "63.00000", "2006-12-31": "64.00000", "2006-09-30": "71.00000", "2006-06-30": "71.00000", "2006-03-31": "71.00000", "2005-12-31": "72.00000", "2005-09-30": "73.00000", "2005-06-30": "73.00000", "2005-03-31": "73.00000"}, "Shares Outstanding": {"2020-12-31": "61.00000", "2020-09-30": "61.00000", "2020-06-30": "61.00000", "2020-03-31": "61.00000", "2019-12-31": "61.00000", "2019-09-30": "63.00000", "2019-06-30": "62.00000", "2019-03-31": "64.00000", "2018-12-31": "63.00000", "2018-09-30": "64.00000", "2018-06-30": "64.00000", "2018-03-31": "64.00000", "2017-12-31": "62.00000", "2017-09-30": "63.00000", "2017-06-30": "62.00000", "2017-03-31": "63.00000", "2016-12-31": "62.00000", "2016-09-30": "62.00000", "2016-06-30": "63.00000", "2016-03-31": "63.00000", "2015-12-31": "66.00000", "2015-09-30": "67.00000", "2015-06-30": "68.00000", "2015-03-31": "69.00000", "2014-12-31": "70.00000", "2014-09-30": "78.00000", "2014-06-30": "79.00000", "2014-03-31": "78.00000", "2013-12-31": "78.00000", "2013-09-30": "80.00000", "2013-06-30": "80.00000", "2013-03-31": "80.00000", "2012-12-31": "80.00000", "2012-09-30": "80.00000", "2012-06-30": "80.00000", "2012-03-31": "80.00000", "2011-12-31": "79.00000", "2011-09-30": "80.00000", "2011-06-30": "80.00000", "2011-03-31": "80.00000", "2010-12-31": "80.00000", "2010-09-30": "80.00000", "2010-06-30": "80.00000", "2010-03-31": "80.00000", "2009-12-31": "78.00000", "2009-09-30": "76.00000", "2009-06-30": "75.00000", "2009-03-31": "74.00000", "2008-12-31": "69.00000", "2008-09-30": "64.00000", "2008-06-30": "64.00000", "2008-03-31": "63.00000", "2007-12-31": "64.00000", "2007-09-30": "64.00000", "2007-06-30": "63.00000", "2007-03-31": "64.00000", "2006-12-31": "65.00000", "2006-09-30": "71.00000", "2006-06-30": "72.00000", "2006-03-31": "72.00000", "2005-12-31": "73.00000", "2005-09-30": "75.00000", "2005-06-30": "74.00000", "2005-03-31": "74.00000"}, "Basic EPS": {"2020-12-31": "0.92000", "2020-09-30": "0.07000", "2020-06-30": "0.61000", "2020-03-31": "-9.61000", "2019-12-31": "0.54000", "2019-09-30": "6.64000", "2019-06-30": "1.06000", "2019-03-31": "1.21000", "2018-12-31": "-0.76000", "2018-09-30": "0.15000", "2018-06-30": "0.57000", "2018-03-31": "1.17000", "2017-12-31": "-0.07000", "2017-09-30": "-0.92000", "2017-06-30": "-0.54000", "2017-03-31": "1.48000", "2016-12-31": "-0.01000", "2016-09-30": "-4.46000", "2016-06-30": "1.15000", "2016-03-31": "1.39000", "2015-12-31": "1.37000", "2015-09-30": "-0.82000", "2015-06-30": "1.58000", "2015-03-31": "3.30000", "2014-12-31": "0.47000", "2014-09-30": "0.92000", "2014-06-30": "1.27000", "2014-03-31": "-0.57000", "2013-12-31": "1.42000", "2013-09-30": "5.18000", "2013-06-30": "1.58000", "2013-03-31": "0.67000", "2012-12-31": "1.28000", "2012-09-30": "-3.50000", "2012-06-30": "1.93000", "2012-03-31": "1.12000", "2011-12-31": "0.78000", "2011-09-30": "-3.32000", "2011-06-30": "1.20000", "2011-03-31": "6.13000", "2010-12-31": "1.27000", "2010-09-30": "-1.48000", "2010-06-30": "1.89000", "2010-03-31": "0.28000", "2009-12-31": "1.13000", "2009-09-30": "-3.19000", "2009-06-30": "0.67000", "2009-03-31": "0.65000", "2008-12-31": "-1.73000", "2008-09-30": "-0.16000", "2008-06-30": "1.15000", "2008-03-31": "1.14000", "2007-12-31": "0.52000", "2007-09-30": "0.52000", "2007-06-30": "1.60000", "2007-03-31": "0.78000", "2006-12-31": "0.76000", "2006-09-30": "2.82000", "2006-06-30": "1.31000", "2006-03-31": "0.68000", "2005-12-31": "0.92000", "2005-09-30": "1.61000", "2005-06-30": "24.13000", "2005-03-31": "0.45000"}, "EPS - Earnings Per Share": {"2020-12-31": "0.91000", "2020-09-30": "0.08000", "2020-06-30": "0.61000", "2020-03-31": "-9.61000", "2019-12-31": "0.53000", "2019-09-30": "6.55000", "2019-06-30": "1.05000", "2019-03-31": "1.19000", "2018-12-31": "-0.76000", "2018-09-30": "0.15000", "2018-06-30": "0.56000", "2018-03-31": "1.15000", "2017-12-31": "-0.07000", "2017-09-30": "-0.92000", "2017-06-30": "-0.54000", "2017-03-31": "1.47000", "2016-12-31": "-0.01000", "2016-09-30": "-4.46000", "2016-06-30": "1.13000", "2016-03-31": "1.38000", "2015-12-31": "1.35000", "2015-09-30": "-0.82000", "2015-06-30": "1.56000", "2015-03-31": "3.26000", "2014-12-31": "0.46000", "2014-09-30": "0.92000", "2014-06-30": "1.25000", "2014-03-31": "-0.57000", "2013-12-31": "1.40000", "2013-09-30": "5.10000", "2013-06-30": "1.55000", "2013-03-31": "0.66000", "2012-12-31": "1.26000", "2012-09-30": "-3.44000", "2012-06-30": "1.90000", "2012-03-31": "1.10000", "2011-12-31": "0.77000", "2011-09-30": "-3.27000", "2011-06-30": "1.17000", "2011-03-31": "6.02000", "2010-12-31": "1.25000", "2010-09-30": "0.96000", "2010-06-30": "1.85000", "2010-03-31": "0.27000", "2009-12-31": "1.10000", "2009-09-30": "1.22000", "2009-06-30": "0.66000", "2009-03-31": "0.65000", "2008-12-31": "-1.73000", "2008-09-30": "-0.15000", "2008-06-30": "1.13000", "2008-03-31": "1.13000", "2007-12-31": "0.52000", "2007-09-30": "0.50000", "2007-06-30": "1.58000", "2007-03-31": "0.77000", "2006-12-31": "0.75000", "2006-09-30": "2.82000", "2006-06-30": "1.29000", "2006-03-31": "0.67000", "2005-12-31": "0.91000", "2005-09-30": "1.48000", "2005-06-30": "23.65000", "2005-03-31": "0.44000"}}, "balance sheet": {"Cash On Hand": {"2020-09-30": "454.00000", "2019-09-30": "232.00000", "2018-09-30": "294.00000", "2017-09-30": "566.00000", "2016-09-30": "1017.00000", "2015-09-30": "1257.00000", "2014-09-30": "1393.00000", "2013-09-30": "346.00000", "2012-09-30": "523.00000", "2011-09-30": "737.00000", "2010-09-30": "417.00000", "2009-09-30": "352.00000", "2008-09-30": "886.00000", "2007-09-30": "1052.00000", "2006-09-30": "2169.00000", "2005-09-30": "1388.00000"}, "Receivables": {"2020-09-30": "471.00000", "2019-09-30": "481.00000", "2018-09-30": "522.00000", "2017-09-30": "612.00000", "2016-09-30": "529.00000", "2015-09-30": "961.00000", "2014-09-30": "1202.00000", "2013-09-30": "1113.00000", "2012-09-30": "1481.00000", "2011-09-30": "1482.00000", "2010-09-30": "1115.00000", "2009-09-30": "1392.00000", "2008-09-30": "1441.00000", "2007-09-30": "1467.00000", "2006-09-30": "1401.00000", "2005-09-30": "1242.00000"}, "Inventory": {"2020-09-30": "529.00000", "2019-09-30": "597.00000", "2018-09-30": "596.00000", "2017-09-30": "634.00000", "2016-09-30": "539.00000", "2015-09-30": "706.00000", "2014-09-30": "765.00000", "2013-09-30": "758.00000", "2012-09-30": "1008.00000", "2011-09-30": "925.00000", "2010-09-30": "447.00000", "2009-09-30": "527.00000", "2008-09-30": "476.00000", "2007-09-30": "610.00000", "2006-09-30": "532.00000", "2005-09-30": "439.00000"}, "Pre-Paid Expenses": {"2020-09-30": "", "2019-09-30": "", "2018-09-30": "", "2017-09-30": "", "2016-09-30": "", "2015-09-30": "", "2014-09-30": "", "2013-09-30": "", "2012-09-30": "", "2011-09-30": "", "2010-09-30": "", "2009-09-30": "", "2008-09-30": "", "2007-09-30": "", "2006-09-30": "", "2005-09-30": ""}, "Other Current Assets": {"2020-09-30": "93.00000", "2019-09-30": "123.00000", "2018-09-30": "300.00000", "2017-09-30": "91.00000", "2016-09-30": "89.00000", "2015-09-30": "169.00000", "2014-09-30": "83.00000", "2013-09-30": "549.00000", "2012-09-30": "81.00000", "2011-09-30": "80.00000", "2010-09-30": "742.00000", "2009-09-30": "89.00000", "2008-09-30": "126.00000", "2007-09-30": "78.00000", "2006-09-30": "55.00000", "2005-09-30": "22.00000"}, "Total Current Assets": {"2020-09-30": "1547.00000", "2019-09-30": "1433.00000", "2018-09-30": "1712.00000", "2017-09-30": "1903.00000", "2016-09-30": "2888.00000", "2015-09-30": "3093.00000", "2014-09-30": "3561.00000", "2013-09-30": "2873.00000", "2012-09-30": "3209.00000", "2011-09-30": "3387.00000", "2010-09-30": "2833.00000", "2009-09-30": "2478.00000", "2008-09-30": "3026.00000", "2007-09-30": "3276.00000", "2006-09-30": "4250.00000", "2005-09-30": "3757.00000"}, "Property, Plant, And Equipment": {"2020-09-30": "1565.00000", "2019-09-30": "1577.00000", "2018-09-30": "1646.00000", "2017-09-30": "1970.00000", "2016-09-30": "1900.00000", "2015-09-30": "2182.00000", "2014-09-30": "2414.00000", "2013-09-30": "2507.00000", "2012-09-30": "2832.00000", "2011-09-30": "2914.00000", "2010-09-30": "1838.00000", "2009-09-30": "2067.00000", "2008-09-30": "1095.00000", "2007-09-30": "983.00000", "2006-09-30": "950.00000", "2005-09-30": "830.00000"}, "Long-Term Investments": {"2020-09-30": "301.00000", "2019-09-30": "310.00000", "2018-09-30": "312.00000", "2017-09-30": "302.00000", "2016-09-30": "292.00000", "2015-09-30": "350.00000", "2014-09-30": "81.00000", "2013-09-30": "213.00000", "2012-09-30": "217.00000", "2011-09-30": "193.00000", "2010-09-30": "", "2009-09-30": "170.00000", "2008-09-30": "243.00000", "2007-09-30": "", "2006-09-30": "", "2005-09-30": ""}, "Goodwill And Intangible Assets": {"2020-09-30": "2771.00000", "2019-09-30": "3341.00000", "2018-09-30": "3489.00000", "2017-09-30": "3784.00000", "2016-09-30": "3199.00000", "2015-09-30": "3628.00000", "2014-09-30": "3952.00000", "2013-09-30": "4146.00000", "2012-09-30": "5278.00000", "2011-09-30": "5425.00000", "2010-09-30": "3259.00000", "2009-09-30": "3401.00000", "2008-09-30": "392.00000", "2007-09-30": "377.00000", "2006-09-30": "310.00000", "2005-09-30": "235.00000"}, "Other Long-Term Assets": {"2020-09-30": "394.00000", "2019-09-30": "410.00000", "2018-09-30": "893.00000", "2017-09-30": "422.00000", "2016-09-30": "437.00000", "2015-09-30": "409.00000", "2014-09-30": "479.00000", "2013-09-30": "1912.00000", "2012-09-30": "539.00000", "2011-09-30": "599.00000", "2010-09-30": "806.00000", "2009-09-30": "671.00000", "2008-09-30": "434.00000", "2007-09-30": "435.00000", "2006-09-30": "450.00000", "2005-09-30": "419.00000"}, "Total Long-Term Assets": {"2020-09-30": "5330.00000", "2019-09-30": "5818.00000", "2018-09-30": "6547.00000", "2017-09-30": "6715.00000", "2016-09-30": "7112.00000", "2015-09-30": "6961.00000", "2014-09-30": "7359.00000", "2013-09-30": "9215.00000", "2012-09-30": "9315.00000", "2011-09-30": "9579.00000", "2010-09-30": "6697.00000", "2009-09-30": "7129.00000", "2008-09-30": "2745.00000", "2007-09-30": "2410.00000", "2006-09-30": "2340.00000", "2005-09-30": "3058.00000"}, "Total Assets": {"2020-09-30": "6877.00000", "2019-09-30": "7251.00000", "2018-09-30": "8259.00000", "2017-09-30": "8618.00000", "2016-09-30": "10000.00000", "2015-09-30": "10054.00000", "2014-09-30": "10920.00000", "2013-09-30": "12088.00000", "2012-09-30": "12524.00000", "2011-09-30": "12966.00000", "2010-09-30": "9530.00000", "2009-09-30": "9607.00000", "2008-09-30": "5771.00000", "2007-09-30": "5686.00000", "2006-09-30": "6590.00000", "2005-09-30": "6815.00000"}, "Total Current Liabilities": {"2020-09-30": "813.00000", "2019-09-30": "757.00000", "2018-09-30": "1076.00000", "2017-09-30": "968.00000", "2016-09-30": "1238.00000", "2015-09-30": "1442.00000", "2014-09-30": "1687.00000", "2013-09-30": "1727.00000", "2012-09-30": "1913.00000", "2011-09-30": "1739.00000", "2010-09-30": "1687.00000", "2009-09-30": "1577.00000", "2008-09-30": "1230.00000", "2007-09-30": "1152.00000", "2006-09-30": "2041.00000", "2005-09-30": "1545.00000"}, "Long Term Debt": {"2020-09-30": "1573.00000", "2019-09-30": "1501.00000", "2018-09-30": "2275.00000", "2017-09-30": "2584.00000", "2016-09-30": "2325.00000", "2015-09-30": "3348.00000", "2014-09-30": "2911.00000", "2013-09-30": "2947.00000", "2012-09-30": "3131.00000", "2011-09-30": "3648.00000", "2010-09-30": "1108.00000", "2009-09-30": "1537.00000", "2008-09-30": "45.00000", "2007-09-30": "64.00000", "2006-09-30": "70.00000", "2005-09-30": "82.00000"}, "Other Non-Current Liabilities": {"2020-09-30": "945.00000", "2019-09-30": "1008.00000", "2018-09-30": "1060.00000", "2017-09-30": "1094.00000", "2016-09-30": "1047.00000", "2015-09-30": "1066.00000", "2014-09-30": "1161.00000", "2013-09-30": "1354.00000", "2012-09-30": "1404.00000", "2011-09-30": "1474.00000", "2010-09-30": "1416.00000", "2009-09-30": "1546.00000", "2008-09-30": "950.00000", "2007-09-30": "1061.00000", "2006-09-30": "1070.00000", "2005-09-30": "1003.00000"}, "Total Long Term Liabilities": {"2020-09-30": "3028.00000", "2019-09-30": "2923.00000", "2018-09-30": "3777.00000", "2017-09-30": "4244.00000", "2016-09-30": "5597.00000", "2015-09-30": "5575.00000", "2014-09-30": "5650.00000", "2013-09-30": "5808.00000", "2012-09-30": "6582.00000", "2011-09-30": "7092.00000", "2010-09-30": "4036.00000", "2009-09-30": "4446.00000", "2008-09-30": "1339.00000", "2007-09-30": "1380.00000", "2006-09-30": "1453.00000", "2005-09-30": "1531.00000"}, "Total Liabilities": {"2020-09-30": "3841.00000", "2019-09-30": "3680.00000", "2018-09-30": "4853.00000", "2017-09-30": "5212.00000", "2016-09-30": "6835.00000", "2015-09-30": "7017.00000", "2014-09-30": "7337.00000", "2013-09-30": "7535.00000", "2012-09-30": "8495.00000", "2011-09-30": "8831.00000", "2010-09-30": "5723.00000", "2009-09-30": "6023.00000", "2008-09-30": "2569.00000", "2007-09-30": "2532.00000", "2006-09-30": "3494.00000", "2005-09-30": "3076.00000"}, "Common Stock Net": {"2020-09-30": "1.00000", "2019-09-30": "1.00000", "2018-09-30": "1.00000", "2017-09-30": "1.00000", "2016-09-30": "1.00000", "2015-09-30": "1.00000", "2014-09-30": "1.00000", "2013-09-30": "1.00000", "2012-09-30": "1.00000", "2011-09-30": "1.00000", "2010-09-30": "1.00000", "2009-09-30": "1.00000", "2008-09-30": "1.00000", "2007-09-30": "1.00000", "2006-09-30": "1.00000", "2005-09-30": "1.00000"}, "Retained Earnings (Accumulated Deficit)": {"2020-09-30": "2649.00000", "2019-09-30": "3224.00000", "2018-09-30": "2750.00000", "2017-09-30": "2696.00000", "2016-09-30": "2704.00000", "2015-09-30": "3281.00000", "2014-09-30": "3475.00000", "2013-09-30": "3758.00000", "2012-09-30": "3163.00000", "2011-09-30": "3200.00000", "2010-09-30": "2837.00000", "2009-09-30": "3185.00000", "2008-09-30": "3138.00000", "2007-09-30": "3040.00000", "2006-09-30": "2899.00000", "2005-09-30": "3251.00000"}, "Comprehensive Income": {"2020-09-30": "-383.00000", "2019-09-30": "-410.00000", "2018-09-30": "-291.00000", "2017-09-30": "-222.00000", "2016-09-30": "-281.00000", "2015-09-30": "-291.00000", "2014-09-30": "107.00000", "2013-09-30": "288.00000", "2012-09-30": "218.00000", "2011-09-30": "307.00000", "2010-09-30": "304.00000", "2009-09-30": "-123.00000", "2008-09-30": "30.00000", "2007-09-30": "97.00000", "2006-09-30": "-44.00000", "2005-09-30": "-118.00000"}, "Other Share Holders Equity": {"2020-09-30": "", "2019-09-30": "", "2018-09-30": "", "2017-09-30": "", "2016-09-30": "", "2015-09-30": "", "2014-09-30": "", "2013-09-30": "", "2012-09-30": "", "2011-09-30": "", "2010-09-30": "", "2009-09-30": "", "2008-09-30": "", "2007-09-30": "", "2006-09-30": "", "2005-09-30": ""}, "Share Holder Equity": {"2020-09-30": "3036.00000", "2019-09-30": "3571.00000", "2018-09-30": "3406.00000", "2017-09-30": "3406.00000", "2016-09-30": "3165.00000", "2015-09-30": "3037.00000", "2014-09-30": "3583.00000", "2013-09-30": "4553.00000", "2012-09-30": "4029.00000", "2011-09-30": "4135.00000", "2010-09-30": "3807.00000", "2009-09-30": "3584.00000", "2008-09-30": "3202.00000", "2007-09-30": "3154.00000", "2006-09-30": "3096.00000", "2005-09-30": "3739.00000"}, "Total Liabilities And Share Holders Equity": {"2020-09-30": "6877.00000", "2019-09-30": "7251.00000", "2018-09-30": "8259.00000", "2017-09-30": "8618.00000", "2016-09-30": "10000.00000", "2015-09-30": "10054.00000", "2014-09-30": "10920.00000", "2013-09-30": "12088.00000", "2012-09-30": "12524.00000", "2011-09-30": "12966.00000", "2010-09-30": "9530.00000", "2009-09-30": "9607.00000", "2008-09-30": "5771.00000", "2007-09-30": "5686.00000", "2006-09-30": "6590.00000", "2005-09-30": "6815.00000"}}, "balance sheet, quarterly": {"Cash On Hand": {"2020-12-31": "335.00000", "2020-09-30": "454.00000", "2020-06-30": "416.00000", "2020-03-31": "353.00000", "2019-12-31": "157.00000", "2019-09-30": "232.00000", "2019-06-30": "132.00000", "2019-03-31": "164.00000", "2018-12-31": "149.00000", "2018-09-30": "294.00000", "2018-06-30": "182.00000", "2018-03-31": "225.00000", "2017-12-31": "601.00000", "2017-09-30": "566.00000", "2017-06-30": "492.00000", "2017-03-31": "605.00000", "2016-12-31": "704.00000", "2016-09-30": "1017.00000", "2016-06-30": "1215.00000", "2016-03-31": "1136.00000", "2015-12-31": "1039.00000", "2015-09-30": "1257.00000", "2015-06-30": "1113.00000", "2015-03-31": "911.00000", "2014-12-31": "1256.00000", "2014-09-30": "1393.00000", "2014-06-30": "570.00000", "2014-03-31": "491.00000", "2013-12-31": "295.00000", "2013-09-30": "346.00000", "2013-06-30": "377.00000", "2013-03-31": "468.00000", "2012-12-31": "488.00000", "2012-09-30": "523.00000", "2012-06-30": "597.00000", "2012-03-31": "599.00000", "2011-12-31": "466.00000", "2011-09-30": "737.00000", "2011-06-30": "1045.00000", "2011-03-31": "1129.00000", "2010-12-31": "374.00000", "2010-09-30": "417.00000", "2010-06-30": "484.00000", "2010-03-31": "499.00000", "2009-12-31": "406.00000", "2009-09-30": "352.00000", "2009-06-30": "256.00000", "2009-03-31": "203.00000", "2008-12-31": "222.00000", "2008-09-30": "886.00000", "2008-06-30": "853.00000", "2008-03-31": "921.00000", "2007-12-31": "1075.00000", "2007-09-30": "1052.00000", "2007-06-30": "989.00000", "2007-03-31": "955.00000", "2006-12-31": "952.00000", "2006-09-30": "2169.00000", "2006-06-30": "984.00000", "2006-03-31": "1097.00000", "2005-12-31": "1080.00000", "2005-09-30": "1388.00000", "2005-06-30": "692.00000", "2005-03-31": "74.00000"}, "Receivables": {"2020-12-31": "409.00000", "2020-09-30": "471.00000", "2020-06-30": "455.00000", "2020-03-31": "498.00000", "2019-12-31": "441.00000", "2019-09-30": "481.00000", "2019-06-30": "507.00000", "2019-03-31": "522.00000", "2018-12-31": "448.00000", "2018-09-30": "522.00000", "2018-06-30": "690.00000", "2018-03-31": "717.00000", "2017-12-31": "597.00000", "2017-09-30": "612.00000", "2017-06-30": "643.00000", "2017-03-31": "972.00000", "2016-12-31": "858.00000", "2016-09-30": "529.00000", "2016-06-30": "908.00000", "2016-03-31": "935.00000", "2015-12-31": "851.00000", "2015-09-30": "961.00000", "2015-06-30": "1010.00000", "2015-03-31": "1046.00000", "2014-12-31": "1032.00000", "2014-09-30": "1202.00000", "2014-06-30": "1179.00000", "2014-03-31": "1150.00000", "2013-12-31": "1363.00000", "2013-09-30": "1113.00000", "2013-06-30": "1512.00000", "2013-03-31": "1450.00000", "2012-12-31": "1380.00000", "2012-09-30": "1481.00000", "2012-06-30": "1474.00000", "2012-03-31": "1489.00000", "2011-12-31": "1369.00000", "2011-09-30": "1482.00000", "2011-06-30": "1247.00000", "2011-03-31": "1142.00000", "2010-12-31": "1005.00000", "2010-09-30": "1115.00000", "2010-06-30": "1569.00000", "2010-03-31": "1494.00000", "2009-12-31": "1289.00000", "2009-09-30": "1392.00000", "2009-06-30": "1405.00000", "2009-03-31": "1357.00000", "2008-12-31": "1499.00000", "2008-09-30": "1441.00000", "2008-06-30": "1520.00000", "2008-03-31": "1498.00000", "2007-12-31": "1374.00000", "2007-09-30": "1467.00000", "2007-06-30": "1466.00000", "2007-03-31": "1448.00000", "2006-12-31": "1341.00000", "2006-09-30": "1401.00000", "2006-06-30": "1394.00000", "2006-03-31": "1279.00000", "2005-12-31": "1191.00000", "2005-09-30": "1242.00000", "2005-06-30": "2433.00000", "2005-03-31": "1435.00000"}, "Inventory": {"2020-12-31": "537.00000", "2020-09-30": "529.00000", "2020-06-30": "617.00000", "2020-03-31": "611.00000", "2019-12-31": "633.00000", "2019-09-30": "597.00000", "2019-06-30": "595.00000", "2019-03-31": "599.00000", "2018-12-31": "619.00000", "2018-09-30": "596.00000", "2018-06-30": "656.00000", "2018-03-31": "649.00000", "2017-12-31": "674.00000", "2017-09-30": "634.00000", "2017-06-30": "631.00000", "2017-03-31": "687.00000", "2016-12-31": "666.00000", "2016-09-30": "539.00000", "2016-06-30": "677.00000", "2016-03-31": "726.00000", "2015-12-31": "723.00000", "2015-09-30": "706.00000", "2015-06-30": "700.00000", "2015-03-31": "714.00000", "2014-12-31": "746.00000", "2014-09-30": "765.00000", "2014-06-30": "781.00000", "2014-03-31": "773.00000", "2013-12-31": "934.00000", "2013-09-30": "758.00000", "2013-06-30": "864.00000", "2013-03-31": "930.00000", "2012-12-31": "1008.00000", "2012-09-30": "1008.00000", "2012-06-30": "1034.00000", "2012-03-31": "949.00000", "2011-12-31": "981.00000", "2011-09-30": "925.00000", "2011-06-30": "557.00000", "2011-03-31": "534.00000", "2010-12-31": "497.00000", "2010-09-30": "447.00000", "2010-06-30": "611.00000", "2010-03-31": "581.00000", "2009-12-31": "593.00000", "2009-09-30": "527.00000", "2009-06-30": "517.00000", "2009-03-31": "579.00000", "2008-12-31": "688.00000", "2008-09-30": "476.00000", "2008-06-30": "521.00000", "2008-03-31": "545.00000", "2007-12-31": "633.00000", "2007-09-30": "610.00000", "2007-06-30": "587.00000", "2007-03-31": "576.00000", "2006-12-31": "580.00000", "2006-09-30": "532.00000", "2006-06-30": "519.00000", "2006-03-31": "494.00000", "2005-12-31": "499.00000", "2005-09-30": "439.00000", "2005-06-30": "567.00000", "2005-03-31": "546.00000"}, "Pre-Paid Expenses": {"2020-12-31": "", "2020-09-30": "", "2020-06-30": "", "2020-03-31": "", "2019-12-31": "", "2019-09-30": "", "2019-06-30": "", "2019-03-31": "", "2018-12-31": "", "2018-09-30": "", "2018-06-30": "", "2018-03-31": "", "2017-12-31": "", "2017-09-30": "", "2017-06-30": "", "2017-03-31": "", "2016-12-31": "", "2016-09-30": "", "2016-06-30": "", "2016-03-31": "", "2015-12-31": "", "2015-09-30": "", "2015-06-30": "", "2015-03-31": "", "2014-12-31": "", "2014-09-30": "", "2014-06-30": "", "2014-03-31": "", "2013-12-31": "", "2013-09-30": "", "2013-06-30": "", "2013-03-31": "", "2012-12-31": "", "2012-09-30": "", "2012-06-30": "", "2012-03-31": "", "2011-12-31": "", "2011-09-30": "", "2011-06-30": "", "2011-03-31": "", "2010-12-31": "", "2010-09-30": "", "2010-06-30": "", "2010-03-31": "", "2009-12-31": "", "2009-09-30": "", "2009-06-30": "", "2009-03-31": "", "2008-12-31": "", "2008-09-30": "", "2008-06-30": "", "2008-03-31": "", "2007-12-31": "", "2007-09-30": "", "2007-06-30": "", "2007-03-31": "", "2006-12-31": "", "2006-09-30": "", "2006-06-30": "", "2006-03-31": "", "2005-12-31": "", "2005-09-30": "", "2005-06-30": "", "2005-03-31": ""}, "Other Current Assets": {"2020-12-31": "100.00000", "2020-09-30": "93.00000", "2020-06-30": "182.00000", "2020-03-31": "183.00000", "2019-12-31": "113.00000", "2019-09-30": "123.00000", "2019-06-30": "803.00000", "2019-03-31": "802.00000", "2018-12-31": "775.00000", "2018-09-30": "300.00000", "2018-06-30": "144.00000", "2018-03-31": "122.00000", "2017-12-31": "92.00000", "2017-09-30": "91.00000", "2017-06-30": "73.00000", "2017-03-31": "113.00000", "2016-12-31": "106.00000", "2016-09-30": "89.00000", "2016-06-30": "111.00000", "2016-03-31": "115.00000", "2015-12-31": "164.00000", "2015-09-30": "169.00000", "2015-06-30": "146.00000", "2015-03-31": "110.00000", "2014-12-31": "89.00000", "2014-09-30": "83.00000", "2014-06-30": "565.00000", "2014-03-31": "620.00000", "2013-12-31": "76.00000", "2013-09-30": "549.00000", "2013-06-30": "66.00000", "2013-03-31": "78.00000", "2012-12-31": "85.00000", "2012-09-30": "81.00000", "2012-06-30": "72.00000", "2012-03-31": "83.00000", "2011-12-31": "84.00000", "2011-09-30": "80.00000", "2011-06-30": "55.00000", "2011-03-31": "57.00000", "2010-12-31": "717.00000", "2010-09-30": "742.00000", "2010-06-30": "52.00000", "2010-03-31": "63.00000", "2009-12-31": "78.00000", "2009-09-30": "89.00000", "2009-06-30": "146.00000", "2009-03-31": "168.00000", "2008-12-31": "209.00000", "2008-09-30": "126.00000", "2008-06-30": "125.00000", "2008-03-31": "83.00000", "2007-12-31": "91.00000", "2007-09-30": "78.00000", "2007-06-30": "72.00000", "2007-03-31": "79.00000", "2006-12-31": "65.00000", "2006-09-30": "55.00000", "2006-06-30": "58.00000", "2006-03-31": "86.00000", "2005-12-31": "80.00000", "2005-09-30": "22.00000", "2005-06-30": "125.00000", "2005-03-31": "83.00000"}, "Total Current Assets": {"2020-12-31": "1381.00000", "2020-09-30": "1547.00000", "2020-06-30": "1670.00000", "2020-03-31": "1645.00000", "2019-12-31": "1344.00000", "2019-09-30": "1433.00000", "2019-06-30": "2037.00000", "2019-03-31": "2087.00000", "2018-12-31": "1991.00000", "2018-09-30": "1712.00000", "2018-06-30": "1672.00000", "2018-03-31": "1713.00000", "2017-12-31": "1964.00000", "2017-09-30": "1903.00000", "2017-06-30": "1839.00000", "2017-03-31": "2377.00000", "2016-12-31": "2334.00000", "2016-09-30": "2888.00000", "2016-06-30": "2911.00000", "2016-03-31": "2912.00000", "2015-12-31": "2932.00000", "2015-09-30": "3093.00000", "2015-06-30": "3092.00000", "2015-03-31": "2902.00000", "2014-12-31": "3241.00000", "2014-09-30": "3561.00000", "2014-06-30": "3203.00000", "2014-03-31": "3142.00000", "2013-12-31": "2776.00000", "2013-09-30": "2873.00000", "2013-06-30": "2976.00000", "2013-03-31": "3045.00000", "2012-12-31": "3077.00000", "2012-09-30": "3209.00000", "2012-06-30": "3353.00000", "2012-03-31": "3283.00000", "2011-12-31": "3063.00000", "2011-09-30": "3387.00000", "2011-06-30": "3016.00000", "2011-03-31": "2974.00000", "2010-12-31": "2705.00000", "2010-09-30": "2833.00000", "2010-06-30": "2818.00000", "2010-03-31": "2735.00000", "2009-12-31": "2467.00000", "2009-09-30": "2478.00000", "2009-06-30": "2419.00000", "2009-03-31": "2400.00000", "2008-12-31": "2721.00000", "2008-09-30": "3026.00000", "2008-06-30": "3093.00000", "2008-03-31": "3115.00000", "2007-12-31": "3236.00000", "2007-09-30": "3276.00000", "2007-06-30": "3192.00000", "2007-03-31": "3144.00000", "2006-12-31": "3014.00000", "2006-09-30": "4250.00000", "2006-06-30": "3617.00000", "2006-03-31": "3469.00000", "2005-12-31": "3388.00000", "2005-09-30": "3757.00000", "2005-06-30": "3930.00000", "2005-03-31": "2233.00000"}, "Property, Plant, And Equipment": {"2020-12-31": "1562.00000", "2020-09-30": "1565.00000", "2020-06-30": "1554.00000", "2020-03-31": "1564.00000", "2019-12-31": "1575.00000", "2019-09-30": "1577.00000", "2019-06-30": "1580.00000", "2019-03-31": "1587.00000", "2018-12-31": "1621.00000", "2018-09-30": "1646.00000", "2018-06-30": "1893.00000", "2018-03-31": "1940.00000", "2017-12-31": "1945.00000", "2017-09-30": "1970.00000", "2017-06-30": "1937.00000", "2017-03-31": "2205.00000", "2016-12-31": "2186.00000", "2016-09-30": "1900.00000", "2016-06-30": "2170.00000", "2016-03-31": "2166.00000", "2015-12-31": "2156.00000", "2015-09-30": "2182.00000", "2015-06-30": "2167.00000", "2015-03-31": "2163.00000", "2014-12-31": "2253.00000", "2014-09-30": "2414.00000", "2014-06-30": "2438.00000", "2014-03-31": "2466.00000", "2013-12-31": "2827.00000", "2013-09-30": "2507.00000", "2013-06-30": "2778.00000", "2013-03-31": "2788.00000", "2012-12-31": "2817.00000", "2012-09-30": "2832.00000", "2012-06-30": "2754.00000", "2012-03-31": "2822.00000", "2011-12-31": "2858.00000", "2011-09-30": "2914.00000", "2011-06-30": "1774.00000", "2011-03-31": "1768.00000", "2010-12-31": "1768.00000", "2010-09-30": "1838.00000", "2010-06-30": "1912.00000", "2010-03-31": "1964.00000", "2009-12-31": "2013.00000", "2009-09-30": "2067.00000", "2009-06-30": "2114.00000", "2009-03-31": "2146.00000", "2008-12-31": "2191.00000", "2008-09-30": "1095.00000", "2008-06-30": "1064.00000", "2008-03-31": "1015.00000", "2007-12-31": "989.00000", "2007-09-30": "983.00000", "2007-06-30": "969.00000", "2007-03-31": "957.00000", "2006-12-31": "963.00000", "2006-09-30": "950.00000", "2006-06-30": "935.00000", "2006-03-31": "854.00000", "2005-12-31": "833.00000", "2005-09-30": "830.00000", "2005-06-30": "1380.00000", "2005-03-31": "1302.00000"}, "Long-Term Investments": {"2020-12-31": "316.00000", "2020-09-30": "301.00000", "2020-06-30": "297.00000", "2020-03-31": "277.00000", "2019-12-31": "314.00000", "2019-09-30": "310.00000", "2019-06-30": "310.00000", "2019-03-31": "296.00000", "2018-12-31": "279.00000", "2018-09-30": "312.00000", "2018-06-30": "304.00000", "2018-03-31": "303.00000", "2017-12-31": "315.00000", "2017-09-30": "302.00000", "2017-06-30": "331.00000", "2017-03-31": "359.00000", "2016-12-31": "357.00000", "2016-09-30": "292.00000", "2016-06-30": "354.00000", "2016-03-31": "344.00000", "2015-12-31": "353.00000", "2015-09-30": "350.00000", "2015-06-30": "368.00000", "2015-03-31": "369.00000", "2014-12-31": "81.00000", "2014-09-30": "81.00000", "2014-06-30": "84.00000", "2014-03-31": "174.00000", "2013-12-31": "220.00000", "2013-09-30": "213.00000", "2013-06-30": "225.00000", "2013-03-31": "222.00000", "2012-12-31": "220.00000", "2012-09-30": "217.00000", "2012-06-30": "199.00000", "2012-03-31": "200.00000", "2011-12-31": "", "2011-09-30": "193.00000", "2011-06-30": "22.00000", "2011-03-31": "22.00000", "2010-12-31": "22.00000", "2010-09-30": "", "2010-06-30": "54.00000", "2010-03-31": "86.00000", "2009-12-31": "126.00000", "2009-09-30": "170.00000", "2009-06-30": "188.00000", "2009-03-31": "214.00000", "2008-12-31": "225.00000", "2008-09-30": "243.00000", "2008-06-30": "267.00000", "2008-03-31": "254.00000", "2007-12-31": "", "2007-09-30": "", "2007-06-30": "", "2007-03-31": "", "2006-12-31": "", "2006-09-30": "", "2006-06-30": "", "2006-03-31": "", "2005-12-31": "", "2005-09-30": "", "2005-06-30": "", "2005-03-31": "2926.00000"}, "Goodwill And Intangible Assets": {"2020-12-31": "2793.00000", "2020-09-30": "2771.00000", "2020-06-30": "2760.00000", "2020-03-31": "2767.00000", "2019-12-31": "3346.00000", "2019-09-30": "3341.00000", "2019-06-30": "3403.00000", "2019-03-31": "3414.00000", "2018-12-31": "3448.00000", "2018-09-30": "3489.00000", "2018-06-30": "3696.00000", "2018-03-31": "3793.00000", "2017-12-31": "3773.00000", "2017-09-30": "3784.00000", "2017-06-30": "3742.00000", "2017-03-31": "3430.00000", "2016-12-31": "3374.00000", "2016-09-30": "3199.00000", "2016-06-30": "3653.00000", "2016-03-31": "3688.00000", "2015-12-31": "3576.00000", "2015-09-30": "3628.00000", "2015-06-30": "3689.00000", "2015-03-31": "3668.00000", "2014-12-31": "3840.00000", "2014-09-30": "3952.00000", "2014-06-30": "4079.00000", "2014-03-31": "4105.00000", "2013-12-31": "5146.00000", "2013-09-30": "4146.00000", "2013-06-30": "5188.00000", "2013-03-31": "5204.00000", "2012-12-31": "5268.00000", "2012-09-30": "5278.00000", "2012-06-30": "5261.00000", "2012-03-31": "5385.00000", "2011-12-31": "5382.00000", "2011-09-30": "5425.00000", "2011-06-30": "3255.00000", "2011-03-31": "3230.00000", "2010-12-31": "3172.00000", "2010-09-30": "3259.00000", "2010-06-30": "3234.00000", "2010-03-31": "3317.00000", "2009-12-31": "3395.00000", "2009-09-30": "3401.00000", "2009-06-30": "3328.00000", "2009-03-31": "3367.00000", "2008-12-31": "3428.00000", "2008-09-30": "392.00000", "2008-06-30": "405.00000", "2008-03-31": "385.00000", "2007-12-31": "380.00000", "2007-09-30": "377.00000", "2007-06-30": "373.00000", "2007-03-31": "375.00000", "2006-12-31": "377.00000", "2006-09-30": "310.00000", "2006-06-30": "300.00000", "2006-03-31": "230.00000", "2005-12-31": "231.00000", "2005-09-30": "235.00000", "2005-06-30": "649.00000", "2005-03-31": "622.00000"}, "Other Long-Term Assets": {"2020-12-31": "397.00000", "2020-09-30": "394.00000", "2020-06-30": "403.00000", "2020-03-31": "402.00000", "2019-12-31": "411.00000", "2019-09-30": "410.00000", "2019-06-30": "406.00000", "2019-03-31": "411.00000", "2018-12-31": "398.00000", "2018-09-30": "893.00000", "2018-06-30": "450.00000", "2018-03-31": "461.00000", "2017-12-31": "425.00000", "2017-09-30": "422.00000", "2017-06-30": "411.00000", "2017-03-31": "423.00000", "2016-12-31": "419.00000", "2016-09-30": "437.00000", "2016-06-30": "414.00000", "2016-03-31": "407.00000", "2015-12-31": "480.00000", "2015-09-30": "409.00000", "2015-06-30": "456.00000", "2015-03-31": "501.00000", "2014-12-31": "511.00000", "2014-09-30": "479.00000", "2014-06-30": "1882.00000", "2014-03-31": "1869.00000", "2013-12-31": "580.00000", "2013-09-30": "1912.00000", "2013-06-30": "553.00000", "2013-03-31": "551.00000", "2012-12-31": "550.00000", "2012-09-30": "539.00000", "2012-06-30": "579.00000", "2012-03-31": "585.00000", "2011-12-31": "759.00000", "2011-09-30": "599.00000", "2011-06-30": "666.00000", "2011-03-31": "642.00000", "2010-12-31": "894.00000", "2010-09-30": "806.00000", "2010-06-30": "565.00000", "2010-03-31": "568.00000", "2009-12-31": "645.00000", "2009-09-30": "671.00000", "2009-06-30": "652.00000", "2009-03-31": "670.00000", "2008-12-31": "730.00000", "2008-09-30": "434.00000", "2008-06-30": "446.00000", "2008-03-31": "421.00000", "2007-12-31": "436.00000", "2007-09-30": "435.00000", "2007-06-30": "437.00000", "2007-03-31": "438.00000", "2006-12-31": "443.00000", "2006-09-30": "450.00000", "2006-06-30": "442.00000", "2006-03-31": "469.00000", "2005-12-31": "478.00000", "2005-09-30": "419.00000", "2005-06-30": "428.00000", "2005-03-31": "351.00000"}, "Total Long-Term Assets": {"2020-12-31": "5361.00000", "2020-09-30": "5330.00000", "2020-06-30": "5316.00000", "2020-03-31": "5323.00000", "2019-12-31": "5982.00000", "2019-09-30": "5818.00000", "2019-06-30": "5888.00000", "2019-03-31": "5911.00000", "2018-12-31": "5952.00000", "2018-09-30": "6547.00000", "2018-06-30": "6552.00000", "2018-03-31": "6728.00000", "2017-12-31": "6691.00000", "2017-09-30": "6715.00000", "2017-06-30": "6667.00000", "2017-03-31": "6809.00000", "2016-12-31": "6729.00000", "2016-09-30": "7112.00000", "2016-06-30": "7001.00000", "2016-03-31": "6989.00000", "2015-12-31": "6741.00000", "2015-09-30": "6961.00000", "2015-06-30": "6863.00000", "2015-03-31": "6894.00000", "2014-12-31": "7108.00000", "2014-09-30": "7359.00000", "2014-06-30": "8923.00000", "2014-03-31": "9046.00000", "2013-12-31": "9207.00000", "2013-09-30": "9215.00000", "2013-06-30": "9183.00000", "2013-03-31": "9206.00000", "2012-12-31": "9299.00000", "2012-09-30": "9315.00000", "2012-06-30": "9245.00000", "2012-03-31": "9423.00000", "2011-12-31": "9450.00000", "2011-09-30": "9579.00000", "2011-06-30": "6466.00000", "2011-03-31": "6438.00000", "2010-12-31": "6644.00000", "2010-09-30": "6697.00000", "2010-06-30": "6327.00000", "2010-03-31": "6504.00000", "2009-12-31": "6763.00000", "2009-09-30": "7129.00000", "2009-06-30": "6746.00000", "2009-03-31": "6837.00000", "2008-12-31": "7021.00000", "2008-09-30": "2745.00000", "2008-06-30": "2751.00000", "2008-03-31": "2663.00000", "2007-12-31": "2410.00000", "2007-09-30": "2410.00000", "2007-06-30": "2420.00000", "2007-03-31": "2413.00000", "2006-12-31": "2412.00000", "2006-09-30": "2340.00000", "2006-06-30": "3316.00000", "2006-03-31": "3083.00000", "2005-12-31": "3094.00000", "2005-09-30": "3058.00000", "2005-06-30": "2991.00000", "2005-03-31": "5582.00000"}, "Total Assets": {"2020-12-31": "6742.00000", "2020-09-30": "6877.00000", "2020-06-30": "6986.00000", "2020-03-31": "6968.00000", "2019-12-31": "7326.00000", "2019-09-30": "7251.00000", "2019-06-30": "7925.00000", "2019-03-31": "7998.00000", "2018-12-31": "7943.00000", "2018-09-30": "8259.00000", "2018-06-30": "8224.00000", "2018-03-31": "8441.00000", "2017-12-31": "8655.00000", "2017-09-30": "8618.00000", "2017-06-30": "8506.00000", "2017-03-31": "9186.00000", "2016-12-31": "9063.00000", "2016-09-30": "10000.00000", "2016-06-30": "9912.00000", "2016-03-31": "9901.00000", "2015-12-31": "9673.00000", "2015-09-30": "10054.00000", "2015-06-30": "9955.00000", "2015-03-31": "9796.00000", "2014-12-31": "10349.00000", "2014-09-30": "10920.00000", "2014-06-30": "12126.00000", "2014-03-31": "12188.00000", "2013-12-31": "11983.00000", "2013-09-30": "12088.00000", "2013-06-30": "12159.00000", "2013-03-31": "12251.00000", "2012-12-31": "12376.00000", "2012-09-30": "12524.00000", "2012-06-30": "12598.00000", "2012-03-31": "12706.00000", "2011-12-31": "12513.00000", "2011-09-30": "12966.00000", "2011-06-30": "9482.00000", "2011-03-31": "9412.00000", "2010-12-31": "9349.00000", "2010-09-30": "9530.00000", "2010-06-30": "9145.00000", "2010-03-31": "9239.00000", "2009-12-31": "9230.00000", "2009-09-30": "9607.00000", "2009-06-30": "9165.00000", "2009-03-31": "9237.00000", "2008-12-31": "9742.00000", "2008-09-30": "5771.00000", "2008-06-30": "5844.00000", "2008-03-31": "5778.00000", "2007-12-31": "5646.00000", "2007-09-30": "5686.00000", "2007-06-30": "5612.00000", "2007-03-31": "5557.00000", "2006-12-31": "5426.00000", "2006-09-30": "6590.00000", "2006-06-30": "6933.00000", "2006-03-31": "6552.00000", "2005-12-31": "6482.00000", "2005-09-30": "6815.00000", "2005-06-30": "6921.00000", "2005-03-31": "7815.00000"}, "Total Current Liabilities": {"2020-12-31": "585.00000", "2020-09-30": "813.00000", "2020-06-30": "937.00000", "2020-03-31": "972.00000", "2019-12-31": "688.00000", "2019-09-30": "757.00000", "2019-06-30": "1007.00000", "2019-03-31": "920.00000", "2018-12-31": "906.00000", "2018-09-30": "1076.00000", "2018-06-30": "742.00000", "2018-03-31": "712.00000", "2017-12-31": "1003.00000", "2017-09-30": "968.00000", "2017-06-30": "895.00000", "2017-03-31": "1037.00000", "2016-12-31": "1016.00000", "2016-09-30": "1238.00000", "2016-06-30": "1671.00000", "2016-03-31": "1702.00000", "2015-12-31": "1594.00000", "2015-09-30": "1442.00000", "2015-06-30": "1374.00000", "2015-03-31": "1250.00000", "2014-12-31": "1374.00000", "2014-09-30": "1687.00000", "2014-06-30": "1751.00000", "2014-03-31": "1754.00000", "2013-12-31": "1545.00000", "2013-09-30": "1727.00000", "2013-06-30": "1818.00000", "2013-03-31": "1770.00000", "2012-12-31": "1770.00000", "2012-09-30": "1913.00000", "2012-06-30": "1622.00000", "2012-03-31": "1578.00000", "2011-12-31": "1464.00000", "2011-09-30": "1739.00000", "2011-06-30": "1329.00000", "2011-03-31": "1310.00000", "2010-12-31": "1434.00000", "2010-09-30": "1687.00000", "2010-06-30": "1813.00000", "2010-03-31": "1858.00000", "2009-12-31": "1357.00000", "2009-09-30": "1577.00000", "2009-06-30": "1370.00000", "2009-03-31": "1389.00000", "2008-12-31": "1739.00000", "2008-09-30": "1230.00000", "2008-06-30": "1204.00000", "2008-03-31": "1136.00000", "2007-12-31": "1044.00000", "2007-09-30": "1152.00000", "2007-06-30": "1147.00000", "2007-03-31": "1175.00000", "2006-12-31": "1076.00000", "2006-09-30": "2041.00000", "2006-06-30": "1486.00000", "2006-03-31": "1312.00000", "2005-12-31": "1242.00000", "2005-09-30": "1545.00000", "2005-06-30": "1507.00000", "2005-03-31": "2010.00000"}, "Long Term Debt": {"2020-12-31": "1601.00000", "2020-09-30": "1573.00000", "2020-06-30": "1547.00000", "2020-03-31": "1535.00000", "2019-12-31": "1502.00000", "2019-09-30": "1501.00000", "2019-06-30": "2275.00000", "2019-03-31": "2275.00000", "2018-12-31": "2275.00000", "2018-09-30": "2275.00000", "2018-06-30": "2450.00000", "2018-03-31": "2579.00000", "2017-12-31": "2584.00000", "2017-09-30": "2584.00000", "2017-06-30": "2584.00000", "2017-03-31": "2812.00000", "2016-12-31": "2825.00000", "2016-09-30": "2325.00000", "2016-06-30": "3316.00000", "2016-03-31": "3328.00000", "2015-12-31": "3337.00000", "2015-09-30": "3348.00000", "2015-06-30": "3362.00000", "2015-03-31": "2943.00000", "2014-12-31": "2943.00000", "2014-09-30": "2911.00000", "2014-06-30": "2941.00000", "2014-03-31": "2949.00000", "2013-12-31": "2948.00000", "2013-09-30": "2947.00000", "2013-06-30": "2958.00000", "2013-03-31": "3033.00000", "2012-12-31": "3090.00000", "2012-09-30": "3131.00000", "2012-06-30": "3567.00000", "2012-03-31": "3588.00000", "2011-12-31": "3607.00000", "2011-09-30": "3648.00000", "2011-06-30": "848.00000", "2011-03-31": "", "2010-12-31": "", "2010-09-30": "1108.00000", "2010-06-30": "1102.00000", "2010-03-31": "1101.00000", "2009-12-31": "1516.00000", "2009-09-30": "1537.00000", "2009-06-30": "1878.00000", "2009-03-31": "2084.00000", "2008-12-31": "2128.00000", "2008-09-30": "45.00000", "2008-06-30": "45.00000", "2008-03-31": "64.00000", "2007-12-31": "64.00000", "2007-09-30": "64.00000", "2007-06-30": "65.00000", "2007-03-31": "67.00000", "2006-12-31": "70.00000", "2006-09-30": "70.00000", "2006-06-30": "70.00000", "2006-03-31": "77.00000", "2005-12-31": "77.00000", "2005-09-30": "82.00000", "2005-06-30": "90.00000", "2005-03-31": "1086.00000"}, "Other Non-Current Liabilities": {"2020-12-31": "931.00000", "2020-09-30": "945.00000", "2020-06-30": "963.00000", "2020-03-31": "946.00000", "2019-12-31": "966.00000", "2019-09-30": "1008.00000", "2019-06-30": "995.00000", "2019-03-31": "1013.00000", "2018-12-31": "1027.00000", "2018-09-30": "1060.00000", "2018-06-30": "1204.00000", "2018-03-31": "1206.00000", "2017-12-31": "1085.00000", "2017-09-30": "1094.00000", "2017-06-30": "1063.00000", "2017-03-31": "1108.00000", "2016-12-31": "1112.00000", "2016-09-30": "1047.00000", "2016-06-30": "1117.00000", "2016-03-31": "1050.00000", "2015-12-31": "1055.00000", "2015-09-30": "1066.00000", "2015-06-30": "1101.00000", "2015-03-31": "1118.00000", "2014-12-31": "1163.00000", "2014-09-30": "1161.00000", "2014-06-30": "1341.00000", "2014-03-31": "1337.00000", "2013-12-31": "1270.00000", "2013-09-30": "1354.00000", "2013-06-30": "1323.00000", "2013-03-31": "1310.00000", "2012-12-31": "1361.00000", "2012-09-30": "1404.00000", "2012-06-30": "1425.00000", "2012-03-31": "1396.00000", "2011-12-31": "1428.00000", "2011-09-30": "1474.00000", "2011-06-30": "1412.00000", "2011-03-31": "2241.00000", "2010-12-31": "2521.00000", "2010-09-30": "1416.00000", "2010-06-30": "1445.00000", "2010-03-31": "1472.00000", "2009-12-31": "1485.00000", "2009-09-30": "1546.00000", "2009-06-30": "1406.00000", "2009-03-31": "1336.00000", "2008-12-31": "1376.00000", "2008-09-30": "950.00000", "2008-06-30": "975.00000", "2008-03-31": "1023.00000", "2007-12-31": "1070.00000", "2007-09-30": "1061.00000", "2007-06-30": "1068.00000", "2007-03-31": "1076.00000", "2006-12-31": "1099.00000", "2006-09-30": "1070.00000", "2006-06-30": "1062.00000", "2006-03-31": "977.00000", "2005-12-31": "995.00000", "2005-09-30": "1003.00000", "2005-06-30": "1133.00000", "2005-03-31": "1120.00000"}, "Total Long Term Liabilities": {"2020-12-31": "3035.00000", "2020-09-30": "3028.00000", "2020-06-30": "3036.00000", "2020-03-31": "3013.00000", "2019-12-31": "3013.00000", "2019-09-30": "2923.00000", "2019-06-30": "3701.00000", "2019-03-31": "3716.00000", "2018-12-31": "3732.00000", "2018-09-30": "3777.00000", "2018-06-30": "4083.00000", "2018-03-31": "4218.00000", "2017-12-31": "4253.00000", "2017-09-30": "4244.00000", "2017-06-30": "4212.00000", "2017-03-31": "5006.00000", "2016-12-31": "5046.00000", "2016-09-30": "5597.00000", "2016-06-30": "5507.00000", "2016-03-31": "5476.00000", "2015-12-31": "5532.00000", "2015-09-30": "5575.00000", "2015-06-30": "5414.00000", "2015-03-31": "5527.00000", "2014-12-31": "5650.00000", "2014-09-30": "5650.00000", "2014-06-30": "5846.00000", "2014-03-31": "5864.00000", "2013-12-31": "5773.00000", "2013-09-30": "5808.00000", "2013-06-30": "6242.00000", "2013-03-31": "6324.00000", "2012-12-31": "6454.00000", "2012-09-30": "6582.00000", "2012-06-30": "6810.00000", "2012-03-31": "6896.00000", "2011-12-31": "6984.00000", "2011-09-30": "7092.00000", "2011-06-30": "3586.00000", "2011-03-31": "3605.00000", "2010-12-31": "4038.00000", "2010-09-30": "4036.00000", "2010-06-30": "3676.00000", "2010-03-31": "3699.00000", "2009-12-31": "4119.00000", "2009-09-30": "4446.00000", "2009-06-30": "4088.00000", "2009-03-31": "4305.00000", "2008-12-31": "4403.00000", "2008-09-30": "1339.00000", "2008-06-30": "1282.00000", "2008-03-31": "1346.00000", "2007-12-31": "1396.00000", "2007-09-30": "1380.00000", "2007-06-30": "1427.00000", "2007-03-31": "1461.00000", "2006-12-31": "1472.00000", "2006-09-30": "1453.00000", "2006-06-30": "1646.00000", "2006-03-31": "1546.00000", "2005-12-31": "1554.00000", "2005-09-30": "1531.00000", "2005-06-30": "1667.00000", "2005-03-31": "2906.00000"}, "Total Liabilities": {"2020-12-31": "3620.00000", "2020-09-30": "3841.00000", "2020-06-30": "3973.00000", "2020-03-31": "3985.00000", "2019-12-31": "3701.00000", "2019-09-30": "3680.00000", "2019-06-30": "4708.00000", "2019-03-31": "4636.00000", "2018-12-31": "4638.00000", "2018-09-30": "4853.00000", "2018-06-30": "4825.00000", "2018-03-31": "4930.00000", "2017-12-31": "5256.00000", "2017-09-30": "5212.00000", "2017-06-30": "5107.00000", "2017-03-31": "6043.00000", "2016-12-31": "6062.00000", "2016-09-30": "6835.00000", "2016-06-30": "7178.00000", "2016-03-31": "7178.00000", "2015-12-31": "7126.00000", "2015-09-30": "7017.00000", "2015-06-30": "6788.00000", "2015-03-31": "6777.00000", "2014-12-31": "7024.00000", "2014-09-30": "7337.00000", "2014-06-30": "7597.00000", "2014-03-31": "7618.00000", "2013-12-31": "7318.00000", "2013-09-30": "7535.00000", "2013-06-30": "8060.00000", "2013-03-31": "8094.00000", "2012-12-31": "8224.00000", "2012-09-30": "8495.00000", "2012-06-30": "8432.00000", "2012-03-31": "8474.00000", "2011-12-31": "8448.00000", "2011-09-30": "8831.00000", "2011-06-30": "4915.00000", "2011-03-31": "4915.00000", "2010-12-31": "5472.00000", "2010-09-30": "5723.00000", "2010-06-30": "5489.00000", "2010-03-31": "5557.00000", "2009-12-31": "5476.00000", "2009-09-30": "6023.00000", "2009-06-30": "5458.00000", "2009-03-31": "5694.00000", "2008-12-31": "6142.00000", "2008-09-30": "2569.00000", "2008-06-30": "2486.00000", "2008-03-31": "2482.00000", "2007-12-31": "2440.00000", "2007-09-30": "2532.00000", "2007-06-30": "2574.00000", "2007-03-31": "2636.00000", "2006-12-31": "2548.00000", "2006-09-30": "3494.00000", "2006-06-30": "3132.00000", "2006-03-31": "2858.00000", "2005-12-31": "2796.00000", "2005-09-30": "3076.00000", "2005-06-30": "3174.00000", "2005-03-31": "4916.00000"}, "Common Stock Net": {"2020-12-31": "1.00000", "2020-09-30": "1.00000", "2020-06-30": "1.00000", "2020-03-31": "1.00000", "2019-12-31": "1.00000", "2019-09-30": "1.00000", "2019-06-30": "1.00000", "2019-03-31": "1.00000", "2018-12-31": "1.00000", "2018-09-30": "1.00000", "2018-06-30": "1.00000", "2018-03-31": "1.00000", "2017-12-31": "1.00000", "2017-09-30": "1.00000", "2017-06-30": "1.00000", "2017-03-31": "1.00000", "2016-12-31": "1.00000", "2016-09-30": "1.00000", "2016-06-30": "1.00000", "2016-03-31": "1.00000", "2015-12-31": "1.00000", "2015-09-30": "1.00000", "2015-06-30": "1.00000", "2015-03-31": "1.00000", "2014-12-31": "1.00000", "2014-09-30": "1.00000", "2014-06-30": "1.00000", "2014-03-31": "1.00000", "2013-12-31": "1.00000", "2013-09-30": "1.00000", "2013-06-30": "1.00000", "2013-03-31": "1.00000", "2012-12-31": "1.00000", "2012-09-30": "1.00000", "2012-06-30": "1.00000", "2012-03-31": "1.00000", "2011-12-31": "1.00000", "2011-09-30": "1.00000", "2011-06-30": "1.00000", "2011-03-31": "1.00000", "2010-12-31": "1.00000", "2010-09-30": "1.00000", "2010-06-30": "1.00000", "2010-03-31": "1.00000", "2009-12-31": "1.00000", "2009-09-30": "1.00000", "2009-06-30": "1.00000", "2009-03-31": "1.00000", "2008-12-31": "1.00000", "2008-09-30": "1.00000", "2008-06-30": "1.00000", "2008-03-31": "1.00000", "2007-12-31": "1.00000", "2007-09-30": "1.00000", "2007-06-30": "1.00000", "2007-03-31": "1.00000", "2006-12-31": "", "2006-09-30": "1.00000", "2006-06-30": "", "2006-03-31": "", "2005-12-31": "", "2005-09-30": "1.00000", "2005-06-30": "", "2005-03-31": ""}, "Retained Earnings (Accumulated Deficit)": {"2020-12-31": "2686.00000", "2020-09-30": "2649.00000", "2020-06-30": "2661.00000", "2020-03-31": "2641.00000", "2019-12-31": "3239.00000", "2019-09-30": "3224.00000", "2019-06-30": "2830.00000", "2019-03-31": "2780.00000", "2018-12-31": "2719.00000", "2018-09-30": "2750.00000", "2018-06-30": "2756.00000", "2018-03-31": "2737.00000", "2017-12-31": "2678.00000", "2017-09-30": "2696.00000", "2017-06-30": "2768.00000", "2017-03-31": "2747.00000", "2016-12-31": "2679.00000", "2016-09-30": "2704.00000", "2016-06-30": "3005.00000", "2016-03-31": "2958.00000", "2015-12-31": "2895.00000", "2015-09-30": "3281.00000", "2015-06-30": "3361.00000", "2015-03-31": "3281.00000", "2014-12-31": "3349.00000", "2014-09-30": "3475.00000", "2014-06-30": "3844.00000", "2014-03-31": "3771.00000", "2013-12-31": "3842.00000", "2013-09-30": "3758.00000", "2013-06-30": "3379.00000", "2013-03-31": "3281.00000", "2012-12-31": "3246.00000", "2012-09-30": "3163.00000", "2012-06-30": "3455.00000", "2012-03-31": "3322.00000", "2011-12-31": "3247.00000", "2011-09-30": "3200.00000", "2011-06-30": "3972.00000", "2011-03-31": "3898.00000", "2010-12-31": "3557.00000", "2010-09-30": "2837.00000", "2010-06-30": "3418.00000", "2010-03-31": "3281.00000", "2009-12-31": "3265.00000", "2009-09-30": "3185.00000", "2009-06-30": "3099.00000", "2009-03-31": "3054.00000", "2008-12-31": "3013.00000", "2008-09-30": "3138.00000", "2008-06-30": "3165.00000", "2008-03-31": "3110.00000", "2007-12-31": "3055.00000", "2007-09-30": "3040.00000", "2007-06-30": "3025.00000", "2007-03-31": "2942.00000", "2006-12-31": "", "2006-09-30": "2899.00000", "2006-06-30": "", "2006-03-31": "", "2005-12-31": "", "2005-09-30": "3251.00000", "2005-06-30": "", "2005-03-31": ""}, "Comprehensive Income": {"2020-12-31": "-335.00000", "2020-09-30": "-383.00000", "2020-06-30": "-417.00000", "2020-03-31": "-424.00000", "2019-12-31": "-372.00000", "2019-09-30": "-410.00000", "2019-06-30": "-368.00000", "2019-03-31": "-371.00000", "2018-12-31": "-362.00000", "2018-09-30": "-291.00000", "2018-06-30": "-300.00000", "2018-03-31": "-162.00000", "2017-12-31": "-211.00000", "2017-09-30": "-222.00000", "2017-06-30": "-289.00000", "2017-03-31": "-365.00000", "2016-12-31": "-427.00000", "2016-09-30": "-281.00000", "2016-06-30": "-283.00000", "2016-03-31": "-242.00000", "2015-12-31": "-349.00000", "2015-09-30": "-291.00000", "2015-06-30": "-223.00000", "2015-03-31": "-286.00000", "2014-12-31": "-25.00000", "2014-09-30": "107.00000", "2014-06-30": "301.00000", "2014-03-31": "293.00000", "2013-12-31": "323.00000", "2013-09-30": "288.00000", "2013-06-30": "215.00000", "2013-03-31": "228.00000", "2012-12-31": "262.00000", "2012-09-30": "218.00000", "2012-06-30": "69.00000", "2012-03-31": "275.00000", "2011-12-31": "191.00000", "2011-09-30": "307.00000", "2011-06-30": "-30.00000", "2011-03-31": "-91.00000", "2010-12-31": "-363.00000", "2010-09-30": "304.00000", "2010-06-30": "-408.00000", "2010-03-31": "-236.00000", "2009-12-31": "-142.00000", "2009-09-30": "-123.00000", "2009-06-30": "101.00000", "2009-03-31": "-9.00000", "2008-12-31": "89.00000", "2008-09-30": "30.00000", "2008-06-30": "168.00000", "2008-03-31": "164.00000", "2007-12-31": "133.00000", "2007-09-30": "97.00000", "2007-06-30": "1.00000", "2007-03-31": "-29.00000", "2006-12-31": "", "2006-09-30": "-44.00000", "2006-06-30": "", "2006-03-31": "", "2005-12-31": "", "2005-09-30": "-118.00000", "2005-06-30": "", "2005-03-31": ""}, "Other Share Holders Equity": {"2020-12-31": "", "2020-09-30": "", "2020-06-30": "", "2020-03-31": "", "2019-12-31": "", "2019-09-30": "", "2019-06-30": "", "2019-03-31": "", "2018-12-31": "", "2018-09-30": "", "2018-06-30": "", "2018-03-31": "", "2017-12-31": "", "2017-09-30": "", "2017-06-30": "", "2017-03-31": "", "2016-12-31": "", "2016-09-30": "", "2016-06-30": "", "2016-03-31": "", "2015-12-31": "", "2015-09-30": "", "2015-06-30": "", "2015-03-31": "", "2014-12-31": "", "2014-09-30": "", "2014-06-30": "", "2014-03-31": "", "2013-12-31": "", "2013-09-30": "", "2013-06-30": "", "2013-03-31": "", "2012-12-31": "", "2012-09-30": "", "2012-06-30": "", "2012-03-31": "", "2011-12-31": "", "2011-09-30": "", "2011-06-30": "", "2011-03-31": "", "2010-12-31": "", "2010-09-30": "", "2010-06-30": "", "2010-03-31": "", "2009-12-31": "", "2009-09-30": "", "2009-06-30": "", "2009-03-31": "", "2008-12-31": "", "2008-09-30": "", "2008-06-30": "", "2008-03-31": "", "2007-12-31": "", "2007-09-30": "", "2007-06-30": "", "2007-03-31": "", "2006-12-31": "", "2006-09-30": "", "2006-06-30": "", "2006-03-31": "", "2005-12-31": "", "2005-09-30": "", "2005-06-30": "", "2005-03-31": ""}, "Share Holder Equity": {"2020-12-31": "3122.00000", "2020-09-30": "3036.00000", "2020-06-30": "3013.00000", "2020-03-31": "2983.00000", "2019-12-31": "3625.00000", "2019-09-30": "3571.00000", "2019-06-30": "3217.00000", "2019-03-31": "3362.00000", "2018-12-31": "3305.00000", "2018-09-30": "3406.00000", "2018-06-30": "3399.00000", "2018-03-31": "3511.00000", "2017-12-31": "3399.00000", "2017-09-30": "3406.00000", "2017-06-30": "3399.00000", "2017-03-31": "3143.00000", "2016-12-31": "3001.00000", "2016-09-30": "3165.00000", "2016-06-30": "2734.00000", "2016-03-31": "2723.00000", "2015-12-31": "2547.00000", "2015-09-30": "3037.00000", "2015-06-30": "3167.00000", "2015-03-31": "3019.00000", "2014-12-31": "3325.00000", "2014-09-30": "3583.00000", "2014-06-30": "4529.00000", "2014-03-31": "4570.00000", "2013-12-31": "4665.00000", "2013-09-30": "4553.00000", "2013-06-30": "4099.00000", "2013-03-31": "4157.00000", "2012-12-31": "4152.00000", "2012-09-30": "4029.00000", "2012-06-30": "4166.00000", "2012-03-31": "4232.00000", "2011-12-31": "4065.00000", "2011-09-30": "4135.00000", "2011-06-30": "4567.00000", "2011-03-31": "4497.00000", "2010-12-31": "3877.00000", "2010-09-30": "3807.00000", "2010-06-30": "3656.00000", "2010-03-31": "3682.00000", "2009-12-31": "3754.00000", "2009-09-30": "3584.00000", "2009-06-30": "3707.00000", "2009-03-31": "3543.00000", "2008-12-31": "3600.00000", "2008-09-30": "3202.00000", "2008-06-30": "3358.00000", "2008-03-31": "3296.00000", "2007-12-31": "3206.00000", "2007-09-30": "3154.00000", "2007-06-30": "3038.00000", "2007-03-31": "2921.00000", "2006-12-31": "2878.00000", "2006-09-30": "3096.00000", "2006-06-30": "3801.00000", "2006-03-31": "3694.00000", "2005-12-31": "3686.00000", "2005-09-30": "3739.00000", "2005-06-30": "3747.00000", "2005-03-31": "2899.00000"}, "Total Liabilities And Share Holders Equity": {"2020-12-31": "6742.00000", "2020-09-30": "6877.00000", "2020-06-30": "6986.00000", "2020-03-31": "6968.00000", "2019-12-31": "7326.00000", "2019-09-30": "7251.00000", "2019-06-30": "7925.00000", "2019-03-31": "7998.00000", "2018-12-31": "7943.00000", "2018-09-30": "8259.00000", "2018-06-30": "8224.00000", "2018-03-31": "8441.00000", "2017-12-31": "8655.00000", "2017-09-30": "8618.00000", "2017-06-30": "8506.00000", "2017-03-31": "9186.00000", "2016-12-31": "9063.00000", "2016-09-30": "10000.00000", "2016-06-30": "9912.00000", "2016-03-31": "9901.00000", "2015-12-31": "9673.00000", "2015-09-30": "10054.00000", "2015-06-30": "9955.00000", "2015-03-31": "9796.00000", "2014-12-31": "10349.00000", "2014-09-30": "10920.00000", "2014-06-30": "12126.00000", "2014-03-31": "12188.00000", "2013-12-31": "11983.00000", "2013-09-30": "12088.00000", "2013-06-30": "12159.00000", "2013-03-31": "12251.00000", "2012-12-31": "12376.00000", "2012-09-30": "12524.00000", "2012-06-30": "12598.00000", "2012-03-31": "12706.00000", "2011-12-31": "12513.00000", "2011-09-30": "12966.00000", "2011-06-30": "9482.00000", "2011-03-31": "9412.00000", "2010-12-31": "9349.00000", "2010-09-30": "9530.00000", "2010-06-30": "9145.00000", "2010-03-31": "9239.00000", "2009-12-31": "9230.00000", "2009-09-30": "9607.00000", "2009-06-30": "9165.00000", "2009-03-31": "9237.00000", "2008-12-31": "9742.00000", "2008-09-30": "5771.00000", "2008-06-30": "5844.00000", "2008-03-31": "5778.00000", "2007-12-31": "5646.00000", "2007-09-30": "5686.00000", "2007-06-30": "5612.00000", "2007-03-31": "5557.00000", "2006-12-31": "5426.00000", "2006-09-30": "6590.00000", "2006-06-30": "6933.00000", "2006-03-31": "6552.00000", "2005-12-31": "6482.00000", "2005-09-30": "6815.00000", "2005-06-30": "6921.00000", "2005-03-31": "7815.00000"}}, "cash flow statement": {"Net Income/Loss": {"2020-09-30": "-508.00000", "2019-09-30": "505.00000", "2018-09-30": "114.00000", "2017-09-30": "28.00000", "2016-09-30": "-28.00000", "2015-09-30": "309.00000", "2014-09-30": "233.00000", "2013-09-30": "683.00000", "2012-09-30": "26.00000", "2011-09-30": "414.00000", "2010-09-30": "141.00000", "2009-09-30": "-261.00000", "2008-09-30": "167.00000", "2007-09-30": "230.00000", "2006-09-30": "407.00000", "2005-09-30": "2004.00000"}, "Total Depreciation And Amortization - Cash Flow": {"2020-09-30": "262.00000", "2019-09-30": "302.00000", "2018-09-30": "285.00000", "2017-09-30": "374.00000", "2016-09-30": "320.00000", "2015-09-30": "324.00000", "2014-09-30": "407.00000", "2013-09-30": "421.00000", "2012-09-30": "413.00000", "2011-09-30": "325.00000", "2010-09-30": "361.00000", "2009-09-30": "367.00000", "2008-09-30": "145.00000", "2007-09-30": "133.00000", "2006-09-30": "111.00000", "2005-09-30": "100.00000"}, "Other Non-Cash Items": {"2020-09-30": "546.00000", "2019-09-30": "-445.00000", "2018-09-30": "-174.00000", "2017-09-30": "-201.00000", "2016-09-30": "73.00000", "2015-09-30": "-25.00000", "2014-09-30": "65.00000", "2013-09-30": "-330.00000", "2012-09-30": "313.00000", "2011-09-30": "-61.00000", "2010-09-30": "157.00000", "2009-09-30": "393.00000", "2008-09-30": "32.00000", "2007-09-30": "3.00000", "2006-09-30": "-202.00000", "2005-09-30": "-1931.00000"}, "Total Non-Cash Items": {"2020-09-30": "808.00000", "2019-09-30": "-143.00000", "2018-09-30": "111.00000", "2017-09-30": "173.00000", "2016-09-30": "393.00000", "2015-09-30": "299.00000", "2014-09-30": "472.00000", "2013-09-30": "91.00000", "2012-09-30": "726.00000", "2011-09-30": "264.00000", "2010-09-30": "518.00000", "2009-09-30": "760.00000", "2008-09-30": "177.00000", "2007-09-30": "136.00000", "2006-09-30": "-91.00000", "2005-09-30": "-1831.00000"}, "Change In Accounts Receivable": {"2020-09-30": "", "2019-09-30": "", "2018-09-30": "", "2017-09-30": "", "2016-09-30": "77.00000", "2015-09-30": "211.00000", "2014-09-30": "-16.00000", "2013-09-30": "43.00000", "2012-09-30": "9.00000", "2011-09-30": "-40.00000", "2010-09-30": "-128.00000", "2009-09-30": "191.00000", "2008-09-30": "10.00000", "2007-09-30": "-56.00000", "2006-09-30": "-77.00000", "2005-09-30": "-291.00000"}, "Change In Inventories": {"2020-09-30": "", "2019-09-30": "", "2018-09-30": "", "2017-09-30": "", "2016-09-30": "48.00000", "2015-09-30": "45.00000", "2014-09-30": "-4.00000", "2013-09-30": "106.00000", "2012-09-30": "-118.00000", "2011-09-30": "-133.00000", "2010-09-30": "-56.00000", "2009-09-30": "66.00000", "2008-09-30": "126.00000", "2007-09-30": "-75.00000", "2006-09-30": "-56.00000", "2005-09-30": "-72.00000"}, "Change In Accounts Payable": {"2020-09-30": "", "2019-09-30": "", "2018-09-30": "", "2017-09-30": "", "2016-09-30": "-99.00000", "2015-09-30": "-228.00000", "2014-09-30": "64.00000", "2013-09-30": "-7.00000", "2012-09-30": "-109.00000", "2011-09-30": "-65.00000", "2010-09-30": "58.00000", "2009-09-30": "-134.00000", "2008-09-30": "57.00000", "2007-09-30": "-103.00000", "2006-09-30": "41.00000", "2005-09-30": "106.00000"}, "Change In Assets/Liabilities": {"2020-09-30": "13.00000", "2019-09-30": "-134.00000", "2018-09-30": "16.00000", "2017-09-30": "-27.00000", "2016-09-30": "-6.00000", "2015-09-30": "-892.00000", "2014-09-30": "-169.00000", "2013-09-30": "-263.00000", "2012-09-30": "-345.00000", "2011-09-30": "-197.00000", "2010-09-30": "18.00000", "2009-09-30": "113.00000", "2008-09-30": "-59.00000", "2007-09-30": "57.00000", "2006-09-30": "-76.00000", "2005-09-30": "25.00000"}, "Total Change In Assets/Liabilities": {"2020-09-30": "13.00000", "2019-09-30": "-134.00000", "2018-09-30": "16.00000", "2017-09-30": "-27.00000", "2016-09-30": "20.00000", "2015-09-30": "-864.00000", "2014-09-30": "-125.00000", "2013-09-30": "-121.00000", "2012-09-30": "-563.00000", "2011-09-30": "-435.00000", "2010-09-30": "-108.00000", "2009-09-30": "236.00000", "2008-09-30": "134.00000", "2007-09-30": "-177.00000", "2006-09-30": "-168.00000", "2005-09-30": "-232.00000"}, "Cash Flow From Operating Activities": {"2020-09-30": "313.00000", "2019-09-30": "228.00000", "2018-09-30": "241.00000", "2017-09-30": "174.00000", "2016-09-30": "385.00000", "2015-09-30": "-256.00000", "2014-09-30": "580.00000", "2013-09-30": "653.00000", "2012-09-30": "189.00000", "2011-09-30": "243.00000", "2010-09-30": "551.00000", "2009-09-30": "735.00000", "2008-09-30": "478.00000", "2007-09-30": "189.00000", "2006-09-30": "145.00000", "2005-09-30": "-64.00000"}, "Net Change In Property, Plant, And Equipment": {"2020-09-30": "-133.00000", "2019-09-30": "-145.00000", "2018-09-30": "-153.00000", "2017-09-30": "-163.00000", "2016-09-30": "-229.00000", "2015-09-30": "-219.00000", "2014-09-30": "-245.00000", "2013-09-30": "-259.00000", "2012-09-30": "-236.00000", "2011-09-30": "-187.00000", "2010-09-30": "-171.00000", "2009-09-30": "-120.00000", "2008-09-30": "-195.00000", "2007-09-30": "-127.00000", "2006-09-30": "-154.00000", "2005-09-30": "-180.00000"}, "Net Change In Intangible Assets": {"2020-09-30": "", "2019-09-30": "", "2018-09-30": "", "2017-09-30": "", "2016-09-30": "", "2015-09-30": "", "2014-09-30": "", "2013-09-30": "", "2012-09-30": "", "2011-09-30": "", "2010-09-30": "", "2009-09-30": "", "2008-09-30": "", "2007-09-30": "", "2006-09-30": "", "2005-09-30": ""}, "Net Acquisitions/Divestitures": {"2020-09-30": "", "2019-09-30": "-2.00000", "2018-09-30": "-11.00000", "2017-09-30": "-662.00000", "2016-09-30": "", "2015-09-30": "-8.00000", "2014-09-30": "", "2013-09-30": "-13.00000", "2012-09-30": "21.00000", "2011-09-30": "-1926.00000", "2010-09-30": "41.00000", "2009-09-30": "-1966.00000", "2008-09-30": "-103.00000", "2007-09-30": "-75.00000", "2006-09-30": "-183.00000", "2005-09-30": "3168.00000"}, "Net Change In Short-term Investments": {"2020-09-30": "0.00000", "2019-09-30": "0.00000", "2018-09-30": "0.00000", "2017-09-30": "", "2016-09-30": "", "2015-09-30": "", "2014-09-30": "", "2013-09-30": "", "2012-09-30": "", "2011-09-30": "", "2010-09-30": "", "2009-09-30": "", "2008-09-30": "", "2007-09-30": "", "2006-09-30": "", "2005-09-30": ""}, "Net Change In Long-Term Investments": {"2020-09-30": "", "2019-09-30": "", "2018-09-30": "", "2017-09-30": "", "2016-09-30": "19.00000", "2015-09-30": "139.00000", "2014-09-30": "92.00000", "2013-09-30": "", "2012-09-30": "10.00000", "2011-09-30": "11.00000", "2010-09-30": "150.00000", "2009-09-30": "73.00000", "2008-09-30": "-120.00000", "2007-09-30": "196.00000", "2006-09-30": "52.00000", "2005-09-30": "-401.00000"}, "Net Change In Investments - Total": {"2020-09-30": "", "2019-09-30": "", "2018-09-30": "", "2017-09-30": "", "2016-09-30": "19.00000", "2015-09-30": "139.00000", "2014-09-30": "92.00000", "2013-09-30": "", "2012-09-30": "10.00000", "2011-09-30": "11.00000", "2010-09-30": "150.00000", "2009-09-30": "73.00000", "2008-09-30": "-120.00000", "2007-09-30": "196.00000", "2006-09-30": "52.00000", "2005-09-30": "-401.00000"}, "Investing Activities - Other": {"2020-09-30": "43.00000", "2019-09-30": "29.00000", "2018-09-30": "-10.00000", "2017-09-30": "27.00000", "2016-09-30": "33.00000", "2015-09-30": "-303.00000", "2014-09-30": "-15.00000", "2013-09-30": "", "2012-09-30": "", "2011-09-30": "", "2010-09-30": "", "2009-09-30": "-95.00000", "2008-09-30": "", "2007-09-30": "", "2006-09-30": "", "2005-09-30": "9.00000"}, "Cash Flow From Investing Activities": {"2020-09-30": "-90.00000", "2019-09-30": "-118.00000", "2018-09-30": "-174.00000", "2017-09-30": "-798.00000", "2016-09-30": "-177.00000", "2015-09-30": "-391.00000", "2014-09-30": "-168.00000", "2013-09-30": "-272.00000", "2012-09-30": "-205.00000", "2011-09-30": "-2102.00000", "2010-09-30": "20.00000", "2009-09-30": "-2108.00000", "2008-09-30": "-418.00000", "2007-09-30": "-6.00000", "2006-09-30": "-285.00000", "2005-09-30": "2596.00000"}, "Net Long-Term Debt": {"2020-09-30": "-22.00000", "2019-09-30": "-797.00000", "2018-09-30": "-311.00000", "2017-09-30": "168.00000", "2016-09-30": "-1095.00000", "2015-09-30": "468.00000", "2014-09-30": "-11.00000", "2013-09-30": "-293.00000", "2012-09-30": "-521.00000", "2011-09-30": "1397.00000", "2010-09-30": "-446.00000", "2009-09-30": "766.00000", "2008-09-30": "-5.00000", "2007-09-30": "-13.00000", "2006-09-30": "-13.00000", "2005-09-30": "-1552.00000"}, "Net Current Debt": {"2020-09-30": "115.00000", "2019-09-30": "-78.00000", "2018-09-30": "15.00000", "2017-09-30": "75.00000", "2016-09-30": "-156.00000", "2015-09-30": "-3.00000", "2014-09-30": "22.00000", "2013-09-30": "-36.00000", "2012-09-30": "261.00000", "2011-09-30": "12.00000", "2010-09-30": "48.00000", "2009-09-30": "-19.00000", "2008-09-30": "", "2007-09-30": "", "2006-09-30": "", "2005-09-30": "-40.00000"}, "Debt Issuance/Retirement Net - Total": {"2020-09-30": "93.00000", "2019-09-30": "-875.00000", "2018-09-30": "-296.00000", "2017-09-30": "243.00000", "2016-09-30": "-1251.00000", "2015-09-30": "465.00000", "2014-09-30": "11.00000", "2013-09-30": "-329.00000", "2012-09-30": "-260.00000", "2011-09-30": "1409.00000", "2010-09-30": "-398.00000", "2009-09-30": "747.00000", "2008-09-30": "-5.00000", "2007-09-30": "-13.00000", "2006-09-30": "-13.00000", "2005-09-30": "-1592.00000"}, "Net Common Equity Issued/Repurchased": {"2020-09-30": "", "2019-09-30": "-200.00000", "2018-09-30": "", "2017-09-30": "", "2016-09-30": "-500.00000", "2015-09-30": "-397.00000", "2014-09-30": "-954.00000", "2013-09-30": "-150.00000", "2012-09-30": "", "2011-09-30": "-68.00000", "2010-09-30": "6.00000", "2009-09-30": "9.00000", "2008-09-30": "3.00000", "2007-09-30": "-269.00000", "2006-09-30": "-387.00000", "2005-09-30": "15.00000"}, "Net Total Equity Issued/Repurchased": {"2020-09-30": "", "2019-09-30": "-200.00000", "2018-09-30": "", "2017-09-30": "", "2016-09-30": "-500.00000", "2015-09-30": "-397.00000", "2014-09-30": "-954.00000", "2013-09-30": "-150.00000", "2012-09-30": "", "2011-09-30": "-68.00000", "2010-09-30": "6.00000", "2009-09-30": "9.00000", "2008-09-30": "3.00000", "2007-09-30": "-269.00000", "2006-09-30": "-387.00000", "2005-09-30": "15.00000"}, "Total Common And Preferred Stock Dividends Paid": {"2020-09-30": "-66.00000", "2019-09-30": "-64.00000", "2018-09-30": "-60.00000", "2017-09-30": "-77.00000", "2016-09-30": "-97.00000", "2015-09-30": "-98.00000", "2014-09-30": "-103.00000", "2013-09-30": "-88.00000", "2012-09-30": "-63.00000", "2011-09-30": "-51.00000", "2010-09-30": "-35.00000", "2009-09-30": "-22.00000", "2008-09-30": "-69.00000", "2007-09-30": "-743.00000", "2006-09-30": "-78.00000", "2005-09-30": "-79.00000"}, "Financial Activities - Other": {"2020-09-30": "-18.00000", "2019-09-30": "-10.00000", "2018-09-30": "-12.00000", "2017-09-30": "-30.00000", "2016-09-30": "-10.00000", "2015-09-30": "", "2014-09-30": "12.00000", "2013-09-30": "-25.00000", "2012-09-30": "6.00000", "2011-09-30": "-78.00000", "2010-09-30": "-8.00000", "2009-09-30": "-161.00000", "2008-09-30": "1.00000", "2007-09-30": "9.00000", "2006-09-30": "6.00000", "2005-09-30": "20.00000"}, "Cash Flow From Financial Activities": {"2020-09-30": "9.00000", "2019-09-30": "-1149.00000", "2018-09-30": "-368.00000", "2017-09-30": "136.00000", "2016-09-30": "-1858.00000", "2015-09-30": "-30.00000", "2014-09-30": "-1034.00000", "2013-09-30": "-592.00000", "2012-09-30": "-317.00000", "2011-09-30": "1212.00000", "2010-09-30": "-435.00000", "2009-09-30": "573.00000", "2008-09-30": "-70.00000", "2007-09-30": "-1016.00000", "2006-09-30": "-472.00000", "2005-09-30": "-1636.00000"}, "Net Cash Flow": {"2020-09-30": "222.00000", "2019-09-30": "-62.00000", "2018-09-30": "-272.00000", "2017-09-30": "-622.00000", "2016-09-30": "-69.00000", "2015-09-30": "-136.00000", "2014-09-30": "1047.00000", "2013-09-30": "-177.00000", "2012-09-30": "-214.00000", "2011-09-30": "320.00000", "2010-09-30": "65.00000", "2009-09-30": "-534.00000", "2008-09-30": "-11.00000", "2007-09-30": "-923.00000", "2006-09-30": "835.00000", "2005-09-30": "742.00000"}, "Stock-Based Compensation": {"2020-09-30": "15.00000", "2019-09-30": "32.00000", "2018-09-30": "31.00000", "2017-09-30": "23.00000", "2016-09-30": "33.00000", "2015-09-30": "30.00000", "2014-09-30": "34.00000", "2013-09-30": "30.00000", "2012-09-30": "28.00000", "2011-09-30": "16.00000", "2010-09-30": "14.00000", "2009-09-30": "9.00000", "2008-09-30": "12.00000", "2007-09-30": "16.00000", "2006-09-30": "25.00000", "2005-09-30": ""}, "Common Stock Dividends Paid": {"2020-09-30": "-66.00000", "2019-09-30": "-64.00000", "2018-09-30": "-60.00000", "2017-09-30": "-77.00000", "2016-09-30": "-97.00000", "2015-09-30": "-98.00000", "2014-09-30": "-103.00000", "2013-09-30": "-88.00000", "2012-09-30": "-63.00000", "2011-09-30": "-51.00000", "2010-09-30": "-35.00000", "2009-09-30": "-22.00000", "2008-09-30": "-69.00000", "2007-09-30": "-743.00000", "2006-09-30": "-78.00000", "2005-09-30": "-79.00000"}}, "cash flow statement, quarterly": {"Net Income/Loss": {"2020-12-31": "56.00000", "2020-09-30": 5, "2020-06-30": 37, "2020-03-31": -582, "2019-12-31": "32.00000", "2019-09-30": 411, "2019-06-30": 66, "2019-03-31": 76, "2018-12-31": "-48.00000", "2018-09-30": 10, "2018-06-30": 35, "2018-03-31": 73, "2017-12-31": "-4.00000", "2017-09-30": -57, "2017-06-30": -30, "2017-03-31": 105, "2016-12-31": "10.00000", "2016-09-30": -275, "2016-06-30": 71, "2016-03-31": 87, "2015-12-31": "89.00000", "2015-09-30": -54, "2015-06-30": 106, "2015-03-31": 225, "2014-12-31": "32.00000", "2014-09-30": 68, "2014-06-30": 99, "2014-03-31": -44, "2013-12-31": "110.00000", "2013-09-30": 405, "2013-06-30": 124, "2013-03-31": 53, "2012-12-31": "101.00000", "2012-09-30": -274, "2012-06-30": 151, "2012-03-31": 88, "2011-12-31": "61.00000", "2011-09-30": -263, "2011-06-30": 94, "2011-03-31": 484, "2010-12-31": "99.00000", "2010-09-30": -115, "2010-06-30": 148, "2010-03-31": 22, "2009-12-31": "86.00000", "2009-09-30": -239, "2009-06-30": 49, "2009-03-31": 48, "2008-12-31": "-119.00000", "2008-09-30": -10, "2008-06-30": 72, "2008-03-31": 72, "2007-12-31": "33.00000", "2007-09-30": 32, "2007-06-30": 100, "2007-03-31": 49, "2006-12-31": "49.00000", "2006-09-30": 200, "2006-06-30": 93, "2006-03-31": 48, "2005-12-31": "66.00000", "2005-09-30": 111, "2005-06-30": 1767, "2005-03-31": 126}, "Total Depreciation And Amortization - Cash Flow": {"2020-12-31": "63.00000", "2020-09-30": 65, "2020-06-30": 63, "2020-03-31": 71, "2019-12-31": "63.00000", "2019-09-30": 71, "2019-06-30": 64, "2019-03-31": 84, "2018-12-31": "83.00000", "2018-09-30": 70, "2018-06-30": 70, "2018-03-31": 73, "2017-12-31": "72.00000", "2017-09-30": 48, "2017-06-30": 95, "2017-03-31": 69, "2016-12-31": "162.00000", "2016-09-30": 84, "2016-06-30": 62, "2016-03-31": 88, "2015-12-31": "86.00000", "2015-09-30": 52, "2015-06-30": 95, "2015-03-31": 88, "2014-12-31": "89.00000", "2014-09-30": 115, "2014-06-30": 93, "2014-03-31": 108, "2013-12-31": "91.00000", "2013-09-30": 88, "2013-06-30": 94, "2013-03-31": 127, "2012-12-31": "112.00000", "2012-09-30": 75, "2012-06-30": 114, "2012-03-31": 114, "2011-12-31": "110.00000", "2011-09-30": 92, "2011-06-30": 71, "2011-03-31": 85, "2010-12-31": "77.00000", "2010-09-30": 75, "2010-06-30": 71, "2010-03-31": 135, "2009-12-31": "80.00000", "2009-09-30": 78, "2009-06-30": 107, "2009-03-31": 104, "2008-12-31": "78.00000", "2008-09-30": 40, "2008-06-30": 34, "2008-03-31": 37, "2007-12-31": "34.00000", "2007-09-30": 50, "2007-06-30": 26, "2007-03-31": 29, "2006-12-31": "28.00000", "2006-09-30": 31, "2006-06-30": 28, "2006-03-31": 27, "2005-12-31": "25.00000", "2005-09-30": -41, "2005-06-30": 48, "2005-03-31": 93}, "Other Non-Cash Items": {"2020-12-31": "-28.00000", "2020-09-30": -29, "2020-06-30": -20, "2020-03-31": 614, "2019-12-31": "-19.00000", "2019-09-30": -349, "2019-06-30": -47, "2019-03-31": -50, "2018-12-31": "1.00000", "2018-09-30": -103, "2018-06-30": -25, "2018-03-31": -30, "2017-12-31": "-16.00000", "2017-09-30": -78, "2017-06-30": 22, "2017-03-31": -70, "2016-12-31": "-75.00000", "2016-09-30": 227, "2016-06-30": -194, "2016-03-31": 30, "2015-12-31": "10.00000", "2015-09-30": -72, "2015-06-30": 22, "2015-03-31": -64, "2014-12-31": "89.00000", "2014-09-30": -9, "2014-06-30": -37, "2014-03-31": 133, "2013-12-31": "-22.00000", "2013-09-30": -290, "2013-06-30": -10, "2013-03-31": -35, "2012-12-31": "5.00000", "2012-09-30": 284, "2012-06-30": -3, "2012-03-31": 4, "2011-12-31": "28.00000", "2011-09-30": 400, "2011-06-30": -27, "2011-03-31": -407, "2010-12-31": "-27.00000", "2010-09-30": 177, "2010-06-30": -55, "2010-03-31": 21, "2009-12-31": "14.00000", "2009-09-30": 219, "2009-06-30": 45, "2009-03-31": 11, "2008-12-31": "118.00000", "2008-09-30": 40, "2008-06-30": -2, "2008-03-31": -14, "2007-12-31": "8.00000", "2007-09-30": 18, "2007-06-30": -1, "2007-03-31": -27, "2006-12-31": "13.00000", "2006-09-30": -115, "2006-06-30": -79, "2006-03-31": -12, "2005-12-31": "4.00000", "2005-09-30": -13, "2005-06-30": -1696, "2005-03-31": -222}, "Total Non-Cash Items": {"2020-12-31": "35.00000", "2020-09-30": 36, "2020-06-30": 43, "2020-03-31": 685, "2019-12-31": "44.00000", "2019-09-30": -278, "2019-06-30": 17, "2019-03-31": 34, "2018-12-31": "84.00000", "2018-09-30": -33, "2018-06-30": 45, "2018-03-31": 43, "2017-12-31": "56.00000", "2017-09-30": -30, "2017-06-30": 117, "2017-03-31": -1, "2016-12-31": "87.00000", "2016-09-30": 311, "2016-06-30": -132, "2016-03-31": 118, "2015-12-31": "96.00000", "2015-09-30": -20, "2015-06-30": 117, "2015-03-31": 24, "2014-12-31": "178.00000", "2014-09-30": 106, "2014-06-30": 56, "2014-03-31": 241, "2013-12-31": "69.00000", "2013-09-30": -202, "2013-06-30": 84, "2013-03-31": 92, "2012-12-31": "117.00000", "2012-09-30": 359, "2012-06-30": 111, "2012-03-31": 118, "2011-12-31": "138.00000", "2011-09-30": 492, "2011-06-30": 44, "2011-03-31": -322, "2010-12-31": "50.00000", "2010-09-30": 252, "2010-06-30": 16, "2010-03-31": 156, "2009-12-31": "94.00000", "2009-09-30": 297, "2009-06-30": 152, "2009-03-31": 115, "2008-12-31": "196.00000", "2008-09-30": 80, "2008-06-30": 32, "2008-03-31": 23, "2007-12-31": "42.00000", "2007-09-30": 68, "2007-06-30": 25, "2007-03-31": 2, "2006-12-31": "41.00000", "2006-09-30": -84, "2006-06-30": -51, "2006-03-31": 15, "2005-12-31": "29.00000", "2005-09-30": -54, "2005-06-30": -1648, "2005-03-31": -129}, "Change In Accounts Receivable": {"2020-12-31": "", "2020-09-30": 0, "2020-06-30": 0, "2020-03-31": 0, "2019-12-31": "", "2019-09-30": 0, "2019-06-30": 0, "2019-03-31": 0, "2018-12-31": "", "2018-09-30": 0, "2018-06-30": 0, "2018-03-31": 0, "2017-12-31": "", "2017-09-30": 0, "2017-06-30": 0, "2017-03-31": 0, "2016-12-31": "", "2016-09-30": 77, "2016-06-30": 0, "2016-03-31": 0, "2015-12-31": "", "2015-09-30": 211, "2015-06-30": 0, "2015-03-31": 0, "2014-12-31": "", "2014-09-30": -16, "2014-06-30": 0, "2014-03-31": 0, "2013-12-31": "", "2013-09-30": 43, "2013-06-30": 0, "2013-03-31": 0, "2012-12-31": "", "2012-09-30": 9, "2012-06-30": 0, "2012-03-31": 0, "2011-12-31": "", "2011-09-30": -40, "2011-06-30": 0, "2011-03-31": 0, "2010-12-31": "", "2010-09-30": -128, "2010-06-30": 0, "2010-03-31": 0, "2009-12-31": "", "2009-09-30": 191, "2009-06-30": 0, "2009-03-31": 0, "2008-12-31": "", "2008-09-30": 10, "2008-06-30": 0, "2008-03-31": 0, "2007-12-31": "", "2007-09-30": -56, "2007-06-30": 0, "2007-03-31": 0, "2006-12-31": "", "2006-09-30": -77, "2006-06-30": 0, "2006-03-31": 0, "2005-12-31": "", "2005-09-30": -291, "2005-06-30": 0, "2005-03-31": 0}, "Change In Inventories": {"2020-12-31": "", "2020-09-30": 0, "2020-06-30": 0, "2020-03-31": 0, "2019-12-31": "", "2019-09-30": 0, "2019-06-30": 0, "2019-03-31": 0, "2018-12-31": "", "2018-09-30": 0, "2018-06-30": 0, "2018-03-31": 0, "2017-12-31": "", "2017-09-30": 0, "2017-06-30": 0, "2017-03-31": 0, "2016-12-31": "", "2016-09-30": 48, "2016-06-30": 0, "2016-03-31": 0, "2015-12-31": "", "2015-09-30": 45, "2015-06-30": 0, "2015-03-31": 0, "2014-12-31": "", "2014-09-30": -4, "2014-06-30": 0, "2014-03-31": 0, "2013-12-31": "", "2013-09-30": 106, "2013-06-30": 0, "2013-03-31": 0, "2012-12-31": "", "2012-09-30": -118, "2012-06-30": 0, "2012-03-31": 0, "2011-12-31": "", "2011-09-30": -133, "2011-06-30": 0, "2011-03-31": 0, "2010-12-31": "", "2010-09-30": -56, "2010-06-30": 0, "2010-03-31": 0, "2009-12-31": "", "2009-09-30": 66, "2009-06-30": 0, "2009-03-31": 0, "2008-12-31": "", "2008-09-30": 126, "2008-06-30": 0, "2008-03-31": 0, "2007-12-31": "", "2007-09-30": -75, "2007-06-30": 0, "2007-03-31": 0, "2006-12-31": "", "2006-09-30": -56, "2006-06-30": 0, "2006-03-31": 0, "2005-12-31": "", "2005-09-30": -72, "2005-06-30": 0, "2005-03-31": 0}, "Change In Accounts Payable": {"2020-12-31": "", "2020-09-30": 0, "2020-06-30": 0, "2020-03-31": 0, "2019-12-31": "", "2019-09-30": 0, "2019-06-30": 0, "2019-03-31": 0, "2018-12-31": "", "2018-09-30": 0, "2018-06-30": 0, "2018-03-31": 0, "2017-12-31": "", "2017-09-30": 0, "2017-06-30": 0, "2017-03-31": 0, "2016-12-31": "", "2016-09-30": -99, "2016-06-30": 0, "2016-03-31": 0, "2015-12-31": "", "2015-09-30": -228, "2015-06-30": 0, "2015-03-31": 0, "2014-12-31": "", "2014-09-30": 64, "2014-06-30": 0, "2014-03-31": 0, "2013-12-31": "", "2013-09-30": -7, "2013-06-30": 0, "2013-03-31": 0, "2012-12-31": "", "2012-09-30": -109, "2012-06-30": 0, "2012-03-31": 0, "2011-12-31": "", "2011-09-30": -65, "2011-06-30": 0, "2011-03-31": 0, "2010-12-31": "", "2010-09-30": 58, "2010-06-30": 0, "2010-03-31": 0, "2009-12-31": "", "2009-09-30": -134, "2009-06-30": 0, "2009-03-31": 0, "2008-12-31": "", "2008-09-30": 57, "2008-06-30": 0, "2008-03-31": 0, "2007-12-31": "", "2007-09-30": -103, "2007-06-30": 0, "2007-03-31": 0, "2006-12-31": "", "2006-09-30": 41, "2006-06-30": 0, "2006-03-31": 0, "2005-12-31": "", "2005-09-30": 106, "2005-06-30": 0, "2005-03-31": 0}, "Change In Assets/Liabilities": {"2020-12-31": "15.00000", "2020-09-30": 119, "2020-06-30": 60, "2020-03-31": -56, "2019-12-31": "-110.00000", "2019-09-30": 2, "2019-06-30": 4, "2019-03-31": -95, "2018-12-31": "-45.00000", "2018-09-30": 171, "2018-06-30": 16, "2018-03-31": -88, "2017-12-31": "-83.00000", "2017-09-30": 131, "2017-06-30": 38, "2017-03-31": -39, "2016-12-31": "-157.00000", "2016-09-30": 88, "2016-06-30": 46, "2016-03-31": -21, "2015-12-31": "-119.00000", "2015-09-30": -51, "2015-06-30": -478, "2015-03-31": -203, "2014-12-31": "-160.00000", "2014-09-30": -42, "2014-06-30": 55, "2014-03-31": -21, "2013-12-31": "-161.00000", "2013-09-30": -89, "2013-06-30": -14, "2013-03-31": -23, "2012-12-31": "-137.00000", "2012-09-30": 176, "2012-06-30": -144, "2012-03-31": 3, "2011-12-31": "-380.00000", "2011-09-30": 163, "2011-06-30": -126, "2011-03-31": -47, "2010-12-31": "-187.00000", "2010-09-30": 196, "2010-06-30": -68, "2010-03-31": 15, "2009-12-31": "-125.00000", "2009-09-30": -95, "2009-06-30": 154, "2009-03-31": 57, "2008-12-31": "-3.00000", "2008-09-30": -114, "2008-06-30": 3, "2008-03-31": 63, "2007-12-31": "-11.00000", "2007-09-30": 315, "2007-06-30": -35, "2007-03-31": -11, "2006-12-31": "-212.00000", "2006-09-30": 137, "2006-06-30": 97, "2006-03-31": -4, "2005-12-31": "-306.00000", "2005-09-30": 20, "2005-06-30": 247, "2005-03-31": -242}, "Total Change In Assets/Liabilities": {"2020-12-31": "15.00000", "2020-09-30": 119, "2020-06-30": 60, "2020-03-31": -56, "2019-12-31": "-110.00000", "2019-09-30": 2, "2019-06-30": 4, "2019-03-31": -95, "2018-12-31": "-45.00000", "2018-09-30": 171, "2018-06-30": 16, "2018-03-31": -88, "2017-12-31": "-83.00000", "2017-09-30": 131, "2017-06-30": 38, "2017-03-31": -39, "2016-12-31": "-157.00000", "2016-09-30": 114, "2016-06-30": 46, "2016-03-31": -21, "2015-12-31": "-119.00000", "2015-09-30": -23, "2015-06-30": -478, "2015-03-31": -203, "2014-12-31": "-160.00000", "2014-09-30": 2, "2014-06-30": 55, "2014-03-31": -21, "2013-12-31": "-161.00000", "2013-09-30": 53, "2013-06-30": -14, "2013-03-31": -23, "2012-12-31": "-137.00000", "2012-09-30": -42, "2012-06-30": -144, "2012-03-31": 3, "2011-12-31": "-380.00000", "2011-09-30": -75, "2011-06-30": -126, "2011-03-31": -47, "2010-12-31": "-187.00000", "2010-09-30": 70, "2010-06-30": -68, "2010-03-31": 15, "2009-12-31": "-125.00000", "2009-09-30": 28, "2009-06-30": 154, "2009-03-31": 57, "2008-12-31": "-3.00000", "2008-09-30": 79, "2008-06-30": 3, "2008-03-31": 63, "2007-12-31": "-11.00000", "2007-09-30": 81, "2007-06-30": -35, "2007-03-31": -11, "2006-12-31": "-212.00000", "2006-09-30": 45, "2006-06-30": 97, "2006-03-31": -4, "2005-12-31": "-306.00000", "2005-09-30": -237, "2005-06-30": 247, "2005-03-31": -242}, "Cash Flow From Operating Activities": {"2020-12-31": "106.00000", "2020-09-30": 160, "2020-06-30": 140, "2020-03-31": 47, "2019-12-31": "-34.00000", "2019-09-30": 135, "2019-06-30": 87, "2019-03-31": 15, "2018-12-31": "-9.00000", "2018-09-30": 148, "2018-06-30": 96, "2018-03-31": 28, "2017-12-31": "-31.00000", "2017-09-30": 44, "2017-06-30": 132, "2017-03-31": 58, "2016-12-31": "-60.00000", "2016-09-30": 150, "2016-06-30": -15, "2016-03-31": 184, "2015-12-31": "66.00000", "2015-09-30": -97, "2015-06-30": -255, "2015-03-31": 46, "2014-12-31": "50.00000", "2014-09-30": 176, "2014-06-30": 210, "2014-03-31": 176, "2013-12-31": "18.00000", "2013-09-30": 256, "2013-06-30": 194, "2013-03-31": 122, "2012-12-31": "81.00000", "2012-09-30": 43, "2012-06-30": 118, "2012-03-31": 209, "2011-12-31": "-181.00000", "2011-09-30": 154, "2011-06-30": 12, "2011-03-31": 115, "2010-12-31": "-38.00000", "2010-09-30": 207, "2010-06-30": 96, "2010-03-31": 193, "2009-12-31": "55.00000", "2009-09-30": 86, "2009-06-30": 355, "2009-03-31": 220, "2008-12-31": "74.00000", "2008-09-30": 149, "2008-06-30": 107, "2008-03-31": 158, "2007-12-31": "64.00000", "2007-09-30": 181, "2007-06-30": 91, "2007-03-31": 39, "2006-12-31": "-122.00000", "2006-09-30": 158, "2006-06-30": 139, "2006-03-31": 59, "2005-12-31": "-211.00000", "2005-09-30": -180, "2005-06-30": 360, "2005-03-31": -244}, "Net Change In Property, Plant, And Equipment": {"2020-12-31": "-25.00000", "2020-09-30": -40, "2020-06-30": -27, "2020-03-31": -37, "2019-12-31": "-29.00000", "2019-09-30": -46, "2019-06-30": -33, "2019-03-31": -37, "2018-12-31": "-29.00000", "2018-09-30": -67, "2018-06-30": -35, "2018-03-31": -31, "2017-12-31": "-20.00000", "2017-09-30": -41, "2017-06-30": -49, "2017-03-31": -40, "2016-12-31": "-33.00000", "2016-09-30": -82, "2016-06-30": -47, "2016-03-31": -48, "2015-12-31": "-52.00000", "2015-09-30": -74, "2015-06-30": -60, "2015-03-31": -43, "2014-12-31": "-42.00000", "2014-09-30": -102, "2014-06-30": -51, "2014-03-31": -48, "2013-12-31": "-44.00000", "2013-09-30": -108, "2013-06-30": -60, "2013-03-31": -42, "2012-12-31": "-49.00000", "2012-09-30": -82, "2012-06-30": -59, "2012-03-31": -52, "2011-12-31": "-43.00000", "2011-09-30": -101, "2011-06-30": -38, "2011-03-31": -30, "2010-12-31": "-18.00000", "2010-09-30": -90, "2010-06-30": -33, "2010-03-31": -30, "2009-12-31": "-18.00000", "2009-09-30": -18, "2009-06-30": -26, "2009-03-31": -40, "2008-12-31": "-36.00000", "2008-09-30": -87, "2008-06-30": -31, "2008-03-31": -53, "2007-12-31": "-24.00000", "2007-09-30": -25, "2007-06-30": -36, "2007-03-31": -31, "2006-12-31": "-35.00000", "2006-09-30": -40, "2006-06-30": -39, "2006-03-31": -50, "2005-12-31": "-25.00000", "2005-09-30": 105, "2005-06-30": -158, "2005-03-31": -127}, "Net Change In Intangible Assets": {"2020-12-31": "", "2020-09-30": 0, "2020-06-30": 0, "2020-03-31": 0, "2019-12-31": "", "2019-09-30": 0, "2019-06-30": 0, "2019-03-31": 0, "2018-12-31": "", "2018-09-30": 0, "2018-06-30": 0, "2018-03-31": 0, "2017-12-31": "", "2017-09-30": 0, "2017-06-30": 0, "2017-03-31": 0, "2016-12-31": "", "2016-09-30": 0, "2016-06-30": 0, "2016-03-31": 0, "2015-12-31": "", "2015-09-30": 0, "2015-06-30": 0, "2015-03-31": 0, "2014-12-31": "", "2014-09-30": 0, "2014-06-30": 0, "2014-03-31": 0, "2013-12-31": "", "2013-09-30": 0, "2013-06-30": 0, "2013-03-31": 0, "2012-12-31": "", "2012-09-30": 0, "2012-06-30": 0, "2012-03-31": 0, "2011-12-31": "", "2011-09-30": 0, "2011-06-30": 0, "2011-03-31": 0, "2010-12-31": "", "2010-09-30": 0, "2010-06-30": 0, "2010-03-31": 0, "2009-12-31": "", "2009-09-30": 0, "2009-06-30": 0, "2009-03-31": 0, "2008-12-31": "", "2008-09-30": 0, "2008-06-30": 0, "2008-03-31": 0, "2007-12-31": "", "2007-09-30": 0, "2007-06-30": 0, "2007-03-31": 0, "2006-12-31": "", "2006-09-30": 0, "2006-06-30": 0, "2006-03-31": 0, "2005-12-31": "", "2005-09-30": 0, "2005-06-30": 0, "2005-03-31": 0}, "Net Acquisitions/Divestitures": {"2020-12-31": "", "2020-09-30": 0, "2020-06-30": 0, "2020-03-31": 0, "2019-12-31": "", "2019-09-30": 0, "2019-06-30": -1, "2019-03-31": -1, "2018-12-31": "", "2018-09-30": -1, "2018-06-30": 0, "2018-03-31": -11, "2017-12-31": "1.00000", "2017-09-30": 14, "2017-06-30": -675, "2017-03-31": -1, "2016-12-31": "", "2016-09-30": 0, "2016-06-30": 66, "2016-03-31": -62, "2015-12-31": "-4.00000", "2015-09-30": -136, "2015-06-30": 22, "2015-03-31": 0, "2014-12-31": "106.00000", "2014-09-30": -90, "2014-06-30": 86, "2014-03-31": 0, "2013-12-31": "4.00000", "2013-09-30": -14, "2013-06-30": 3, "2013-03-31": -2, "2012-12-31": "", "2012-09-30": -20, "2012-06-30": -1, "2012-03-31": 42, "2011-12-31": "", "2011-09-30": -1963, "2011-06-30": 2, "2011-03-31": 19, "2010-12-31": "16.00000", "2010-09-30": 5, "2010-06-30": -24, "2010-03-31": 60, "2009-12-31": "", "2009-09-30": 107, "2009-06-30": -2, "2009-03-31": 4, "2008-12-31": "-2075.00000", "2008-09-30": -10, "2008-06-30": -115, "2008-03-31": 25, "2007-12-31": "-3.00000", "2007-09-30": -3, "2007-06-30": 0, "2007-03-31": 1, "2006-12-31": "-73.00000", "2006-09-30": -6, "2006-06-30": -175, "2006-03-31": -2, "2005-12-31": "", "2005-09-30": 923, "2005-06-30": 2330, "2005-03-31": -85}, "Net Change In Short-term Investments": {"2020-12-31": "0.00000", "2020-09-30": 0, "2020-06-30": 0, "2020-03-31": 0, "2019-12-31": "0.00000", "2019-09-30": 0, "2019-06-30": 0, "2019-03-31": 0, "2018-12-31": "", "2018-09-30": 0, "2018-06-30": 0, "2018-03-31": 0, "2017-12-31": "", "2017-09-30": 0, "2017-06-30": 0, "2017-03-31": 0, "2016-12-31": "", "2016-09-30": 0, "2016-06-30": 0, "2016-03-31": 0, "2015-12-31": "", "2015-09-30": 0, "2015-06-30": 0, "2015-03-31": 0, "2014-12-31": "", "2014-09-30": 0, "2014-06-30": 0, "2014-03-31": 0, "2013-12-31": "", "2013-09-30": 0, "2013-06-30": 0, "2013-03-31": 0, "2012-12-31": "", "2012-09-30": 0, "2012-06-30": 0, "2012-03-31": 0, "2011-12-31": "", "2011-09-30": 0, "2011-06-30": 0, "2011-03-31": 0, "2010-12-31": "", "2010-09-30": 0, "2010-06-30": 0, "2010-03-31": 0, "2009-12-31": "", "2009-09-30": 0, "2009-06-30": 0, "2009-03-31": 0, "2008-12-31": "", "2008-09-30": 0, "2008-06-30": 0, "2008-03-31": 0, "2007-12-31": "", "2007-09-30": 0, "2007-06-30": 0, "2007-03-31": 0, "2006-12-31": "", "2006-09-30": 0, "2006-06-30": 0, "2006-03-31": 0, "2005-12-31": "", "2005-09-30": 0, "2005-06-30": 0, "2005-03-31": 0}, "Net Change In Long-Term Investments": {"2020-12-31": "", "2020-09-30": 0, "2020-06-30": 0, "2020-03-31": 0, "2019-12-31": "", "2019-09-30": 0, "2019-06-30": 0, "2019-03-31": 0, "2018-12-31": "", "2018-09-30": 0, "2018-06-30": 0, "2018-03-31": 0, "2017-12-31": "", "2017-09-30": 0, "2017-06-30": 0, "2017-03-31": 0, "2016-12-31": "", "2016-09-30": 1, "2016-06-30": 6, "2016-03-31": 14, "2015-12-31": "-2.00000", "2015-09-30": 139, "2015-06-30": 0, "2015-03-31": 0, "2014-12-31": "", "2014-09-30": 92, "2014-06-30": 0, "2014-03-31": 0, "2013-12-31": "", "2013-09-30": 0, "2013-06-30": 0, "2013-03-31": 0, "2012-12-31": "", "2012-09-30": 6, "2012-06-30": 0, "2012-03-31": 4, "2011-12-31": "", "2011-09-30": 11, "2011-06-30": 0, "2011-03-31": 0, "2010-12-31": "", "2010-09-30": 33, "2010-06-30": 32, "2010-03-31": 41, "2009-12-31": "44.00000", "2009-09-30": 18, "2009-06-30": 26, "2009-03-31": 11, "2008-12-31": "18.00000", "2008-09-30": 1, "2008-06-30": 59, "2008-03-31": 59, "2007-12-31": "-239.00000", "2007-09-30": -13, "2007-06-30": 229, "2007-03-31": 59, "2006-12-31": "-79.00000", "2006-09-30": 260, "2006-06-30": 4, "2006-03-31": -137, "2005-12-31": "-75.00000", "2005-09-30": -401, "2005-06-30": 0, "2005-03-31": 0}, "Net Change In Investments - Total": {"2020-12-31": "", "2020-09-30": 0, "2020-06-30": 0, "2020-03-31": 0, "2019-12-31": "", "2019-09-30": 0, "2019-06-30": 0, "2019-03-31": 0, "2018-12-31": "", "2018-09-30": 0, "2018-06-30": 0, "2018-03-31": 0, "2017-12-31": "", "2017-09-30": 0, "2017-06-30": 0, "2017-03-31": 0, "2016-12-31": "", "2016-09-30": 1, "2016-06-30": 6, "2016-03-31": 14, "2015-12-31": "-2.00000", "2015-09-30": 139, "2015-06-30": 0, "2015-03-31": 0, "2014-12-31": "", "2014-09-30": 92, "2014-06-30": 0, "2014-03-31": 0, "2013-12-31": "", "2013-09-30": 0, "2013-06-30": 0, "2013-03-31": 0, "2012-12-31": "", "2012-09-30": 6, "2012-06-30": 0, "2012-03-31": 4, "2011-12-31": "", "2011-09-30": 11, "2011-06-30": 0, "2011-03-31": 0, "2010-12-31": "", "2010-09-30": 33, "2010-06-30": 32, "2010-03-31": 41, "2009-12-31": "44.00000", "2009-09-30": 18, "2009-06-30": 26, "2009-03-31": 11, "2008-12-31": "18.00000", "2008-09-30": 1, "2008-06-30": 59, "2008-03-31": 59, "2007-12-31": "-239.00000", "2007-09-30": -13, "2007-06-30": 229, "2007-03-31": 59, "2006-12-31": "-79.00000", "2006-09-30": 260, "2006-06-30": 4, "2006-03-31": -137, "2005-12-31": "-75.00000", "2005-09-30": -401, "2005-06-30": 0, "2005-03-31": 0}, "Investing Activities - Other": {"2020-12-31": "21.00000", "2020-09-30": 15, "2020-06-30": 11, "2020-03-31": 8, "2019-12-31": "9.00000", "2019-09-30": 4, "2019-06-30": 7, "2019-03-31": 13, "2018-12-31": "5.00000", "2018-09-30": 14, "2018-06-30": 7, "2018-03-31": -29, "2017-12-31": "-2.00000", "2017-09-30": 8, "2017-06-30": 8, "2017-03-31": 9, "2016-12-31": "2.00000", "2016-09-30": 7, "2016-06-30": -4, "2016-03-31": 16, "2015-12-31": "14.00000", "2015-09-30": 5, "2015-06-30": 12, "2015-03-31": -320, "2014-12-31": "", "2014-09-30": -15, "2014-06-30": 0, "2014-03-31": 0, "2013-12-31": "", "2013-09-30": 0, "2013-06-30": 0, "2013-03-31": 0, "2012-12-31": "", "2012-09-30": 0, "2012-06-30": 0, "2012-03-31": 0, "2011-12-31": "", "2011-09-30": 0, "2011-06-30": 0, "2011-03-31": 0, "2010-12-31": "", "2010-09-30": 0, "2010-06-30": 0, "2010-03-31": 0, "2009-12-31": "", "2009-09-30": 0, "2009-06-30": 0, "2009-03-31": 0, "2008-12-31": "-95.00000", "2008-09-30": 0, "2008-06-30": 0, "2008-03-31": 0, "2007-12-31": "", "2007-09-30": -20, "2007-06-30": 8, "2007-03-31": 10, "2006-12-31": "2.00000", "2006-09-30": -7, "2006-06-30": 6, "2006-03-31": -2, "2005-12-31": "3.00000", "2005-09-30": 150, "2005-06-30": -147, "2005-03-31": 6}, "Cash Flow From Investing Activities": {"2020-12-31": "-4.00000", "2020-09-30": -25, "2020-06-30": -16, "2020-03-31": -29, "2019-12-31": "-20.00000", "2019-09-30": -42, "2019-06-30": -27, "2019-03-31": -25, "2018-12-31": "-24.00000", "2018-09-30": -54, "2018-06-30": -28, "2018-03-31": -71, "2017-12-31": "-21.00000", "2017-09-30": -19, "2017-06-30": -716, "2017-03-31": -32, "2016-12-31": "-31.00000", "2016-09-30": -74, "2016-06-30": 21, "2016-03-31": -80, "2015-12-31": "-44.00000", "2015-09-30": -66, "2015-06-30": -26, "2015-03-31": -363, "2014-12-31": "64.00000", "2014-09-30": -115, "2014-06-30": 35, "2014-03-31": -48, "2013-12-31": "-40.00000", "2013-09-30": -122, "2013-06-30": -57, "2013-03-31": -44, "2012-12-31": "-49.00000", "2012-09-30": -96, "2012-06-30": -60, "2012-03-31": -6, "2011-12-31": "-43.00000", "2011-09-30": -2053, "2011-06-30": -36, "2011-03-31": -11, "2010-12-31": "-2.00000", "2010-09-30": -52, "2010-06-30": -25, "2010-03-31": 71, "2009-12-31": "26.00000", "2009-09-30": 107, "2009-06-30": -2, "2009-03-31": -25, "2008-12-31": "-2188.00000", "2008-09-30": -96, "2008-06-30": -87, "2008-03-31": 31, "2007-12-31": "-266.00000", "2007-09-30": -61, "2007-06-30": 201, "2007-03-31": 39, "2006-12-31": "-185.00000", "2006-09-30": 207, "2006-06-30": -204, "2006-03-31": -191, "2005-12-31": "-97.00000", "2005-09-30": 777, "2005-06-30": 2025, "2005-03-31": -206}, "Net Long-Term Debt": {"2020-12-31": "", "2020-09-30": 0, "2020-06-30": 0, "2020-03-31": -22, "2019-12-31": "", "2019-09-30": -787, "2019-06-30": -2, "2019-03-31": -7, "2018-12-31": "-1.00000", "2018-09-30": -176, "2018-06-30": -132, "2018-03-31": -1, "2017-12-31": "-2.00000", "2017-09-30": -2, "2017-06-30": 429, "2017-03-31": -15, "2016-12-31": "-244.00000", "2016-09-30": -1045, "2016-06-30": -14, "2016-03-31": -22, "2015-12-31": "-14.00000", "2015-09-30": -65, "2015-06-30": 533, "2015-03-31": 0, "2014-12-31": "", "2014-09-30": 1, "2014-06-30": 0, "2014-03-31": 0, "2013-12-31": "-12.00000", "2013-09-30": -8, "2013-06-30": -87, "2013-03-31": -155, "2012-12-31": "-43.00000", "2012-09-30": -444, "2012-06-30": -22, "2012-03-31": -32, "2011-12-31": "-23.00000", "2011-09-30": 1692, "2011-06-30": -7, "2011-03-31": -289, "2010-12-31": "1.00000", "2010-09-30": 17, "2010-06-30": 10, "2010-03-31": -448, "2009-12-31": "-25.00000", "2009-09-30": -360, "2009-06-30": -229, "2009-03-31": -44, "2008-12-31": "1399.00000", "2008-09-30": -1, "2008-06-30": -1, "2008-03-31": -3, "2007-12-31": "", "2007-09-30": -1, "2007-06-30": -7, "2007-03-31": 0, "2006-12-31": "-5.00000", "2006-09-30": -6, "2006-06-30": -2, "2006-03-31": 0, "2005-12-31": "-5.00000", "2005-09-30": -75, "2005-06-30": -1303, "2005-03-31": -174}, "Net Current Debt": {"2020-12-31": "-187.00000", "2020-09-30": -166, "2020-06-30": -25, "2020-03-31": 292, "2019-12-31": "14.00000", "2019-09-30": -161, "2019-06-30": 72, "2019-03-31": 37, "2018-12-31": "-26.00000", "2018-09-30": 173, "2018-06-30": 23, "2018-03-31": -301, "2017-12-31": "120.00000", "2017-09-30": 6, "2017-06-30": 220, "2017-03-31": 3, "2016-12-31": "-154.00000", "2016-09-30": -545, "2016-06-30": 21, "2016-03-31": 49, "2015-12-31": "319.00000", "2015-09-30": 95, "2015-06-30": -2, "2015-03-31": -90, "2014-12-31": "-6.00000", "2014-09-30": -36, "2014-06-30": -35, "2014-03-31": 87, "2013-12-31": "6.00000", "2013-09-30": -148, "2013-06-30": -1, "2013-03-31": 108, "2012-12-31": "5.00000", "2012-09-30": 299, "2012-06-30": -10, "2012-03-31": -21, "2011-12-31": "-7.00000", "2011-09-30": 22, "2011-06-30": 19, "2011-03-31": -35, "2010-12-31": "6.00000", "2010-09-30": -216, "2010-06-30": -53, "2010-03-31": 311, "2009-12-31": "6.00000", "2009-09-30": -19, "2009-06-30": -43, "2009-03-31": -162, "2008-12-31": "205.00000", "2008-09-30": 0, "2008-06-30": 0, "2008-03-31": 0, "2007-12-31": "", "2007-09-30": 0, "2007-06-30": 0, "2007-03-31": 0, "2006-12-31": "", "2006-09-30": 0, "2006-06-30": 0, "2006-03-31": 0, "2005-12-31": "", "2005-09-30": 0, "2005-06-30": -478, "2005-03-31": 438}, "Debt Issuance/Retirement Net - Total": {"2020-12-31": "-187.00000", "2020-09-30": -166, "2020-06-30": -25, "2020-03-31": 270, "2019-12-31": "14.00000", "2019-09-30": -948, "2019-06-30": 70, "2019-03-31": 30, "2018-12-31": "-27.00000", "2018-09-30": -3, "2018-06-30": -109, "2018-03-31": -302, "2017-12-31": "118.00000", "2017-09-30": 4, "2017-06-30": 649, "2017-03-31": -12, "2016-12-31": "-398.00000", "2016-09-30": -1590, "2016-06-30": 7, "2016-03-31": 27, "2015-12-31": "305.00000", "2015-09-30": 30, "2015-06-30": 531, "2015-03-31": -90, "2014-12-31": "-6.00000", "2014-09-30": -35, "2014-06-30": -35, "2014-03-31": 87, "2013-12-31": "-6.00000", "2013-09-30": -156, "2013-06-30": -88, "2013-03-31": -47, "2012-12-31": "-38.00000", "2012-09-30": -145, "2012-06-30": -32, "2012-03-31": -53, "2011-12-31": "-30.00000", "2011-09-30": 1714, "2011-06-30": 12, "2011-03-31": -324, "2010-12-31": "7.00000", "2010-09-30": -199, "2010-06-30": -43, "2010-03-31": -137, "2009-12-31": "-19.00000", "2009-09-30": -379, "2009-06-30": -272, "2009-03-31": -206, "2008-12-31": "1604.00000", "2008-09-30": -1, "2008-06-30": -1, "2008-03-31": -3, "2007-12-31": "", "2007-09-30": -1, "2007-06-30": -7, "2007-03-31": 0, "2006-12-31": "-5.00000", "2006-09-30": -6, "2006-06-30": -2, "2006-03-31": 0, "2005-12-31": "-5.00000", "2005-09-30": -75, "2005-06-30": -1781, "2005-03-31": 264}, "Net Common Equity Issued/Repurchased": {"2020-12-31": "", "2020-09-30": 0, "2020-06-30": 0, "2020-03-31": 0, "2019-12-31": "", "2019-09-30": 0, "2019-06-30": -200, "2019-03-31": 0, "2018-12-31": "", "2018-09-30": 0, "2018-06-30": 0, "2018-03-31": 0, "2017-12-31": "", "2017-09-30": 0, "2017-06-30": 0, "2017-03-31": 0, "2016-12-31": "", "2016-09-30": 0, "2016-06-30": 0, "2016-03-31": 0, "2015-12-31": "-500.00000", "2015-09-30": 0, "2015-06-30": 0, "2015-03-31": -270, "2014-12-31": "-127.00000", "2014-09-30": -829, "2014-06-30": -125, "2014-03-31": 0, "2013-12-31": "", "2013-09-30": -1, "2013-06-30": -150, "2013-03-31": 0, "2012-12-31": "1.00000", "2012-09-30": -2, "2012-06-30": 0, "2012-03-31": 1, "2011-12-31": "1.00000", "2011-09-30": 0, "2011-06-30": -70, "2011-03-31": 1, "2010-12-31": "1.00000", "2010-09-30": 0, "2010-06-30": 2, "2010-03-31": 3, "2009-12-31": "1.00000", "2009-09-30": 4, "2009-06-30": 5, "2009-03-31": 0, "2008-12-31": "", "2008-09-30": 0, "2008-06-30": 1, "2008-03-31": 0, "2007-12-31": "2.00000", "2007-09-30": 2, "2007-06-30": 0, "2007-03-31": 4, "2006-12-31": "-275.00000", "2006-09-30": -266, "2006-06-30": 3, "2006-03-31": -32, "2005-12-31": "-92.00000", "2005-09-30": -85, "2005-06-30": 49, "2005-03-31": 51}, "Net Total Equity Issued/Repurchased": {"2020-12-31": "", "2020-09-30": 0, "2020-06-30": 0, "2020-03-31": 0, "2019-12-31": "", "2019-09-30": 0, "2019-06-30": -200, "2019-03-31": 0, "2018-12-31": "", "2018-09-30": 0, "2018-06-30": 0, "2018-03-31": 0, "2017-12-31": "", "2017-09-30": 0, "2017-06-30": 0, "2017-03-31": 0, "2016-12-31": "", "2016-09-30": 0, "2016-06-30": 0, "2016-03-31": 0, "2015-12-31": "-500.00000", "2015-09-30": 0, "2015-06-30": 0, "2015-03-31": -270, "2014-12-31": "-127.00000", "2014-09-30": -829, "2014-06-30": -125, "2014-03-31": 0, "2013-12-31": "", "2013-09-30": -1, "2013-06-30": -150, "2013-03-31": 0, "2012-12-31": "1.00000", "2012-09-30": -2, "2012-06-30": 0, "2012-03-31": 1, "2011-12-31": "1.00000", "2011-09-30": 0, "2011-06-30": -70, "2011-03-31": 1, "2010-12-31": "1.00000", "2010-09-30": 0, "2010-06-30": 2, "2010-03-31": 3, "2009-12-31": "1.00000", "2009-09-30": 4, "2009-06-30": 5, "2009-03-31": 0, "2008-12-31": "", "2008-09-30": 0, "2008-06-30": 1, "2008-03-31": 0, "2007-12-31": "2.00000", "2007-09-30": 2, "2007-06-30": 0, "2007-03-31": 4, "2006-12-31": "-275.00000", "2006-09-30": -266, "2006-06-30": 3, "2006-03-31": -32, "2005-12-31": "-92.00000", "2005-09-30": -85, "2005-06-30": 49, "2005-03-31": 51}, "Total Common And Preferred Stock Dividends Paid": {"2020-12-31": "-17.00000", "2020-09-30": -16, "2020-06-30": -17, "2020-03-31": -17, "2019-12-31": "-16.00000", "2019-09-30": -16, "2019-06-30": -17, "2019-03-31": -15, "2018-12-31": "-16.00000", "2018-09-30": -16, "2018-06-30": -16, "2018-03-31": -14, "2017-12-31": "-14.00000", "2017-09-30": -15, "2017-06-30": -14, "2017-03-31": -24, "2016-12-31": "-24.00000", "2016-09-30": -25, "2016-06-30": -24, "2016-03-31": -24, "2015-12-31": "-24.00000", "2015-09-30": -26, "2015-06-30": -26, "2015-03-31": -22, "2014-12-31": "-24.00000", "2014-09-30": -24, "2014-06-30": -26, "2014-03-31": -27, "2013-12-31": "-26.00000", "2013-09-30": -26, "2013-06-30": -26, "2013-03-31": -18, "2012-12-31": "-18.00000", "2012-09-30": -18, "2012-06-30": -18, "2012-03-31": -13, "2011-12-31": "-14.00000", "2011-09-30": -14, "2011-06-30": -13, "2011-03-31": -12, "2010-12-31": "-12.00000", "2010-09-30": -12, "2010-06-30": -11, "2010-03-31": -6, "2009-12-31": "-6.00000", "2009-09-30": -5, "2009-06-30": -6, "2009-03-31": -5, "2008-12-31": "-6.00000", "2008-09-30": -17, "2008-06-30": -17, "2008-03-31": -18, "2007-12-31": "-17.00000", "2007-09-30": -17, "2007-06-30": -17, "2007-03-31": -17, "2006-12-31": "-692.00000", "2006-09-30": -19, "2006-06-30": -19, "2006-03-31": -20, "2005-12-31": "-20.00000", "2005-09-30": -19, "2005-06-30": -20, "2005-03-31": -40}, "Financial Activities - Other": {"2020-12-31": "-3.00000", "2020-09-30": -1, "2020-06-30": 0, "2020-03-31": -12, "2019-12-31": "-5.00000", "2019-09-30": -2, "2019-06-30": 0, "2019-03-31": -1, "2018-12-31": "-7.00000", "2018-09-30": -3, "2018-06-30": -1, "2018-03-31": -3, "2017-12-31": "-5.00000", "2017-09-30": -1, "2017-06-30": -14, "2017-03-31": -3, "2016-12-31": "-12.00000", "2016-09-30": -9, "2016-06-30": 0, "2016-03-31": -1, "2015-12-31": "", "2015-09-30": 0, "2015-06-30": -7, "2015-03-31": 5, "2014-12-31": "2.00000", "2014-09-30": 2, "2014-06-30": 3, "2014-03-31": 4, "2013-12-31": "3.00000", "2013-09-30": 8, "2013-06-30": -1, "2013-03-31": -34, "2012-12-31": "2.00000", "2012-09-30": 1, "2012-06-30": 2, "2012-03-31": 3, "2011-12-31": "", "2011-09-30": -81, "2011-06-30": 2, "2011-03-31": 0, "2010-12-31": "1.00000", "2010-09-30": 3, "2010-06-30": 0, "2010-03-31": -11, "2009-12-31": "", "2009-09-30": 0, "2009-06-30": -24, "2009-03-31": 1, "2008-12-31": "-138.00000", "2008-09-30": 0, "2008-06-30": 0, "2008-03-31": 0, "2007-12-31": "1.00000", "2007-09-30": 1, "2007-06-30": 0, "2007-03-31": 2, "2006-12-31": "6.00000", "2006-09-30": 0, "2006-06-30": 2, "2006-03-31": 3, "2005-12-31": "1.00000", "2005-09-30": 3, "2005-06-30": 11, "2005-03-31": 6}, "Cash Flow From Financial Activities": {"2020-12-31": "-207.00000", "2020-09-30": -183, "2020-06-30": -42, "2020-03-31": 241, "2019-12-31": "-7.00000", "2019-09-30": -966, "2019-06-30": -147, "2019-03-31": 14, "2018-12-31": "-50.00000", "2018-09-30": -22, "2018-06-30": -126, "2018-03-31": -319, "2017-12-31": "99.00000", "2017-09-30": -12, "2017-06-30": 621, "2017-03-31": -39, "2016-12-31": "-434.00000", "2016-09-30": -1624, "2016-06-30": -17, "2016-03-31": 2, "2015-12-31": "-219.00000", "2015-09-30": 4, "2015-06-30": 498, "2015-03-31": -377, "2014-12-31": "-155.00000", "2014-09-30": -886, "2014-06-30": -183, "2014-03-31": 64, "2013-12-31": "-29.00000", "2013-09-30": -175, "2013-06-30": -265, "2013-03-31": -99, "2012-12-31": "-53.00000", "2012-09-30": -164, "2012-06-30": -48, "2012-03-31": -62, "2011-12-31": "-43.00000", "2011-09-30": 1619, "2011-06-30": -69, "2011-03-31": -335, "2010-12-31": "-3.00000", "2010-09-30": -208, "2010-06-30": -52, "2010-03-31": -151, "2009-12-31": "-24.00000", "2009-09-30": -380, "2009-06-30": -297, "2009-03-31": -210, "2008-12-31": "1460.00000", "2008-09-30": -18, "2008-06-30": -17, "2008-03-31": -21, "2007-12-31": "-14.00000", "2007-09-30": -15, "2007-06-30": -24, "2007-03-31": -11, "2006-12-31": "-966.00000", "2006-09-30": -291, "2006-06-30": -16, "2006-03-31": -49, "2005-12-31": "-116.00000", "2005-09-30": -176, "2005-06-30": -1741, "2005-03-31": 281}, "Net Cash Flow": {"2020-12-31": "-119.00000", "2020-09-30": 38, "2020-06-30": 63, "2020-03-31": 196, "2019-12-31": "-75.00000", "2019-09-30": 100, "2019-06-30": -32, "2019-03-31": 15, "2018-12-31": "-145.00000", "2018-09-30": 112, "2018-06-30": -43, "2018-03-31": -376, "2017-12-31": "35.00000", "2017-09-30": 74, "2017-06-30": -112, "2017-03-31": -100, "2016-12-31": "-484.00000", "2016-09-30": -27, "2016-06-30": 79, "2016-03-31": 97, "2015-12-31": "-218.00000", "2015-09-30": 144, "2015-06-30": 202, "2015-03-31": -345, "2014-12-31": "-137.00000", "2014-09-30": 823, "2014-06-30": 79, "2014-03-31": 196, "2013-12-31": "-51.00000", "2013-09-30": -31, "2013-06-30": -91, "2013-03-31": -20, "2012-12-31": "-35.00000", "2012-09-30": -74, "2012-06-30": -2, "2012-03-31": 133, "2011-12-31": "-271.00000", "2011-09-30": -308, "2011-06-30": -84, "2011-03-31": 755, "2010-12-31": "-43.00000", "2010-09-30": -67, "2010-06-30": -15, "2010-03-31": 93, "2009-12-31": "54.00000", "2009-09-30": 96, "2009-06-30": 53, "2009-03-31": -19, "2008-12-31": "-664.00000", "2008-09-30": 33, "2008-06-30": 6, "2008-03-31": 166, "2007-12-31": "-216.00000", "2007-09-30": 49, "2007-06-30": 264, "2007-03-31": 68, "2006-12-31": "-1304.00000", "2006-09-30": 1457, "2006-06-30": -113, "2006-03-31": -125, "2005-12-31": "-384.00000", "2005-09-30": 293, "2005-06-30": 618, "2005-03-31": -169}, "Stock-Based Compensation": {"2020-12-31": "4.00000", "2020-09-30": 3, "2020-06-30": 3, "2020-03-31": 5, "2019-12-31": "4.00000", "2019-09-30": 12, "2019-06-30": 5, "2019-03-31": 7, "2018-12-31": "8.00000", "2018-09-30": 7, "2018-06-30": 9, "2018-03-31": 7, "2017-12-31": "8.00000", "2017-09-30": 7, "2017-06-30": 5, "2017-03-31": 6, "2016-12-31": "5.00000", "2016-09-30": 10, "2016-06-30": 6, "2016-03-31": 9, "2015-12-31": "8.00000", "2015-09-30": 8, "2015-06-30": 7, "2015-03-31": 8, "2014-12-31": "7.00000", "2014-09-30": 8, "2014-06-30": 9, "2014-03-31": 9, "2013-12-31": "8.00000", "2013-09-30": 6, "2013-06-30": 8, "2013-03-31": 7, "2012-12-31": "9.00000", "2012-09-30": 9, "2012-06-30": 6, "2012-03-31": 7, "2011-12-31": "6.00000", "2011-09-30": 3, "2011-06-30": 4, "2011-03-31": 5, "2010-12-31": "4.00000", "2010-09-30": 4, "2010-06-30": 3, "2010-03-31": 4, "2009-12-31": "3.00000", "2009-09-30": 3, "2009-06-30": 3, "2009-03-31": 1, "2008-12-31": "2.00000", "2008-09-30": 4, "2008-06-30": 3, "2008-03-31": 2, "2007-12-31": "3.00000", "2007-09-30": 16, "2007-06-30": 0, "2007-03-31": 0, "2006-12-31": "", "2006-09-30": 25, "2006-06-30": 0, "2006-03-31": 0, "2005-12-31": "", "2005-09-30": 0, "2005-06-30": 0, "2005-03-31": 0}, "Common Stock Dividends Paid": {"2020-12-31": "-17.00000", "2020-09-30": -16, "2020-06-30": -17, "2020-03-31": -17, "2019-12-31": "-16.00000", "2019-09-30": -16, "2019-06-30": -17, "2019-03-31": -15, "2018-12-31": "-16.00000", "2018-09-30": -16, "2018-06-30": -16, "2018-03-31": -14, "2017-12-31": "-14.00000", "2017-09-30": -15, "2017-06-30": -14, "2017-03-31": -24, "2016-12-31": "-24.00000", "2016-09-30": -25, "2016-06-30": -24, "2016-03-31": -24, "2015-12-31": "-24.00000", "2015-09-30": -26, "2015-06-30": -26, "2015-03-31": -22, "2014-12-31": "-24.00000", "2014-09-30": -24, "2014-06-30": -26, "2014-03-31": -27, "2013-12-31": "-26.00000", "2013-09-30": -26, "2013-06-30": -26, "2013-03-31": -18, "2012-12-31": "-18.00000", "2012-09-30": -18, "2012-06-30": -18, "2012-03-31": -13, "2011-12-31": "-14.00000", "2011-09-30": -14, "2011-06-30": -13, "2011-03-31": -12, "2010-12-31": "-12.00000", "2010-09-30": -12, "2010-06-30": -11, "2010-03-31": -6, "2009-12-31": "-6.00000", "2009-09-30": -5, "2009-06-30": -6, "2009-03-31": -5, "2008-12-31": "-6.00000", "2008-09-30": -17, "2008-06-30": -17, "2008-03-31": -18, "2007-12-31": "-17.00000", "2007-09-30": -17, "2007-06-30": -17, "2007-03-31": -17, "2006-12-31": "-692.00000", "2006-09-30": -19, "2006-06-30": -19, "2006-03-31": -20, "2005-12-31": "-20.00000", "2005-09-30": -19, "2005-06-30": -20, "2005-03-31": -40}}, "financial ratios": {"Current Ratio": {"2020-09-30": "1.90280", "2019-09-30": "1.89300", "2018-09-30": "1.59110", "2017-09-30": "1.96590", "2016-09-30": "2.33280", "2015-09-30": "2.14490", "2014-09-30": "2.11080", "2013-09-30": "1.66360", "2012-09-30": "1.67750", "2011-09-30": "1.94770", "2010-09-30": "1.67930", "2009-09-30": "1.57130", "2008-09-30": "2.46020", "2007-09-30": "2.84380", "2006-09-30": "2.08230", "2005-09-30": "2.43170"}, "Long-term Debt / Capital": {"2020-09-30": "0.34130", "2019-09-30": "0.29590", "2018-09-30": "0.40050", "2017-09-30": "0.43140", "2016-09-30": "0.42350", "2015-09-30": "0.52440", "2014-09-30": "0.44830", "2013-09-30": "0.39290", "2012-09-30": "0.43730", "2011-09-30": "0.46870", "2010-09-30": "0.22540", "2009-09-30": "0.30010", "2008-09-30": "0.01390", "2007-09-30": "0.01990", "2006-09-30": "0.02210", "2005-09-30": "0.02150"}, "Debt/Equity Ratio": {"2020-09-30": "0.61030", "2019-09-30": "0.46680", "2018-09-30": "0.74250", "2017-09-30": "0.82770", "2016-09-30": "0.78830", "2015-09-30": "1.22790", "2014-09-30": "0.90680", "2013-09-30": "0.71750", "2012-09-30": "0.89100", "2011-09-30": "0.92670", "2010-09-30": "0.32150", "2009-09-30": "0.45010", "2008-09-30": "0.02060", "2007-09-30": "0.02190", "2006-09-30": "0.02650", "2005-09-30": "0.02510"}, "Gross Margin": {"2020-09-30": "30.39550", "2019-09-30": "30.76610", "2018-09-30": "33.33330", "2017-09-30": "31.57210", "2016-09-30": "29.38060", "2015-09-30": "25.96490", "2014-09-30": "24.76720", "2013-09-30": "29.33840", "2012-09-30": "25.63350", "2011-09-30": "24.79240", "2010-09-30": "28.16580", "2009-09-30": "26.24520", "2008-09-30": "15.80960", "2007-09-30": "17.18690", "2006-09-30": "16.63210", "2005-09-30": "23.98900"}, "Operating Margin": {"2020-09-30": "-16.68100", "2019-09-30": "6.65860", "2018-09-30": "3.93970", "2017-09-30": "2.12210", "2016-09-30": "-1.65620", "2015-09-30": "3.27490", "2014-09-30": "0.75150", "2013-09-30": "17.05800", "2012-09-30": "4.34180", "2011-09-30": "1.99940", "2010-09-30": "4.33720", "2009-09-30": "-1.74330", "2008-09-30": "2.54150", "2007-09-30": "2.77460", "2006-09-30": "2.35030", "2005-09-30": "9.19810"}, "EBIT Margin": {"2020-09-30": "-16.68100", "2019-09-30": "6.65860", "2018-09-30": "3.93970", "2017-09-30": "2.12210", "2016-09-30": "-1.65620", "2015-09-30": "3.27490", "2014-09-30": "0.75150", "2013-09-30": "17.05800", "2012-09-30": "4.34180", "2011-09-30": "1.99940", "2010-09-30": "4.33720", "2009-09-30": "-1.74330", "2008-09-30": "2.54150", "2007-09-30": "2.77460", "2006-09-30": "2.35030", "2005-09-30": "9.19810"}, "EBITDA Margin": {"2020-09-30": "-5.41700", "2019-09-30": "18.77260", "2018-09-30": "14.94790", "2017-09-30": "18.31960", "2016-09-30": "8.94340", "2015-09-30": "12.74850", "2014-09-30": "7.40080", "2013-09-30": "23.96980", "2012-09-30": "10.72310", "2011-09-30": "6.99780", "2010-09-30": "10.62530", "2009-09-30": "5.28740", "2008-09-30": "4.27160", "2007-09-30": "4.48300", "2006-09-30": "3.88500", "2005-09-30": "10.56890"}, "Pre-Tax Profit Margin": {"2020-09-30": "-21.62510", "2019-09-30": "2.80790", "2018-09-30": "0.42490", "2017-09-30": "-8.48850", "2016-09-30": "-10.20210", "2015-09-30": "-4.41520", "2014-09-30": "-1.89510", "2013-09-30": "12.29680", "2012-09-30": "-0.66440", "2011-09-30": "0.04610", "2010-09-30": "1.30640", "2009-09-30": "-6.18770", "2008-09-30": "3.11420", "2007-09-30": "3.32690", "2006-09-30": "2.93100", "2005-09-30": "23.68750"}, "Net Profit Margin": {"2020-09-30": "-21.84010", "2019-09-30": "20.25670", "2018-09-30": "4.40320", "2017-09-30": "0.04330", "2016-09-30": "-0.96060", "2015-09-30": "9.03510", "2014-09-30": "3.80660", "2013-09-30": "11.21330", "2012-09-30": "0.40170", "2011-09-30": "6.36730", "2010-09-30": "2.45600", "2009-09-30": "-5.00000", "2008-09-30": "1.99260", "2007-09-30": "2.95440", "2006-09-30": "5.62700", "2005-09-30": "27.47090"}, "Asset Turnover": {"2020-09-30": "0.33820", "2019-09-30": "0.34380", "2018-09-30": "0.31350", "2017-09-30": "0.26790", "2016-09-30": "0.30190", "2015-09-30": "0.34020", "2014-09-30": "0.56050", "2013-09-30": "0.50390", "2012-09-30": "0.51680", "2011-09-30": "0.50150", "2010-09-30": "0.60240", "2009-09-30": "0.54340", "2008-09-30": "1.45230", "2007-09-30": "1.36920", "2006-09-30": "1.09760", "2005-09-30": "1.07040"}, "Inventory Turnover Ratio": {"2020-09-30": "3.06050", "2019-09-30": "2.89110", "2018-09-30": "2.89600", "2017-09-30": "2.49210", "2016-09-30": "3.95550", "2015-09-30": "3.58640", "2014-09-30": "6.01960", "2013-09-30": "5.67810", "2012-09-30": "4.77480", "2011-09-30": "5.28650", "2010-09-30": "9.22600", "2009-09-30": "7.30550", "2008-09-30": "14.82350", "2007-09-30": "10.56890", "2006-09-30": "11.33460", "2005-09-30": "12.63100"}, "Receiveable Turnover": {"2020-09-30": "4.93840", "2019-09-30": "5.18300", "2018-09-30": "4.95980", "2017-09-30": "3.77290", "2016-09-30": "5.70700", "2015-09-30": "3.55880", "2014-09-30": "5.09230", "2013-09-30": "5.47260", "2012-09-30": "4.37000", "2011-09-30": "4.38730", "2010-09-30": "5.14890", "2009-09-30": "3.75000", "2008-09-30": "5.81610", "2007-09-30": "5.30670", "2006-09-30": "5.16270", "2005-09-30": "5.87360"}, "Days Sales In Receivables": {"2020-09-30": "73.91020", "2019-09-30": "70.42320", "2018-09-30": "73.59210", "2017-09-30": "96.74320", "2016-09-30": "63.95660", "2015-09-30": "102.56290", "2014-09-30": "71.67620", "2013-09-30": "66.69600", "2012-09-30": "83.52360", "2011-09-30": "83.19440", "2010-09-30": "70.88920", "2009-09-30": "97.33330", "2008-09-30": "62.75680", "2007-09-30": "68.78040", "2006-09-30": "70.69890", "2005-09-30": "62.14260"}, "ROE - Return On Equity": {"2020-09-30": "-16.17260", "2019-09-30": "0.67210", "2018-09-30": "0.55780", "2017-09-30": "-5.28480", "2016-09-30": "-8.94150", "2015-09-30": "-0.39510", "2014-09-30": "2.00950", "2013-09-30": "12.14580", "2012-09-30": "0.34750", "2011-09-30": "1.35430", "2010-09-30": "2.31150", "2009-09-30": "-6.69640", "2008-09-30": "5.46530", "2007-09-30": "6.37290", "2006-09-30": "5.91090", "2005-09-30": "52.36690"}, "Return On Tangible Equity": {"2020-09-30": "-185.28300", "2019-09-30": "10.43480", "2018-09-30": "-22.89160", "2017-09-30": "47.61910", "2016-09-30": "832.35290", "2015-09-30": "2.03050", "2014-09-30": "-19.51220", "2013-09-30": "135.87220", "2012-09-30": "-1.12090", "2011-09-30": "-4.34110", "2010-09-30": "16.05840", "2009-09-30": "-131.14750", "2008-09-30": "6.22780", "2007-09-30": "7.23800", "2006-09-30": "6.56860", "2005-09-30": "55.87900"}, "ROA - Return On Assets": {"2020-09-30": "-7.13970", "2019-09-30": "0.33100", "2018-09-30": "0.23010", "2017-09-30": "-2.08870", "2016-09-30": "-2.83000", "2015-09-30": "-0.11940", "2014-09-30": "0.65930", "2013-09-30": "4.57480", "2012-09-30": "0.11180", "2011-09-30": "0.43190", "2010-09-30": "0.92340", "2009-09-30": "-2.49820", "2008-09-30": "3.03240", "2007-09-30": "3.53500", "2006-09-30": "2.77690", "2005-09-30": "28.73070"}, "ROI - Return On Investment": {"2020-09-30": "-10.65310", "2019-09-30": "0.47320", "2018-09-30": "0.33440", "2017-09-30": "-3.00500", "2016-09-30": "-5.15480", "2015-09-30": "-0.18790", "2014-09-30": "1.10870", "2013-09-30": "7.37330", "2012-09-30": "0.19550", "2011-09-30": "0.71950", "2010-09-30": "1.79040", "2009-09-30": "-4.68660", "2008-09-30": "5.38960", "2007-09-30": "6.24610", "2006-09-30": "5.78020", "2005-09-30": "51.24310"}, "Book Value Per Share": {"2020-09-30": "49.77050", "2019-09-30": "59.51670", "2018-09-30": "54.93550", "2017-09-30": "54.93550", "2016-09-30": "51.04840", "2015-09-30": "45.32840", "2014-09-30": "51.18570", "2013-09-30": "59.12990", "2012-09-30": "51.00000", "2011-09-30": "53.01280", "2010-09-30": "48.18990", "2009-09-30": "47.78670", "2008-09-30": "50.82540", "2007-09-30": "50.06350", "2006-09-30": "46.20900", "2005-09-30": "51.21920"}, "Operating Cash Flow Per Share": {"2020-09-30": 1.5121, "2019-09-30": -0.1466, "2018-09-30": 0.9591, "2017-09-30": -3.3046, "2016-09-30": 9.8758, "2015-09-30": -11.2006, "2014-09-30": -0.7266, "2013-09-30": 5.8, "2012-09-30": -0.675, "2011-09-30": -3.9372, "2010-09-30": -3.2336, "2009-09-30": 2.7395, "2008-09-30": 4.5157, "2007-09-30": 0.9392, "2006-09-30": 2.8672, "2005-09-30": -0.8533}, "Free Cash Flow Per Share": {"2020-09-30": 1.6333, "2019-09-30": -0.0575, "2018-09-30": 1.1976, "2017-09-30": -2.2988, "2016-09-30": 9.4615, "2015-09-30": -11.2802, "2014-09-30": -0.6301, "2013-09-30": 5.5125, "2012-09-30": -1.2875, "2011-09-30": -4.1101, "2010-09-30": -3.7316, "2009-09-30": 4.1198, "2008-09-30": 3.4531, "2007-09-30": 1.0938, "2006-09-30": 3.1283, "2005-09-30": -3.2533}}, "financial ratios, quarterly": {"Current Ratio": {"2020-12-31": "2.36070", "2020-09-30": "1.90280", "2020-06-30": "1.78230", "2020-03-31": "1.69240", "2019-12-31": "1.95350", "2019-09-30": "1.89300", "2019-06-30": "2.02280", "2019-03-31": "2.26850", "2018-12-31": "2.19760", "2018-09-30": "1.59110", "2018-06-30": "2.25340", "2018-03-31": "2.40590", "2017-12-31": "1.95810", "2017-09-30": "1.96590", "2017-06-30": "2.05470", "2017-03-31": "2.29220", "2016-12-31": "2.29720", "2016-09-30": "2.33280", "2016-06-30": "1.74210", "2016-03-31": "1.71090", "2015-12-31": "1.83940", "2015-09-30": "2.14490", "2015-06-30": "2.25040", "2015-03-31": "2.32160", "2014-12-31": "2.35880", "2014-09-30": "2.11080", "2014-06-30": "1.82920", "2014-03-31": "1.79130", "2013-12-31": "1.79680", "2013-09-30": "1.66360", "2013-06-30": "1.63700", "2013-03-31": "1.72030", "2012-12-31": "1.73840", "2012-09-30": "1.67750", "2012-06-30": "2.06720", "2012-03-31": "2.08050", "2011-12-31": "2.09220", "2011-09-30": "1.94770", "2011-06-30": "2.26940", "2011-03-31": "2.27020", "2010-12-31": "1.88630", "2010-09-30": "1.67930", "2010-06-30": "1.55430", "2010-03-31": "1.47200", "2009-12-31": "1.81800", "2009-09-30": "1.57130", "2009-06-30": "1.76570", "2009-03-31": "1.72790", "2008-12-31": "1.56470", "2008-09-30": "2.46020", "2008-06-30": "2.56890", "2008-03-31": "2.74210", "2007-12-31": "3.09960", "2007-09-30": "2.84380", "2007-06-30": "2.78290", "2007-03-31": "2.67570", "2006-12-31": "2.80110", "2006-09-30": "2.08230", "2006-06-30": "2.43410", "2006-03-31": "2.64410", "2005-12-31": "2.72790", "2005-09-30": "2.43170", "2005-06-30": "2.60780", "2005-03-31": "1.11090"}, "Long-term Debt / Capital": {"2020-12-31": "0.33900", "2020-09-30": "0.34130", "2020-06-30": "0.33930", "2020-03-31": "0.33980", "2019-12-31": "0.29300", "2019-09-30": "0.29590", "2019-06-30": "0.41420", "2019-03-31": "0.40360", "2018-12-31": "0.40770", "2018-09-30": "0.40050", "2018-06-30": "0.41890", "2018-03-31": "0.42350", "2017-12-31": "0.43190", "2017-09-30": "0.43140", "2017-06-30": "0.43190", "2017-03-31": "0.47220", "2016-12-31": "0.48490", "2016-09-30": "0.42350", "2016-06-30": "0.54810", "2016-03-31": "0.55000", "2015-12-31": "0.56710", "2015-09-30": "0.52440", "2015-06-30": "0.51490", "2015-03-31": "0.49360", "2014-12-31": "0.46950", "2014-09-30": "0.44830", "2014-06-30": "0.39370", "2014-03-31": "0.39220", "2013-12-31": "0.38720", "2013-09-30": "0.39290", "2013-06-30": "0.41920", "2013-03-31": "0.42180", "2012-12-31": "0.42670", "2012-09-30": "0.43730", "2012-06-30": "0.46130", "2012-03-31": "0.45880", "2011-12-31": "0.47020", "2011-09-30": "0.46870", "2011-06-30": "0.15660", "2011-03-31": "", "2010-12-31": "", "2010-09-30": "0.22540", "2010-06-30": "0.23160", "2010-03-31": "0.23020", "2009-12-31": "0.28770", "2009-09-30": "0.30010", "2009-06-30": "0.33630", "2009-03-31": "0.37040", "2008-12-31": "0.37150", "2008-09-30": "0.01390", "2008-06-30": "0.01320", "2008-03-31": "0.01900", "2007-12-31": "0.01960", "2007-09-30": "0.01990", "2007-06-30": "0.02090", "2007-03-31": "0.02240", "2006-12-31": "0.02370", "2006-09-30": "0.02210", "2006-06-30": "0.01810", "2006-03-31": "0.02040", "2005-12-31": "0.02050", "2005-09-30": "0.02150", "2005-06-30": "0.02350", "2005-03-31": "0.27250"}, "Debt/Equity Ratio": {"2020-12-31": "0.54260", "2020-09-30": "0.61030", "2020-06-30": "0.66150", "2020-03-31": "0.67250", "2019-12-31": "0.46370", "2019-09-30": "0.46680", "2019-06-30": "0.81040", "2019-03-31": "0.75430", "2018-12-31": "0.75760", "2018-09-30": "0.74250", "2018-06-30": "0.74490", "2018-03-31": "0.75140", "2017-12-31": "0.86470", "2017-09-30": "0.82770", "2017-06-30": "0.82760", "2017-03-31": "0.93000", "2016-12-31": "0.97700", "2016-09-30": "0.78830", "2016-06-30": "1.49490", "2016-03-31": "1.49720", "2015-12-31": "1.58500", "2015-09-30": "1.22790", "2015-06-30": "1.16770", "2015-03-31": "1.05500", "2014-12-31": "0.98500", "2014-09-30": "0.90680", "2014-06-30": "0.73190", "2014-03-31": "0.73300", "2013-12-31": "0.69920", "2013-09-30": "0.71750", "2013-06-30": "0.83480", "2013-03-31": "0.84410", "2012-12-31": "0.85570", "2012-09-30": "0.89100", "2012-06-30": "0.89320", "2012-03-31": "0.88660", "2011-12-31": "0.93580", "2011-09-30": "0.92670", "2011-06-30": "0.20170", "2011-03-31": "0.01360", "2010-12-31": "0.02990", "2010-09-30": "0.32150", "2010-06-30": "0.38870", "2010-03-31": "0.39730", "2009-12-31": "0.42460", "2009-09-30": "0.45010", "2009-06-30": "0.53760", "2009-03-31": "0.63840", "2008-12-31": "0.68560", "2008-09-30": "0.02060", "2008-06-30": "0.01940", "2008-03-31": "0.02030", "2007-12-31": "0.02150", "2007-09-30": "0.02190", "2007-06-30": "0.02300", "2007-03-31": "0.02640", "2006-12-31": "0.02680", "2006-09-30": "0.02650", "2006-06-30": "0.02320", "2006-03-31": "0.02410", "2005-12-31": "0.02410", "2005-09-30": "0.02510", "2005-06-30": "0.04480", "2005-03-31": "0.62500"}, "Gross Margin": {"2020-12-31": "32.24640", "2020-09-30": "26.43680", "2020-06-30": "34.14630", "2020-03-31": "32.29510", "2019-12-31": "28.70540", "2019-09-30": "34.48280", "2019-06-30": "32.29330", "2019-03-31": "29.68520", "2018-12-31": "26.38890", "2018-09-30": "34.73050", "2018-06-30": "34.28140", "2018-03-31": "33.18450", "2017-12-31": "30.80900", "2017-09-30": "26.59090", "2017-06-30": "27.01150", "2017-03-31": "28.28780", "2016-12-31": "26.84660", "2016-09-30": "24.13790", "2016-06-30": "29.87340", "2016-03-31": "34.00160", "2015-12-31": "33.70590", "2015-09-30": "24.21880", "2015-06-30": "31.30940", "2015-03-31": "31.48150", "2014-12-31": "29.40330", "2014-09-30": "20.20790", "2014-06-30": "27.66360", "2014-03-31": "24.40130", "2013-12-31": "26.81560", "2013-09-30": "37.40460", "2013-06-30": "26.60100", "2013-03-31": "27.48390", "2012-12-31": "28.73190", "2012-09-30": "-20.18630", "2012-06-30": "29.28540", "2012-03-31": "27.65750", "2011-12-31": "27.04660", "2011-09-30": "17.18160", "2011-06-30": "26.03480", "2011-03-31": "29.73670", "2010-12-31": "27.77390", "2010-09-30": "20.10920", "2010-06-30": "29.83760", "2010-03-31": "30.28810", "2009-12-31": "31.57100", "2009-09-30": "24.23100", "2009-06-30": "24.20230", "2009-03-31": "23.06530", "2008-12-31": "16.53100", "2008-09-30": "14.35020", "2008-06-30": "16.21990", "2008-03-31": "16.22150", "2007-12-31": "16.58790", "2007-09-30": "16.50670", "2007-06-30": "17.14570", "2007-03-31": "17.75460", "2006-12-31": "17.41540", "2006-09-30": "16.25970", "2006-06-30": "17.40060", "2006-03-31": "17.32590", "2005-12-31": "17.62970", "2005-09-30": "17.44460", "2005-06-30": "26.48000", "2005-03-31": "18.38060"}, "Operating Margin": {"2020-12-31": "7.42750", "2020-09-30": "2.46310", "2020-06-30": "8.36240", "2020-03-31": "-76.72130", "2019-12-31": "3.18950", "2019-09-30": "14.12150", "2019-06-30": "6.70830", "2019-03-31": "6.59670", "2018-12-31": "-1.21530", "2018-09-30": "0.59880", "2018-06-30": "4.49100", "2018-03-31": "9.37500", "2017-12-31": "0.86060", "2017-09-30": "3.86360", "2017-06-30": "4.25290", "2017-03-31": "6.57570", "2016-12-31": "2.13070", "2016-09-30": "-36.07430", "2016-06-30": "7.21520", "2016-03-31": "11.78830", "2015-12-31": "12.98370", "2015-09-30": "-7.89060", "2015-06-30": "14.33800", "2015-03-31": "14.29630", "2014-12-31": "12.14950", "2014-09-30": "-11.43600", "2014-06-30": "8.90970", "2014-03-31": "-4.14240", "2013-12-31": "9.98600", "2013-09-30": "48.09160", "2013-06-30": "10.77590", "2013-03-31": "11.87100", "2012-12-31": "9.41680", "2012-09-30": "-94.72050", "2012-06-30": "12.28400", "2012-03-31": "8.60990", "2011-12-31": "7.46110", "2011-09-30": "-20.00000", "2011-06-30": "7.73850", "2011-03-31": "16.44190", "2010-12-31": "7.95530", "2010-09-30": "4.45000", "2010-06-30": "9.40460", "2010-03-31": "9.27620", "2009-12-31": "9.59210", "2009-09-30": "6.29440", "2009-06-30": "7.46200", "2009-03-31": "5.62810", "2008-12-31": "-0.35610", "2008-09-30": "1.26350", "2008-06-30": "3.95270", "2008-03-31": "2.52550", "2007-12-31": "2.41470", "2007-09-30": "1.24760", "2007-06-30": "4.58900", "2007-03-31": "2.14100", "2006-12-31": "3.21690", "2006-09-30": "1.45450", "2006-06-30": "2.52420", "2006-03-31": "2.72980", "2005-12-31": "2.71230", "2005-09-30": "1.22520", "2005-06-30": "14.53390", "2005-03-31": "4.00190"}, "EBIT Margin": {"2020-12-31": "7.42750", "2020-09-30": "2.46310", "2020-06-30": "8.36240", "2020-03-31": "-76.72130", "2019-12-31": "3.18950", "2019-09-30": "14.12150", "2019-06-30": "6.70830", "2019-03-31": "6.59670", "2018-12-31": "-1.21530", "2018-09-30": "0.59880", "2018-06-30": "4.49100", "2018-03-31": "9.37500", "2017-12-31": "0.86060", "2017-09-30": "3.86360", "2017-06-30": "4.25290", "2017-03-31": "6.57570", "2016-12-31": "2.13070", "2016-09-30": "-36.07430", "2016-06-30": "7.21520", "2016-03-31": "11.78830", "2015-12-31": "12.98370", "2015-09-30": "-7.89060", "2015-06-30": "14.33800", "2015-03-31": "14.29630", "2014-12-31": "12.14950", "2014-09-30": "-11.43600", "2014-06-30": "8.90970", "2014-03-31": "-4.14240", "2013-12-31": "9.98600", "2013-09-30": "48.09160", "2013-06-30": "10.77590", "2013-03-31": "11.87100", "2012-12-31": "9.41680", "2012-09-30": "-94.72050", "2012-06-30": "12.28400", "2012-03-31": "8.60990", "2011-12-31": "7.46110", "2011-09-30": "-20.00000", "2011-06-30": "7.73850", "2011-03-31": "16.44190", "2010-12-31": "7.95530", "2010-09-30": "4.45000", "2010-06-30": "9.40460", "2010-03-31": "9.27620", "2009-12-31": "9.59210", "2009-09-30": "6.29440", "2009-06-30": "7.46200", "2009-03-31": "5.62810", "2008-12-31": "-0.35610", "2008-09-30": "1.26350", "2008-06-30": "3.95270", "2008-03-31": "2.52550", "2007-12-31": "2.41470", "2007-09-30": "1.24760", "2007-06-30": "4.58900", "2007-03-31": "2.14100", "2006-12-31": "3.21690", "2006-09-30": "1.45450", "2006-06-30": "2.52420", "2006-03-31": "2.72980", "2005-12-31": "2.71230", "2005-09-30": "1.22520", "2005-06-30": "14.53390", "2005-03-31": "4.00190"}, "EBITDA Margin": {"2020-12-31": "", "2020-09-30": "", "2020-06-30": "", "2020-03-31": "", "2019-12-31": "", "2019-09-30": "", "2019-06-30": "", "2019-03-31": "", "2018-12-31": "", "2018-09-30": "", "2018-06-30": "", "2018-03-31": "", "2017-12-31": "", "2017-09-30": "", "2017-06-30": "", "2017-03-31": "", "2016-12-31": "", "2016-09-30": "", "2016-06-30": "", "2016-03-31": "", "2015-12-31": "", "2015-09-30": "", "2015-06-30": "", "2015-03-31": "", "2014-12-31": "", "2014-09-30": "", "2014-06-30": "", "2014-03-31": "", "2013-12-31": "", "2013-09-30": "", "2013-06-30": "", "2013-03-31": "", "2012-12-31": "", "2012-09-30": "", "2012-06-30": "", "2012-03-31": "", "2011-12-31": "", "2011-09-30": "", "2011-06-30": "", "2011-03-31": "", "2010-12-31": "", "2010-09-30": "", "2010-06-30": "", "2010-03-31": "", "2009-12-31": "", "2009-09-30": "", "2009-06-30": "", "2009-03-31": "", "2008-12-31": "", "2008-09-30": "", "2008-06-30": "", "2008-03-31": "", "2007-12-31": "", "2007-09-30": "", "2007-06-30": "", "2007-03-31": "", "2006-12-31": "", "2006-09-30": "", "2006-06-30": "", "2006-03-31": "", "2005-12-31": "", "2005-09-30": "", "2005-06-30": "", "2005-03-31": ""}, "Pre-Tax Profit Margin": {"2020-12-31": "11.05070", "2020-09-30": "1.64200", "2020-06-30": "10.80140", "2020-03-31": "-95.90160", "2019-12-31": "1.87620", "2019-09-30": "8.04600", "2019-06-30": "3.43210", "2019-03-31": "6.89660", "2018-12-31": "-8.15970", "2018-09-30": "-1.04790", "2018-06-30": "", "2018-03-31": "5.95240", "2017-12-31": "-3.78660", "2017-09-30": "0.34090", "2017-06-30": "-2.29890", "2017-03-31": "2.97770", "2016-12-31": "-15.05680", "2016-09-30": "-43.76660", "2016-06-30": "2.53160", "2016-03-31": "8.17960", "2015-12-31": "9.54430", "2015-09-30": "-10.62500", "2015-06-30": "10.38770", "2015-03-31": "8.88890", "2014-12-31": "3.09130", "2014-09-30": "-14.10010", "2014-06-30": "6.16820", "2014-03-31": "-6.73140", "2013-12-31": "7.40220", "2013-09-30": "42.74810", "2013-06-30": "7.57390", "2013-03-31": "2.96770", "2012-12-31": "7.06260", "2012-09-30": "-144.40990", "2012-06-30": "10.04200", "2012-03-31": "5.96440", "2011-12-31": "4.30050", "2011-09-30": "-23.19780", "2011-06-30": "6.35870", "2011-03-31": "13.93710", "2010-12-31": "7.53660", "2010-09-30": "3.52640", "2010-06-30": "9.20160", "2010-03-31": "1.68660", "2009-12-31": "6.49550", "2009-09-30": "6.15240", "2009-06-30": "4.46740", "2009-03-31": "2.86430", "2008-12-31": "-6.10380", "2008-09-30": "1.26350", "2008-06-30": "4.22540", "2008-03-31": "3.98250", "2007-12-31": "3.04460", "2007-09-30": "1.82340", "2007-06-30": "5.09330", "2007-03-31": "2.40210", "2006-12-31": "4.10430", "2006-09-30": "2.23380", "2006-06-30": "3.00750", "2006-03-31": "3.06410", "2005-12-31": "3.41980", "2005-09-30": "1.05020", "2005-06-30": "54.27150", "2005-03-31": "2.65240"}, "Net Profit Margin": {"2020-12-31": "10.14490", "2020-09-30": "0.82100", "2020-06-30": "6.44600", "2020-03-31": "-95.40980", "2019-12-31": "6.00380", "2019-09-30": "67.48770", "2019-06-30": "10.29640", "2019-03-31": "11.39430", "2018-12-31": "-8.33330", "2018-09-30": "1.34730", "2018-06-30": "5.38920", "2018-03-31": "10.86310", "2017-12-31": "-0.68850", "2017-09-30": "-6.59090", "2017-06-30": "-3.79310", "2017-03-31": "11.41440", "2016-12-31": "-0.14200", "2016-09-30": "-36.60480", "2016-06-30": "8.98730", "2016-03-31": "6.97670", "2015-12-31": "7.65260", "2015-09-30": "-4.29690", "2015-06-30": "7.82740", "2015-03-31": "16.59260", "2014-12-31": "2.30050", "2014-09-30": "4.41850", "2014-06-30": "6.16820", "2014-03-31": "-2.84790", "2013-12-31": "7.68160", "2013-09-30": "38.64500", "2013-06-30": "7.63550", "2013-03-31": "3.41940", "2012-12-31": "5.40400", "2012-09-30": "-85.09320", "2012-06-30": "7.05280", "2012-03-31": "4.23280", "2011-12-31": "3.16060", "2011-09-30": "-14.25470", "2011-06-30": "5.57890", "2011-03-31": "31.14970", "2010-12-31": "6.90860", "2010-09-30": "3.19060", "2010-06-30": "10.01350", "2010-03-31": "1.54600", "2009-12-31": "6.49550", "2009-09-30": "4.40130", "2009-06-30": "2.45460", "2009-03-31": "2.41210", "2008-12-31": "-6.05290", "2008-09-30": "-0.45130", "2008-06-30": "3.27120", "2008-03-31": "3.49680", "2007-12-31": "1.73230", "2007-09-30": "1.53550", "2007-06-30": "5.04290", "2007-03-31": "2.55870", "2006-12-31": "2.71770", "2006-09-30": "10.38960", "2006-06-30": "4.99460", "2006-03-31": "2.72980", "2005-12-31": "3.89150", "2005-09-30": "6.47610", "2005-06-30": "62.63740", "2005-03-31": "1.53560"}, "Asset Turnover": {"2020-12-31": "0.08190", "2020-09-30": "0.08860", "2020-06-30": "0.08220", "2020-03-31": "0.08750", "2019-12-31": "0.07280", "2019-09-30": "0.08400", "2019-06-30": "0.08090", "2019-03-31": "0.08340", "2018-12-31": "0.07250", "2018-09-30": "0.08090", "2018-06-30": "0.08120", "2018-03-31": "0.07960", "2017-12-31": "0.06710", "2017-09-30": "0.10210", "2017-06-30": "0.10230", "2017-03-31": "0.08770", "2016-12-31": "0.07770", "2016-09-30": "0.07540", "2016-06-30": "0.07970", "2016-03-31": "0.12590", "2015-12-31": "0.12020", "2015-09-30": "0.12730", "2015-06-30": "0.13730", "2015-03-31": "0.13780", "2014-12-31": "0.13440", "2014-09-30": "0.14090", "2014-06-30": "0.13240", "2014-03-31": "0.12680", "2013-12-31": "0.11950", "2013-09-30": "0.08670", "2013-06-30": "0.13360", "2013-03-31": "0.12650", "2012-12-31": "0.15100", "2012-09-30": "0.02570", "2012-06-30": "0.16990", "2012-03-31": "0.16360", "2011-12-31": "0.15420", "2011-09-30": "0.14230", "2011-06-30": "0.17580", "2011-03-31": "0.16540", "2010-12-31": "0.15330", "2010-09-30": "0.24990", "2010-06-30": "0.16160", "2010-03-31": "0.15400", "2009-12-31": "0.14340", "2009-09-30": "0.21990", "2009-06-30": "0.22230", "2009-03-31": "0.21540", "2008-12-31": "0.20180", "2008-09-30": "0.38400", "2008-06-30": "0.37660", "2008-03-31": "0.35640", "2007-12-31": "0.33740", "2007-09-30": "0.36650", "2007-06-30": "0.35340", "2007-03-31": "0.34460", "2006-12-31": "0.33230", "2006-09-30": "0.29210", "2006-06-30": "0.26860", "2006-03-31": "0.27400", "2005-12-31": "0.26160", "2005-09-30": "0.25150", "2005-06-30": "0.40760", "2005-03-31": "0.27500"}, "Inventory Turnover Ratio": {"2020-12-31": "0.69650", "2020-09-30": "0.84690", "2020-06-30": "0.61260", "2020-03-31": "0.67590", "2019-12-31": "0.60030", "2019-09-30": "0.66830", "2019-06-30": "0.72940", "2019-03-31": "0.78300", "2018-12-31": "0.68500", "2018-09-30": "0.73150", "2018-06-30": "0.66920", "2018-03-31": "0.69180", "2017-12-31": "0.59640", "2017-09-30": "1.01890", "2017-06-30": "1.00630", "2017-03-31": "0.84130", "2016-12-31": "0.77330", "2016-09-30": "1.06120", "2016-06-30": "0.81830", "2016-03-31": "1.13360", "2015-12-31": "1.06640", "2015-09-30": "1.37390", "2015-06-30": "1.34140", "2015-03-31": "1.29550", "2014-12-31": "1.31640", "2014-09-30": "1.60520", "2014-06-30": "1.48660", "2014-03-31": "1.51100", "2013-12-31": "1.12210", "2013-09-30": "0.86540", "2013-06-30": "1.37960", "2013-03-31": "1.20860", "2012-12-31": "1.32140", "2012-09-30": "0.38390", "2012-06-30": "1.46420", "2012-03-31": "1.58480", "2011-12-31": "1.43530", "2011-09-30": "1.65190", "2011-06-30": "2.21360", "2011-03-31": "2.04870", "2010-12-31": "2.08250", "2010-09-30": "4.25730", "2010-06-30": "1.69720", "2010-03-31": "1.70740", "2009-12-31": "1.52780", "2009-09-30": "3.03800", "2009-06-30": "2.98650", "2009-03-31": "2.64420", "2008-12-31": "2.38520", "2008-09-30": "3.98740", "2008-06-30": "3.53930", "2008-03-31": "3.16510", "2007-12-31": "2.51030", "2007-09-30": "2.85250", "2007-06-30": "2.79900", "2007-03-31": "2.73440", "2006-12-31": "2.56720", "2006-09-30": "3.03010", "2006-06-30": "2.96340", "2006-03-31": "3.00400", "2005-12-31": "2.79960", "2005-09-30": "3.22320", "2005-06-30": "3.65780", "2005-03-31": "3.21250"}, "Receiveable Turnover": {"2020-12-31": "1.34960", "2020-09-30": "1.29300", "2020-06-30": "1.26150", "2020-03-31": "1.22490", "2019-12-31": "1.20860", "2019-09-30": "1.26610", "2019-06-30": "1.26430", "2019-03-31": "1.27780", "2018-12-31": "1.28570", "2018-09-30": "1.27970", "2018-06-30": "0.96810", "2018-03-31": "0.93720", "2017-12-31": "0.97320", "2017-09-30": "1.43790", "2017-06-30": "1.35300", "2017-03-31": "0.82920", "2016-12-31": "0.82050", "2016-09-30": "1.42530", "2016-06-30": "0.87000", "2016-03-31": "1.33370", "2015-12-31": "1.36660", "2015-09-30": "1.33190", "2015-06-30": "1.35350", "2015-03-31": "1.29060", "2014-12-31": "1.34790", "2014-09-30": "1.28040", "2014-06-30": "1.36130", "2014-03-31": "1.34350", "2013-12-31": "1.05060", "2013-09-30": "0.94160", "2013-06-30": "1.07410", "2013-03-31": "1.06900", "2012-12-31": "1.35430", "2012-09-30": "0.21740", "2012-06-30": "1.45250", "2012-03-31": "1.39620", "2011-12-31": "1.40980", "2011-09-30": "1.24490", "2011-06-30": "1.33680", "2011-03-31": "1.36340", "2010-12-31": "1.42590", "2010-09-30": "2.13630", "2010-06-30": "0.94200", "2010-03-31": "0.95250", "2009-12-31": "1.02720", "2009-09-30": "1.51800", "2009-06-30": "1.44980", "2009-03-31": "1.46650", "2008-12-31": "1.31150", "2008-09-30": "1.53780", "2008-06-30": "1.44800", "2008-03-31": "1.37450", "2007-12-31": "1.38650", "2007-09-30": "1.42060", "2007-06-30": "1.35270", "2007-03-31": "1.32250", "2006-12-31": "1.34450", "2006-09-30": "1.37400", "2006-06-30": "1.33570", "2006-03-31": "1.40340", "2005-12-31": "1.42400", "2005-09-30": "1.38000", "2005-06-30": "1.15950", "2005-03-31": "1.49760"}, "Days Sales In Receivables": {"2020-12-31": "66.68480", "2020-09-30": "69.60590", "2020-06-30": "71.34150", "2020-03-31": "73.47540", "2019-12-31": "74.46530", "2019-09-30": "71.08380", "2019-06-30": "71.18570", "2019-03-31": "70.43480", "2018-12-31": "70.00000", "2018-09-30": "70.32930", "2018-06-30": "92.96410", "2018-03-31": "96.02680", "2017-12-31": "92.47850", "2017-09-30": "62.59090", "2017-06-30": "66.51720", "2017-03-31": "108.53600", "2016-12-31": "109.68750", "2016-09-30": "63.14320", "2016-06-30": "103.44300", "2016-03-31": "67.48200", "2015-12-31": "65.85560", "2015-09-30": "67.57030", "2015-06-30": "66.49600", "2015-03-31": "69.73330", "2014-12-31": "66.77210", "2014-09-30": "70.29240", "2014-06-30": "66.11220", "2014-03-31": "66.99030", "2013-12-31": "85.66340", "2013-09-30": "95.58210", "2013-06-30": "83.79310", "2013-03-31": "84.19350", "2012-12-31": "66.45270", "2012-09-30": "413.94410", "2012-06-30": "61.96170", "2012-03-31": "64.45890", "2011-12-31": "63.83940", "2011-09-30": "72.29270", "2011-06-30": "67.32450", "2011-03-31": "66.01160", "2010-12-31": "63.11930", "2010-09-30": "42.12850", "2010-06-30": "95.54130", "2010-03-31": "94.49050", "2009-12-31": "87.62090", "2009-09-30": "59.29010", "2009-06-30": "62.07660", "2009-03-31": "61.37190", "2008-12-31": "68.62160", "2008-09-30": "58.52440", "2008-06-30": "62.15360", "2008-03-31": "65.47840", "2007-12-31": "64.91340", "2007-09-30": "63.35410", "2007-06-30": "66.53560", "2007-03-31": "68.05220", "2006-12-31": "66.93840", "2006-09-30": "65.50130", "2006-06-30": "67.37920", "2006-03-31": "64.12810", "2005-12-31": "63.20170", "2005-09-30": "65.21590", "2005-06-30": "77.62140", "2005-03-31": "60.09770"}, "ROE - Return On Equity": {"2020-12-31": "1.95390", "2020-09-30": "", "2020-06-30": "1.65950", "2020-03-31": "-19.27590", "2019-12-31": "0.93790", "2019-09-30": "0.75610", "2019-06-30": "0.71500", "2019-03-31": "1.33850", "2018-12-31": "-2.14830", "2018-09-30": "-0.05870", "2018-06-30": "0.32360", "2018-03-31": "1.19620", "2017-12-31": "-0.94150", "2017-09-30": "-1.55610", "2017-06-30": "-0.47070", "2017-03-31": "0.92270", "2016-12-31": "-2.16590", "2016-09-30": "-10.86890", "2016-06-30": "0.87780", "2016-03-31": "3.19500", "2015-12-31": "3.57280", "2015-09-30": "-1.94270", "2015-06-30": "3.63120", "2015-03-31": "3.14670", "2014-12-31": "1.20300", "2014-09-30": "-0.72560", "2014-06-30": "1.56770", "2014-03-31": "-1.33480", "2013-12-31": "1.88640", "2013-09-30": "6.89660", "2013-06-30": "2.17130", "2013-03-31": "1.15470", "2012-12-31": "2.45660", "2012-09-30": "-7.34670", "2012-06-30": "3.84060", "2012-03-31": "2.12670", "2011-12-31": "1.47600", "2011-09-30": "-6.57800", "2011-06-30": "1.64220", "2011-03-31": "4.04710", "2010-12-31": "1.83130", "2010-09-30": "1.89130", "2010-06-30": "3.20020", "2010-03-31": "0.16300", "2009-12-31": "1.70480", "2009-09-30": "2.73440", "2009-06-30": "1.37580", "2009-03-31": "1.35480", "2008-12-31": "-3.30560", "2008-09-30": "-0.03120", "2008-06-30": "1.96550", "2008-03-31": "2.18450", "2007-12-31": "1.18530", "2007-09-30": "0.98290", "2007-06-30": "2.83080", "2007-03-31": "1.06130", "2006-12-31": "", "2006-09-30": "1.80880", "2006-06-30": "", "2006-03-31": "", "2005-12-31": "", "2005-09-30": "2.16640", "2005-06-30": "", "2005-03-31": ""}, "Return On Tangible Equity": {"2020-12-31": "18.54100", "2020-09-30": "", "2020-06-30": "19.76290", "2020-03-31": "-266.20370", "2019-12-31": "12.18640", "2019-09-30": "11.73910", "2019-06-30": "-12.36560", "2019-03-31": "-86.53850", "2018-12-31": "49.65040", "2018-09-30": "2.40960", "2018-06-30": "-3.70370", "2018-03-31": "-14.89360", "2017-12-31": "8.55610", "2017-09-30": "14.02120", "2017-06-30": "4.66470", "2017-03-31": "-10.10450", "2016-12-31": "17.42630", "2016-09-30": "1011.76500", "2016-06-30": "-2.61150", "2016-03-31": "-9.01550", "2015-12-31": "-8.84350", "2015-09-30": "9.98310", "2015-06-30": "-22.03070", "2015-03-31": "-14.63790", "2014-12-31": "-7.76700", "2014-09-30": "7.04610", "2014-06-30": "15.77780", "2014-03-31": "-13.11830", "2013-12-31": "-18.29520", "2013-09-30": "77.14990", "2013-06-30": "-8.17260", "2013-03-31": "-4.58450", "2012-12-31": "-9.13980", "2012-09-30": "23.69900", "2012-06-30": "-14.61190", "2012-03-31": "-7.80570", "2011-12-31": "-4.55580", "2011-09-30": "21.08530", "2011-06-30": "5.71650", "2011-03-31": "14.36460", "2010-12-31": "10.07090", "2010-09-30": "13.13870", "2010-06-30": "27.72510", "2010-03-31": "1.64380", "2009-12-31": "17.82730", "2009-09-30": "53.55190", "2009-06-30": "13.45650", "2009-03-31": "27.27270", "2008-12-31": "-69.18600", "2008-09-30": "-0.03560", "2008-06-30": "2.23500", "2008-03-31": "2.47340", "2007-12-31": "1.34470", "2007-09-30": "1.11630", "2007-06-30": "3.22700", "2007-03-31": "1.21760", "2006-12-31": "2.11920", "2006-09-30": "2.01010", "2006-06-30": "1.19970", "2006-03-31": "1.44340", "2005-12-31": "1.01300", "2005-09-30": "2.31160", "2005-06-30": "57.03680", "2005-03-31": "1.44930"}, "ROA - Return On Assets": {"2020-12-31": "0.90480", "2020-09-30": "", "2020-06-30": "0.71570", "2020-03-31": "-8.25200", "2019-12-31": "0.46410", "2019-09-30": "0.37240", "2019-06-30": "0.29020", "2019-03-31": "0.56260", "2018-12-31": "-0.89390", "2018-09-30": "-0.02420", "2018-06-30": "0.13380", "2018-03-31": "0.49760", "2017-12-31": "-0.36970", "2017-09-30": "-0.61500", "2017-06-30": "-0.18810", "2017-03-31": "0.31570", "2016-12-31": "-0.71720", "2016-09-30": "-3.44000", "2016-06-30": "0.24210", "2016-03-31": "0.87870", "2015-12-31": "0.94080", "2015-09-30": "-0.58680", "2015-06-30": "1.15520", "2015-03-31": "0.96980", "2014-12-31": "0.38650", "2014-09-30": "-0.23810", "2014-06-30": "0.58550", "2014-03-31": "-0.50050", "2013-12-31": "0.73440", "2013-09-30": "2.59760", "2013-06-30": "0.73200", "2013-03-31": "0.39180", "2012-12-31": "0.82420", "2012-09-30": "-2.36350", "2012-06-30": "1.27000", "2012-03-31": "0.70830", "2011-12-31": "0.47950", "2011-09-30": "-2.09780", "2011-06-30": "0.79100", "2011-03-31": "1.93370", "2010-12-31": "0.75940", "2010-09-30": "0.75550", "2010-06-30": "1.27940", "2010-03-31": "0.06490", "2009-12-31": "0.69340", "2009-09-30": "1.02010", "2009-06-30": "0.55650", "2009-03-31": "0.51960", "2008-12-31": "-1.22150", "2008-09-30": "-0.01730", "2008-06-30": "1.12940", "2008-03-31": "1.24610", "2007-12-31": "0.67300", "2007-09-30": "0.54520", "2007-06-30": "1.53240", "2007-03-31": "0.55790", "2006-12-31": "0.97680", "2006-09-30": "0.84980", "2006-06-30": "0.60580", "2006-03-31": "0.76310", "2005-12-31": "0.54000", "2005-09-30": "1.18860", "2005-06-30": "25.53100", "2005-03-31": "0.42230"}, "ROI - Return On Investment": {"2020-12-31": "1.29160", "2020-09-30": "", "2020-06-30": "1.09650", "2020-03-31": "-12.72690", "2019-12-31": "0.66320", "2019-09-30": "0.53230", "2019-06-30": "0.41880", "2019-03-31": "0.79830", "2018-12-31": "-1.27240", "2018-09-30": "-0.03520", "2018-06-30": "0.18810", "2018-03-31": "0.68970", "2017-12-31": "-0.53480", "2017-09-30": "-0.88480", "2017-06-30": "-0.26740", "2017-03-31": "0.48700", "2016-12-31": "-1.11570", "2016-09-30": "-6.26590", "2016-06-30": "0.39670", "2016-03-31": "1.43780", "2015-12-31": "1.54660", "2015-09-30": "-0.92400", "2015-06-30": "1.76140", "2015-03-31": "1.59340", "2014-12-31": "0.63820", "2014-09-30": "-0.40040", "2014-06-30": "0.95050", "2014-03-31": "-0.81130", "2013-12-31": "1.15590", "2013-09-30": "4.18670", "2013-06-30": "1.26120", "2013-03-31": "0.66760", "2012-12-31": "1.40850", "2012-09-30": "-4.13410", "2012-06-30": "2.06910", "2012-03-31": "1.15090", "2011-12-31": "0.78210", "2011-09-30": "-3.49480", "2011-06-30": "1.38500", "2011-03-31": "4.04710", "2010-12-31": "1.83130", "2010-09-30": "1.46490", "2010-06-30": "2.45900", "2010-03-31": "0.12540", "2009-12-31": "1.21440", "2009-09-30": "1.91370", "2009-06-30": "0.91320", "2009-03-31": "0.85300", "2008-12-31": "-2.07750", "2008-09-30": "-0.03080", "2008-06-30": "1.93950", "2008-03-31": "2.14290", "2007-12-31": "1.16210", "2007-09-30": "0.96330", "2007-06-30": "2.77150", "2007-03-31": "1.03750", "2006-12-31": "1.79780", "2006-09-30": "1.76880", "2006-06-30": "1.08500", "2006-03-31": "1.32590", "2005-12-31": "0.93010", "2005-09-30": "2.11990", "2005-06-30": "46.05160", "2005-03-31": "0.82810"}, "Book Value Per Share": {"2020-12-31": "51.46130", "2020-09-30": "49.77050", "2020-06-30": "49.82640", "2020-03-31": "49.34170", "2019-12-31": "60.16900", "2019-09-30": "59.51670", "2019-06-30": "53.15420", "2019-03-31": "53.61020", "2018-12-31": "53.30650", "2018-09-30": "54.93550", "2018-06-30": "54.44850", "2018-03-31": "56.28140", "2017-12-31": "54.82260", "2017-09-30": "54.93550", "2017-06-30": "54.46940", "2017-03-31": "50.51670", "2016-12-31": "48.23440", "2016-09-30": "51.04840", "2016-06-30": "44.02510", "2016-03-31": "43.87620", "2015-12-31": "40.28470", "2015-09-30": "45.32840", "2015-06-30": "46.83250", "2015-03-31": "44.67560", "2014-12-31": "48.00400", "2014-09-30": "51.18570", "2014-06-30": "58.02470", "2014-03-31": "58.64090", "2013-12-31": "59.95760", "2013-09-30": "59.12990", "2013-06-30": "52.98810", "2013-03-31": "52.60490", "2012-12-31": "52.57030", "2012-09-30": "51.00000", "2012-06-30": "53.04170", "2012-03-31": "53.93350", "2011-12-31": "51.91170", "2011-09-30": "53.01280", "2011-06-30": "58.53550", "2011-03-31": "56.82550", "2010-12-31": "49.05110", "2010-09-30": "48.18990", "2010-06-30": "46.43720", "2010-03-31": "46.90270", "2009-12-31": "48.09060", "2009-09-30": "47.78670", "2009-06-30": "49.80520", "2009-03-31": "47.60180", "2008-12-31": "48.36760", "2008-09-30": "50.82540", "2008-06-30": "53.29740", "2008-03-31": "52.37320", "2007-12-31": "50.96740", "2007-09-30": "50.06350", "2007-06-30": "48.36500", "2007-03-31": "46.53130", "2006-12-31": "45.94730", "2006-09-30": "46.20900", "2006-06-30": "53.45770", "2006-03-31": "51.98130", "2005-12-31": "51.72250", "2005-09-30": "51.21920", "2005-06-30": "50.49870", "2005-03-31": ""}, "Operating Cash Flow Per Share": {"2020-12-31": "1.73770", "2020-09-30": 2.6229, "2020-06-30": 2.2951, "2020-03-31": 0.7705, "2019-12-31": "-0.55740", "2019-09-30": 2.119, "2019-06-30": 1.4062, "2019-03-31": 0.2367, "2018-12-31": "-0.14290", "2018-09-30": 2.3125, "2018-06-30": 1.5, "2018-03-31": 0.4531, "2017-12-31": "-0.50000", "2017-09-30": 0.6651, "2017-06-30": 2.1285, "2017-03-31": 0.936, "2016-12-31": "-0.96770", "2016-09-30": 2.4795, "2016-06-30": -0.2381, "2016-03-31": 2.9683, "2015-12-31": "1.00000", "2015-09-30": -1.4827, "2015-06-30": -3.7295, "2015-03-31": 0.677, "2014-12-31": "0.71430", "2014-09-30": 2.322, "2014-06-30": 2.6267, "2014-03-31": 2.2564, "2013-12-31": "0.23080", "2013-09-30": 3.2, "2013-06-30": 2.425, "2013-03-31": 1.525, "2012-12-31": "1.01250", "2012-09-30": 0.5375, "2012-06-30": 1.475, "2012-03-31": 2.6411, "2011-12-31": "-2.29110", "2011-09-30": 1.925, "2011-06-30": 0.15, "2011-03-31": 1.4375, "2010-12-31": "-0.47500", "2010-09-30": 2.5875, "2010-06-30": 1.2, "2010-03-31": 2.3949, "2009-12-31": "0.70510", "2009-09-30": 1.0178, "2009-06-30": 4.6803, "2009-03-31": 2.9005, "2008-12-31": "1.07250", "2008-09-30": 2.3282, "2008-06-30": 1.6168, "2008-03-31": 2.5238, "2007-12-31": "1.00000", "2007-09-30": 2.8261, "2007-06-30": 1.4239, "2007-03-31": 0.58, "2006-12-31": "-1.87690", "2006-09-30": 2.2229, "2006-06-30": 1.9305, "2006-03-31": 0.7793, "2005-12-31": "-2.89040", "2005-09-30": -2.4209, "2005-06-30": 4.8649, "2005-03-31": -3.2973}, "Free Cash Flow Per Share": {"2020-12-31": "1.32790", "2020-09-30": 1.9672, "2020-06-30": 1.8525, "2020-03-31": 0.1639, "2019-12-31": "-1.03280", "2019-09-30": 1.4143, "2019-06-30": 0.8407, "2019-03-31": -0.3343, "2018-12-31": "-0.60320", "2018-09-30": 1.2656, "2018-06-30": 0.9532, "2018-03-31": -0.0212, "2017-12-31": "-0.82260", "2017-09-30": 0.0456, "2017-06-30": 1.3195, "2017-03-31": 0.3095, "2016-12-31": "-1.50000", "2016-09-30": 1.1193, "2016-06-30": -0.9842, "2016-03-31": 2.1689, "2015-12-31": "0.21210", "2015-09-30": -2.619, "2015-06-30": -4.63, "2015-03-31": 0.0451, "2014-12-31": "0.11430", "2014-09-30": 0.9911, "2014-06-30": 1.9961, "2014-03-31": 1.641, "2013-12-31": "-0.33330", "2013-09-30": 1.85, "2013-06-30": 1.675, "2013-03-31": 1, "2012-12-31": "0.40000", "2012-09-30": -0.4875, "2012-06-30": 0.7375, "2012-03-31": 1.9979, "2011-12-31": "-2.83540", "2011-09-30": 0.6625, "2011-06-30": -0.325, "2011-03-31": 1.0625, "2010-12-31": "-0.70000", "2010-09-30": 1.4625, "2010-06-30": 0.7875, "2010-03-31": 2.0256, "2009-12-31": "0.47440", "2009-09-30": 0.7988, "2009-06-30": 4.3474, "2009-03-31": 2.3952, "2008-12-31": "0.55070", "2008-09-30": 0.9688, "2008-06-30": 1.1515, "2008-03-31": 1.6766, "2007-12-31": "0.62500", "2007-09-30": 2.4609, "2007-06-30": 0.836, "2007-03-31": 0.0873, "2006-12-31": "-2.41540", "2006-09-30": 1.6371, "2006-06-30": 1.3889, "2006-03-31": 0.0801, "2005-12-31": "-3.23290", "2005-09-30": -0.9695, "2005-06-30": 2.7297, "2005-03-31": -5.0135}}, "revenue": {"Ashland Global Holdings Annual Revenue (Millions of US $)": {"2020": "$2,326", "2019": "$2,493", "2018": "$2,589", "2017": "$2,309", "2016": "$3,019", "2015": "$3,420", "2014": "$6,121", "2013": "$6,091", "2012": "$6,472", "2011": "$6,502", "2010": "$5,741", "2009": "$5,220", "2008": "$8,381", "2007": "$7,785", "2006": "$7,233", "2005": "$7,295"}, "Ashland Global Holdings Quarterly Revenue (Millions of US $)": {"2020-12-31": "$552", "2020-09-30": "$609", "2020-06-30": "$574", "2020-03-31": "$610", "2019-12-31": "$533", "2019-09-30": "$609", "2019-06-30": "$641", "2019-03-31": "$667", "2018-12-31": "$576", "2018-09-30": "$668", "2018-06-30": "$668", "2018-03-31": "$672", "2017-12-31": "$581", "2017-09-30": "$880", "2017-06-30": "$870", "2017-03-31": "$806", "2016-12-31": "$704", "2016-09-30": "$754", "2016-06-30": "$790", "2016-03-31": "$1,247", "2015-12-31": "$1,163", "2015-09-30": "$1,280", "2015-06-30": "$1,367", "2015-03-31": "$1,350", "2014-12-31": "$1,391", "2014-09-30": "$1,539", "2014-06-30": "$1,605", "2014-03-31": "$1,545", "2013-12-31": "$1,432", "2013-09-30": "$1,048", "2013-06-30": "$1,624", "2013-03-31": "$1,550", "2012-12-31": "$1,869", "2012-09-30": "$322", "2012-06-30": "$2,141", "2012-03-31": "$2,079", "2011-12-31": "$1,930", "2011-09-30": "$1,845", "2011-06-30": "$1,667", "2011-03-31": "$1,557", "2010-12-31": "$1,433", "2010-09-30": "$2,382", "2010-06-30": "$1,478", "2010-03-31": "$1,423", "2009-12-31": "$1,324", "2009-09-30": "$2,113", "2009-06-30": "$2,037", "2009-03-31": "$1,990", "2008-12-31": "$1,966", "2008-09-30": "$2,216", "2008-06-30": "$2,201", "2008-03-31": "$2,059", "2007-12-31": "$1,905", "2007-09-30": "$2,084", "2007-06-30": "$1,983", "2007-03-31": "$1,915", "2006-12-31": "$1,803", "2006-09-30": "$1,925", "2006-06-30": "$1,862", "2006-03-31": "$1,795", "2005-12-31": "$1,696", "2005-09-30": "$1,714", "2005-06-30": "$2,821", "2005-03-31": "$2,149"}}, "gross-profit": {"Ashland Global Holdings Annual Gross Profit (Millions of US $)": {"2020": "$707", "2019": "$767", "2018": "$863", "2017": "$729", "2016": "$887", "2015": "$888", "2014": "$1,516", "2013": "$1,787", "2012": "$1,659", "2011": "$1,612", "2010": "$1,617", "2009": "$1,370", "2008": "$1,325", "2007": "$1,338", "2006": "$1,203", "2005": "$1,750"}, "Ashland Global Holdings Quarterly Gross Profit (Millions of US $)": {"2020-12-31": "$178", "2020-09-30": "$161", "2020-06-30": "$196", "2020-03-31": "$197", "2019-12-31": "$153", "2019-09-30": "$210", "2019-06-30": "$207", "2019-03-31": "$198", "2018-12-31": "$152", "2018-09-30": "$232", "2018-06-30": "$229", "2018-03-31": "$223", "2017-12-31": "$179", "2017-09-30": "$234", "2017-06-30": "$235", "2017-03-31": "$228", "2016-12-31": "$189", "2016-09-30": "$182", "2016-06-30": "$236", "2016-03-31": "$424", "2015-12-31": "$392", "2015-09-30": "$310", "2015-06-30": "$428", "2015-03-31": "$425", "2014-12-31": "$409", "2014-09-30": "$311", "2014-06-30": "$444", "2014-03-31": "$377", "2013-12-31": "$384", "2013-09-30": "$392", "2013-06-30": "$432", "2013-03-31": "$426", "2012-12-31": "$537", "2012-09-30": "$-65", "2012-06-30": "$627", "2012-03-31": "$575", "2011-12-31": "$522", "2011-09-30": "$317", "2011-06-30": "$434", "2011-03-31": "$463", "2010-12-31": "$398", "2010-09-30": "$479", "2010-06-30": "$441", "2010-03-31": "$431", "2009-12-31": "$418", "2009-09-30": "$512", "2009-06-30": "$493", "2009-03-31": "$459", "2008-12-31": "$325", "2008-09-30": "$318", "2008-06-30": "$357", "2008-03-31": "$334", "2007-12-31": "$316", "2007-09-30": "$344", "2007-06-30": "$340", "2007-03-31": "$340", "2006-12-31": "$314", "2006-09-30": "$313", "2006-06-30": "$324", "2006-03-31": "$311", "2005-12-31": "$299", "2005-09-30": "$299", "2005-06-30": "$747", "2005-03-31": "$395"}}, "operating-income": {"Ashland Global Holdings Annual Operating Income (Millions of US $)": {"2020": "$-388", "2019": "$166", "2018": "$102", "2017": "$49", "2016": "$-50", "2015": "$112", "2014": "$46", "2013": "$1,039", "2012": "$281", "2011": "$130", "2010": "$249", "2009": "$-91", "2008": "$213", "2007": "$216", "2006": "$170", "2005": "$671"}, "Ashland Global Holdings Quarterly Operating Income (Millions of US $)": {"2020-12-31": "$41", "2020-09-30": "$15", "2020-06-30": "$48", "2020-03-31": "$-468", "2019-12-31": "$17", "2019-09-30": "$86", "2019-06-30": "$43", "2019-03-31": "$44", "2018-12-31": "$-7", "2018-09-30": "$4", "2018-06-30": "$30", "2018-03-31": "$63", "2017-12-31": "$5", "2017-09-30": "$34", "2017-06-30": "$37", "2017-03-31": "$53", "2016-12-31": "$15", "2016-09-30": "$-272", "2016-06-30": "$57", "2016-03-31": "$147", "2015-12-31": "$151", "2015-09-30": "$-101", "2015-06-30": "$196", "2015-03-31": "$193", "2014-12-31": "$169", "2014-09-30": "$-176", "2014-06-30": "$143", "2014-03-31": "$-64", "2013-12-31": "$143", "2013-09-30": "$504", "2013-06-30": "$175", "2013-03-31": "$184", "2012-12-31": "$176", "2012-09-30": "$-305", "2012-06-30": "$263", "2012-03-31": "$179", "2011-12-31": "$144", "2011-09-30": "$-369", "2011-06-30": "$129", "2011-03-31": "$256", "2010-12-31": "$114", "2010-09-30": "$106", "2010-06-30": "$139", "2010-03-31": "$132", "2009-12-31": "$127", "2009-09-30": "$133", "2009-06-30": "$152", "2009-03-31": "$112", "2008-12-31": "$-7", "2008-09-30": "$28", "2008-06-30": "$87", "2008-03-31": "$52", "2007-12-31": "$46", "2007-09-30": "$26", "2007-06-30": "$91", "2007-03-31": "$41", "2006-12-31": "$58", "2006-09-30": "$28", "2006-06-30": "$47", "2006-03-31": "$49", "2005-12-31": "$46", "2005-09-30": "$21", "2005-06-30": "$410", "2005-03-31": "$86"}}, "ebitda": {"Ashland Global Holdings Annual EBITDA (Millions of US $)": {"2020": "$-126", "2019": "$468", "2018": "$387", "2017": "$423", "2016": "$270", "2015": "$436", "2014": "$453", "2013": "$1,460", "2012": "$694", "2011": "$455", "2010": "$610", "2009": "$276", "2008": "$358", "2007": "$349", "2006": "$281", "2005": "$771"}, "Ashland Global Holdings Quarterly EBITDA (Millions of US $)": {"2020-12-31": "$104", "2020-09-30": "$80", "2020-06-30": "$111", "2020-03-31": "$-397", "2019-12-31": "$80", "2019-09-30": "$157", "2019-06-30": "$107", "2019-03-31": "$128", "2018-12-31": "$76", "2018-09-30": "$74", "2018-06-30": "$100", "2018-03-31": "$136", "2017-12-31": "$77", "2017-09-30": "$82", "2017-06-30": "$132", "2017-03-31": "$122", "2016-12-31": "$177", "2016-09-30": "$-188", "2016-06-30": "$119", "2016-03-31": "$235", "2015-12-31": "$237", "2015-09-30": "$-49", "2015-06-30": "$291", "2015-03-31": "$281", "2014-12-31": "$258", "2014-09-30": "$-61", "2014-06-30": "$236", "2014-03-31": "$44", "2013-12-31": "$234", "2013-09-30": "$592", "2013-06-30": "$269", "2013-03-31": "$311", "2012-12-31": "$288", "2012-09-30": "$-230", "2012-06-30": "$377", "2012-03-31": "$293", "2011-12-31": "$254", "2011-09-30": "$-277", "2011-06-30": "$200", "2011-03-31": "$341", "2010-12-31": "$191", "2010-09-30": "$181", "2010-06-30": "$210", "2010-03-31": "$267", "2009-12-31": "$207", "2009-09-30": "$211", "2009-06-30": "$259", "2009-03-31": "$216", "2008-12-31": "$71", "2008-09-30": "$68", "2008-06-30": "$121", "2008-03-31": "$89", "2007-12-31": "$80", "2007-09-30": "$76", "2007-06-30": "$117", "2007-03-31": "$70", "2006-12-31": "$86", "2006-09-30": "$59", "2006-06-30": "$75", "2006-03-31": "$76", "2005-12-31": "$71", "2005-09-30": "$-20", "2005-06-30": "$458", "2005-03-31": "$133"}}, "net-income": {"Ashland Global Holdings Annual Net Income (Millions of US $)": {"2020": "$-508", "2019": "$505", "2018": "$114", "2017": "$1", "2016": "$-29", "2015": "$309", "2014": "$233", "2013": "$683", "2012": "$26", "2011": "$414", "2010": "$141", "2009": "$-261", "2008": "$167", "2007": "$230", "2006": "$407", "2005": "$2,004"}, "Ashland Global Holdings Quarterly Net Income (Millions of US $)": {"2020-12-31": "$56", "2020-09-30": "$5", "2020-06-30": "$37", "2020-03-31": "$-582", "2019-12-31": "$32", "2019-09-30": "$411", "2019-06-30": "$66", "2019-03-31": "$76", "2018-12-31": "$-48", "2018-09-30": "$9", "2018-06-30": "$36", "2018-03-31": "$73", "2017-12-31": "$-4", "2017-09-30": "$-58", "2017-06-30": "$-33", "2017-03-31": "$92", "2016-12-31": "$-1", "2016-09-30": "$-276", "2016-06-30": "$71", "2016-03-31": "$87", "2015-12-31": "$89", "2015-09-30": "$-55", "2015-06-30": "$107", "2015-03-31": "$224", "2014-12-31": "$32", "2014-09-30": "$68", "2014-06-30": "$99", "2014-03-31": "$-44", "2013-12-31": "$110", "2013-09-30": "$405", "2013-06-30": "$124", "2013-03-31": "$53", "2012-12-31": "$101", "2012-09-30": "$-274", "2012-06-30": "$151", "2012-03-31": "$88", "2011-12-31": "$61", "2011-09-30": "$-263", "2011-06-30": "$93", "2011-03-31": "$485", "2010-12-31": "$99", "2010-09-30": "$76", "2010-06-30": "$148", "2010-03-31": "$22", "2009-12-31": "$86", "2009-09-30": "$93", "2009-06-30": "$50", "2009-03-31": "$48", "2008-12-31": "$-119", "2008-09-30": "$-10", "2008-06-30": "$72", "2008-03-31": "$72", "2007-12-31": "$33", "2007-09-30": "$32", "2007-06-30": "$100", "2007-03-31": "$49", "2006-12-31": "$49", "2006-09-30": "$200", "2006-06-30": "$93", "2006-03-31": "$49", "2005-12-31": "$66", "2005-09-30": "$111", "2005-06-30": "$1,767", "2005-03-31": "$33"}}, "eps-earnings-per-share-diluted": {"Ashland Global Holdings Annual EPS": {"2020": "$-8.39", "2019": "$8.03", "2018": "$1.79", "2017": "$0.01", "2016": "$-0.47", "2015": "$4.54", "2014": "$3.00", "2013": "$8.57", "2012": "$0.33", "2011": "$5.17", "2010": "$1.78", "2009": "$-3.60", "2008": "$2.63", "2007": "$3.60", "2006": "$5.64", "2005": "$26.85"}, "Ashland Global Holdings Quarterly EPS": {"2020-12-31": "$0.91", "2020-09-30": "$0.08", "2020-06-30": "$0.61", "2020-03-31": "$-9.61", "2019-12-31": "$0.53", "2019-09-30": "$6.55", "2019-06-30": "$1.05", "2019-03-31": "$1.19", "2018-12-31": "$-0.76", "2018-09-30": "$0.15", "2018-06-30": "$0.56", "2018-03-31": "$1.15", "2017-12-31": "$-0.07", "2017-09-30": "$-0.92", "2017-06-30": "$-0.54", "2017-03-31": "$1.47", "2016-12-31": "$-0.01", "2016-09-30": "$-4.46", "2016-06-30": "$1.13", "2016-03-31": "$1.38", "2015-12-31": "$1.35", "2015-09-30": "$-0.82", "2015-06-30": "$1.56", "2015-03-31": "$3.26", "2014-12-31": "$0.46", "2014-09-30": "$0.92", "2014-06-30": "$1.25", "2014-03-31": "$-0.57", "2013-12-31": "$1.40", "2013-09-30": "$5.10", "2013-06-30": "$1.55", "2013-03-31": "$0.66", "2012-12-31": "$1.26", "2012-09-30": "$-3.44", "2012-06-30": "$1.90", "2012-03-31": "$1.10", "2011-12-31": "$0.77", "2011-09-30": "$-3.27", "2011-06-30": "$1.17", "2011-03-31": "$6.02", "2010-12-31": "$1.25", "2010-09-30": "$0.96", "2010-06-30": "$1.85", "2010-03-31": "$0.27", "2009-12-31": "$1.10", "2009-09-30": "$1.22", "2009-06-30": "$0.66", "2009-03-31": "$0.65", "2008-12-31": "$-1.73", "2008-09-30": "$-0.15", "2008-06-30": "$1.13", "2008-03-31": "$1.13", "2007-12-31": "$0.52", "2007-09-30": "$0.50", "2007-06-30": "$1.58", "2007-03-31": "$0.77", "2006-12-31": "$0.75", "2006-09-30": "$2.82", "2006-06-30": "$1.29", "2006-03-31": "$0.67", "2005-12-31": "$0.91", "2005-09-30": "$1.48", "2005-06-30": "$23.65", "2005-03-31": "$0.44"}}, "shares-outstanding": {"Ashland Global Holdings Annual Shares Outstanding (Millions of Shares)": {"2020": "61", "2019": "63", "2018": "64", "2017": "62", "2016": "63", "2015": "68", "2014": "78", "2013": "80", "2012": "80", "2011": "80", "2010": "79", "2009": "72", "2008": "64", "2007": "64", "2006": "72", "2005": "75"}, "Ashland Global Holdings Quarterly Shares Outstanding (Millions of Shares)": {"2020-12-31": "61", "2020-09-30": "61", "2020-06-30": "61", "2020-03-31": "61", "2019-12-31": "61", "2019-09-30": "63", "2019-06-30": "62", "2019-03-31": "64", "2018-12-31": "63", "2018-09-30": "64", "2018-06-30": "64", "2018-03-31": "64", "2017-12-31": "62", "2017-09-30": "63", "2017-06-30": "62", "2017-03-31": "63", "2016-12-31": "62", "2016-09-30": "62", "2016-06-30": "63", "2016-03-31": "63", "2015-12-31": "66", "2015-09-30": "67", "2015-06-30": "68", "2015-03-31": "69", "2014-12-31": "70", "2014-09-30": "78", "2014-06-30": "79", "2014-03-31": "78", "2013-12-31": "78", "2013-09-30": "80", "2013-06-30": "80", "2013-03-31": "80", "2012-12-31": "80", "2012-09-30": "80", "2012-06-30": "80", "2012-03-31": "80", "2011-12-31": "79", "2011-09-30": "80", "2011-06-30": "80", "2011-03-31": "80", "2010-12-31": "80", "2010-09-30": "80", "2010-06-30": "80", "2010-03-31": "80", "2009-12-31": "78", "2009-09-30": "76", "2009-06-30": "75", "2009-03-31": "74", "2008-12-31": "69", "2008-09-30": "64", "2008-06-30": "64", "2008-03-31": "63", "2007-12-31": "64", "2007-09-30": "64", "2007-06-30": "63", "2007-03-31": "64", "2006-12-31": "65", "2006-09-30": "71", "2006-06-30": "72", "2006-03-31": "72", "2005-12-31": "73", "2005-09-30": "75", "2005-06-30": "74", "2005-03-31": "74"}}, "total-assets": {"Ashland Global Holdings Annual Total Assets (Millions of US $)": {"2020": "$6,877", "2019": "$7,251", "2018": "$8,259", "2017": "$8,618", "2016": "$10,000", "2015": "$10,054", "2014": "$10,920", "2013": "$12,088", "2012": "$12,524", "2011": "$12,966", "2010": "$9,530", "2009": "$9,607", "2008": "$5,771", "2007": "$5,686", "2006": "$6,590", "2005": "$6,815"}, "Ashland Global Holdings Quarterly Total Assets (Millions of US $)": {"2020-12-31": "$6,742", "2020-09-30": "$6,877", "2020-06-30": "$6,986", "2020-03-31": "$6,968", "2019-12-31": "$7,326", "2019-09-30": "$7,251", "2019-06-30": "$7,925", "2019-03-31": "$7,998", "2018-12-31": "$7,943", "2018-09-30": "$8,259", "2018-06-30": "$8,224", "2018-03-31": "$8,441", "2017-12-31": "$8,655", "2017-09-30": "$8,618", "2017-06-30": "$8,506", "2017-03-31": "$9,186", "2016-12-31": "$9,063", "2016-09-30": "$10,000", "2016-06-30": "$9,912", "2016-03-31": "$9,901", "2015-12-31": "$9,673", "2015-09-30": "$10,054", "2015-06-30": "$9,955", "2015-03-31": "$9,796", "2014-12-31": "$10,349", "2014-09-30": "$10,920", "2014-06-30": "$12,126", "2014-03-31": "$12,188", "2013-12-31": "$11,983", "2013-09-30": "$12,088", "2013-06-30": "$12,159", "2013-03-31": "$12,251", "2012-12-31": "$12,376", "2012-09-30": "$12,524", "2012-06-30": "$12,598", "2012-03-31": "$12,706", "2011-12-31": "$12,513", "2011-09-30": "$12,966", "2011-06-30": "$9,482", "2011-03-31": "$9,412", "2010-12-31": "$9,349", "2010-09-30": "$9,530", "2010-06-30": "$9,145", "2010-03-31": "$9,239", "2009-12-31": "$9,230", "2009-09-30": "$9,607", "2009-06-30": "$9,165", "2009-03-31": "$9,237", "2008-12-31": "$9,742", "2008-09-30": "$5,771", "2008-06-30": "$5,844", "2008-03-31": "$5,778", "2007-12-31": "$5,646", "2007-09-30": "$5,686", "2007-06-30": "$5,612", "2007-03-31": "$5,557", "2006-12-31": "$5,426", "2006-09-30": "$6,590", "2006-06-30": "$6,933", "2006-03-31": "$6,552", "2005-12-31": "$6,482", "2005-09-30": "$6,815", "2005-06-30": "$6,921", "2005-03-31": "$7,815"}}, "cash-on-hand": {"Ashland Global Holdings Annual Cash on Hand (Millions of US $)": {"2020": "$454", "2019": "$232", "2018": "$294", "2017": "$566", "2016": "$1,017", "2015": "$1,257", "2014": "$1,393", "2013": "$346", "2012": "$523", "2011": "$737", "2010": "$417", "2009": "$352", "2008": "$886", "2007": "$1,052", "2006": "$2,169", "2005": "$1,388"}, "Ashland Global Holdings Quarterly Cash on Hand (Millions of US $)": {"2020-12-31": "$335", "2020-09-30": "$454", "2020-06-30": "$416", "2020-03-31": "$353", "2019-12-31": "$157", "2019-09-30": "$232", "2019-06-30": "$132", "2019-03-31": "$164", "2018-12-31": "$149", "2018-09-30": "$294", "2018-06-30": "$182", "2018-03-31": "$225", "2017-12-31": "$601", "2017-09-30": "$566", "2017-06-30": "$492", "2017-03-31": "$605", "2016-12-31": "$704", "2016-09-30": "$1,017", "2016-06-30": "$1,215", "2016-03-31": "$1,136", "2015-12-31": "$1,039", "2015-09-30": "$1,257", "2015-06-30": "$1,113", "2015-03-31": "$911", "2014-12-31": "$1,256", "2014-09-30": "$1,393", "2014-06-30": "$570", "2014-03-31": "$491", "2013-12-31": "$295", "2013-09-30": "$346", "2013-06-30": "$377", "2013-03-31": "$468", "2012-12-31": "$488", "2012-09-30": "$523", "2012-06-30": "$597", "2012-03-31": "$599", "2011-12-31": "$466", "2011-09-30": "$737", "2011-06-30": "$1,045", "2011-03-31": "$1,129", "2010-12-31": "$374", "2010-09-30": "$417", "2010-06-30": "$484", "2010-03-31": "$499", "2009-12-31": "$406", "2009-09-30": "$352", "2009-06-30": "$256", "2009-03-31": "$203", "2008-12-31": "$222", "2008-09-30": "$886", "2008-06-30": "$853", "2008-03-31": "$921", "2007-12-31": "$1,075", "2007-09-30": "$1,052", "2007-06-30": "$989", "2007-03-31": "$955", "2006-12-31": "$952", "2006-09-30": "$2,169", "2006-06-30": "$984", "2006-03-31": "$1,097", "2005-12-31": "$1,080", "2005-09-30": "$1,388", "2005-06-30": "$692", "2005-03-31": "$74"}}, "long-term-debt": {"Ashland Global Holdings Annual Long Term Debt (Millions of US $)": {"2020": "$1,573", "2019": "$1,501", "2018": "$2,275", "2017": "$2,584", "2016": "$2,325", "2015": "$3,348", "2014": "$2,911", "2013": "$2,947", "2012": "$3,131", "2011": "$3,648", "2010": "$1,108", "2009": "$1,537", "2008": "$45", "2007": "$64", "2006": "$70", "2005": "$82"}, "Ashland Global Holdings Quarterly Long Term Debt (Millions of US $)": {"2020-12-31": "$1,601", "2020-09-30": "$1,573", "2020-06-30": "$1,547", "2020-03-31": "$1,535", "2019-12-31": "$1,502", "2019-09-30": "$1,501", "2019-06-30": "$2,275", "2019-03-31": "$2,275", "2018-12-31": "$2,275", "2018-09-30": "$2,275", "2018-06-30": "$2,450", "2018-03-31": "$2,579", "2017-12-31": "$2,584", "2017-09-30": "$2,584", "2017-06-30": "$2,584", "2017-03-31": "$2,812", "2016-12-31": "$2,825", "2016-09-30": "$2,325", "2016-06-30": "$3,316", "2016-03-31": "$3,328", "2015-12-31": "$3,337", "2015-09-30": "$3,348", "2015-06-30": "$3,362", "2015-03-31": "$2,943", "2014-12-31": "$2,943", "2014-09-30": "$2,911", "2014-06-30": "$2,941", "2014-03-31": "$2,949", "2013-12-31": "$2,948", "2013-09-30": "$2,947", "2013-06-30": "$2,958", "2013-03-31": "$3,033", "2012-12-31": "$3,090", "2012-09-30": "$3,131", "2012-06-30": "$3,567", "2012-03-31": "$3,588", "2011-12-31": "$3,607", "2011-09-30": "$3,648", "2011-06-30": "$848", "2011-03-31": "", "2010-12-31": "", "2010-09-30": "$1,108", "2010-06-30": "$1,102", "2010-03-31": "$1,101", "2009-12-31": "$1,516", "2009-09-30": "$1,537", "2009-06-30": "$1,878", "2009-03-31": "$2,084", "2008-12-31": "$2,128", "2008-09-30": "$45", "2008-06-30": "$45", "2008-03-31": "$64", "2007-12-31": "$64", "2007-09-30": "$64", "2007-06-30": "$65", "2007-03-31": "$67", "2006-12-31": "$70", "2006-09-30": "$70", "2006-06-30": "$70", "2006-03-31": "$77", "2005-12-31": "$77", "2005-09-30": "$82", "2005-06-30": "$90", "2005-03-31": "$1,086"}}, "total-liabilities": {"Ashland Global Holdings Annual Total Liabilities (Millions of US $)": {"2020": "$3,841", "2019": "$3,680", "2018": "$4,853", "2017": "$5,212", "2016": "$6,835", "2015": "$7,017", "2014": "$7,337", "2013": "$7,535", "2012": "$8,495", "2011": "$8,831", "2010": "$5,723", "2009": "$6,023", "2008": "$2,569", "2007": "$2,532", "2006": "$3,494", "2005": "$3,076"}, "Ashland Global Holdings Quarterly Total Liabilities (Millions of US $)": {"2020-12-31": "$3,620", "2020-09-30": "$3,841", "2020-06-30": "$3,973", "2020-03-31": "$3,985", "2019-12-31": "$3,701", "2019-09-30": "$3,680", "2019-06-30": "$4,708", "2019-03-31": "$4,636", "2018-12-31": "$4,638", "2018-09-30": "$4,853", "2018-06-30": "$4,825", "2018-03-31": "$4,930", "2017-12-31": "$5,256", "2017-09-30": "$5,212", "2017-06-30": "$5,107", "2017-03-31": "$6,043", "2016-12-31": "$6,062", "2016-09-30": "$6,835", "2016-06-30": "$7,178", "2016-03-31": "$7,178", "2015-12-31": "$7,126", "2015-09-30": "$7,017", "2015-06-30": "$6,788", "2015-03-31": "$6,777", "2014-12-31": "$7,024", "2014-09-30": "$7,337", "2014-06-30": "$7,597", "2014-03-31": "$7,618", "2013-12-31": "$7,318", "2013-09-30": "$7,535", "2013-06-30": "$8,060", "2013-03-31": "$8,094", "2012-12-31": "$8,224", "2012-09-30": "$8,495", "2012-06-30": "$8,432", "2012-03-31": "$8,474", "2011-12-31": "$8,448", "2011-09-30": "$8,831", "2011-06-30": "$4,915", "2011-03-31": "$4,915", "2010-12-31": "$5,472", "2010-09-30": "$5,723", "2010-06-30": "$5,489", "2010-03-31": "$5,557", "2009-12-31": "$5,476", "2009-09-30": "$6,023", "2009-06-30": "$5,458", "2009-03-31": "$5,694", "2008-12-31": "$6,142", "2008-09-30": "$2,569", "2008-06-30": "$2,486", "2008-03-31": "$2,482", "2007-12-31": "$2,440", "2007-09-30": "$2,532", "2007-06-30": "$2,574", "2007-03-31": "$2,636", "2006-12-31": "$2,548", "2006-09-30": "$3,494", "2006-06-30": "$3,132", "2006-03-31": "$2,858", "2005-12-31": "$2,796", "2005-09-30": "$3,076", "2005-06-30": "$3,174", "2005-03-31": "$4,916"}}, "total-share-holder-equity": {"Ashland Global Holdings Annual Share Holder Equity (Millions of US $)": {"2020": "$3,036", "2019": "$3,571", "2018": "$3,406", "2017": "$3,406", "2016": "$3,165", "2015": "$3,037", "2014": "$3,583", "2013": "$4,553", "2012": "$4,029", "2011": "$4,135", "2010": "$3,807", "2009": "$3,584", "2008": "$3,202", "2007": "$3,154", "2006": "$3,096", "2005": "$3,739"}, "Ashland Global Holdings Quarterly Share Holder Equity (Millions of US $)": {"2020-12-31": "$3,122", "2020-09-30": "$3,036", "2020-06-30": "$3,013", "2020-03-31": "$2,983", "2019-12-31": "$3,625", "2019-09-30": "$3,571", "2019-06-30": "$3,217", "2019-03-31": "$3,362", "2018-12-31": "$3,305", "2018-09-30": "$3,406", "2018-06-30": "$3,399", "2018-03-31": "$3,511", "2017-12-31": "$3,399", "2017-09-30": "$3,406", "2017-06-30": "$3,399", "2017-03-31": "$3,143", "2016-12-31": "$3,001", "2016-09-30": "$3,165", "2016-06-30": "$2,734", "2016-03-31": "$2,723", "2015-12-31": "$2,547", "2015-09-30": "$3,037", "2015-06-30": "$3,167", "2015-03-31": "$3,019", "2014-12-31": "$3,325", "2014-09-30": "$3,583", "2014-06-30": "$4,529", "2014-03-31": "$4,570", "2013-12-31": "$4,665", "2013-09-30": "$4,553", "2013-06-30": "$4,099", "2013-03-31": "$4,157", "2012-12-31": "$4,152", "2012-09-30": "$4,029", "2012-06-30": "$4,166", "2012-03-31": "$4,232", "2011-12-31": "$4,065", "2011-09-30": "$4,135", "2011-06-30": "$4,567", "2011-03-31": "$4,497", "2010-12-31": "$3,877", "2010-09-30": "$3,807", "2010-06-30": "$3,656", "2010-03-31": "$3,682", "2009-12-31": "$3,754", "2009-09-30": "$3,584", "2009-06-30": "$3,707", "2009-03-31": "$3,543", "2008-12-31": "$3,600", "2008-09-30": "$3,202", "2008-06-30": "$3,358", "2008-03-31": "$3,296", "2007-12-31": "$3,206", "2007-09-30": "$3,154", "2007-06-30": "$3,038", "2007-03-31": "$2,921", "2006-12-31": "$2,878", "2006-09-30": "$3,096", "2006-06-30": "$3,801", "2006-03-31": "$3,694", "2005-12-31": "$3,686", "2005-09-30": "$3,739", "2005-06-30": "$3,747", "2005-03-31": "$2,899"}}, "profit-margins": {"current": "-20.64%"}, "gross margin": {"2020-12-31": "31.22%", "2020-09-30": "30.40%", "2020-06-30": "32.50%", "2020-03-31": "32.05%", "2019-12-31": "31.35%", "2019-09-30": "30.77%", "2019-06-30": "30.92%", "2019-03-31": "31.45%", "2018-12-31": "32.35%", "2018-09-30": "33.33%", "2018-06-30": "30.88%", "2018-03-31": "29.00%", "2017-12-31": "27.92%", "2017-09-30": "27.18%", "2017-06-30": "26.61%", "2017-03-31": "27.34%", "2016-12-31": "29.50%", "2016-09-30": "31.21%", "2016-06-30": "30.40%", "2016-03-31": "30.73%", "2015-12-31": "30.14%", "2015-09-30": "29.18%", "2015-06-30": "27.86%", "2015-03-31": "27.00%", "2014-12-31": "25.35%", "2014-09-30": "24.77%", "2014-06-30": "28.37%", "2014-03-31": "28.06%", "2013-12-31": "28.90%", "2013-09-30": "29.34%", "2013-06-30": "24.79%", "2013-03-31": "25.93%", "2012-12-31": "26.11%", "2012-09-30": "25.63%", "2012-06-30": "25.53%", "2012-03-31": "24.57%", "2011-12-31": "24.80%", "2011-09-30": "24.79%", "2011-06-30": "25.20%", "2011-03-31": "26.00%", "2010-12-31": "26.04%", "2010-09-30": "26.77%", "2010-06-30": "28.43%", "2010-03-31": "26.88%", "2009-12-31": "25.21%", "2009-09-30": "22.07%", "2009-06-30": "19.43%", "2009-03-31": "17.43%", "2008-12-31": "15.80%", "2008-09-30": "15.81%", "2008-06-30": "16.38%", "2008-03-31": "16.61%", "2007-12-31": "16.99%", "2007-09-30": "17.19%", "2007-06-30": "17.14%", "2007-03-31": "17.20%", "2006-12-31": "17.09%", "2006-09-30": "17.13%", "2006-06-30": "17.45%", "2006-03-31": "20.63%", "2005-12-31": "20.76%"}, "operating margin": {"2020-12-31": "-15.52%", "2020-09-30": "-16.68%", "2020-06-30": "-13.63%", "2020-03-31": "-13.46%", "2019-12-31": "7.76%", "2019-09-30": "6.66%", "2019-06-30": "3.29%", "2019-03-31": "2.75%", "2018-12-31": "3.48%", "2018-09-30": "3.94%", "2018-06-30": "4.71%", "2018-03-31": "4.63%", "2017-12-31": "4.11%", "2017-09-30": "4.26%", "2017-06-30": "-5.33%", "2017-03-31": "-4.81%", "2016-12-31": "-1.52%", "2016-09-30": "2.10%", "2016-06-30": "5.67%", "2016-03-31": "7.77%", "2015-12-31": "8.51%", "2015-09-30": "8.48%", "2015-06-30": "6.76%", "2015-03-31": "5.59%", "2014-12-31": "1.18%", "2014-09-30": "0.75%", "2014-06-30": "12.90%", "2014-03-31": "13.42%", "2013-12-31": "17.79%", "2013-09-30": "17.06%", "2013-06-30": "4.29%", "2013-03-31": "5.41%", "2012-12-31": "4.88%", "2012-09-30": "4.34%", "2012-06-30": "2.71%", "2012-03-31": "1.10%", "2011-12-31": "2.29%", "2011-09-30": "2.00%", "2011-06-30": "8.59%", "2011-03-31": "8.98%", "2010-12-31": "7.31%", "2010-09-30": "7.63%", "2010-06-30": "8.38%", "2010-03-31": "7.89%", "2009-12-31": "7.02%", "2009-09-30": "4.81%", "2009-06-30": "3.47%", "2009-03-31": "2.63%", "2008-12-31": "1.90%", "2008-09-30": "2.54%", "2008-06-30": "2.56%", "2008-03-31": "2.68%", "2007-12-31": "2.59%", "2007-09-30": "2.77%", "2007-06-30": "2.86%", "2007-03-31": "2.32%", "2006-12-31": "2.46%", "2006-09-30": "2.34%", "2006-06-30": "2.31%", "2006-03-31": "6.55%", "2005-12-31": "6.72%"}, "ebitda margin": {"2020-12-31": "-4.35%", "2020-09-30": "-5.42%", "2020-06-30": "-2.11%", "2020-03-31": "-2.21%", "2019-12-31": "19.27%", "2019-09-30": "18.77%", "2019-06-30": "15.09%", "2019-03-31": "14.66%", "2018-12-31": "14.94%", "2018-09-30": "14.95%", "2018-06-30": "14.10%", "2018-03-31": "14.22%", "2017-12-31": "13.17%", "2017-09-30": "15.74%", "2017-06-30": "7.75%", "2017-03-31": "7.53%", "2016-12-31": "9.81%", "2016-09-30": "10.19%", "2016-06-30": "12.10%", "2016-03-31": "14.12%", "2015-12-31": "14.73%", "2015-09-30": "14.50%", "2015-06-30": "13.62%", "2015-03-31": "12.13%", "2014-12-31": "7.85%", "2014-09-30": "7.40%", "2014-06-30": "19.64%", "2014-03-31": "20.16%", "2013-12-31": "24.87%", "2013-09-30": "23.97%", "2013-06-30": "11.89%", "2013-03-31": "12.68%", "2012-12-31": "11.36%", "2012-09-30": "10.72%", "2012-06-30": "8.09%", "2012-03-31": "6.25%", "2011-12-31": "7.40%", "2011-09-30": "7.00%", "2011-06-30": "12.97%", "2011-03-31": "13.47%", "2010-12-31": "12.64%", "2010-09-30": "13.09%", "2010-06-30": "14.12%", "2010-03-31": "13.69%", "2009-12-31": "11.96%", "2009-09-30": "9.34%", "2009-06-30": "7.48%", "2009-03-31": "5.68%", "2008-12-31": "4.13%", "2008-09-30": "4.27%", "2008-06-30": "4.44%", "2008-03-31": "4.51%", "2007-12-31": "4.35%", "2007-09-30": "4.48%", "2007-06-30": "4.35%", "2007-03-31": "3.86%", "2006-12-31": "4.01%", "2006-09-30": "3.86%", "2006-06-30": "2.86%", "2006-03-31": "7.29%", "2005-12-31": "7.66%"}, "pre tax profit margin": {"2020-12-31": "-19.28%", "2020-09-30": "-21.63%", "2020-06-30": "-19.95%", "2020-03-31": "-21.06%", "2019-12-31": "5.18%", "2019-09-30": "2.81%", "2019-06-30": "0.55%", "2019-03-31": "-0.31%", "2018-12-31": "-0.54%", "2018-09-30": "0.42%", "2018-06-30": "0.75%", "2018-03-31": "0.03%", "2017-12-31": "-0.48%", "2017-09-30": "-3.04%", "2017-06-30": "-13.78%", "2017-03-31": "-12.84%", "2016-12-31": "-8.98%", "2016-09-30": "-2.45%", "2016-06-30": "2.17%", "2016-03-31": "4.33%", "2015-12-31": "4.59%", "2015-09-30": "3.14%", "2015-06-30": "1.56%", "2015-03-31": "0.76%", "2014-12-31": "-2.94%", "2014-09-30": "-1.90%", "2014-06-30": "9.75%", "2014-03-31": "10.14%", "2013-12-31": "12.79%", "2013-09-30": "12.30%", "2013-06-30": "-3.06%", "2013-03-31": "-1.22%", "2012-12-31": "0.09%", "2012-09-30": "-0.66%", "2012-06-30": "-0.08%", "2012-03-31": "-1.53%", "2011-12-31": "-0.31%", "2011-09-30": "0.05%", "2011-06-30": "7.32%", "2011-03-31": "7.96%", "2010-12-31": "5.24%", "2010-09-30": "4.99%", "2010-06-30": "5.93%", "2010-03-31": "4.80%", "2009-12-31": "4.88%", "2009-09-30": "1.95%", "2009-06-30": "0.68%", "2009-03-31": "0.69%", "2008-12-31": "0.98%", "2008-09-30": "3.11%", "2008-06-30": "3.29%", "2008-03-31": "3.47%", "2007-12-31": "3.08%", "2007-09-30": "3.33%", "2007-06-30": "3.46%", "2007-03-31": "2.92%", "2006-12-31": "3.09%", "2006-09-30": "2.91%", "2006-06-30": "2.65%", "2006-03-31": "20.71%", "2005-12-31": "19.86%"}, "net profit margin": {"2020-12-31": "-20.64%", "2020-09-30": "-21.84%", "2020-06-30": "-4.39%", "2020-03-31": "-3.05%", "2019-12-31": "23.88%", "2019-09-30": "20.26%", "2019-06-30": "4.04%", "2019-03-31": "2.83%", "2018-12-31": "2.71%", "2018-09-30": "4.40%", "2018-06-30": "1.68%", "2018-03-31": "-0.73%", "2017-12-31": "-0.10%", "2017-09-30": "0.00%", "2017-06-30": "-6.96%", "2017-03-31": "-3.73%", "2016-12-31": "-3.40%", "2016-09-30": "-0.73%", "2016-06-30": "4.29%", "2016-03-31": "4.51%", "2015-12-31": "7.07%", "2015-09-30": "5.72%", "2015-06-30": "7.63%", "2015-03-31": "7.19%", "2014-12-31": "2.55%", "2014-09-30": "3.81%", "2014-06-30": "10.12%", "2014-03-31": "10.53%", "2013-12-31": "12.24%", "2013-09-30": "11.21%", "2013-06-30": "0.07%", "2013-03-31": "0.53%", "2012-12-31": "1.03%", "2012-09-30": "0.40%", "2012-06-30": "0.46%", "2012-03-31": "-0.28%", "2011-12-31": "5.37%", "2011-09-30": "6.37%", "2011-06-30": "10.70%", "2011-03-31": "11.80%", "2010-12-31": "5.14%", "2010-09-30": "5.02%", "2010-06-30": "5.51%", "2010-03-31": "3.64%", "2009-12-31": "3.71%", "2009-09-30": "0.89%", "2009-06-30": "-0.38%", "2009-03-31": "-0.11%", "2008-12-31": "0.18%", "2008-09-30": "1.99%", "2008-06-30": "2.53%", "2008-03-31": "2.95%", "2007-12-31": "2.71%", "2007-09-30": "2.95%", "2007-06-30": "5.22%", "2007-03-31": "5.21%", "2006-12-31": "5.29%", "2006-09-30": "5.61%", "2006-06-30": "4.51%", "2006-03-31": "24.83%", "2005-12-31": "23.59%"}, "pe ratio": {"current": "25.52", "2021-02-05": "0.00", "2020-12-31": "0.00", "2020-09-30": "0.00", "2020-06-30": "0.00", "2020-03-31": "0.00", "2019-12-31": "7.95", "2019-09-30": "9.23", "2019-06-30": "47.95", "2019-03-31": "66.74", "2018-12-31": "62.62", "2018-09-30": "45.34", "2018-06-30": "104.77", "2018-03-31": "0.00", "2017-12-31": "0.00", "2017-09-30": "0.00", "2017-06-30": "0.00", "2017-03-31": "0.00", "2016-12-31": "0.00", "2016-09-30": "0.00", "2016-06-30": "17.39", "2016-03-31": "14.60", "2015-12-31": "8.84", "2015-09-30": "10.39", "2015-06-30": "9.04", "2015-03-31": "9.94", "2014-12-31": "26.65", "2014-09-30": "15.93", "2014-06-30": "6.93", "2014-03-31": "6.09", "2013-12-31": "5.10", "2013-09-30": "4.92", "2013-06-30": "0.00", "2013-03-31": "102.55", "2012-12-31": "47.43", "2012-09-30": "115.76", "2012-06-30": "80.21", "2012-03-31": "0.00", "2011-12-31": "8.93", "2011-09-30": "6.18", "2011-06-30": "3.82", "2011-03-31": "3.10", "2010-12-31": "5.41", "2010-09-30": "5.16", "2010-06-30": "4.61", "2010-03-31": "7.11", "2009-12-31": "4.77", "2009-09-30": "23.36", "2009-06-30": "0.00", "2009-03-31": "0.00", "2008-12-31": "11.61", "2008-09-30": "4.73", "2008-06-30": "6.20", "2008-03-31": "5.33", "2007-12-31": "5.89", "2007-09-30": "6.96", "2007-06-30": "4.49", "2007-03-31": "4.82", "2006-12-31": "5.14"}, "price sales": {"2021-02-05": "2.21", "2020-12-31": "2.06", "2020-09-30": "1.85", "2020-06-30": "1.81", "2020-03-31": "1.28", "2019-12-31": "1.92", "2019-09-30": "1.91", "2019-06-30": "1.94", "2019-03-31": "1.88", "2018-12-31": "1.70", "2018-09-30": "1.99", "2018-06-30": "1.70", "2018-03-31": "1.40", "2017-12-31": "1.36", "2017-09-30": "1.20", "2017-06-30": "1.25", "2017-03-31": "1.18", "2016-12-31": "0.90", "2016-09-30": "0.86", "2016-06-30": "0.77", "2016-03-31": "0.66", "2015-12-31": "0.62", "2015-09-30": "0.59", "2015-06-30": "0.71", "2015-03-31": "0.74", "2014-12-31": "0.69", "2014-09-30": "0.61", "2014-06-30": "0.70", "2014-03-31": "0.64", "2013-12-31": "0.63", "2013-09-30": "0.56", "2013-06-30": "0.57", "2013-03-31": "0.46", "2012-12-31": "0.46", "2012-09-30": "0.40", "2012-06-30": "0.31", "2012-03-31": "0.29", "2011-12-31": "0.29", "2011-09-30": "0.24", "2011-06-30": "0.33", "2011-03-31": "0.30", "2010-12-31": "0.27", "2010-09-30": "0.26", "2010-06-30": "0.25", "2010-03-31": "0.26", "2009-12-31": "0.18", "2009-09-30": "0.17", "2009-06-30": "0.10", "2009-03-31": "0.04", "2008-12-31": "0.03", "2008-09-30": "0.10", "2008-06-30": "0.16", "2008-03-31": "0.16", "2007-12-31": "0.16", "2007-09-30": "0.21", "2007-06-30": "0.23", "2007-03-31": "0.25", "2006-12-31": "0.27"}, "price book": {"current": "1.65", "2021-02-05": "1.65", "2020-12-31": "1.54", "2020-09-30": "1.42", "2020-06-30": "1.38", "2020-03-31": "1.00", "2019-12-31": "1.25", "2019-09-30": "1.27", "2019-06-30": "1.47", "2019-03-31": "1.42", "2018-12-31": "1.29", "2018-09-30": "1.48", "2018-06-30": "1.39", "2018-03-31": "1.19", "2017-12-31": "1.25", "2017-09-30": "1.14", "2017-06-30": "1.15", "2017-03-31": "1.14", "2016-12-31": "1.05", "2016-09-30": "1.05", "2016-06-30": "1.20", "2016-03-31": "1.15", "2015-12-31": "1.17", "2015-09-30": "1.02", "2015-06-30": "1.20", "2015-03-31": "1.31", "2014-12-31": "1.15", "2014-09-30": "0.94", "2014-06-30": "0.86", "2014-03-31": "0.78", "2013-12-31": "0.75", "2013-09-30": "0.72", "2013-06-30": "0.72", "2013-03-31": "0.64", "2012-12-31": "0.69", "2012-09-30": "0.64", "2012-06-30": "0.59", "2012-03-31": "0.51", "2011-12-31": "0.49", "2011-09-30": "0.37", "2011-06-30": "0.49", "2011-03-31": "0.45", "2010-12-31": "0.46", "2010-09-30": "0.45", "2010-06-30": "0.44", "2010-03-31": "0.49", "2009-12-31": "0.36", "2009-09-30": "0.40", "2009-06-30": "0.25", "2009-03-31": "0.09", "2008-12-31": "0.09", "2008-09-30": "0.25", "2008-06-30": "0.38", "2008-03-31": "0.38", "2007-12-31": "0.39", "2007-09-30": "0.50", "2007-06-30": "0.55", "2007-03-31": "0.58", "2006-12-31": "0.62", "2006-09-30": "0.48", "2006-06-30": "0.43", "2006-03-31": "0.47"}, "price fcf": {"2021-02-05": "", "2020-12-31": "$5.31", "2020-09-30": "$2.95", "2020-06-30": "$2.40", "2020-03-31": "$1.39", "2019-12-31": "$0.89", "2019-09-30": "$1.32", "2019-06-30": "$1.17", "2019-03-31": "$1.28", "2018-12-31": "$1.59", "2018-09-30": "$1.38", "2018-06-30": "$0.16", "2018-03-31": "$0.52", "2017-12-31": "$0.85", "2017-09-30": "$0.17", "2017-06-30": "$1.25", "2017-03-31": "$-1.06", "2016-12-31": "$0.80", "2016-09-30": "$2.52", "2016-06-30": "$-1.22", "2016-03-31": "$-4.87", "2015-12-31": "$-6.99", "2015-09-30": "$-7.09", "2015-06-30": "$-3.48", "2015-03-31": "$3.15", "2014-12-31": "$4.74", "2014-09-30": "$4.29", "2014-06-30": "$5.15", "2014-03-31": "$4.83", "2013-12-31": "$4.19", "2013-09-30": "$4.93", "2013-06-30": "$2.59", "2013-03-31": "$1.65", "2012-12-31": "$2.65", "2012-09-30": "$-0.59", "2012-06-30": "$0.56", "2012-03-31": "$-0.50", "2011-12-31": "$-1.44", "2011-09-30": "$0.70", "2011-06-30": "$1.50", "2011-03-31": "$2.61", "2010-12-31": "$3.58", "2010-09-30": "$4.75", "2010-06-30": "$4.09", "2010-03-31": "$7.65", "2009-12-31": "$8.02", "2009-09-30": "$8.09", "2009-06-30": "$8.26", "2009-03-31": "$5.07", "2008-12-31": "$4.35", "2008-09-30": "$4.42", "2008-06-30": "$5.91", "2008-03-31": "$5.60", "2007-12-31": "$4.01", "2007-09-30": "$0.97", "2007-06-30": "$0.15", "2007-03-31": "$0.70", "2006-12-31": "$-2.54"}, "net worth": {"value": "$5.15B"}, "current ratio": {"current": "2.36", "2020-12-31": "2.36", "2020-09-30": "1.90", "2020-06-30": "1.78", "2020-03-31": "1.69", "2019-12-31": "1.95", "2019-09-30": "1.89", "2019-06-30": "2.02", "2019-03-31": "2.27", "2018-12-31": "2.20", "2018-09-30": "1.59", "2018-06-30": "2.25", "2018-03-31": "2.41", "2017-12-31": "1.96", "2017-09-30": "1.97", "2017-06-30": "2.06", "2017-03-31": "2.29", "2016-12-31": "2.30", "2016-09-30": "2.33", "2016-06-30": "1.74", "2016-03-31": "1.71", "2015-12-31": "1.84", "2015-09-30": "2.15", "2015-06-30": "2.25", "2015-03-31": "2.32", "2014-12-31": "2.36", "2014-09-30": "2.11", "2014-06-30": "1.83", "2014-03-31": "1.79", "2013-12-31": "1.80", "2013-09-30": "1.66", "2013-06-30": "1.64", "2013-03-31": "1.72", "2012-12-31": "1.74", "2012-09-30": "1.68", "2012-06-30": "2.07", "2012-03-31": "2.08", "2011-12-31": "2.09", "2011-09-30": "1.95", "2011-06-30": "2.27", "2011-03-31": "2.27", "2010-12-31": "1.89", "2010-09-30": "1.68", "2010-06-30": "1.55", "2010-03-31": "1.47", "2009-12-31": "1.82", "2009-09-30": "1.57", "2009-06-30": "1.77", "2009-03-31": "1.73", "2008-12-31": "1.57", "2008-09-30": "2.46", "2008-06-30": "2.57", "2008-03-31": "2.74", "2007-12-31": "3.10", "2007-09-30": "2.84", "2007-06-30": "2.78", "2007-03-31": "2.68", "2006-12-31": "2.80", "2006-09-30": "2.08", "2006-06-30": "2.43", "2006-03-31": "2.64", "2005-12-31": "2.73", "2005-09-30": "2.43", "2005-06-30": "2.61", "2005-03-31": "1.11"}, "quick ratio": {"2020-12-31": "1.44", "2020-09-30": "1.25", "2020-06-30": "1.12", "2020-03-31": "1.06", "2019-12-31": "1.03", "2019-09-30": "1.10", "2019-06-30": "1.43", "2019-03-31": "1.62", "2018-12-31": "1.51", "2018-09-30": "1.04", "2018-06-30": "1.37", "2018-03-31": "1.49", "2017-12-31": "1.29", "2017-09-30": "1.31", "2017-06-30": "1.35", "2017-03-31": "1.63", "2016-12-31": "1.64", "2016-09-30": "1.90", "2016-06-30": "1.34", "2016-03-31": "1.28", "2015-12-31": "1.39", "2015-09-30": "1.66", "2015-06-30": "1.74", "2015-03-31": "1.75", "2014-12-31": "1.82", "2014-09-30": "1.66", "2014-06-30": "1.38", "2014-03-31": "1.35", "2013-12-31": "1.19", "2013-09-30": "1.23", "2013-06-30": "1.16", "2013-03-31": "1.20", "2012-12-31": "1.17", "2012-09-30": "1.15", "2012-06-30": "1.43", "2012-03-31": "1.48", "2011-12-31": "1.42", "2011-09-30": "1.42", "2011-06-30": "1.85", "2011-03-31": "1.86", "2010-12-31": "1.54", "2010-09-30": "1.41", "2010-06-30": "1.22", "2010-03-31": "1.16", "2009-12-31": "1.38", "2009-09-30": "1.24", "2009-06-30": "1.39", "2009-03-31": "1.31", "2008-12-31": "1.17", "2008-09-30": "2.07", "2008-06-30": "2.14", "2008-03-31": "2.26", "2007-12-31": "2.49", "2007-09-30": "2.31", "2007-06-30": "2.27", "2007-03-31": "2.19", "2006-12-31": "2.26", "2006-09-30": "1.82", "2006-06-30": "2.09", "2006-03-31": "2.27", "2005-12-31": "2.33", "2005-09-30": "2.15", "2005-06-30": "2.23", "2005-03-31": "0.84"}, "debt equity ratio": {"current": "0.51", "2020-12-31": "1.16", "2020-09-30": "1.27", "2020-06-30": "1.32", "2020-03-31": "1.34", "2019-12-31": "1.02", "2019-09-30": "1.03", "2019-06-30": "1.46", "2019-03-31": "1.38", "2018-12-31": "1.40", "2018-09-30": "1.43", "2018-06-30": "1.42", "2018-03-31": "1.40", "2017-12-31": "1.55", "2017-09-30": "1.53", "2017-06-30": "1.50", "2017-03-31": "1.92", "2016-12-31": "2.02", "2016-09-30": "2.16", "2016-06-30": "2.63", "2016-03-31": "2.64", "2015-12-31": "2.80", "2015-09-30": "2.31", "2015-06-30": "2.14", "2015-03-31": "2.25", "2014-12-31": "2.11", "2014-09-30": "2.05", "2014-06-30": "1.68", "2014-03-31": "1.67", "2013-12-31": "1.57", "2013-09-30": "1.66", "2013-06-30": "1.97", "2013-03-31": "1.95", "2012-12-31": "1.98", "2012-09-30": "2.11", "2012-06-30": "2.02", "2012-03-31": "2.00", "2011-12-31": "2.08", "2011-09-30": "2.14", "2011-06-30": "1.08", "2011-03-31": "1.09", "2010-12-31": "1.41", "2010-09-30": "1.50", "2010-06-30": "1.50", "2010-03-31": "1.51", "2009-12-31": "1.46", "2009-09-30": "1.68", "2009-06-30": "1.47", "2009-03-31": "1.61", "2008-12-31": "1.71", "2008-09-30": "0.80", "2008-06-30": "0.74", "2008-03-31": "0.75", "2007-12-31": "0.76", "2007-09-30": "0.80", "2007-06-30": "0.85", "2007-03-31": "0.90", "2006-12-31": "0.89", "2006-09-30": "1.13", "2006-06-30": "0.82", "2006-03-31": "0.77", "2005-12-31": "0.76", "2005-09-30": "0.82", "2005-06-30": "0.85", "2005-03-31": "1.70"}, "return on equity": {"2020-12-31": "-15.93%", "2020-09-30": "-16.05%", "2020-06-30": "-3.09%", "2020-03-31": "-2.18%", "2019-12-31": "16.99%", "2019-09-30": "15.01%", "2019-06-30": "3.10%", "2019-03-31": "2.17%", "2018-12-31": "2.06%", "2018-09-30": "3.32%", "2018-06-30": "1.37%", "2018-03-31": "-0.64%", "2017-12-31": "-0.09%", "2017-09-30": "0.00%", "2017-06-30": "-6.86%", "2017-03-31": "-3.79%", "2016-12-31": "-4.10%", "2016-09-30": "-1.04%", "2016-06-30": "6.96%", "2016-03-31": "7.95%", "2015-12-31": "12.40%", "2015-09-30": "9.82%", "2015-06-30": "13.17%", "2015-03-31": "11.70%", "2014-12-31": "3.87%", "2014-09-30": "5.37%", "2014-06-30": "12.45%", "2014-03-31": "13.31%", "2013-12-31": "15.84%", "2013-09-30": "16.11%", "2013-06-30": "0.10%", "2013-03-31": "0.75%", "2012-12-31": "1.59%", "2012-09-30": "0.63%", "2012-06-30": "0.89%", "2012-03-31": "-0.49%", "2011-12-31": "8.71%", "2011-09-30": "9.70%", "2011-06-30": "17.98%", "2011-03-31": "20.41%", "2010-12-31": "9.19%", "2010-09-30": "8.91%", "2010-06-30": "9.51%", "2010-03-31": "6.82%", "2009-12-31": "7.60%", "2009-09-30": "2.00%", "2009-06-30": "-0.88%", "2009-03-31": "-0.26%", "2008-12-31": "0.45%", "2008-09-30": "5.11%", "2008-06-30": "6.42%", "2008-03-31": "7.47%", "2007-12-31": "6.95%", "2007-09-30": "7.67%", "2007-06-30": "13.34%", "2007-03-31": "12.32%", "2006-12-31": "11.61%", "2006-09-30": "11.43%", "2006-06-30": "8.55%", "2006-03-31": "53.63%", "2005-12-31": "56.20%"}, "return on assets": {"2020-12-31": "-7.02%", "2020-09-30": "-7.22%", "2020-06-30": "-1.43%", "2020-03-31": "-0.99%", "2019-12-31": "7.67%", "2019-09-30": "6.49%", "2019-06-30": "1.28%", "2019-03-31": "0.90%", "2018-12-31": "0.85%", "2018-09-30": "1.36%", "2018-06-30": "0.55%", "2018-03-31": "-0.26%", "2017-12-31": "-0.03%", "2017-09-30": "0.00%", "2017-06-30": "-2.37%", "2017-03-31": "-1.19%", "2016-12-31": "-1.22%", "2016-09-30": "-0.29%", "2016-06-30": "1.94%", "2016-03-31": "2.30%", "2015-12-31": "3.70%", "2015-09-30": "3.07%", "2015-06-30": "4.20%", "2015-03-31": "3.92%", "2014-12-31": "1.36%", "2014-09-30": "1.97%", "2014-06-30": "4.71%", "2014-03-31": "4.92%", "2013-12-31": "5.71%", "2013-09-30": "5.59%", "2013-06-30": "0.03%", "2013-03-31": "0.25%", "2012-12-31": "0.53%", "2012-09-30": "0.21%", "2012-06-30": "0.29%", "2012-03-31": "-0.18%", "2011-12-31": "3.39%", "2011-09-30": "4.02%", "2011-06-30": "7.97%", "2011-03-31": "8.63%", "2010-12-31": "3.70%", "2010-09-30": "3.58%", "2010-06-30": "3.75%", "2010-03-31": "2.70%", "2009-12-31": "2.98%", "2009-09-30": "0.76%", "2009-06-30": "-0.37%", "2009-03-31": "-0.12%", "2008-12-31": "0.22%", "2008-09-30": "2.90%", "2008-06-30": "3.64%", "2008-03-31": "4.17%", "2007-12-31": "3.80%", "2007-09-30": "4.13%", "2007-06-30": "6.87%", "2007-03-31": "6.38%", "2006-12-31": "6.13%", "2006-09-30": "6.15%", "2006-06-30": "4.76%", "2006-03-31": "29.78%", "2005-12-31": "28.21%"}, "return on investments": {"2020-12-31": "-7.91%", "2020-09-30": "-8.25%", "2020-06-30": "-6.58%", "2020-03-31": "-6.37%", "2019-12-31": "3.56%", "2019-09-30": "3.05%", "2019-06-30": "1.50%", "2019-03-31": "1.25%", "2018-12-31": "1.55%", "2018-09-30": "1.73%", "2018-06-30": "2.21%", "2018-03-31": "2.31%", "2017-12-31": "2.16%", "2017-09-30": "2.34%", "2017-06-30": "-2.87%", "2017-03-31": "-2.52%", "2016-12-31": "-0.91%", "2016-09-30": "1.41%", "2016-06-30": "4.17%", "2016-03-31": "6.33%", "2015-12-31": "7.09%", "2015-09-30": "7.27%", "2015-06-30": "6.05%", "2015-03-31": "5.02%", "2014-12-31": "1.04%", "2014-09-30": "0.63%", "2014-06-30": "9.65%", "2014-03-31": "10.21%", "2013-12-31": "13.71%", "2013-09-30": "14.34%", "2013-06-30": "3.21%", "2013-03-31": "4.34%", "2012-12-31": "4.18%", "2012-09-30": "3.70%", "2012-06-30": "2.80%", "2012-03-31": "1.16%", "2011-12-31": "3.07%", "2011-09-30": "3.94%", "2011-06-30": "23.43%", "2011-03-31": "25.43%", "2010-12-31": "13.59%", "2010-09-30": "10.22%", "2010-06-30": "10.66%", "2010-03-31": "10.48%", "2009-12-31": "9.70%", "2009-09-30": "7.07%", "2009-06-30": "5.65%", "2009-03-31": "4.89%", "2008-12-31": "4.07%", "2008-09-30": "6.42%", "2008-06-30": "6.37%", "2008-03-31": "6.64%", "2007-12-31": "6.49%", "2007-09-30": "7.05%", "2007-06-30": "7.14%", "2007-03-31": "5.36%", "2006-12-31": "5.29%", "2006-09-30": "4.67%", "2006-06-30": "4.28%", "2006-03-31": "13.85%", "2005-12-31": "14.62%"}, "return on tangible equity": {"2020-12-31": "-182.13%", "2020-09-30": "-200.59%", "2020-06-30": "-41.72%", "2020-03-31": "-54.17%", "2019-12-31": "863.47%", "2019-09-30": "-1337.75%", "2019-06-30": "-88.79%", "2019-03-31": "-50.78%", "2018-12-31": "-34.78%", "2018-09-30": "-44.02%", "2018-06-30": "-14.12%", "2018-03-31": "6.39%", "2017-12-31": "0.87%", "2017-09-30": "0.00%", "2017-06-30": "84.09%", "2017-03-31": "28.27%", "2016-12-31": "20.78%", "2016-09-30": "3.94%", "2016-06-30": "-21.92%", "2016-03-31": "-29.35%", "2015-12-31": "-52.31%", "2015-09-30": "-54.11%", "2015-06-30": "-83.89%", "2015-03-31": "-156.23%", "2014-12-31": "2000.00%", "2014-09-30": "1433.85%", "2014-06-30": "271.11%", "2014-03-31": "-340.97%", "2013-12-31": "-125.25%", "2013-09-30": "-96.03%", "2013-06-30": "-0.36%", "2013-03-31": "-2.75%", "2012-12-31": "-5.72%", "2012-09-30": "-2.16%", "2012-06-30": "-3.05%", "2012-03-31": "3.43%", "2011-12-31": "-5371.43%", "2011-09-30": "83.05%", "2011-06-30": "78.60%", "2011-03-31": "109.86%", "2010-12-31": "67.65%", "2010-09-30": "78.39%", "2010-06-30": "105.04%", "2010-03-31": "78.07%", "2009-12-31": "101.00%", "2009-09-30": "31.65%", "2009-06-30": "-3.51%", "2009-03-31": "-0.59%", "2008-12-31": "0.68%", "2008-09-30": "5.81%", "2008-06-30": "7.29%", "2008-03-31": "8.48%", "2007-12-31": "7.92%", "2007-09-30": "8.77%", "2007-06-30": "15.16%", "2007-03-31": "13.80%", "2006-12-31": "12.77%", "2006-09-30": "12.36%", "2006-06-30": "9.16%", "2006-03-31": "58.96%", "2005-12-31": "64.12%"}, "dividend yield history": {"last payout": "$1.10", "last yield": "1.29%"}}