{"ticker": "AZPN", "price": {"title": "Aspen Technology Historical Annual Stock Price Data", "value": 151.44, "historical": {"2021": {"Average Stock Price": "140.4575", "Year Open": "130.7000", "Year High": "151.4400", "Year Low": "130.7000", "Year Close": "151.4400", "Annual % Change": "16.27%"}, "2020": {"Average Stock Price": "114.5217", "Year Open": "124.9400", "Year High": "141.7000", "Year Low": "76.3700", "Year Close": "130.2500", "Annual % Change": "7.71%"}, "2019": {"Average Stock Price": "116.0905", "Year Open": "81.3100", "Year High": "139.7500", "Year Low": "78.9200", "Year Close": "120.9300", "Annual % Change": "47.15%"}, "2018": {"Average Stock Price": "90.7037", "Year Open": "66.1700", "Year High": "118.6000", "Year Low": "66.1700", "Year Close": "82.1800", "Annual % Change": "24.14%"}, "2017": {"Average Stock Price": "60.3387", "Year Open": "55.0200", "Year High": "69.1800", "Year Low": "52.7900", "Year Close": "66.2000", "Annual % Change": "21.07%"}, "2016": {"Average Stock Price": "41.6123", "Year Open": "36.7500", "Year High": "55.0900", "Year Low": "30.1500", "Year Close": "54.6800", "Annual % Change": "44.81%"}, "2015": {"Average Stock Price": "40.4368", "Year Open": "35.0200", "Year High": "46.5200", "Year Low": "32.2500", "Year Close": "37.7600", "Annual % Change": "7.82%"}, "2014": {"Average Stock Price": "41.6362", "Year Open": "41.5500", "Year High": "47.8400", "Year Low": "32.5900", "Year Close": "35.0200", "Annual % Change": "-16.22%"}, "2013": {"Average Stock Price": "32.8465", "Year Open": "27.9600", "Year High": "42.2200", "Year Low": "27.5500", "Year Close": "41.8000", "Annual % Change": "51.23%"}, "2012": {"Average Stock Price": "22.6415", "Year Open": "17.0000", "Year High": "27.6400", "Year Low": "16.4100", "Year Close": "27.6400", "Annual % Change": "59.31%"}, "2011": {"Average Stock Price": "15.8166", "Year Open": "13.0200", "Year High": "18.6600", "Year Low": "12.7500", "Year Close": "17.3500", "Annual % Change": "36.61%"}, "2010": {"Average Stock Price": "10.8515", "Year Open": "9.9000", "Year High": "13.2800", "Year Low": "8.4700", "Year Close": "12.7000", "Annual % Change": "29.59%"}, "2009": {"Average Stock Price": "8.6070", "Year Open": "7.3000", "Year High": "10.8000", "Year Low": "5.5000", "Year Close": "9.8000", "Annual % Change": "32.08%"}, "2008": {"Average Stock Price": "11.7968", "Year Open": "15.7000", "Year High": "16.0600", "Year Low": "5.8000", "Year Close": "7.4200", "Annual % Change": "-54.25%"}, "2007": {"Average Stock Price": "13.8592", "Year Open": "10.7100", "Year High": "17.6200", "Year Low": "10.1600", "Year Close": "16.2200", "Annual % Change": "47.19%"}, "2006": {"Average Stock Price": "11.2100", "Year Open": "8.1000", "Year High": "14.1400", "Year Low": "7.9700", "Year Close": "11.0200", "Annual % Change": "40.38%"}, "2005": {"Average Stock Price": "5.7462", "Year Open": "6.1100", "Year High": "8.2700", "Year Low": "4.5000", "Year Close": "7.8500", "Annual % Change": "26.41%"}, "2004": {"Average Stock Price": "7.1103", "Year Open": "10.4300", "Year High": "12.0200", "Year Low": "4.8200", "Year Close": "6.2100", "Annual % Change": "-39.47%"}, "2003": {"Average Stock Price": "4.4916", "Year Open": "2.8500", "Year High": "10.4000", "Year Low": "2.2800", "Year Close": "10.2600", "Annual % Change": "262.54%"}, "2002": {"Average Stock Price": "9.2173", "Year Open": "17.1000", "Year High": "23.0700", "Year Low": "0.7800", "Year Close": "2.8300", "Annual % Change": "-83.15%"}, "2001": {"Average Stock Price": "20.2698", "Year Open": "26.2500", "Year High": "41.1200", "Year Low": "8.8900", "Year Close": "16.8000", "Annual % Change": "-49.47%"}, "2000": {"Average Stock Price": "36.7413", "Year Open": "29.9400", "Year High": "53.5000", "Year Low": "19.6200", "Year Close": "33.2500", "Annual % Change": "25.76%"}, "1999": {"Average Stock Price": "12.9390", "Year Open": "13.6200", "Year High": "29.6200", "Year Low": "8.3100", "Year Close": "26.4400", "Annual % Change": "82.34%"}, "1998": {"Average Stock Price": "32.0446", "Year Open": "33.5000", "Year High": "55.2500", "Year Low": "6.8800", "Year Close": "14.5000", "Annual % Change": "-57.66%"}, "1997": {"Average Stock Price": "35.1774", "Year Open": "38.2500", "Year High": "44.5600", "Year Low": "26.0000", "Year Close": "34.2500", "Annual % Change": "-14.64%"}, "1996": {"Average Stock Price": "28.1897", "Year Open": "16.8750", "Year High": "41.6900", "Year Low": "15.9400", "Year Close": "40.1250", "Annual % Change": "137.78%"}, "1995": {"Average Stock Price": "12.0348", "Year Open": "9.0000", "Year High": "17.8750", "Year Low": "8.5000", "Year Close": "16.8750", "Annual % Change": "72.02%"}}}, "market cap": {"value": "$10.27B"}, "income statement": {"Revenue": {"2020-06-30": "598.71700", "2019-06-30": "596.68200", "2018-06-30": "507.56600", "2017-06-30": "494.42700", "2016-06-30": "472.34400", "2015-06-30": "440.40100", "2014-06-30": "391.45300", "2013-06-30": "311.38700", "2012-06-30": "243.13400", "2011-06-30": "198.15400", "2010-06-30": "166.34400", "2009-06-30": "311.58000", "2008-06-30": "311.61300", "2007-06-30": "341.02900", "2006-06-30": "294.41600", "2005-06-30": "269.12800"}, "Cost Of Goods Sold": {"2020-06-30": "61.60700", "2019-06-30": "57.81600", "2018-06-30": "50.64400", "2017-06-30": "47.46600", "2016-06-30": "48.61100", "2015-06-30": "49.57600", "2014-06-30": "52.68800", "2013-06-30": "50.34800", "2012-06-30": "52.27700", "2011-06-30": "52.34500", "2010-06-30": "66.11000", "2009-06-30": "75.82000", "2008-06-30": "84.99300", "2007-06-30": "87.01400", "2006-06-30": "89.49500", "2005-06-30": "99.60800"}, "Gross Profit": {"2020-06-30": "537.11000", "2019-06-30": "538.86600", "2018-06-30": "456.92200", "2017-06-30": "446.96100", "2016-06-30": "423.73300", "2015-06-30": "390.82500", "2014-06-30": "338.76500", "2013-06-30": "261.03900", "2012-06-30": "190.85700", "2011-06-30": "145.80900", "2010-06-30": "100.23400", "2009-06-30": "235.76000", "2008-06-30": "226.62000", "2007-06-30": "254.01500", "2006-06-30": "204.92100", "2005-06-30": "169.52000"}, "Research And Development Expenses": {"2020-06-30": "92.23000", "2019-06-30": "83.12200", "2018-06-30": "82.07600", "2017-06-30": "79.53000", "2016-06-30": "67.15200", "2015-06-30": "69.58400", "2014-06-30": "68.41000", "2013-06-30": "62.51600", "2012-06-30": "56.21800", "2011-06-30": "50.82000", "2010-06-30": "48.22800", "2009-06-30": "46.37500", "2008-06-30": "49.89900", "2007-06-30": "42.70300", "2006-06-30": "44.32200", "2005-06-30": "47.27600"}, "SG&A Expenses": {"2020-06-30": "187.52100", "2019-06-30": "174.60500", "2018-06-30": "166.91800", "2017-06-30": "150.71200", "2016-06-30": "145.20000", "2015-06-30": "141.44900", "2014-06-30": "140.63100", "2013-06-30": "142.92800", "2012-06-30": "149.94700", "2011-06-30": "149.81200", "2010-06-30": "160.24800", "2009-06-30": "142.38200", "2008-06-30": "149.46100", "2007-06-30": "144.39700", "2006-06-30": "128.91300", "2005-06-30": "148.14600"}, "Other Operating Income Or Expenses": {"2020-06-30": "", "2019-06-30": "", "2018-06-30": "", "2017-06-30": "", "2016-06-30": "", "2015-06-30": "", "2014-06-30": "", "2013-06-30": "", "2012-06-30": "", "2011-06-30": "", "2010-06-30": "", "2009-06-30": "-0.62300", "2008-06-30": "", "2007-06-30": "-0.33200", "2006-06-30": "-0.30000", "2005-06-30": "0.09600"}, "Operating Expenses": {"2020-06-30": "341.35800", "2019-06-30": "315.54300", "2018-06-30": "299.63800", "2017-06-30": "277.70800", "2016-06-30": "260.96300", "2015-06-30": "260.60900", "2014-06-30": "261.72900", "2013-06-30": "255.78700", "2012-06-30": "258.14100", "2011-06-30": "252.73000", "2010-06-30": "275.71400", "2009-06-30": "267.64600", "2008-06-30": "292.97600", "2007-06-30": "285.62600", "2006-06-30": "275.58200", "2005-06-30": "328.11400"}, "Operating Income": {"2020-06-30": "257.35900", "2019-06-30": "281.13900", "2018-06-30": "207.92800", "2017-06-30": "216.71900", "2016-06-30": "211.38100", "2015-06-30": "179.79200", "2014-06-30": "129.72400", "2013-06-30": "55.60000", "2012-06-30": "-15.00700", "2011-06-30": "-54.57600", "2010-06-30": "-109.37000", "2009-06-30": "43.93400", "2008-06-30": "18.63700", "2007-06-30": "55.40300", "2006-06-30": "18.83400", "2005-06-30": "-58.98600"}, "Total Non-Operating Income/Expense": {"2020-06-30": "21.99800", "2019-06-30": "20.38800", "2018-06-30": "18.42500", "2017-06-30": "20.46400", "2016-06-30": "-0.74200", "2015-06-30": "-0.32100", "2014-06-30": "-1.19100", "2013-06-30": "1.83800", "2012-06-30": "-0.14500", "2011-06-30": "10.85600", "2010-06-30": "8.46200", "2009-06-30": "10.35800", "2008-06-30": "9.38700", "2007-06-30": "2.56200", "2006-06-30": "-2.42800", "2005-06-30": "-1.22700"}, "Pre-Tax Income": {"2020-06-30": "279.35700", "2019-06-30": "301.52700", "2018-06-30": "226.35300", "2017-06-30": "237.18300", "2016-06-30": "210.63900", "2015-06-30": "179.47100", "2014-06-30": "128.53300", "2013-06-30": "57.43800", "2012-06-30": "-15.15200", "2011-06-30": "-43.72000", "2010-06-30": "-100.90800", "2009-06-30": "54.29200", "2008-06-30": "28.02400", "2007-06-30": "57.96500", "2006-06-30": "16.40600", "2005-06-30": "-60.21300"}, "Income Taxes": {"2020-06-30": "49.68600", "2019-06-30": "40.16500", "2018-06-30": "-54.88100", "2017-06-30": "57.79700", "2016-06-30": "70.68800", "2015-06-30": "61.06400", "2014-06-30": "42.75000", "2013-06-30": "12.17600", "2012-06-30": "-1.34400", "2011-06-30": "-53.97700", "2010-06-30": "6.53700", "2009-06-30": "1.36800", "2008-06-30": "3.07800", "2007-06-30": "12.44700", "2006-06-30": "9.94100", "2005-06-30": "8.84700"}, "Income After Taxes": {"2020-06-30": "229.67100", "2019-06-30": "261.36200", "2018-06-30": "281.23400", "2017-06-30": "179.38600", "2016-06-30": "139.95100", "2015-06-30": "118.40700", "2014-06-30": "85.78300", "2013-06-30": "45.26200", "2012-06-30": "-13.80800", "2011-06-30": "10.25700", "2010-06-30": "-107.44500", "2009-06-30": "52.92400", "2008-06-30": "24.94600", "2007-06-30": "45.51800", "2006-06-30": "6.46500", "2005-06-30": "-69.06000"}, "Other Income": {"2020-06-30": "", "2019-06-30": "", "2018-06-30": "", "2017-06-30": "", "2016-06-30": "", "2015-06-30": "", "2014-06-30": "", "2013-06-30": "", "2012-06-30": "", "2011-06-30": "", "2010-06-30": "", "2009-06-30": "", "2008-06-30": "", "2007-06-30": "", "2006-06-30": "", "2005-06-30": ""}, "Income From Continuous Operations": {"2020-06-30": "229.67100", "2019-06-30": "261.36200", "2018-06-30": "281.23400", "2017-06-30": "179.38600", "2016-06-30": "139.95100", "2015-06-30": "118.40700", "2014-06-30": "85.78300", "2013-06-30": "45.26200", "2012-06-30": "-13.80800", "2011-06-30": "10.25700", "2010-06-30": "-107.44500", "2009-06-30": "52.92400", "2008-06-30": "24.94600", "2007-06-30": "45.51800", "2006-06-30": "6.46500", "2005-06-30": "-69.06000"}, "Income From Discontinued Operations": {"2020-06-30": "", "2019-06-30": "", "2018-06-30": "", "2017-06-30": "", "2016-06-30": "", "2015-06-30": "", "2014-06-30": "", "2013-06-30": "", "2012-06-30": "", "2011-06-30": "", "2010-06-30": "", "2009-06-30": "", "2008-06-30": "", "2007-06-30": "", "2006-06-30": "", "2005-06-30": ""}, "Net Income": {"2020-06-30": "229.67100", "2019-06-30": "261.36200", "2018-06-30": "281.23400", "2017-06-30": "179.38600", "2016-06-30": "139.95100", "2015-06-30": "118.40700", "2014-06-30": "85.78300", "2013-06-30": "45.26200", "2012-06-30": "-13.80800", "2011-06-30": "10.25700", "2010-06-30": "-107.44500", "2009-06-30": "52.92400", "2008-06-30": "24.94600", "2007-06-30": "38.22800", "2006-06-30": "-8.91800", "2005-06-30": "-83.51000"}, "EBITDA": {"2020-06-30": "276.00300", "2019-06-30": "289.28200", "2018-06-30": "214.47200", "2017-06-30": "223.12400", "2016-06-30": "217.44200", "2015-06-30": "186.00800", "2014-06-30": "134.93900", "2013-06-30": "60.82900", "2012-06-30": "-9.72900", "2011-06-30": "-49.24000", "2010-06-30": "-102.81900", "2009-06-30": "52.64600", "2008-06-30": "30.51400", "2007-06-30": "76.00800", "2006-06-30": "42.70400", "2005-06-30": "-32.98700"}, "EBIT": {"2020-06-30": "257.35900", "2019-06-30": "281.13900", "2018-06-30": "207.92800", "2017-06-30": "216.71900", "2016-06-30": "211.38100", "2015-06-30": "179.79200", "2014-06-30": "129.72400", "2013-06-30": "55.60000", "2012-06-30": "-15.00700", "2011-06-30": "-54.57600", "2010-06-30": "-109.37000", "2009-06-30": "43.93400", "2008-06-30": "18.63700", "2007-06-30": "55.40300", "2006-06-30": "18.83400", "2005-06-30": "-58.98600"}, "Basic Shares Outstanding": {"2020-06-30": "68.00000", "2019-06-30": "69.92500", "2018-06-30": "72.14000", "2017-06-30": "76.49100", "2016-06-30": "82.89200", "2015-06-30": "88.39800", "2014-06-30": "92.64800", "2013-06-30": "93.58600", "2012-06-30": "93.78000", "2011-06-30": "93.48800", "2010-06-30": "91.24700", "2009-06-30": "90.05300", "2008-06-30": "89.64000", "2007-06-30": "70.87900", "2006-06-30": "44.62700", "2005-06-30": "42.38100"}, "Shares Outstanding": {"2020-06-30": "68.72700", "2019-06-30": "70.78700", "2018-06-30": "72.95600", "2017-06-30": "76.97800", "2016-06-30": "83.30900", "2015-06-30": "89.01600", "2014-06-30": "93.66500", "2013-06-30": "95.41000", "2012-06-30": "93.78000", "2011-06-30": "95.85300", "2010-06-30": "91.24700", "2009-06-30": "92.57800", "2008-06-30": "94.09200", "2007-06-30": "91.86900", "2006-06-30": "44.62700", "2005-06-30": "42.38100"}, "Basic EPS": {"2020-06-30": "3.38000", "2019-06-30": "3.74000", "2018-06-30": "3.90000", "2017-06-30": "2.35000", "2016-06-30": "1.69000", "2015-06-30": "1.34000", "2014-06-30": "0.93000", "2013-06-30": "0.48000", "2012-06-30": "-0.15000", "2011-06-30": "0.11000", "2010-06-30": "-1.18000", "2009-06-30": "0.59000", "2008-06-30": "0.28000", "2007-06-30": "0.54000", "2006-06-30": "-0.20000", "2005-06-30": "-1.97000"}, "EPS - Earnings Per Share": {"2020-06-30": "3.34000", "2019-06-30": "3.69000", "2018-06-30": "3.85000", "2017-06-30": "2.33000", "2016-06-30": "1.68000", "2015-06-30": "1.33000", "2014-06-30": "0.92000", "2013-06-30": "0.47000", "2012-06-30": "-0.15000", "2011-06-30": "0.11000", "2010-06-30": "-1.18000", "2009-06-30": "0.57000", "2008-06-30": "0.27000", "2007-06-30": "0.50000", "2006-06-30": "-0.20000", "2005-06-30": "-1.97000"}}, "income statement, quarterly": {"Revenue": {"2020-12-31": "233.71800", "2020-09-30": "114.97100", "2020-06-30": "200.50100", "2020-03-31": "132.02700", "2019-12-31": "126.01200", "2019-09-30": "140.17700", "2019-06-30": "194.10600", "2019-03-31": "147.98400", "2018-12-31": "140.42300", "2018-09-30": "114.16900", "2018-06-30": "147.79100", "2018-03-31": "127.75800", "2017-12-31": "105.53000", "2017-09-30": "126.48700", "2017-06-30": "135.16700", "2017-03-31": "119.27700", "2016-12-31": "119.93300", "2016-09-30": "120.05000", "2016-06-30": "113.68000", "2016-03-31": "119.21700", "2015-12-31": "119.15100", "2015-09-30": "120.29600", "2015-06-30": "114.18600", "2015-03-31": "111.29900", "2014-12-31": "107.79000", "2014-09-30": "107.12600", "2014-06-30": "101.53200", "2014-03-31": "103.58700", "2013-12-31": "98.76900", "2013-09-30": "87.56500", "2013-06-30": "83.26400", "2013-03-31": "79.35700", "2012-12-31": "77.30900", "2012-09-30": "71.45700", "2012-06-30": "64.01700", "2012-03-31": "61.33700", "2011-12-31": "66.55500", "2011-09-30": "51.22500", "2011-06-30": "52.64500", "2011-03-31": "52.60100", "2010-12-31": "49.80800", "2010-09-30": "43.10000", "2010-06-30": "38.24400", "2010-03-31": "45.61800", "2009-12-31": "42.68600", "2009-09-30": "39.79600", "2009-06-30": "71.25500", "2009-03-31": "71.29200", "2008-12-31": "82.62700", "2008-09-30": "86.40600", "2008-06-30": "98.31200", "2008-03-31": "74.24400", "2007-12-31": "74.21900", "2007-09-30": "64.83800", "2007-06-30": "101.37000", "2007-03-31": "79.50000", "2006-12-31": "95.99400", "2006-09-30": "64.16500", "2006-06-30": "80.83200", "2006-03-31": "77.12900", "2005-12-31": "76.62100", "2005-09-30": "59.83400", "2005-06-30": "70.01500", "2005-03-31": "64.21800"}, "Cost Of Goods Sold": {"2020-12-31": "14.31500", "2020-09-30": "15.46600", "2020-06-30": "15.15800", "2020-03-31": "15.70500", "2019-12-31": "15.52600", "2019-09-30": "15.21800", "2019-06-30": "15.49000", "2019-03-31": "14.36000", "2018-12-31": "14.73900", "2018-09-30": "13.22700", "2018-06-30": "13.04700", "2018-03-31": "12.77600", "2017-12-31": "12.08900", "2017-09-30": "12.73200", "2017-06-30": "12.11400", "2017-03-31": "12.26700", "2016-12-31": "11.57900", "2016-09-30": "11.50600", "2016-06-30": "11.73100", "2016-03-31": "12.02000", "2015-12-31": "11.88800", "2015-09-30": "12.97200", "2015-06-30": "12.62100", "2015-03-31": "12.30900", "2014-12-31": "12.26500", "2014-09-30": "12.38100", "2014-06-30": "12.87900", "2014-03-31": "15.28800", "2013-12-31": "12.44300", "2013-09-30": "12.07800", "2013-06-30": "12.98800", "2013-03-31": "12.64900", "2012-12-31": "12.37300", "2012-09-30": "12.33800", "2012-06-30": "13.10100", "2012-03-31": "12.43000", "2011-12-31": "12.92500", "2011-09-30": "13.82100", "2011-06-30": "15.15000", "2011-03-31": "10.39200", "2010-12-31": "13.55500", "2010-09-30": "13.24800", "2010-06-30": "17.49800", "2010-03-31": "14.67400", "2009-12-31": "16.46900", "2009-09-30": "17.46900", "2009-06-30": "20.09400", "2009-03-31": "18.39600", "2008-12-31": "18.16400", "2008-09-30": "19.16600", "2008-06-30": "21.92800", "2008-03-31": "21.45000", "2007-12-31": "21.90000", "2007-09-30": "19.71500", "2007-06-30": "16.81500", "2007-03-31": "23.82300", "2006-12-31": "23.84400", "2006-09-30": "22.53200", "2006-06-30": "16.93900", "2006-03-31": "25.22200", "2005-12-31": "24.33400", "2005-09-30": "23.00000", "2005-06-30": "18.33500", "2005-03-31": "25.02800"}, "Gross Profit": {"2020-12-31": "219.40300", "2020-09-30": "99.50500", "2020-06-30": "185.34300", "2020-03-31": "116.32200", "2019-12-31": "110.48600", "2019-09-30": "124.95900", "2019-06-30": "178.61600", "2019-03-31": "133.62400", "2018-12-31": "125.68400", "2018-09-30": "100.94200", "2018-06-30": "134.74400", "2018-03-31": "114.98200", "2017-12-31": "93.44100", "2017-09-30": "113.75500", "2017-06-30": "123.05300", "2017-03-31": "107.01000", "2016-12-31": "108.35400", "2016-09-30": "108.54400", "2016-06-30": "101.94900", "2016-03-31": "107.19700", "2015-12-31": "107.26300", "2015-09-30": "107.32400", "2015-06-30": "101.56500", "2015-03-31": "98.99000", "2014-12-31": "95.52500", "2014-09-30": "94.74500", "2014-06-30": "88.65300", "2014-03-31": "88.29900", "2013-12-31": "86.32600", "2013-09-30": "75.48700", "2013-06-30": "70.27600", "2013-03-31": "66.70800", "2012-12-31": "64.93600", "2012-09-30": "59.11900", "2012-06-30": "50.91600", "2012-03-31": "48.90700", "2011-12-31": "53.63000", "2011-09-30": "37.40400", "2011-06-30": "37.49500", "2011-03-31": "42.20900", "2010-12-31": "36.25300", "2010-09-30": "29.85200", "2010-06-30": "20.74600", "2010-03-31": "30.94400", "2009-12-31": "26.21700", "2009-09-30": "22.32700", "2009-06-30": "51.16100", "2009-03-31": "52.89600", "2008-12-31": "64.46300", "2008-09-30": "67.24000", "2008-06-30": "76.38400", "2008-03-31": "52.79400", "2007-12-31": "52.31900", "2007-09-30": "45.12300", "2007-06-30": "84.55500", "2007-03-31": "55.67700", "2006-12-31": "72.15000", "2006-09-30": "41.63300", "2006-06-30": "63.89300", "2006-03-31": "51.90700", "2005-12-31": "52.28700", "2005-09-30": "36.83400", "2005-06-30": "51.68000", "2005-03-31": "39.19000"}, "Research And Development Expenses": {"2020-12-31": "22.17200", "2020-09-30": "22.53000", "2020-06-30": "23.53600", "2020-03-31": "23.57600", "2019-12-31": "22.62500", "2019-09-30": "22.49300", "2019-06-30": "21.22900", "2019-03-31": "20.52000", "2018-12-31": "20.31700", "2018-09-30": "21.05600", "2018-06-30": "21.21300", "2018-03-31": "21.58400", "2017-12-31": "19.79000", "2017-09-30": "19.48900", "2017-06-30": "21.95300", "2017-03-31": "20.34800", "2016-12-31": "18.59700", "2016-09-30": "18.63200", "2016-06-30": "16.75400", "2016-03-31": "17.82000", "2015-12-31": "15.98100", "2015-09-30": "16.59700", "2015-06-30": "17.03600", "2015-03-31": "20.32300", "2014-12-31": "15.95700", "2014-09-30": "16.26800", "2014-06-30": "15.76900", "2014-03-31": "21.79100", "2013-12-31": "15.01600", "2013-09-30": "15.83400", "2013-06-30": "15.93900", "2013-03-31": "15.77200", "2012-12-31": "15.03900", "2012-09-30": "15.76600", "2012-06-30": "15.25900", "2012-03-31": "14.42300", "2011-12-31": "12.76700", "2011-09-30": "13.76900", "2011-06-30": "13.81800", "2011-03-31": "12.33100", "2010-12-31": "12.09600", "2010-09-30": "12.57500", "2010-06-30": "12.10000", "2010-03-31": "12.71900", "2009-12-31": "12.51500", "2009-09-30": "10.89400", "2009-06-30": "11.47100", "2009-03-31": "11.73800", "2008-12-31": "10.51400", "2008-09-30": "12.65200", "2008-06-30": "16.04600", "2008-03-31": "11.59200", "2007-12-31": "10.58400", "2007-09-30": "11.67700", "2007-06-30": "11.36400", "2007-03-31": "12.12000", "2006-12-31": "10.72900", "2006-09-30": "8.49000", "2006-06-30": "10.30800", "2006-03-31": "12.00500", "2005-12-31": "11.82600", "2005-09-30": "10.18300", "2005-06-30": "11.96700", "2005-03-31": "11.55200"}, "SG&A Expenses": {"2020-12-31": "47.77800", "2020-09-30": "42.80500", "2020-06-30": "46.95000", "2020-03-31": "46.57300", "2019-12-31": "44.92200", "2019-09-30": "49.07600", "2019-06-30": "47.82700", "2019-03-31": "42.27300", "2018-12-31": "41.60900", "2018-09-30": "42.89600", "2018-06-30": "45.04000", "2018-03-31": "39.77900", "2017-12-31": "43.54600", "2017-09-30": "38.55300", "2017-06-30": "47.44900", "2017-03-31": "34.38900", "2016-12-31": "33.69200", "2016-09-30": "35.18200", "2016-06-30": "36.22300", "2016-03-31": "38.69600", "2015-12-31": "34.98300", "2015-09-30": "35.29800", "2015-06-30": "37.62300", "2015-03-31": "36.93600", "2014-12-31": "33.04700", "2014-09-30": "33.84300", "2014-06-30": "35.52000", "2014-03-31": "35.10600", "2013-12-31": "35.19800", "2013-09-30": "34.80700", "2013-06-30": "38.95200", "2013-03-31": "34.64300", "2012-12-31": "34.97400", "2012-09-30": "34.35900", "2012-06-30": "39.42400", "2012-03-31": "37.38200", "2011-12-31": "33.80800", "2011-09-30": "39.33300", "2011-06-30": "42.08800", "2011-03-31": "37.43700", "2010-12-31": "33.37900", "2010-09-30": "36.90800", "2010-06-30": "43.38200", "2010-03-31": "37.91500", "2009-12-31": "42.98500", "2009-09-30": "35.96600", "2009-06-30": "36.94300", "2009-03-31": "34.93500", "2008-12-31": "34.26400", "2008-09-30": "36.24000", "2008-06-30": "39.18200", "2008-03-31": "39.20600", "2007-12-31": "36.49400", "2007-09-30": "34.57900", "2007-06-30": "41.53700", "2007-03-31": "34.90700", "2006-12-31": "36.22400", "2006-09-30": "31.72900", "2006-06-30": "37.43000", "2006-03-31": "31.40600", "2005-12-31": "30.86000", "2005-09-30": "29.21700", "2005-06-30": "42.20400", "2005-03-31": "37.04500"}, "Other Operating Income Or Expenses": {"2020-12-31": "", "2020-09-30": "", "2020-06-30": "", "2020-03-31": "", "2019-12-31": "", "2019-09-30": "", "2019-06-30": "", "2019-03-31": "", "2018-12-31": "", "2018-09-30": "", "2018-06-30": "", "2018-03-31": "", "2017-12-31": "", "2017-09-30": "", "2017-06-30": "", "2017-03-31": "", "2016-12-31": "", "2016-09-30": "", "2016-06-30": "", "2016-03-31": "", "2015-12-31": "", "2015-09-30": "", "2015-06-30": "", "2015-03-31": "", "2014-12-31": "", "2014-09-30": "", "2014-06-30": "", "2014-03-31": "", "2013-12-31": "", "2013-09-30": "", "2013-06-30": "", "2013-03-31": "", "2012-12-31": "", "2012-09-30": "", "2012-06-30": "", "2012-03-31": "", "2011-12-31": "", "2011-09-30": "", "2011-06-30": "", "2011-03-31": "", "2010-12-31": "", "2010-09-30": "", "2010-06-30": "", "2010-03-31": "", "2009-12-31": "", "2009-09-30": "", "2009-06-30": "-0.62000", "2009-03-31": "", "2008-12-31": "0.00100", "2008-09-30": "-0.00400", "2008-06-30": "", "2008-03-31": "-0.01300", "2007-12-31": "0.12000", "2007-09-30": "-0.02000", "2007-06-30": "-0.09800", "2007-03-31": "-0.16100", "2006-12-31": "-0.08800", "2006-09-30": "0.01500", "2006-06-30": "0.18000", "2006-03-31": "-0.10300", "2005-12-31": "-0.31600", "2005-09-30": "-0.06100", "2005-06-30": "-0.18000", "2005-03-31": "-0.08100"}, "Operating Expenses": {"2020-12-31": "84.26500", "2020-09-30": "80.80100", "2020-06-30": "85.64400", "2020-03-31": "85.85400", "2019-12-31": "83.07300", "2019-09-30": "86.78700", "2019-06-30": "84.54600", "2019-03-31": "77.15300", "2018-12-31": "76.66500", "2018-09-30": "77.17900", "2018-06-30": "79.30000", "2018-03-31": "74.13900", "2017-12-31": "75.42500", "2017-09-30": "70.77400", "2017-06-30": "81.51600", "2017-03-31": "67.00400", "2016-12-31": "63.86800", "2016-09-30": "65.32000", "2016-06-30": "64.70800", "2016-03-31": "68.53600", "2015-12-31": "62.85200", "2015-09-30": "64.86700", "2015-06-30": "67.28000", "2015-03-31": "69.56800", "2014-12-31": "61.26900", "2014-09-30": "62.49200", "2014-06-30": "64.17100", "2014-03-31": "72.18500", "2013-12-31": "62.65700", "2013-09-30": "62.71600", "2013-06-30": "67.88100", "2013-03-31": "63.02300", "2012-12-31": "62.38000", "2012-09-30": "62.50300", "2012-06-30": "67.62600", "2012-03-31": "64.15100", "2011-12-31": "59.51400", "2011-09-30": "66.85000", "2011-06-30": "70.96900", "2011-03-31": "59.84500", "2010-12-31": "59.10800", "2010-09-30": "62.80800", "2010-06-30": "73.84800", "2010-03-31": "65.26500", "2009-12-31": "72.00100", "2009-09-30": "64.60000", "2009-06-30": "68.92600", "2009-03-31": "66.82900", "2008-12-31": "63.79500", "2008-09-30": "68.09600", "2008-06-30": "77.23800", "2008-03-31": "72.37200", "2007-12-31": "70.14900", "2007-09-30": "73.21700", "2007-06-30": "77.36200", "2007-03-31": "72.60800", "2006-12-31": "71.47400", "2006-09-30": "64.18200", "2006-06-30": "73.32100", "2006-03-31": "69.27000", "2005-12-31": "68.33100", "2005-09-30": "64.66000", "2005-06-30": "84.23600", "2005-03-31": "73.60900"}, "Operating Income": {"2020-12-31": "149.45300", "2020-09-30": "34.17000", "2020-06-30": "114.85700", "2020-03-31": "46.17300", "2019-12-31": "42.93900", "2019-09-30": "53.39000", "2019-06-30": "109.56000", "2019-03-31": "70.83100", "2018-12-31": "63.75800", "2018-09-30": "36.99000", "2018-06-30": "68.49100", "2018-03-31": "53.61900", "2017-12-31": "30.10500", "2017-09-30": "55.71300", "2017-06-30": "53.65100", "2017-03-31": "52.27300", "2016-12-31": "56.06500", "2016-09-30": "54.73000", "2016-06-30": "48.97200", "2016-03-31": "50.68100", "2015-12-31": "56.29900", "2015-09-30": "55.42900", "2015-06-30": "46.90600", "2015-03-31": "41.73100", "2014-12-31": "46.52100", "2014-09-30": "44.63400", "2014-06-30": "37.36100", "2014-03-31": "31.40200", "2013-12-31": "36.11200", "2013-09-30": "24.84900", "2013-06-30": "15.38300", "2013-03-31": "16.33400", "2012-12-31": "14.92900", "2012-09-30": "8.95400", "2012-06-30": "-3.60900", "2012-03-31": "-2.81400", "2011-12-31": "7.04100", "2011-09-30": "-15.62500", "2011-06-30": "-18.32400", "2011-03-31": "-7.24400", "2010-12-31": "-9.30000", "2010-09-30": "-19.70800", "2010-06-30": "-35.60400", "2010-03-31": "-19.64700", "2009-12-31": "-29.31500", "2009-09-30": "-24.80400", "2009-06-30": "2.32900", "2009-03-31": "4.46300", "2008-12-31": "18.83200", "2008-09-30": "18.31000", "2008-06-30": "21.07400", "2008-03-31": "1.87200", "2007-12-31": "4.07000", "2007-09-30": "-8.37900", "2007-06-30": "24.00800", "2007-03-31": "6.89200", "2006-12-31": "24.52000", "2006-09-30": "-0.01700", "2006-06-30": "7.51100", "2006-03-31": "7.85900", "2005-12-31": "8.29000", "2005-09-30": "-4.82600", "2005-06-30": "-14.22100", "2005-03-31": "-9.39100"}, "Total Non-Operating Income/Expense": {"2020-12-31": "6.92200", "2020-09-30": "5.10500", "2020-06-30": "7.00600", "2020-03-31": "4.61400", "2019-12-31": "4.27000", "2019-09-30": "6.10800", "2019-06-30": "5.81100", "2019-03-31": "4.45100", "2018-12-31": "4.74300", "2018-09-30": "5.38300", "2018-06-30": "4.48500", "2018-03-31": "4.71500", "2017-12-31": "4.74000", "2017-09-30": "4.48500", "2017-06-30": "21.23300", "2017-03-31": "-0.83900", "2016-12-31": "0.02100", "2016-09-30": "0.04900", "2016-06-30": "1.30600", "2016-03-31": "-2.92600", "2015-12-31": "-0.09900", "2015-09-30": "0.97700", "2015-06-30": "-1.05600", "2015-03-31": "0.53500", "2014-12-31": "-0.12000", "2014-09-30": "0.32000", "2014-06-30": "-0.32100", "2014-03-31": "-0.20300", "2013-12-31": "-0.23200", "2013-09-30": "-0.43500", "2013-06-30": "-0.28600", "2013-03-31": "0.77700", "2012-12-31": "0.78200", "2012-09-30": "0.56500", "2012-06-30": "-0.98500", "2012-03-31": "1.13900", "2011-12-31": "0.59400", "2011-09-30": "-0.89300", "2011-06-30": "2.67000", "2011-03-31": "1.91800", "2010-12-31": "1.14600", "2010-09-30": "5.12200", "2010-06-30": "0.16800", "2010-03-31": "0.60600", "2009-12-31": "2.38100", "2009-09-30": "5.30700", "2009-06-30": "5.10800", "2009-03-31": "-0.36200", "2008-12-31": "6.13200", "2008-09-30": "-0.52000", "2008-06-30": "0.19700", "2008-03-31": "4.27900", "2007-12-31": "2.94400", "2007-09-30": "1.96700", "2007-06-30": "-2.42100", "2007-03-31": "0.78900", "2006-12-31": "3.72900", "2006-09-30": "0.46500", "2006-06-30": "-6.45500", "2006-03-31": "1.85000", "2005-12-31": "1.56500", "2005-09-30": "0.61200", "2005-06-30": "-2.95700", "2005-03-31": "0.46100"}, "Pre-Tax Income": {"2020-12-31": "156.37500", "2020-09-30": "39.27500", "2020-06-30": "121.86300", "2020-03-31": "50.78700", "2019-12-31": "47.20900", "2019-09-30": "59.49800", "2019-06-30": "115.37100", "2019-03-31": "75.28200", "2018-12-31": "68.50100", "2018-09-30": "42.37300", "2018-06-30": "72.97600", "2018-03-31": "58.33400", "2017-12-31": "34.84500", "2017-09-30": "60.19800", "2017-06-30": "74.88400", "2017-03-31": "51.43400", "2016-12-31": "56.08600", "2016-09-30": "54.77900", "2016-06-30": "50.27800", "2016-03-31": "47.75500", "2015-12-31": "56.20000", "2015-09-30": "56.40600", "2015-06-30": "45.85000", "2015-03-31": "42.26600", "2014-12-31": "46.40100", "2014-09-30": "44.95400", "2014-06-30": "37.04000", "2014-03-31": "31.19900", "2013-12-31": "35.88000", "2013-09-30": "24.41400", "2013-06-30": "15.09700", "2013-03-31": "17.11100", "2012-12-31": "15.71100", "2012-09-30": "9.51900", "2012-06-30": "-4.59400", "2012-03-31": "-1.67500", "2011-12-31": "7.63500", "2011-09-30": "-16.51800", "2011-06-30": "-15.65400", "2011-03-31": "-5.32600", "2010-12-31": "-8.15400", "2010-09-30": "-14.58600", "2010-06-30": "-35.43600", "2010-03-31": "-19.04100", "2009-12-31": "-26.93400", "2009-09-30": "-19.49700", "2009-06-30": "7.43700", "2009-03-31": "4.10100", "2008-12-31": "24.96400", "2008-09-30": "17.79000", "2008-06-30": "21.27100", "2008-03-31": "6.15100", "2007-12-31": "7.01400", "2007-09-30": "-6.41200", "2007-06-30": "21.58700", "2007-03-31": "7.68100", "2006-12-31": "28.24900", "2006-09-30": "0.44800", "2006-06-30": "1.05600", "2006-03-31": "9.70900", "2005-12-31": "9.85500", "2005-09-30": "-4.21400", "2005-06-30": "-17.17800", "2005-03-31": "-8.93000"}, "Income Taxes": {"2020-12-31": "27.22300", "2020-09-30": "6.56400", "2020-06-30": "29.02800", "2020-03-31": "7.26600", "2019-12-31": "7.40800", "2019-09-30": "5.98400", "2019-06-30": "12.87900", "2019-03-31": "13.69500", "2018-12-31": "9.28400", "2018-09-30": "4.30700", "2018-06-30": "8.80000", "2018-03-31": "13.82900", "2017-12-31": "-97.18700", "2017-09-30": "19.67700", "2017-06-30": "3.34200", "2017-03-31": "15.60000", "2016-12-31": "19.07600", "2016-09-30": "19.77900", "2016-06-30": "16.95200", "2016-03-31": "14.58400", "2015-12-31": "19.51700", "2015-09-30": "19.63500", "2015-06-30": "15.04400", "2015-03-31": "14.09600", "2014-12-31": "15.93700", "2014-09-30": "15.98700", "2014-06-30": "10.36200", "2014-03-31": "10.35600", "2013-12-31": "12.61700", "2013-09-30": "9.41500", "2013-06-30": "-5.30200", "2013-03-31": "6.59800", "2012-12-31": "5.77400", "2012-09-30": "5.10600", "2012-06-30": "0.79400", "2012-03-31": "-1.15500", "2011-12-31": "3.79900", "2011-09-30": "-4.78200", "2011-06-30": "-57.33500", "2011-03-31": "0.36100", "2010-12-31": "2.11500", "2010-09-30": "0.88200", "2010-06-30": "-1.46400", "2010-03-31": "2.71300", "2009-12-31": "3.72300", "2009-09-30": "1.56500", "2009-06-30": "-2.77700", "2009-03-31": "-3.99500", "2008-12-31": "2.00300", "2008-09-30": "6.13700", "2008-06-30": "0.61300", "2008-03-31": "2.11800", "2007-12-31": "-2.24400", "2007-09-30": "2.59100", "2007-06-30": "3.65000", "2007-03-31": "2.59500", "2006-12-31": "4.15600", "2006-09-30": "2.04600", "2006-06-30": "4.18500", "2006-03-31": "3.09500", "2005-12-31": "2.01100", "2005-09-30": "0.65000", "2005-06-30": "8.62700", "2005-03-31": "1.13300"}, "Income After Taxes": {"2020-12-31": "129.15200", "2020-09-30": "32.71100", "2020-06-30": "92.83500", "2020-03-31": "43.52100", "2019-12-31": "39.80100", "2019-09-30": "53.51400", "2019-06-30": "102.49200", "2019-03-31": "61.58700", "2018-12-31": "59.21700", "2018-09-30": "38.06600", "2018-06-30": "64.17600", "2018-03-31": "44.50500", "2017-12-31": "132.03200", "2017-09-30": "40.52100", "2017-06-30": "71.54200", "2017-03-31": "35.83400", "2016-12-31": "37.01000", "2016-09-30": "35.00000", "2016-06-30": "33.32600", "2016-03-31": "33.17100", "2015-12-31": "36.68300", "2015-09-30": "36.77100", "2015-06-30": "30.80600", "2015-03-31": "28.17000", "2014-12-31": "30.46400", "2014-09-30": "28.96700", "2014-06-30": "26.67800", "2014-03-31": "20.84300", "2013-12-31": "23.26300", "2013-09-30": "14.99900", "2013-06-30": "20.39900", "2013-03-31": "10.51300", "2012-12-31": "9.93700", "2012-09-30": "4.41300", "2012-06-30": "-5.38800", "2012-03-31": "-0.52000", "2011-12-31": "3.83600", "2011-09-30": "-11.73600", "2011-06-30": "41.68100", "2011-03-31": "-5.68700", "2010-12-31": "-10.26900", "2010-09-30": "-15.46800", "2010-06-30": "-33.97200", "2010-03-31": "-21.75400", "2009-12-31": "-30.65700", "2009-09-30": "-21.06200", "2009-06-30": "10.21400", "2009-03-31": "8.09600", "2008-12-31": "22.96100", "2008-09-30": "11.65300", "2008-06-30": "20.65800", "2008-03-31": "4.03300", "2007-12-31": "9.25800", "2007-09-30": "-9.00300", "2007-06-30": "17.93700", "2007-03-31": "5.08600", "2006-12-31": "24.09300", "2006-09-30": "-1.59800", "2006-06-30": "-3.12900", "2006-03-31": "6.61400", "2005-12-31": "7.84400", "2005-09-30": "-4.86400", "2005-06-30": "-25.80500", "2005-03-31": "-10.06300"}, "Other Income": {"2020-12-31": "", "2020-09-30": "", "2020-06-30": "", "2020-03-31": "", "2019-12-31": "", "2019-09-30": "", "2019-06-30": "", "2019-03-31": "", "2018-12-31": "", "2018-09-30": "", "2018-06-30": "", "2018-03-31": "", "2017-12-31": "", "2017-09-30": "", "2017-06-30": "", "2017-03-31": "", "2016-12-31": "", "2016-09-30": "", "2016-06-30": "", "2016-03-31": "", "2015-12-31": "", "2015-09-30": "", "2015-06-30": "", "2015-03-31": "", "2014-12-31": "", "2014-09-30": "", "2014-06-30": "", "2014-03-31": "", "2013-12-31": "", "2013-09-30": "", "2013-06-30": "", "2013-03-31": "", "2012-12-31": "", "2012-09-30": "", "2012-06-30": "", "2012-03-31": "", "2011-12-31": "", "2011-09-30": "", "2011-06-30": "", "2011-03-31": "", "2010-12-31": "", "2010-09-30": "", "2010-06-30": "", "2010-03-31": "", "2009-12-31": "", "2009-09-30": "", "2009-06-30": "", "2009-03-31": "", "2008-12-31": "", "2008-09-30": "", "2008-06-30": "", "2008-03-31": "", "2007-12-31": "", "2007-09-30": "", "2007-06-30": "", "2007-03-31": "", "2006-12-31": "", "2006-09-30": "", "2006-06-30": "", "2006-03-31": "", "2005-12-31": "", "2005-09-30": "", "2005-06-30": "", "2005-03-31": ""}, "Income From Continuous Operations": {"2020-12-31": "129.15200", "2020-09-30": "32.71100", "2020-06-30": "92.83500", "2020-03-31": "43.52100", "2019-12-31": "39.80100", "2019-09-30": "53.51400", "2019-06-30": "102.49200", "2019-03-31": "61.58700", "2018-12-31": "59.21700", "2018-09-30": "38.06600", "2018-06-30": "64.17600", "2018-03-31": "44.50500", "2017-12-31": "132.03200", "2017-09-30": "40.52100", "2017-06-30": "71.54200", "2017-03-31": "35.83400", "2016-12-31": "37.01000", "2016-09-30": "35.00000", "2016-06-30": "33.32600", "2016-03-31": "33.17100", "2015-12-31": "36.68300", "2015-09-30": "36.77100", "2015-06-30": "30.80600", "2015-03-31": "28.17000", "2014-12-31": "30.46400", "2014-09-30": "28.96700", "2014-06-30": "26.67800", "2014-03-31": "20.84300", "2013-12-31": "23.26300", "2013-09-30": "14.99900", "2013-06-30": "20.39900", "2013-03-31": "10.51300", "2012-12-31": "9.93700", "2012-09-30": "4.41300", "2012-06-30": "-5.38800", "2012-03-31": "-0.52000", "2011-12-31": "3.83600", "2011-09-30": "-11.73600", "2011-06-30": "41.68100", "2011-03-31": "-5.68700", "2010-12-31": "-10.26900", "2010-09-30": "-15.46800", "2010-06-30": "-33.97200", "2010-03-31": "-21.75400", "2009-12-31": "-30.65700", "2009-09-30": "-21.06200", "2009-06-30": "10.21400", "2009-03-31": "8.09600", "2008-12-31": "22.96100", "2008-09-30": "11.65300", "2008-06-30": "20.65800", "2008-03-31": "4.03300", "2007-12-31": "9.25800", "2007-09-30": "-9.00300", "2007-06-30": "17.93700", "2007-03-31": "5.08600", "2006-12-31": "24.09300", "2006-09-30": "-1.59800", "2006-06-30": "-3.12900", "2006-03-31": "6.61400", "2005-12-31": "7.84400", "2005-09-30": "-4.86400", "2005-06-30": "-25.80500", "2005-03-31": "-10.06300"}, "Income From Discontinued Operations": {"2020-12-31": "", "2020-09-30": "", "2020-06-30": "", "2020-03-31": "", "2019-12-31": "", "2019-09-30": "", "2019-06-30": "", "2019-03-31": "", "2018-12-31": "", "2018-09-30": "", "2018-06-30": "", "2018-03-31": "", "2017-12-31": "", "2017-09-30": "", "2017-06-30": "", "2017-03-31": "", "2016-12-31": "", "2016-09-30": "", "2016-06-30": "", "2016-03-31": "", "2015-12-31": "", "2015-09-30": "", "2015-06-30": "", "2015-03-31": "", "2014-12-31": "", "2014-09-30": "", "2014-06-30": "", "2014-03-31": "", "2013-12-31": "", "2013-09-30": "", "2013-06-30": "", "2013-03-31": "", "2012-12-31": "", "2012-09-30": "", "2012-06-30": "", "2012-03-31": "", "2011-12-31": "", "2011-09-30": "", "2011-06-30": "", "2011-03-31": "", "2010-12-31": "", "2010-09-30": "", "2010-06-30": "", "2010-03-31": "", "2009-12-31": "", "2009-09-30": "", "2009-06-30": "", "2009-03-31": "", "2008-12-31": "", "2008-09-30": "", "2008-06-30": "", "2008-03-31": "", "2007-12-31": "", "2007-09-30": "", "2007-06-30": "", "2007-03-31": "", "2006-12-31": "", "2006-09-30": "", "2006-06-30": "", "2006-03-31": "", "2005-12-31": "", "2005-09-30": "", "2005-06-30": "", "2005-03-31": ""}, "Net Income": {"2020-12-31": "129.15200", "2020-09-30": "32.71100", "2020-06-30": "92.83500", "2020-03-31": "43.52100", "2019-12-31": "39.80100", "2019-09-30": "53.51400", "2019-06-30": "102.49200", "2019-03-31": "61.58700", "2018-12-31": "59.21700", "2018-09-30": "38.06600", "2018-06-30": "64.17600", "2018-03-31": "44.50500", "2017-12-31": "132.03200", "2017-09-30": "40.52100", "2017-06-30": "71.54200", "2017-03-31": "35.83400", "2016-12-31": "37.01000", "2016-09-30": "35.00000", "2016-06-30": "33.32600", "2016-03-31": "33.17100", "2015-12-31": "36.68300", "2015-09-30": "36.77100", "2015-06-30": "30.80600", "2015-03-31": "28.17000", "2014-12-31": "30.46400", "2014-09-30": "28.96700", "2014-06-30": "26.67800", "2014-03-31": "20.84300", "2013-12-31": "23.26300", "2013-09-30": "14.99900", "2013-06-30": "20.39900", "2013-03-31": "10.51300", "2012-12-31": "9.93700", "2012-09-30": "4.41300", "2012-06-30": "-5.38800", "2012-03-31": "-0.52000", "2011-12-31": "3.83600", "2011-09-30": "-11.73600", "2011-06-30": "41.68100", "2011-03-31": "-5.68700", "2010-12-31": "-10.26900", "2010-09-30": "-15.46800", "2010-06-30": "-33.97200", "2010-03-31": "-21.75400", "2009-12-31": "-30.65700", "2009-09-30": "-21.06200", "2009-06-30": "10.21400", "2009-03-31": "8.09600", "2008-12-31": "22.96100", "2008-09-30": "11.65300", "2008-06-30": "20.65800", "2008-03-31": "4.03300", "2007-12-31": "9.25800", "2007-09-30": "-9.00300", "2007-06-30": "17.93700", "2007-03-31": "4.94000", "2006-12-31": "20.68500", "2006-09-30": "-5.33400", "2006-06-30": "-7.00300", "2006-03-31": "2.72600", "2005-12-31": "4.00100", "2005-09-30": "-8.64200", "2005-06-30": "-29.50800", "2005-03-31": "-13.69300"}, "EBITDA": {"2020-12-31": "154.39000", "2020-09-30": "38.86900", "2020-06-30": "119.95500", "2020-03-31": "51.98900", "2019-12-31": "46.74600", "2019-09-30": "57.31300", "2019-06-30": "111.64000", "2019-03-31": "72.84500", "2018-12-31": "65.80700", "2018-09-30": "38.99000", "2018-06-30": "70.13300", "2018-03-31": "55.16300", "2017-12-31": "31.71000", "2017-09-30": "57.46600", "2017-06-30": "55.06300", "2017-03-31": "53.96600", "2016-12-31": "57.57400", "2016-09-30": "56.52100", "2016-06-30": "50.51400", "2016-03-31": "52.18000", "2015-12-31": "57.77200", "2015-09-30": "56.97600", "2015-06-30": "48.50600", "2015-03-31": "43.48900", "2014-12-31": "48.02700", "2014-09-30": "45.98600", "2014-06-30": "38.72100", "2014-03-31": "32.77800", "2013-12-31": "37.38900", "2013-09-30": "26.05100", "2013-06-30": "16.49800", "2013-03-31": "17.76100", "2012-12-31": "16.29900", "2012-09-30": "10.27100", "2012-06-30": "-2.31500", "2012-03-31": "-1.52300", "2011-12-31": "8.32200", "2011-09-30": "-14.21300", "2011-06-30": "-16.91300", "2011-03-31": "-5.91900", "2010-12-31": "-8.06100", "2010-09-30": "-18.34700", "2010-06-30": "-34.19600", "2010-03-31": "-18.23300", "2009-12-31": "-27.56000", "2009-09-30": "-22.83000", "2009-06-30": "3.84400", "2009-03-31": "6.41700", "2008-12-31": "21.74100", "2008-09-30": "20.64400", "2008-06-30": "24.61400", "2008-03-31": "4.30800", "2007-12-31": "7.14600", "2007-09-30": "-5.55400", "2007-06-30": "29.44100", "2007-03-31": "11.71400", "2006-12-31": "29.59900", "2006-09-30": "5.25400", "2006-06-30": "14.95600", "2006-03-31": "13.26500", "2005-12-31": "14.05300", "2005-09-30": "0.43000", "2005-06-30": "-7.35500", "2005-03-31": "-3.35200"}, "EBIT": {"2020-12-31": "149.45300", "2020-09-30": "34.17000", "2020-06-30": "114.85700", "2020-03-31": "46.17300", "2019-12-31": "42.93900", "2019-09-30": "53.39000", "2019-06-30": "109.56000", "2019-03-31": "70.83100", "2018-12-31": "63.75800", "2018-09-30": "36.99000", "2018-06-30": "68.49100", "2018-03-31": "53.61900", "2017-12-31": "30.10500", "2017-09-30": "55.71300", "2017-06-30": "53.65100", "2017-03-31": "52.27300", "2016-12-31": "56.06500", "2016-09-30": "54.73000", "2016-06-30": "48.97200", "2016-03-31": "50.68100", "2015-12-31": "56.29900", "2015-09-30": "55.42900", "2015-06-30": "46.90600", "2015-03-31": "41.73100", "2014-12-31": "46.52100", "2014-09-30": "44.63400", "2014-06-30": "37.36100", "2014-03-31": "31.40200", "2013-12-31": "36.11200", "2013-09-30": "24.84900", "2013-06-30": "15.38300", "2013-03-31": "16.33400", "2012-12-31": "14.92900", "2012-09-30": "8.95400", "2012-06-30": "-3.60900", "2012-03-31": "-2.81400", "2011-12-31": "7.04100", "2011-09-30": "-15.62500", "2011-06-30": "-18.32400", "2011-03-31": "-7.24400", "2010-12-31": "-9.30000", "2010-09-30": "-19.70800", "2010-06-30": "-35.60400", "2010-03-31": "-19.64700", "2009-12-31": "-29.31500", "2009-09-30": "-24.80400", "2009-06-30": "2.32900", "2009-03-31": "4.46300", "2008-12-31": "18.83200", "2008-09-30": "18.31000", "2008-06-30": "21.07400", "2008-03-31": "1.87200", "2007-12-31": "4.07000", "2007-09-30": "-8.37900", "2007-06-30": "24.00800", "2007-03-31": "6.89200", "2006-12-31": "24.52000", "2006-09-30": "-0.01700", "2006-06-30": "7.51100", "2006-03-31": "7.85900", "2005-12-31": "8.29000", "2005-09-30": "-4.82600", "2005-06-30": "-14.22100", "2005-03-31": "-9.39100"}, "Basic Shares Outstanding": {"2020-12-31": "67.78000", "2020-09-30": "67.72900", "2020-06-30": "68.00000", "2020-03-31": "67.80600", "2019-12-31": "68.11400", "2019-09-30": "68.44100", "2019-06-30": "69.92500", "2019-03-31": "69.42300", "2018-12-31": "70.42800", "2018-09-30": "70.98800", "2018-06-30": "72.14000", "2018-03-31": "71.82800", "2017-12-31": "72.34200", "2017-09-30": "73.02400", "2017-06-30": "76.49100", "2017-03-31": "75.67600", "2016-12-31": "76.90500", "2016-09-30": "79.04800", "2016-06-30": "82.89200", "2016-03-31": "83.08100", "2015-12-31": "83.31500", "2015-09-30": "83.87600", "2015-06-30": "88.39800", "2015-03-31": "87.35500", "2014-12-31": "89.94200", "2014-09-30": "91.18300", "2014-06-30": "92.64800", "2014-03-31": "92.41400", "2013-12-31": "92.83900", "2013-09-30": "93.41000", "2013-06-30": "93.58600", "2013-03-31": "93.73000", "2012-12-31": "93.51200", "2012-09-30": "93.42800", "2012-06-30": "93.78000", "2012-03-31": "93.58300", "2011-12-31": "93.90200", "2011-09-30": "94.06500", "2011-06-30": "93.48800", "2011-03-31": "93.86200", "2010-12-31": "93.25200", "2010-09-30": "92.68900", "2010-06-30": "91.24700", "2010-03-31": "91.83500", "2009-12-31": "91.00200", "2009-09-30": "90.10700", "2009-06-30": "90.05300", "2009-03-31": "90.06500", "2008-12-31": "90.04300", "2008-09-30": "90.01900", "2008-06-30": "89.64000", "2008-03-31": "89.97200", "2007-12-31": "89.60200", "2007-09-30": "88.99500", "2007-06-30": "70.87900", "2007-03-31": "86.22800", "2006-12-31": "57.05900", "2006-09-30": "52.80100", "2006-06-30": "44.62700", "2006-03-31": "44.56100", "2005-12-31": "43.74300", "2005-09-30": "43.23700", "2005-06-30": "42.38100", "2005-03-31": "42.63900"}, "Shares Outstanding": {"2020-12-31": "68.40000", "2020-09-30": "68.29900", "2020-06-30": "68.72700", "2020-03-31": "68.48200", "2019-12-31": "68.84400", "2019-09-30": "69.31700", "2019-06-30": "70.78700", "2019-03-31": "70.16000", "2018-12-31": "71.14800", "2018-09-30": "72.01500", "2018-06-30": "72.95600", "2018-03-31": "72.66300", "2017-12-31": "73.03600", "2017-09-30": "73.60900", "2017-06-30": "76.97800", "2017-03-31": "76.18200", "2016-12-31": "77.31800", "2016-09-30": "79.38500", "2016-06-30": "83.30900", "2016-03-31": "83.37300", "2015-12-31": "83.70300", "2015-09-30": "84.32000", "2015-06-30": "89.01600", "2015-03-31": "87.85300", "2014-12-31": "90.47100", "2014-09-30": "91.89100", "2014-06-30": "93.66500", "2014-03-31": "93.36500", "2013-12-31": "93.81600", "2013-09-30": "94.52200", "2013-06-30": "95.41000", "2013-03-31": "95.40000", "2012-12-31": "95.46300", "2012-09-30": "95.67000", "2012-06-30": "93.78000", "2012-03-31": "93.58300", "2011-12-31": "96.26700", "2011-09-30": "94.06500", "2011-06-30": "95.85300", "2011-03-31": "93.86200", "2010-12-31": "93.25200", "2010-09-30": "92.68900", "2010-06-30": "91.24700", "2010-03-31": "91.83500", "2009-12-31": "91.00200", "2009-09-30": "90.10700", "2009-06-30": "92.57800", "2009-03-31": "91.64800", "2008-12-31": "92.03000", "2008-09-30": "94.00500", "2008-06-30": "94.09200", "2008-03-31": "93.83400", "2007-12-31": "94.73000", "2007-09-30": "88.99500", "2007-06-30": "91.86900", "2007-03-31": "91.87600", "2006-12-31": "90.53400", "2006-09-30": "52.80100", "2006-06-30": "44.62700", "2006-03-31": "55.49700", "2005-12-31": "52.76500", "2005-09-30": "43.23700", "2005-06-30": "42.38100", "2005-03-31": "42.63900"}, "Basic EPS": {"2020-12-31": "1.91000", "2020-09-30": "0.48000", "2020-06-30": "1.38000", "2020-03-31": "0.64000", "2019-12-31": "0.58000", "2019-09-30": "0.78000", "2019-06-30": "1.47000", "2019-03-31": "0.89000", "2018-12-31": "0.84000", "2018-09-30": "0.54000", "2018-06-30": "0.90000", "2018-03-31": "0.62000", "2017-12-31": "1.83000", "2017-09-30": "0.55000", "2017-06-30": "0.96000", "2017-03-31": "0.47000", "2016-12-31": "0.48000", "2016-09-30": "0.44000", "2016-06-30": "0.41000", "2016-03-31": "0.40000", "2015-12-31": "0.44000", "2015-09-30": "0.44000", "2015-06-30": "0.36000", "2015-03-31": "0.32000", "2014-12-31": "0.34000", "2014-09-30": "0.32000", "2014-06-30": "0.29000", "2014-03-31": "0.23000", "2013-12-31": "0.25000", "2013-09-30": "0.16000", "2013-06-30": "0.21000", "2013-03-31": "0.11000", "2012-12-31": "0.11000", "2012-09-30": "0.05000", "2012-06-30": "-0.06000", "2012-03-31": "-0.01000", "2011-12-31": "0.04000", "2011-09-30": "-0.12000", "2011-06-30": "0.45000", "2011-03-31": "-0.06000", "2010-12-31": "-0.11000", "2010-09-30": "-0.17000", "2010-06-30": "-0.37000", "2010-03-31": "-0.24000", "2009-12-31": "-0.34000", "2009-09-30": "-0.23000", "2009-06-30": "0.11000", "2009-03-31": "0.09000", "2008-12-31": "0.26000", "2008-09-30": "0.13000", "2008-06-30": "0.24000", "2008-03-31": "0.04000", "2007-12-31": "0.10000", "2007-09-30": "-0.10000", "2007-06-30": "0.22000", "2007-03-31": "0.06000", "2006-12-31": "0.36000", "2006-09-30": "-0.10000", "2006-06-30": "-0.15000", "2006-03-31": "0.06000", "2005-12-31": "0.09000", "2005-09-30": "-0.20000", "2005-06-30": "-0.69000", "2005-03-31": "-0.32000"}, "EPS - Earnings Per Share": {"2020-12-31": "1.89000", "2020-09-30": "0.48000", "2020-06-30": "1.35000", "2020-03-31": "0.64000", "2019-12-31": "0.58000", "2019-09-30": "0.77000", "2019-06-30": "1.45000", "2019-03-31": "0.88000", "2018-12-31": "0.83000", "2018-09-30": "0.53000", "2018-06-30": "0.88000", "2018-03-31": "0.61000", "2017-12-31": "1.81000", "2017-09-30": "0.55000", "2017-06-30": "0.94000", "2017-03-31": "0.47000", "2016-12-31": "0.48000", "2016-09-30": "0.44000", "2016-06-30": "0.40000", "2016-03-31": "0.40000", "2015-12-31": "0.44000", "2015-09-30": "0.44000", "2015-06-30": "0.35000", "2015-03-31": "0.32000", "2014-12-31": "0.34000", "2014-09-30": "0.32000", "2014-06-30": "0.29000", "2014-03-31": "0.22000", "2013-12-31": "0.25000", "2013-09-30": "0.16000", "2013-06-30": "0.21000", "2013-03-31": "0.11000", "2012-12-31": "0.10000", "2012-09-30": "0.05000", "2012-06-30": "-0.06000", "2012-03-31": "-0.01000", "2011-12-31": "0.04000", "2011-09-30": "-0.12000", "2011-06-30": "0.45000", "2011-03-31": "-0.06000", "2010-12-31": "-0.11000", "2010-09-30": "-0.17000", "2010-06-30": "-0.37000", "2010-03-31": "-0.24000", "2009-12-31": "-0.34000", "2009-09-30": "-0.23000", "2009-06-30": "0.11000", "2009-03-31": "0.09000", "2008-12-31": "0.25000", "2008-09-30": "0.12000", "2008-06-30": "0.23000", "2008-03-31": "0.04000", "2007-12-31": "0.10000", "2007-09-30": "-0.10000", "2007-06-30": "0.27000", "2007-03-31": "0.06000", "2006-12-31": "0.27000", "2006-09-30": "-0.10000", "2006-06-30": "-0.13000", "2006-03-31": "0.05000", "2005-12-31": "0.08000", "2005-09-30": "-0.20000", "2005-06-30": "-0.69000", "2005-03-31": "-0.32000"}}, "balance sheet": {"Cash On Hand": {"2020-06-30": "287.79600", "2019-06-30": "71.92600", "2018-06-30": "96.16500", "2017-06-30": "101.95400", "2016-06-30": "321.34200", "2015-06-30": "215.44600", "2014-06-30": "267.14500", "2013-06-30": "189.44700", "2012-06-30": "165.24200", "2011-06-30": "149.98500", "2010-06-30": "124.94500", "2009-06-30": "122.21300", "2008-06-30": "134.04800", "2007-06-30": "132.26700", "2006-06-30": "86.27200", "2005-06-30": "68.14900"}, "Receivables": {"2020-06-30": "60.26300", "2019-06-30": "50.29300", "2018-06-30": "44.41100", "2017-06-30": "32.17100", "2016-06-30": "26.03300", "2015-06-30": "31.26300", "2014-06-30": "39.77700", "2013-06-30": "51.04500", "2012-06-30": "71.21400", "2011-06-30": "83.46800", "2010-06-30": "116.61000", "2009-06-30": "166.26700", "2008-06-30": "181.81800", "2007-06-30": "165.88700", "2006-06-30": "155.74100", "2005-06-30": "57.45700"}, "Inventory": {"2020-06-30": "", "2019-06-30": "", "2018-06-30": "", "2017-06-30": "", "2016-06-30": "", "2015-06-30": "", "2014-06-30": "", "2013-06-30": "", "2012-06-30": "", "2011-06-30": "", "2010-06-30": "", "2009-06-30": "", "2008-06-30": "", "2007-06-30": "", "2006-06-30": "", "2005-06-30": ""}, "Pre-Paid Expenses": {"2020-06-30": "10.88400", "2019-06-30": "9.98800", "2018-06-30": "10.50900", "2017-06-30": "12.06100", "2016-06-30": "13.94800", "2015-06-30": "10.75200", "2014-06-30": "10.56700", "2013-06-30": "9.66500", "2012-06-30": "16.21900", "2011-06-30": "10.81900", "2010-06-30": "5.23600", "2009-06-30": "9.41300", "2008-06-30": "11.71000", "2007-06-30": "10.16300", "2006-06-30": "8.82900", "2005-06-30": "11.29900"}, "Other Current Assets": {"2020-06-30": "291.49700", "2019-06-30": "294.19300", "2018-06-30": "237.53700", "2017-06-30": "", "2016-06-30": "", "2015-06-30": "", "2014-06-30": "1.65600", "2013-06-30": "1.96500", "2012-06-30": "1.59200", "2011-06-30": "2.31900", "2010-06-30": "1.86000", "2009-06-30": "0.29800", "2008-06-30": "3.45900", "2007-06-30": "10.64100", "2006-06-30": "8.71400", "2005-06-30": "9.82600"}, "Total Current Assets": {"2020-06-30": "650.44000", "2019-06-30": "426.40000", "2018-06-30": "388.62200", "2017-06-30": "146.18600", "2016-06-30": "361.32300", "2015-06-30": "263.63000", "2014-06-30": "329.68200", "2013-06-30": "285.35100", "2012-06-30": "261.46300", "2011-06-30": "253.86300", "2010-06-30": "249.88500", "2009-06-30": "301.98600", "2008-06-30": "333.34000", "2007-06-30": "318.95800", "2006-06-30": "259.55600", "2005-06-30": "147.42300"}, "Property, Plant, And Equipment": {"2020-06-30": "5.96300", "2019-06-30": "7.23400", "2018-06-30": "9.80600", "2017-06-30": "13.40000", "2016-06-30": "15.82500", "2015-06-30": "18.03900", "2014-06-30": "7.58800", "2013-06-30": "7.82900", "2012-06-30": "7.03700", "2011-06-30": "6.73000", "2010-06-30": "8.05700", "2009-06-30": "9.60400", "2008-06-30": "11.79900", "2007-06-30": "6.53500", "2006-06-30": "8.67400", "2005-06-30": "10.95600"}, "Long-Term Investments": {"2020-06-30": "", "2019-06-30": "", "2018-06-30": "", "2017-06-30": "", "2016-06-30": "", "2015-06-30": "3.04700", "2014-06-30": "31.27000", "2013-06-30": "35.35300", "2012-06-30": "", "2011-06-30": "", "2010-06-30": "", "2009-06-30": "", "2008-06-30": "", "2007-06-30": "", "2006-06-30": "", "2005-06-30": ""}, "Goodwill And Intangible Assets": {"2020-06-30": "179.90600", "2019-06-30": "111.99000", "2018-06-30": "110.90000", "2017-06-30": "72.03700", "2016-06-30": "28.43800", "2015-06-30": "17.50700", "2014-06-30": "19.27600", "2013-06-30": "19.13200", "2012-06-30": "19.39900", "2011-06-30": "18.62400", "2010-06-30": "17.36100", "2009-06-30": "16.68600", "2008-06-30": "19.63400", "2007-06-30": "19.69700", "2006-06-30": "24.91100", "2005-06-30": "27.58200"}, "Other Long-Term Assets": {"2020-06-30": "349.42900", "2019-06-30": "314.41400", "2018-06-30": "341.63700", "2017-06-30": "1.30000", "2016-06-30": "1.19600", "2015-06-30": "1.66800", "2014-06-30": "5.19000", "2013-06-30": "7.12800", "2012-06-30": "6.14200", "2011-06-30": "3.63900", "2010-06-30": "2.42400", "2009-06-30": "1.93300", "2008-06-30": "1.97600", "2007-06-30": "3.38700", "2006-06-30": "3.50200", "2005-06-30": "19.32300"}, "Total Long-Term Assets": {"2020-06-30": "572.86600", "2019-06-30": "436.61300", "2018-06-30": "464.22100", "2017-06-30": "101.75600", "2016-06-30": "58.41500", "2015-06-30": "51.73100", "2014-06-30": "78.29000", "2013-06-30": "97.39700", "2012-06-30": "106.87200", "2011-06-30": "145.93100", "2010-06-30": "143.47400", "2009-06-30": "213.99000", "2008-06-30": "221.28600", "2007-06-30": "209.93900", "2006-06-30": "206.39500", "2005-06-30": "95.07100"}, "Total Assets": {"2020-06-30": "1223.30600", "2019-06-30": "863.01300", "2018-06-30": "852.84300", "2017-06-30": "247.94200", "2016-06-30": "419.73800", "2015-06-30": "315.36100", "2014-06-30": "407.97200", "2013-06-30": "382.74800", "2012-06-30": "368.33500", "2011-06-30": "399.79400", "2010-06-30": "393.35900", "2009-06-30": "515.97600", "2008-06-30": "554.62600", "2007-06-30": "528.89700", "2006-06-30": "465.95100", "2005-06-30": "242.49400"}, "Total Current Liabilities": {"2020-06-30": "234.49800", "2019-06-30": "320.75500", "2018-06-30": "230.59300", "2017-06-30": "467.24300", "2016-06-30": "432.62300", "2015-06-30": "296.46600", "2014-06-30": "266.50400", "2013-06-30": "215.46100", "2012-06-30": "195.71900", "2011-06-30": "173.67500", "2010-06-30": "155.41900", "2009-06-30": "204.07200", "2008-06-30": "217.03300", "2007-06-30": "265.93900", "2006-06-30": "249.11600", "2005-06-30": "144.56700"}, "Long Term Debt": {"2020-06-30": "292.36900", "2019-06-30": "", "2018-06-30": "", "2017-06-30": "", "2016-06-30": "", "2015-06-30": "", "2014-06-30": "", "2013-06-30": "", "2012-06-30": "", "2011-06-30": "9.15700", "2010-06-30": "45.71100", "2009-06-30": "28.21100", "2008-06-30": "99.39100", "2007-06-30": "104.32400", "2006-06-30": "90.90700", "2005-06-30": "0.33800"}, "Other Non-Current Liabilities": {"2020-06-30": "3.10700", "2019-06-30": "10.38100", "2018-06-30": "17.06800", "2017-06-30": "13.14800", "2016-06-30": "32.59100", "2015-06-30": "29.52200", "2014-06-30": "11.85000", "2013-06-30": "12.37700", "2012-06-30": "15.42900", "2011-06-30": "20.89700", "2010-06-30": "31.83200", "2009-06-30": "35.85900", "2008-06-30": "44.31000", "2007-06-30": "16.04200", "2006-06-30": "20.44600", "2005-06-30": "23.14300"}, "Total Long Term Liabilities": {"2020-06-30": "522.45500", "2019-06-30": "180.29800", "2018-06-30": "214.32300", "2017-06-30": "41.48300", "2016-06-30": "62.14900", "2015-06-30": "67.44100", "2014-06-30": "57.79200", "2013-06-30": "65.38900", "2012-06-30": "59.02400", "2011-06-30": "68.31600", "2010-06-30": "96.97000", "2009-06-30": "82.49400", "2008-06-30": "164.78000", "2007-06-30": "125.75200", "2006-06-30": "239.43700", "2005-06-30": "149.54400"}, "Total Liabilities": {"2020-06-30": "756.95300", "2019-06-30": "501.05300", "2018-06-30": "444.91600", "2017-06-30": "508.72600", "2016-06-30": "494.77200", "2015-06-30": "363.90700", "2014-06-30": "324.29600", "2013-06-30": "280.85000", "2012-06-30": "254.74300", "2011-06-30": "241.99100", "2010-06-30": "252.38900", "2009-06-30": "286.56600", "2008-06-30": "381.81300", "2007-06-30": "391.69100", "2006-06-30": "488.55300", "2005-06-30": "294.11100"}, "Common Stock Net": {"2020-06-30": "10.39900", "2019-06-30": "10.36500", "2018-06-30": "10.31300", "2017-06-30": "10.25700", "2016-06-30": "10.20300", "2015-06-30": "10.16100", "2014-06-30": "10.10300", "2013-06-30": "9.99500", "2012-06-30": "9.66600", "2011-06-30": "9.49400", "2010-06-30": "9.26700", "2009-06-30": "9.03300", "2008-06-30": "9.02400", "2007-06-30": "8.91300", "2006-06-30": "4.90900", "2005-06-30": "4.33000"}, "Retained Earnings (Accumulated Deficit)": {"2020-06-30": "1458.33000", "2019-06-30": "1228.65900", "2018-06-30": "997.25000", "2017-06-30": "156.52000", "2016-06-30": "-5.67600", "2015-06-30": "-145.62700", "2014-06-30": "-264.03400", "2013-06-30": "-349.81700", "2012-06-30": "-395.07900", "2011-06-30": "-381.27100", "2010-06-30": "-391.03800", "2009-06-30": "-283.59300", "2008-06-30": "-336.51700", "2007-06-30": "-361.46300", "2006-06-30": "-406.98100", "2005-06-30": "-458.36600"}, "Comprehensive Income": {"2020-06-30": "-5.28800", "2019-06-30": "0.33600", "2018-06-30": "1.38800", "2017-06-30": "1.45900", "2016-06-30": "2.65100", "2015-06-30": "6.47000", "2014-06-30": "9.37200", "2013-06-30": "7.26300", "2012-06-30": "8.09500", "2011-06-30": "9.11500", "2010-06-30": "7.52500", "2009-06-30": "7.00500", "2008-06-30": "7.73100", "2007-06-30": "9.59800", "2006-06-30": "7.30000", "2005-06-30": "0.54700"}, "Other Share Holders Equity": {"2020-06-30": "", "2019-06-30": "", "2018-06-30": "", "2017-06-30": "", "2016-06-30": "", "2015-06-30": "", "2014-06-30": "", "2013-06-30": "", "2012-06-30": "", "2011-06-30": "", "2010-06-30": "", "2009-06-30": "", "2008-06-30": "", "2007-06-30": "", "2006-06-30": "", "2005-06-30": ""}, "Share Holder Equity": {"2020-06-30": "466.35300", "2019-06-30": "361.96000", "2018-06-30": "407.92700", "2017-06-30": "-260.78400", "2016-06-30": "-75.03400", "2015-06-30": "-48.54600", "2014-06-30": "83.67600", "2013-06-30": "101.89800", "2012-06-30": "113.59200", "2011-06-30": "157.80300", "2010-06-30": "140.97000", "2009-06-30": "229.41000", "2008-06-30": "172.81300", "2007-06-30": "137.20600", "2006-06-30": "-22.60200", "2005-06-30": "-51.61700"}, "Total Liabilities And Share Holders Equity": {"2020-06-30": "1223.30600", "2019-06-30": "863.01300", "2018-06-30": "852.84300", "2017-06-30": "247.94200", "2016-06-30": "419.73800", "2015-06-30": "315.36100", "2014-06-30": "407.97200", "2013-06-30": "382.74800", "2012-06-30": "368.33500", "2011-06-30": "399.79400", "2010-06-30": "393.35900", "2009-06-30": "515.97600", "2008-06-30": "554.62600", "2007-06-30": "528.89700", "2006-06-30": "465.95100", "2005-06-30": "242.49400"}}, "balance sheet, quarterly": {"Cash On Hand": {"2020-12-31": "217.48700", "2020-09-30": "317.51100", "2020-06-30": "287.79600", "2020-03-31": "192.17200", "2019-12-31": "80.48600", "2019-09-30": "57.94300", "2019-06-30": "71.92600", "2019-03-31": "65.59200", "2018-12-31": "54.42800", "2018-09-30": "52.04800", "2018-06-30": "96.16500", "2018-03-31": "71.07500", "2017-12-31": "48.70300", "2017-09-30": "58.98300", "2017-06-30": "101.95400", "2017-03-31": "101.68900", "2016-12-31": "139.96500", "2016-09-30": "191.55100", "2016-06-30": "321.34200", "2016-03-31": "105.93500", "2015-12-31": "200.56900", "2015-09-30": "181.49600", "2015-06-30": "215.44600", "2015-03-31": "215.81000", "2014-12-31": "231.11800", "2014-09-30": "265.48600", "2014-06-30": "267.14500", "2014-03-31": "256.84000", "2013-12-31": "218.65000", "2013-09-30": "195.39600", "2013-06-30": "189.44700", "2013-03-31": "169.57700", "2012-12-31": "175.22400", "2012-09-30": "163.36300", "2012-06-30": "165.24200", "2012-03-31": "182.56400", "2011-12-31": "143.25500", "2011-09-30": "145.35600", "2011-06-30": "149.98500", "2011-03-31": "151.03800", "2010-12-31": "131.64200", "2010-09-30": "123.16100", "2010-06-30": "124.94500", "2010-03-31": "119.05400", "2009-12-31": "109.43700", "2009-09-30": "108.96500", "2009-06-30": "122.21300", "2009-03-31": "126.25700", "2008-12-31": "122.80300", "2008-09-30": "136.56300", "2008-06-30": "134.04800", "2008-03-31": "136.35500", "2007-12-31": "131.58600", "2007-09-30": "129.46800", "2007-06-30": "132.26700", "2007-03-31": "100.83600", "2006-12-31": "92.54900", "2006-09-30": "88.86600", "2006-06-30": "86.27200", "2006-03-31": "70.08900", "2005-12-31": "57.45800", "2005-09-30": "47.70000", "2005-06-30": "68.14900", "2005-03-31": "69.12700"}, "Receivables": {"2020-12-31": "50.35100", "2020-09-30": "56.30000", "2020-06-30": "60.26300", "2020-03-31": "63.03500", "2019-12-31": "53.23600", "2019-09-30": "50.26000", "2019-06-30": "50.29300", "2019-03-31": "46.86600", "2018-12-31": "57.50700", "2018-09-30": "55.42100", "2018-06-30": "44.41100", "2018-03-31": "30.26100", "2017-12-31": "29.61600", "2017-09-30": "31.61800", "2017-06-30": "32.17100", "2017-03-31": "35.70800", "2016-12-31": "18.03500", "2016-09-30": "21.95900", "2016-06-30": "26.03300", "2016-03-31": "22.27400", "2015-12-31": "15.56900", "2015-09-30": "22.75100", "2015-06-30": "31.26300", "2015-03-31": "29.14600", "2014-12-31": "20.27400", "2014-09-30": "25.88800", "2014-06-30": "39.77700", "2014-03-31": "33.59700", "2013-12-31": "35.93300", "2013-09-30": "47.47300", "2013-06-30": "51.04500", "2013-03-31": "48.11600", "2012-12-31": "60.58700", "2012-09-30": "55.85000", "2012-06-30": "71.21400", "2012-03-31": "76.48100", "2011-12-31": "82.98300", "2011-09-30": "77.51700", "2011-06-30": "83.46800", "2011-03-31": "85.62000", "2010-12-31": "93.91600", "2010-09-30": "103.83300", "2010-06-30": "116.61000", "2010-03-31": "125.63100", "2009-12-31": "132.37900", "2009-09-30": "150.56400", "2009-06-30": "166.26700", "2009-03-31": "141.58500", "2008-12-31": "146.53400", "2008-09-30": "148.92500", "2008-06-30": "181.81800", "2008-03-31": "164.35100", "2007-12-31": "160.03000", "2007-09-30": "145.84100", "2007-06-30": "165.88700", "2007-03-31": "57.53100", "2006-12-31": "57.84100", "2006-09-30": "56.27500", "2006-06-30": "155.74100", "2006-03-31": "62.27600", "2005-12-31": "55.24700", "2005-09-30": "51.04200", "2005-06-30": "57.45700", "2005-03-31": "79.14500"}, "Inventory": {"2020-12-31": "", "2020-09-30": "", "2020-06-30": "", "2020-03-31": "", "2019-12-31": "", "2019-09-30": "", "2019-06-30": "", "2019-03-31": "", "2018-12-31": "", "2018-09-30": "", "2018-06-30": "", "2018-03-31": "", "2017-12-31": "", "2017-09-30": "", "2017-06-30": "", "2017-03-31": "", "2016-12-31": "", "2016-09-30": "", "2016-06-30": "", "2016-03-31": "", "2015-12-31": "", "2015-09-30": "", "2015-06-30": "", "2015-03-31": "", "2014-12-31": "", "2014-09-30": "", "2014-06-30": "", "2014-03-31": "", "2013-12-31": "", "2013-09-30": "", "2013-06-30": "", "2013-03-31": "", "2012-12-31": "", "2012-09-30": "", "2012-06-30": "", "2012-03-31": "", "2011-12-31": "", "2011-09-30": "", "2011-06-30": "", "2011-03-31": "", "2010-12-31": "", "2010-09-30": "", "2010-06-30": "", "2010-03-31": "", "2009-12-31": "", "2009-09-30": "", "2009-06-30": "", "2009-03-31": "", "2008-12-31": "", "2008-09-30": "", "2008-06-30": "", "2008-03-31": "", "2007-12-31": "", "2007-09-30": "", "2007-06-30": "", "2007-03-31": "", "2006-12-31": "", "2006-09-30": "", "2006-06-30": "", "2006-03-31": "", "2005-12-31": "", "2005-09-30": "", "2005-06-30": "", "2005-03-31": ""}, "Pre-Paid Expenses": {"2020-12-31": "10.92200", "2020-09-30": "12.71400", "2020-06-30": "10.88400", "2020-03-31": "13.06100", "2019-12-31": "13.34700", "2019-09-30": "12.60300", "2019-06-30": "9.98800", "2019-03-31": "11.12400", "2018-12-31": "10.33000", "2018-09-30": "12.99200", "2018-06-30": "10.50900", "2018-03-31": "9.82700", "2017-12-31": "10.42000", "2017-09-30": "11.33600", "2017-06-30": "12.06100", "2017-03-31": "9.65500", "2016-12-31": "10.40900", "2016-09-30": "12.15400", "2016-06-30": "13.94800", "2016-03-31": "8.99100", "2015-12-31": "7.31000", "2015-09-30": "8.52900", "2015-06-30": "10.75200", "2015-03-31": "7.39700", "2014-12-31": "9.01500", "2014-09-30": "9.06500", "2014-06-30": "10.56700", "2014-03-31": "8.47700", "2013-12-31": "9.42200", "2013-09-30": "9.02100", "2013-06-30": "9.66500", "2013-03-31": "8.88400", "2012-12-31": "7.99000", "2012-09-30": "9.97900", "2012-06-30": "16.21900", "2012-03-31": "9.00900", "2011-12-31": "8.65600", "2011-09-30": "9.25900", "2011-06-30": "10.81900", "2011-03-31": "7.62600", "2010-12-31": "6.07200", "2010-09-30": "7.46800", "2010-06-30": "5.23600", "2010-03-31": "8.78700", "2009-12-31": "6.07500", "2009-09-30": "8.51100", "2009-06-30": "9.41300", "2009-03-31": "23.87600", "2008-12-31": "23.99300", "2008-09-30": "19.34300", "2008-06-30": "11.71000", "2008-03-31": "11.47700", "2007-12-31": "9.37100", "2007-09-30": "8.94400", "2007-06-30": "10.16300", "2007-03-31": "9.19200", "2006-12-31": "8.53700", "2006-09-30": "8.43900", "2006-06-30": "8.82900", "2006-03-31": "8.35100", "2005-12-31": "9.11500", "2005-09-30": "12.37600", "2005-06-30": "11.29900", "2005-03-31": "12.68200"}, "Other Current Assets": {"2020-12-31": "309.96400", "2020-09-30": "283.90700", "2020-06-30": "291.49700", "2020-03-31": "273.39000", "2019-12-31": "279.79700", "2019-09-30": "286.64400", "2019-06-30": "294.19300", "2019-03-31": "339.07000", "2018-12-31": "344.18100", "2018-09-30": "339.26300", "2018-06-30": "237.53700", "2018-03-31": "", "2017-12-31": "", "2017-09-30": "", "2017-06-30": "", "2017-03-31": "", "2016-12-31": "", "2016-09-30": "", "2016-06-30": "", "2016-03-31": "251.67000", "2015-12-31": "0.66800", "2015-09-30": "1.00500", "2015-06-30": "", "2015-03-31": "1.13400", "2014-12-31": "0.63900", "2014-09-30": "1.11300", "2014-06-30": "1.65600", "2014-03-31": "1.28200", "2013-12-31": "0.78200", "2013-09-30": "1.76400", "2013-06-30": "1.96500", "2013-03-31": "2.21700", "2012-12-31": "1.00600", "2012-09-30": "1.57600", "2012-06-30": "1.59200", "2012-03-31": "1.13200", "2011-12-31": "0.42300", "2011-09-30": "1.71600", "2011-06-30": "2.31900", "2011-03-31": "1.67800", "2010-12-31": "1.22500", "2010-09-30": "2.14400", "2010-06-30": "1.86000", "2010-03-31": "1.99500", "2009-12-31": "1.85900", "2009-09-30": "2.82900", "2009-06-30": "0.29800", "2009-03-31": "2.65800", "2008-12-31": "2.07600", "2008-09-30": "3.05500", "2008-06-30": "3.45900", "2008-03-31": "4.49300", "2007-12-31": "8.07600", "2007-09-30": "7.61700", "2007-06-30": "10.64100", "2007-03-31": "11.68100", "2006-12-31": "10.12800", "2006-09-30": "8.54400", "2006-06-30": "8.71400", "2006-03-31": "9.54100", "2005-12-31": "9.53300", "2005-09-30": "11.20000", "2005-06-30": "9.82600", "2005-03-31": "12.26200"}, "Total Current Assets": {"2020-12-31": "588.72400", "2020-09-30": "670.43200", "2020-06-30": "650.44000", "2020-03-31": "541.65800", "2019-12-31": "426.86600", "2019-09-30": "407.45000", "2019-06-30": "426.40000", "2019-03-31": "462.65200", "2018-12-31": "466.44600", "2018-09-30": "459.72400", "2018-06-30": "388.62200", "2018-03-31": "111.16300", "2017-12-31": "88.73900", "2017-09-30": "101.93700", "2017-06-30": "146.18600", "2017-03-31": "147.05200", "2016-12-31": "168.40900", "2016-09-30": "225.66400", "2016-06-30": "361.32300", "2016-03-31": "394.98700", "2015-12-31": "230.22600", "2015-09-30": "219.93700", "2015-06-30": "263.63000", "2015-03-31": "258.40500", "2014-12-31": "265.96600", "2014-09-30": "308.65600", "2014-06-30": "329.68200", "2014-03-31": "318.42000", "2013-12-31": "291.20900", "2013-09-30": "286.88000", "2013-06-30": "285.35100", "2013-03-31": "235.54900", "2012-12-31": "251.57700", "2012-09-30": "237.96700", "2012-06-30": "261.46300", "2012-03-31": "276.53800", "2011-12-31": "242.66600", "2011-09-30": "241.11900", "2011-06-30": "253.86300", "2011-03-31": "247.65300", "2010-12-31": "234.53600", "2010-09-30": "238.28400", "2010-06-30": "249.88500", "2010-03-31": "259.31700", "2009-12-31": "253.58900", "2009-09-30": "274.71100", "2009-06-30": "301.98600", "2009-03-31": "296.17800", "2008-12-31": "297.25200", "2008-09-30": "309.78400", "2008-06-30": "333.34000", "2008-03-31": "319.29600", "2007-12-31": "311.68300", "2007-09-30": "291.87000", "2007-06-30": "318.95800", "2007-03-31": "179.24000", "2006-12-31": "169.05500", "2006-09-30": "162.12400", "2006-06-30": "259.55600", "2006-03-31": "150.95800", "2005-12-31": "132.05500", "2005-09-30": "123.02000", "2005-06-30": "147.42300", "2005-03-31": "173.49100"}, "Property, Plant, And Equipment": {"2020-12-31": "5.74800", "2020-09-30": "5.98300", "2020-06-30": "5.96300", "2020-03-31": "6.30700", "2019-12-31": "6.95400", "2019-09-30": "7.25900", "2019-06-30": "7.23400", "2019-03-31": "7.58900", "2018-12-31": "8.31100", "2018-09-30": "9.00600", "2018-06-30": "9.80600", "2018-03-31": "10.70300", "2017-12-31": "11.48300", "2017-09-30": "12.36000", "2017-06-30": "13.40000", "2017-03-31": "14.15400", "2016-12-31": "14.99200", "2016-09-30": "15.76600", "2016-06-30": "15.82500", "2016-03-31": "15.93800", "2015-12-31": "17.04900", "2015-09-30": "17.35300", "2015-06-30": "18.03900", "2015-03-31": "18.45900", "2014-12-31": "18.32700", "2014-09-30": "9.51300", "2014-06-30": "7.58800", "2014-03-31": "7.16700", "2013-12-31": "7.12300", "2013-09-30": "7.95700", "2013-06-30": "7.82900", "2013-03-31": "7.17600", "2012-12-31": "7.72700", "2012-09-30": "7.88100", "2012-06-30": "7.03700", "2012-03-31": "5.33700", "2011-12-31": "5.88500", "2011-09-30": "6.20500", "2011-06-30": "6.73000", "2011-03-31": "7.17900", "2010-12-31": "7.69300", "2010-09-30": "7.67700", "2010-06-30": "8.05700", "2010-03-31": "8.58100", "2009-12-31": "9.15400", "2009-09-30": "9.44500", "2009-06-30": "9.60400", "2009-03-31": "9.56200", "2008-12-31": "10.33700", "2008-09-30": "11.15500", "2008-06-30": "11.79900", "2008-03-31": "10.81400", "2007-12-31": "9.85700", "2007-09-30": "8.85900", "2007-06-30": "6.53500", "2007-03-31": "6.22800", "2006-12-31": "7.02600", "2006-09-30": "8.09300", "2006-06-30": "8.67400", "2006-03-31": "8.76400", "2005-12-31": "9.29300", "2005-09-30": "9.82900", "2005-06-30": "10.95600", "2005-03-31": "15.16100"}, "Long-Term Investments": {"2020-12-31": "", "2020-09-30": "", "2020-06-30": "", "2020-03-31": "", "2019-12-31": "", "2019-09-30": "", "2019-06-30": "", "2019-03-31": "", "2018-12-31": "", "2018-09-30": "", "2018-06-30": "", "2018-03-31": "", "2017-12-31": "", "2017-09-30": "", "2017-06-30": "", "2017-03-31": "", "2016-12-31": "", "2016-09-30": "", "2016-06-30": "", "2016-03-31": "", "2015-12-31": "", "2015-09-30": "", "2015-06-30": "3.04700", "2015-03-31": "9.14000", "2014-12-31": "25.33400", "2014-09-30": "23.63500", "2014-06-30": "31.27000", "2014-03-31": "18.09200", "2013-12-31": "17.05700", "2013-09-30": "26.06800", "2013-06-30": "35.35300", "2013-03-31": "44.53800", "2012-12-31": "", "2012-09-30": "", "2012-06-30": "", "2012-03-31": "", "2011-12-31": "", "2011-09-30": "", "2011-06-30": "", "2011-03-31": "", "2010-12-31": "", "2010-09-30": "", "2010-06-30": "", "2010-03-31": "", "2009-12-31": "", "2009-09-30": "", "2009-06-30": "", "2009-03-31": "", "2008-12-31": "", "2008-09-30": "", "2008-06-30": "", "2008-03-31": "", "2007-12-31": "", "2007-09-30": "", "2007-06-30": "", "2007-03-31": "", "2006-12-31": "", "2006-09-30": "", "2006-06-30": "", "2006-03-31": "", "2005-12-31": "", "2005-09-30": "", "2005-06-30": "", "2005-03-31": ""}, "Goodwill And Intangible Assets": {"2020-12-31": "206.02000", "2020-09-30": "181.17500", "2020-06-30": "179.90600", "2020-03-31": "178.11700", "2019-12-31": "187.54700", "2019-09-30": "187.89200", "2019-06-30": "111.99000", "2019-03-31": "105.29000", "2018-12-31": "107.69100", "2018-09-30": "109.84100", "2018-06-30": "110.90000", "2018-03-31": "112.06100", "2017-12-31": "83.44000", "2017-09-30": "72.00100", "2017-06-30": "72.03700", "2017-03-31": "72.13200", "2016-12-31": "74.66100", "2016-09-30": "34.34500", "2016-06-30": "28.43800", "2016-03-31": "16.78100", "2015-12-31": "16.25800", "2015-09-30": "16.61000", "2015-06-30": "17.50700", "2015-03-31": "17.02600", "2014-12-31": "18.04500", "2014-09-30": "18.59600", "2014-06-30": "19.27600", "2014-03-31": "18.86900", "2013-12-31": "19.19900", "2013-09-30": "19.52300", "2013-06-30": "19.13200", "2013-03-31": "19.46500", "2012-12-31": "19.85100", "2012-09-30": "19.99500", "2012-06-30": "19.39900", "2012-03-31": "19.81200", "2011-12-31": "17.90300", "2011-09-30": "17.79100", "2011-06-30": "18.62400", "2011-03-31": "18.54600", "2010-12-31": "18.16100", "2010-09-30": "17.83900", "2010-06-30": "17.36100", "2010-03-31": "17.90900", "2009-12-31": "17.67200", "2009-09-30": "17.45900", "2009-06-30": "16.68600", "2009-03-31": "15.83700", "2008-12-31": "16.23800", "2008-09-30": "18.69100", "2008-06-30": "19.63400", "2008-03-31": "19.62500", "2007-12-31": "20.04800", "2007-09-30": "20.71100", "2007-06-30": "19.69700", "2007-03-31": "19.36500", "2006-12-31": "20.84000", "2006-09-30": "18.58300", "2006-06-30": "24.91100", "2006-03-31": "21.86100", "2005-12-31": "23.69800", "2005-09-30": "25.68200", "2005-06-30": "27.58200", "2005-03-31": "29.66500"}, "Other Long-Term Assets": {"2020-12-31": "449.66500", "2020-09-30": "361.42500", "2020-06-30": "349.42900", "2020-03-31": "366.84500", "2019-12-31": "390.05600", "2019-09-30": "386.22800", "2019-06-30": "314.41400", "2019-03-31": "359.98800", "2018-12-31": "367.65600", "2018-09-30": "359.22600", "2018-06-30": "341.63700", "2018-03-31": "1.51600", "2017-12-31": "1.27500", "2017-09-30": "1.31500", "2017-06-30": "1.30000", "2017-03-31": "1.24100", "2016-12-31": "1.18200", "2016-09-30": "1.22500", "2016-06-30": "1.19600", "2016-03-31": "1.45500", "2015-12-31": "1.40300", "2015-09-30": "1.40700", "2015-06-30": "1.66800", "2015-03-31": "1.50400", "2014-12-31": "2.76600", "2014-09-30": "4.72800", "2014-06-30": "5.19000", "2014-03-31": "4.27500", "2013-12-31": "6.46800", "2013-09-30": "6.89500", "2013-06-30": "7.12800", "2013-03-31": "7.49000", "2012-12-31": "7.40300", "2012-09-30": "7.11700", "2012-06-30": "6.14200", "2012-03-31": "6.72000", "2011-12-31": "4.85000", "2011-09-30": "3.85700", "2011-06-30": "3.63900", "2011-03-31": "2.24600", "2010-12-31": "2.78600", "2010-09-30": "2.62900", "2010-06-30": "2.42400", "2010-03-31": "1.74500", "2009-12-31": "1.85400", "2009-09-30": "1.94100", "2009-06-30": "1.93300", "2009-03-31": "1.87500", "2008-12-31": "1.88100", "2008-09-30": "1.82500", "2008-06-30": "1.97600", "2008-03-31": "2.25100", "2007-12-31": "2.88700", "2007-09-30": "3.12400", "2007-06-30": "3.38700", "2007-03-31": "32.53700", "2006-12-31": "31.77000", "2006-09-30": "30.53300", "2006-06-30": "3.50200", "2006-03-31": "19.86200", "2005-12-31": "19.68100", "2005-09-30": "19.52100", "2005-06-30": "19.32300", "2005-03-31": "3.03800"}, "Total Long-Term Assets": {"2020-12-31": "699.16500", "2020-09-30": "585.54700", "2020-06-30": "572.86600", "2020-03-31": "588.39000", "2019-12-31": "617.68900", "2019-09-30": "614.20700", "2019-06-30": "436.61300", "2019-03-31": "476.01500", "2018-12-31": "486.00000", "2018-09-30": "479.94400", "2018-06-30": "464.22100", "2018-03-31": "134.84400", "2017-12-31": "107.05700", "2017-09-30": "100.78600", "2017-06-30": "101.75600", "2017-03-31": "96.90000", "2016-12-31": "98.94800", "2016-09-30": "64.28000", "2016-06-30": "58.41500", "2016-03-31": "44.44400", "2015-12-31": "46.16700", "2015-09-30": "46.84300", "2015-06-30": "51.73100", "2015-03-31": "58.66000", "2014-12-31": "77.38800", "2014-09-30": "69.57900", "2014-06-30": "78.29000", "2014-03-31": "64.61000", "2013-12-31": "67.70200", "2013-09-30": "80.17900", "2013-06-30": "97.39700", "2013-03-31": "126.11200", "2012-12-31": "93.86100", "2012-09-30": "100.86300", "2012-06-30": "106.87200", "2012-03-31": "127.45600", "2011-12-31": "139.88700", "2011-09-30": "152.93800", "2011-06-30": "145.93100", "2011-03-31": "114.43100", "2010-12-31": "130.10300", "2010-09-30": "135.49000", "2010-06-30": "143.47400", "2010-03-31": "167.70000", "2009-12-31": "195.72800", "2009-09-30": "205.10600", "2009-06-30": "213.99000", "2009-03-31": "215.42300", "2008-12-31": "224.68200", "2008-09-30": "218.74700", "2008-06-30": "221.28600", "2008-03-31": "235.05000", "2007-12-31": "226.54600", "2007-09-30": "216.07300", "2007-06-30": "209.93900", "2007-03-31": "93.76400", "2006-12-31": "92.86000", "2006-09-30": "85.49300", "2006-06-30": "206.39500", "2006-03-31": "98.95500", "2005-12-31": "98.63000", "2005-09-30": "95.64200", "2005-06-30": "95.07100", "2005-03-31": "129.73600"}, "Total Assets": {"2020-12-31": "1287.88900", "2020-09-30": "1255.97900", "2020-06-30": "1223.30600", "2020-03-31": "1130.04800", "2019-12-31": "1044.55500", "2019-09-30": "1021.65700", "2019-06-30": "863.01300", "2019-03-31": "938.66700", "2018-12-31": "952.44600", "2018-09-30": "939.66800", "2018-06-30": "852.84300", "2018-03-31": "246.00700", "2017-12-31": "195.79600", "2017-09-30": "202.72300", "2017-06-30": "247.94200", "2017-03-31": "243.95200", "2016-12-31": "267.35700", "2016-09-30": "289.94400", "2016-06-30": "419.73800", "2016-03-31": "439.43100", "2015-12-31": "276.39300", "2015-09-30": "266.78000", "2015-06-30": "315.36100", "2015-03-31": "317.06500", "2014-12-31": "343.35400", "2014-09-30": "378.23500", "2014-06-30": "407.97200", "2014-03-31": "383.03000", "2013-12-31": "358.91100", "2013-09-30": "367.05900", "2013-06-30": "382.74800", "2013-03-31": "361.66100", "2012-12-31": "345.43800", "2012-09-30": "338.83000", "2012-06-30": "368.33500", "2012-03-31": "403.99400", "2011-12-31": "382.55300", "2011-09-30": "394.05700", "2011-06-30": "399.79400", "2011-03-31": "362.08400", "2010-12-31": "364.63900", "2010-09-30": "373.77400", "2010-06-30": "393.35900", "2010-03-31": "427.01700", "2009-12-31": "449.31700", "2009-09-30": "479.81700", "2009-06-30": "515.97600", "2009-03-31": "511.60100", "2008-12-31": "521.93400", "2008-09-30": "528.53100", "2008-06-30": "554.62600", "2008-03-31": "554.34600", "2007-12-31": "538.22900", "2007-09-30": "507.94300", "2007-06-30": "528.89700", "2007-03-31": "273.00400", "2006-12-31": "261.91500", "2006-09-30": "247.61700", "2006-06-30": "465.95100", "2006-03-31": "249.91300", "2005-12-31": "230.68500", "2005-09-30": "218.66200", "2005-06-30": "242.49400", "2005-03-31": "303.22700"}, "Total Current Liabilities": {"2020-12-31": "119.14100", "2020-09-30": "232.10800", "2020-06-30": "234.49800", "2020-03-31": "236.14300", "2019-12-31": "142.25100", "2019-09-30": "417.32600", "2019-06-30": "320.75500", "2019-03-31": "326.76600", "2018-12-31": "328.65500", "2018-09-30": "275.10700", "2018-06-30": "230.59300", "2018-03-31": "477.77700", "2017-12-31": "430.41900", "2017-09-30": "429.67200", "2017-06-30": "467.24300", "2017-03-31": "427.27500", "2016-12-31": "395.00000", "2016-09-30": "411.66500", "2016-06-30": "432.62300", "2016-03-31": "416.29800", "2015-12-31": "234.65900", "2015-09-30": "264.05200", "2015-06-30": "296.46600", "2015-03-31": "275.85400", "2014-12-31": "233.99500", "2014-09-30": "242.63900", "2014-06-30": "266.50400", "2014-03-31": "242.49900", "2013-12-31": "213.17000", "2013-09-30": "206.90200", "2013-06-30": "215.46100", "2013-03-31": "195.57800", "2012-12-31": "175.81500", "2012-09-30": "172.19700", "2012-06-30": "195.71900", "2012-03-31": "198.32400", "2011-12-31": "163.60200", "2011-09-30": "173.80900", "2011-06-30": "173.67500", "2011-03-31": "153.79400", "2010-12-31": "136.56500", "2010-09-30": "141.62100", "2010-06-30": "155.41900", "2010-03-31": "152.47300", "2009-12-31": "143.43200", "2009-09-30": "190.33800", "2009-06-30": "204.07200", "2009-03-31": "206.31300", "2008-12-31": "213.98700", "2008-09-30": "185.95600", "2008-06-30": "217.03300", "2008-03-31": "258.16900", "2007-12-31": "241.54300", "2007-09-30": "237.54600", "2007-06-30": "265.93900", "2007-03-31": "135.81600", "2006-12-31": "128.73200", "2006-09-30": "123.17700", "2006-06-30": "249.11600", "2006-03-31": "128.68000", "2005-12-31": "123.97300", "2005-09-30": "121.17700", "2005-06-30": "144.56700", "2005-03-31": "173.10400"}, "Long Term Debt": {"2020-12-31": "284.75700", "2020-09-30": "288.57100", "2020-06-30": "292.36900", "2020-03-31": "296.16700", "2019-12-31": "299.96500", "2019-09-30": "", "2019-06-30": "", "2019-03-31": "", "2018-12-31": "", "2018-09-30": "", "2018-06-30": "", "2018-03-31": "", "2017-12-31": "", "2017-09-30": "", "2017-06-30": "", "2017-03-31": "", "2016-12-31": "", "2016-09-30": "", "2016-06-30": "", "2016-03-31": "", "2015-12-31": "", "2015-09-30": "", "2015-06-30": "", "2015-03-31": "", "2014-12-31": "", "2014-09-30": "", "2014-06-30": "", "2014-03-31": "", "2013-12-31": "", "2013-09-30": "", "2013-06-30": "", "2013-03-31": "", "2012-12-31": "", "2012-09-30": "", "2012-06-30": "", "2012-03-31": "0.33500", "2011-12-31": "5.06200", "2011-09-30": "8.19400", "2011-06-30": "9.15700", "2011-03-31": "30.53000", "2010-12-31": "42.94600", "2010-09-30": "43.37700", "2010-06-30": "45.71100", "2010-03-31": "54.21100", "2009-12-31": "63.34700", "2009-09-30": "26.17300", "2009-06-30": "28.21100", "2009-03-31": "31.35200", "2008-12-31": "36.35700", "2008-09-30": "95.44200", "2008-06-30": "99.39100", "2008-03-31": "114.57000", "2007-12-31": "119.82100", "2007-09-30": "105.01800", "2007-06-30": "104.32400", "2007-03-31": "", "2006-12-31": "0.04500", "2006-09-30": "0.09700", "2006-06-30": "90.90700", "2006-03-31": "0.18800", "2005-12-31": "0.23400", "2005-09-30": "0.28700", "2005-06-30": "0.33800", "2005-03-31": "1.04900"}, "Other Non-Current Liabilities": {"2020-12-31": "4.71100", "2020-09-30": "3.14100", "2020-06-30": "3.10700", "2020-03-31": "4.79800", "2019-12-31": "4.80600", "2019-09-30": "4.70400", "2019-06-30": "10.38100", "2019-03-31": "12.40300", "2018-12-31": "16.19200", "2018-09-30": "16.83300", "2018-06-30": "17.06800", "2018-03-31": "19.52400", "2017-12-31": "13.85900", "2017-09-30": "13.75400", "2017-06-30": "13.14800", "2017-03-31": "38.51100", "2016-12-31": "37.78200", "2016-09-30": "33.76700", "2016-06-30": "32.59100", "2016-03-31": "28.05100", "2015-12-31": "30.06000", "2015-09-30": "29.67100", "2015-06-30": "29.52200", "2015-03-31": "30.19200", "2014-12-31": "31.00500", "2014-09-30": "22.34000", "2014-06-30": "11.85000", "2014-03-31": "11.99100", "2013-12-31": "11.57100", "2013-09-30": "12.37100", "2013-06-30": "12.37700", "2013-03-31": "14.00500", "2012-12-31": "14.96800", "2012-09-30": "15.54500", "2012-06-30": "15.42900", "2012-03-31": "30.84200", "2011-12-31": "31.16600", "2011-09-30": "31.81600", "2011-06-30": "20.89700", "2011-03-31": "28.48300", "2010-12-31": "31.31500", "2010-09-30": "31.28500", "2010-06-30": "31.83200", "2010-03-31": "32.05600", "2009-12-31": "33.06500", "2009-09-30": "33.65300", "2009-06-30": "35.85900", "2009-03-31": "34.69800", "2008-12-31": "42.34600", "2008-09-30": "43.03300", "2008-06-30": "44.31000", "2008-03-31": "28.97100", "2007-12-31": "29.16000", "2007-09-30": "30.53000", "2007-06-30": "16.04200", "2007-03-31": "16.65200", "2006-12-31": "18.40900", "2006-09-30": "19.08000", "2006-06-30": "20.44600", "2006-03-31": "21.68300", "2005-12-31": "22.23700", "2005-09-30": "23.16100", "2005-06-30": "23.14300", "2005-03-31": "24.10100"}, "Total Long Term Liabilities": {"2020-12-31": "514.61600", "2020-09-30": "515.82900", "2020-06-30": "522.45500", "2020-03-31": "508.79100", "2019-12-31": "510.12600", "2019-09-30": "211.04800", "2019-06-30": "180.29800", "2019-03-31": "186.61600", "2018-12-31": "191.59700", "2018-09-30": "191.44200", "2018-06-30": "214.32300", "2018-03-31": "46.83600", "2017-12-31": "39.88400", "2017-09-30": "40.50800", "2017-06-30": "41.48300", "2017-03-31": "66.17200", "2016-12-31": "65.23400", "2016-09-30": "61.86400", "2016-06-30": "62.14900", "2016-03-31": "58.58800", "2015-12-31": "63.93000", "2015-09-30": "65.74900", "2015-06-30": "67.44100", "2015-03-31": "68.00500", "2014-12-31": "71.63900", "2014-09-30": "65.60700", "2014-06-30": "57.79200", "2014-03-31": "54.32800", "2013-12-31": "55.26600", "2013-09-30": "65.85400", "2013-06-30": "65.38900", "2013-03-31": "66.25600", "2012-12-31": "65.32600", "2012-09-30": "58.43500", "2012-06-30": "59.02400", "2012-03-31": "75.78000", "2011-12-31": "80.82500", "2011-09-30": "78.79300", "2011-06-30": "68.31600", "2011-03-31": "89.19700", "2010-12-31": "105.89800", "2010-09-30": "104.18300", "2010-06-30": "96.97000", "2010-03-31": "101.55800", "2009-12-31": "114.17500", "2009-09-30": "77.74800", "2009-06-30": "82.49400", "2009-03-31": "88.12900", "2008-12-31": "100.22400", "2008-09-30": "156.73800", "2008-06-30": "164.78000", "2008-03-31": "145.27100", "2007-12-31": "150.65800", "2007-09-30": "140.51100", "2007-06-30": "125.75200", "2007-03-31": "18.70200", "2006-12-31": "48.25200", "2006-09-30": "152.54800", "2006-06-30": "239.43700", "2006-03-31": "159.49700", "2005-12-31": "155.23800", "2005-09-30": "152.88000", "2005-06-30": "149.54400", "2005-03-31": "150.36400"}, "Total Liabilities": {"2020-12-31": "633.75700", "2020-09-30": "747.93700", "2020-06-30": "756.95300", "2020-03-31": "744.93400", "2019-12-31": "652.37700", "2019-09-30": "628.37400", "2019-06-30": "501.05300", "2019-03-31": "513.38200", "2018-12-31": "520.25200", "2018-09-30": "466.54900", "2018-06-30": "444.91600", "2018-03-31": "524.61300", "2017-12-31": "470.30300", "2017-09-30": "470.18000", "2017-06-30": "508.72600", "2017-03-31": "493.44700", "2016-12-31": "460.23400", "2016-09-30": "473.52900", "2016-06-30": "494.77200", "2016-03-31": "474.88600", "2015-12-31": "298.58900", "2015-09-30": "329.80100", "2015-06-30": "363.90700", "2015-03-31": "343.85900", "2014-12-31": "305.63400", "2014-09-30": "308.24600", "2014-06-30": "324.29600", "2014-03-31": "296.82700", "2013-12-31": "268.43600", "2013-09-30": "272.75600", "2013-06-30": "280.85000", "2013-03-31": "261.83400", "2012-12-31": "241.14100", "2012-09-30": "230.63200", "2012-06-30": "254.74300", "2012-03-31": "274.10400", "2011-12-31": "244.42700", "2011-09-30": "252.60200", "2011-06-30": "241.99100", "2011-03-31": "242.99100", "2010-12-31": "242.46300", "2010-09-30": "245.80400", "2010-06-30": "252.38900", "2010-03-31": "254.03100", "2009-12-31": "257.60700", "2009-09-30": "268.08600", "2009-06-30": "286.56600", "2009-03-31": "294.44200", "2008-12-31": "314.21100", "2008-09-30": "342.69400", "2008-06-30": "381.81300", "2008-03-31": "403.44000", "2007-12-31": "392.20100", "2007-09-30": "378.05700", "2007-06-30": "391.69100", "2007-03-31": "154.51800", "2006-12-31": "176.98400", "2006-09-30": "275.72500", "2006-06-30": "488.55300", "2006-03-31": "288.17700", "2005-12-31": "279.21100", "2005-09-30": "274.05700", "2005-06-30": "294.11100", "2005-03-31": "323.46800"}, "Common Stock Net": {"2020-12-31": "10.41000", "2020-09-30": "10.40300", "2020-06-30": "10.39900", "2020-03-31": "10.38700", "2019-12-31": "10.37900", "2019-09-30": "10.37200", "2019-06-30": "10.36500", "2019-03-31": "10.34800", "2018-12-31": "10.34000", "2018-09-30": "10.32800", "2018-06-30": "10.31300", "2018-03-31": "10.29400", "2017-12-31": "10.27800", "2017-09-30": "10.26900", "2017-06-30": "10.25700", "2017-03-31": "10.24900", "2016-12-31": "10.23300", "2016-09-30": "10.22200", "2016-06-30": "10.20300", "2016-03-31": "10.19200", "2015-12-31": "10.18300", "2015-09-30": "10.17100", "2015-06-30": "10.16100", "2015-03-31": "10.13900", "2014-12-31": "10.12800", "2014-09-30": "10.11900", "2014-06-30": "10.10300", "2014-03-31": "10.08600", "2013-12-31": "10.05500", "2013-09-30": "10.03600", "2013-06-30": "9.99500", "2013-03-31": "9.93200", "2012-12-31": "9.82900", "2012-09-30": "9.74500", "2012-06-30": "9.66600", "2012-03-31": "9.62000", "2011-12-31": "9.57000", "2011-09-30": "9.53600", "2011-06-30": "9.49400", "2011-03-31": "9.44900", "2010-12-31": "9.37800", "2010-09-30": "9.32900", "2010-06-30": "9.26700", "2010-03-31": "9.23600", "2009-12-31": "9.17400", "2009-09-30": "9.03500", "2009-06-30": "9.03300", "2009-03-31": "9.03100", "2008-12-31": "9.02800", "2008-09-30": "9.02600", "2008-06-30": "9.02400", "2008-03-31": "9.02100", "2007-12-31": "9.01900", "2007-09-30": "8.94000", "2007-06-30": "8.91300", "2007-03-31": "8.82300", "2006-12-31": "8.09000", "2006-09-30": "5.37000", "2006-06-30": "4.90900", "2006-03-31": "4.54000", "2005-12-31": "4.41600", "2005-09-30": "4.38100", "2005-06-30": "4.33000", "2005-03-31": "4.31200"}, "Retained Earnings (Accumulated Deficit)": {"2020-12-31": "1620.19300", "2020-09-30": "1491.04100", "2020-06-30": "1458.33000", "2020-03-31": "1388.06400", "2019-12-31": "1344.54300", "2019-09-30": "1306.26800", "2019-06-30": "1228.65900", "2019-03-31": "1224.37700", "2018-12-31": "1162.79000", "2018-09-30": "1103.57300", "2018-06-30": "997.25000", "2018-03-31": "267.18800", "2017-12-31": "229.35300", "2017-09-30": "191.27500", "2017-06-30": "156.52000", "2017-03-31": "102.16800", "2016-12-31": "66.33400", "2016-09-30": "29.32400", "2016-06-30": "-5.67600", "2016-03-31": "-39.00200", "2015-12-31": "-72.17300", "2015-09-30": "-108.85600", "2015-06-30": "-145.62700", "2015-03-31": "-176.43300", "2014-12-31": "-204.60200", "2014-09-30": "-235.06700", "2014-06-30": "-264.03400", "2014-03-31": "-290.71200", "2013-12-31": "-311.55500", "2013-09-30": "-334.81800", "2013-06-30": "-349.81700", "2013-03-31": "-370.21600", "2012-12-31": "-380.72900", "2012-09-30": "-390.66600", "2012-06-30": "-395.07900", "2012-03-31": "-389.69100", "2011-12-31": "-389.17100", "2011-09-30": "-393.00700", "2011-06-30": "-381.27100", "2011-03-31": "-422.95200", "2010-12-31": "-416.77500", "2010-09-30": "-406.50600", "2010-06-30": "-391.03800", "2010-03-31": "-357.06600", "2009-12-31": "-335.31200", "2009-09-30": "-304.65500", "2009-06-30": "-283.59300", "2009-03-31": "-293.80700", "2008-12-31": "-301.90300", "2008-09-30": "-324.86400", "2008-06-30": "-336.51700", "2008-03-31": "-357.17500", "2007-12-31": "-361.20800", "2007-09-30": "-373.45900", "2007-06-30": "-361.46300", "2007-03-31": "-433.35000", "2006-12-31": "-441.92300", "2006-09-30": "-466.03200", "2006-06-30": "-406.98100", "2006-03-31": "-400.17400", "2005-12-31": "-403.33700", "2005-09-30": "-407.63800", "2005-06-30": "-458.36600", "2005-03-31": "-368.90800"}, "Comprehensive Income": {"2020-12-31": "6.13100", "2020-09-30": "-1.13500", "2020-06-30": "-5.28800", "2020-03-31": "-7.29200", "2019-12-31": "0.97300", "2019-09-30": "-2.76600", "2019-06-30": "0.33600", "2019-03-31": "1.22900", "2018-12-31": "0.07000", "2018-09-30": "0.96500", "2018-06-30": "1.38800", "2018-03-31": "3.85700", "2017-12-31": "2.93300", "2017-09-30": "2.86000", "2017-06-30": "1.45900", "2017-03-31": "0.11600", "2016-12-31": "0.01400", "2016-09-30": "1.72100", "2016-06-30": "2.65100", "2016-03-31": "4.29900", "2015-12-31": "4.31700", "2015-09-30": "4.76000", "2015-06-30": "6.47000", "2015-03-31": "5.02600", "2014-12-31": "6.81900", "2014-09-30": "7.80300", "2014-06-30": "9.37200", "2014-03-31": "8.60300", "2013-12-31": "8.68400", "2013-09-30": "8.67600", "2013-06-30": "7.26300", "2013-03-31": "7.75100", "2012-12-31": "8.70200", "2012-09-30": "9.06300", "2012-06-30": "8.09500", "2012-03-31": "8.68100", "2011-12-31": "8.46200", "2011-09-30": "8.92200", "2011-06-30": "9.11500", "2011-03-31": "8.86600", "2010-12-31": "8.24600", "2010-09-30": "7.95400", "2010-06-30": "7.52500", "2010-03-31": "7.83300", "2009-12-31": "8.48100", "2009-09-30": "8.60400", "2009-06-30": "7.00500", "2009-03-31": "5.88100", "2008-12-31": "5.74700", "2008-09-30": "8.35100", "2008-06-30": "7.73100", "2008-03-31": "8.53900", "2007-12-31": "9.69100", "2007-09-30": "11.20000", "2007-06-30": "9.59800", "2007-03-31": "5.69800", "2006-12-31": "5.12700", "2006-09-30": "-0.05300", "2006-06-30": "7.30000", "2006-03-31": "-0.54600", "2005-12-31": "-0.43400", "2005-09-30": "0.02900", "2005-06-30": "0.54700", "2005-03-31": "0.71000"}, "Other Share Holders Equity": {"2020-12-31": "", "2020-09-30": "", "2020-06-30": "", "2020-03-31": "", "2019-12-31": "", "2019-09-30": "", "2019-06-30": "", "2019-03-31": "", "2018-12-31": "", "2018-09-30": "", "2018-06-30": "", "2018-03-31": "", "2017-12-31": "", "2017-09-30": "", "2017-06-30": "", "2017-03-31": "", "2016-12-31": "", "2016-09-30": "", "2016-06-30": "", "2016-03-31": "", "2015-12-31": "", "2015-09-30": "", "2015-06-30": "", "2015-03-31": "", "2014-12-31": "", "2014-09-30": "", "2014-06-30": "", "2014-03-31": "", "2013-12-31": "", "2013-09-30": "", "2013-06-30": "", "2013-03-31": "", "2012-12-31": "", "2012-09-30": "", "2012-06-30": "", "2012-03-31": "", "2011-12-31": "", "2011-09-30": "", "2011-06-30": "", "2011-03-31": "", "2010-12-31": "", "2010-09-30": "", "2010-06-30": "", "2010-03-31": "", "2009-12-31": "", "2009-09-30": "", "2009-06-30": "", "2009-03-31": "", "2008-12-31": "", "2008-09-30": "", "2008-06-30": "", "2008-03-31": "", "2007-12-31": "", "2007-09-30": "", "2007-06-30": "", "2007-03-31": "", "2006-12-31": "", "2006-09-30": "", "2006-06-30": "", "2006-03-31": "", "2005-12-31": "", "2005-09-30": "", "2005-06-30": "", "2005-03-31": ""}, "Share Holder Equity": {"2020-12-31": "654.13200", "2020-09-30": "508.04200", "2020-06-30": "466.35300", "2020-03-31": "385.11400", "2019-12-31": "392.17800", "2019-09-30": "393.28300", "2019-06-30": "361.96000", "2019-03-31": "425.28500", "2018-12-31": "432.19400", "2018-09-30": "473.11900", "2018-06-30": "407.92700", "2018-03-31": "-278.60600", "2017-12-31": "-274.50700", "2017-09-30": "-267.45700", "2017-06-30": "-260.78400", "2017-03-31": "-249.49500", "2016-12-31": "-192.87700", "2016-09-30": "-183.58500", "2016-06-30": "-75.03400", "2016-03-31": "-35.45500", "2015-12-31": "-22.19600", "2015-09-30": "-63.02100", "2015-06-30": "-48.54600", "2015-03-31": "-26.79400", "2014-12-31": "37.72000", "2014-09-30": "69.98900", "2014-06-30": "83.67600", "2014-03-31": "86.20300", "2013-12-31": "90.47500", "2013-09-30": "94.30300", "2013-06-30": "101.89800", "2013-03-31": "99.82700", "2012-12-31": "104.29700", "2012-09-30": "108.19800", "2012-06-30": "113.59200", "2012-03-31": "129.89000", "2011-12-31": "138.12600", "2011-09-30": "141.45500", "2011-06-30": "157.80300", "2011-03-31": "119.09300", "2010-12-31": "122.17600", "2010-09-30": "127.97000", "2010-06-30": "140.97000", "2010-03-31": "172.98600", "2009-12-31": "191.71000", "2009-09-30": "211.73100", "2009-06-30": "229.41000", "2009-03-31": "217.15900", "2008-12-31": "207.72300", "2008-09-30": "185.83700", "2008-06-30": "172.81300", "2008-03-31": "150.90600", "2007-12-31": "146.02800", "2007-09-30": "129.88600", "2007-06-30": "137.20600", "2007-03-31": "118.48600", "2006-12-31": "84.93100", "2006-09-30": "-28.10800", "2006-06-30": "-22.60200", "2006-03-31": "-38.26400", "2005-12-31": "-48.52600", "2005-09-30": "-55.39500", "2005-06-30": "-51.61700", "2005-03-31": "-20.24100"}, "Total Liabilities And Share Holders Equity": {"2020-12-31": "1287.88900", "2020-09-30": "1255.97900", "2020-06-30": "1223.30600", "2020-03-31": "1130.04800", "2019-12-31": "1044.55500", "2019-09-30": "1021.65700", "2019-06-30": "863.01300", "2019-03-31": "938.66700", "2018-12-31": "952.44600", "2018-09-30": "939.66800", "2018-06-30": "852.84300", "2018-03-31": "246.00700", "2017-12-31": "195.79600", "2017-09-30": "202.72300", "2017-06-30": "247.94200", "2017-03-31": "243.95200", "2016-12-31": "267.35700", "2016-09-30": "289.94400", "2016-06-30": "419.73800", "2016-03-31": "439.43100", "2015-12-31": "276.39300", "2015-09-30": "266.78000", "2015-06-30": "315.36100", "2015-03-31": "317.06500", "2014-12-31": "343.35400", "2014-09-30": "378.23500", "2014-06-30": "407.97200", "2014-03-31": "383.03000", "2013-12-31": "358.91100", "2013-09-30": "367.05900", "2013-06-30": "382.74800", "2013-03-31": "361.66100", "2012-12-31": "345.43800", "2012-09-30": "338.83000", "2012-06-30": "368.33500", "2012-03-31": "403.99400", "2011-12-31": "382.55300", "2011-09-30": "394.05700", "2011-06-30": "399.79400", "2011-03-31": "362.08400", "2010-12-31": "364.63900", "2010-09-30": "373.77400", "2010-06-30": "393.35900", "2010-03-31": "427.01700", "2009-12-31": "449.31700", "2009-09-30": "479.81700", "2009-06-30": "515.97600", "2009-03-31": "511.60100", "2008-12-31": "521.93400", "2008-09-30": "528.53100", "2008-06-30": "554.62600", "2008-03-31": "554.34600", "2007-12-31": "538.22900", "2007-09-30": "507.94300", "2007-06-30": "528.89700", "2007-03-31": "273.00400", "2006-12-31": "261.91500", "2006-09-30": "247.61700", "2006-06-30": "465.95100", "2006-03-31": "249.91300", "2005-12-31": "230.68500", "2005-09-30": "218.66200", "2005-06-30": "242.49400", "2005-03-31": "303.22700"}}, "cash flow statement": {"Net Income/Loss": {"2020-06-30": "229.67100", "2019-06-30": "261.36200", "2018-06-30": "281.23400", "2017-06-30": "179.38600", "2016-06-30": "139.95100", "2015-06-30": "118.40700", "2014-06-30": "85.78300", "2013-06-30": "45.26200", "2012-06-30": "-13.80800", "2011-06-30": "10.25700", "2010-06-30": "-107.44500", "2009-06-30": "52.92400", "2008-06-30": "24.94600", "2007-06-30": "45.51800", "2006-06-30": "6.46500", "2005-06-30": "-69.06000"}, "Total Depreciation And Amortization - Cash Flow": {"2020-06-30": "18.64400", "2019-06-30": "8.14300", "2018-06-30": "6.54400", "2017-06-30": "6.40500", "2016-06-30": "6.06100", "2015-06-30": "6.21600", "2014-06-30": "5.21500", "2013-06-30": "5.22900", "2012-06-30": "5.27800", "2011-06-30": "5.33600", "2010-06-30": "6.55100", "2009-06-30": "8.71200", "2008-06-30": "11.87700", "2007-06-30": "20.60500", "2006-06-30": "23.87000", "2005-06-30": "25.99900"}, "Other Non-Cash Items": {"2020-06-30": "64.58400", "2019-06-30": "0.26700", "2018-06-30": "-83.62400", "2017-06-30": "23.83800", "2016-06-30": "15.14100", "2015-06-30": "34.25000", "2014-06-30": "54.22600", "2013-06-30": "59.53800", "2012-06-30": "6.85900", "2011-06-30": "-58.43400", "2010-06-30": "16.95800", "2009-06-30": "8.36200", "2008-06-30": "-1.71200", "2007-06-30": "18.55700", "2006-06-30": "15.60000", "2005-06-30": "8.88600"}, "Total Non-Cash Items": {"2020-06-30": "83.22800", "2019-06-30": "8.41000", "2018-06-30": "-77.08000", "2017-06-30": "30.24300", "2016-06-30": "21.20200", "2015-06-30": "40.46600", "2014-06-30": "59.44100", "2013-06-30": "64.76700", "2012-06-30": "12.13700", "2011-06-30": "-53.09800", "2010-06-30": "23.50900", "2009-06-30": "17.07400", "2008-06-30": "10.16500", "2007-06-30": "39.16200", "2006-06-30": "39.47000", "2005-06-30": "34.88500"}, "Change In Accounts Receivable": {"2020-06-30": "-12.87500", "2019-06-30": "-6.62600", "2018-06-30": "0.84600", "2017-06-30": "-8.16400", "2016-06-30": "9.38200", "2015-06-30": "8.02800", "2014-06-30": "-3.17900", "2013-06-30": "-6.09400", "2012-06-30": "-4.28500", "2011-06-30": "5.98100", "2010-06-30": "16.49300", "2009-06-30": "34.55200", "2008-06-30": "-38.26400", "2007-06-30": "0.87200", "2006-06-30": "-7.18500", "2005-06-30": "-3.21000"}, "Change In Inventories": {"2020-06-30": "", "2019-06-30": "", "2018-06-30": "", "2017-06-30": "", "2016-06-30": "", "2015-06-30": "", "2014-06-30": "", "2013-06-30": "", "2012-06-30": "", "2011-06-30": "", "2010-06-30": "", "2009-06-30": "", "2008-06-30": "", "2007-06-30": "", "2006-06-30": "", "2005-06-30": ""}, "Change In Accounts Payable": {"2020-06-30": "", "2019-06-30": "", "2018-06-30": "", "2017-06-30": "", "2016-06-30": "", "2015-06-30": "", "2014-06-30": "", "2013-06-30": "", "2012-06-30": "", "2011-06-30": "", "2010-06-30": "", "2009-06-30": "", "2008-06-30": "", "2007-06-30": "", "2006-06-30": "", "2005-06-30": ""}, "Change In Assets/Liabilities": {"2020-06-30": "-33.40600", "2019-06-30": "-46.75400", "2018-06-30": "0.78000", "2017-06-30": "-10.00900", "2016-06-30": "-12.30200", "2015-06-30": "19.15100", "2014-06-30": "57.18000", "2013-06-30": "48.05200", "2012-06-30": "112.17600", "2011-06-30": "112.94800", "2010-06-30": "108.45000", "2009-06-30": "-44.49100", "2008-06-30": "64.68600", "2007-06-30": "-31.62100", "2006-06-30": "15.09700", "2005-06-30": "27.88500"}, "Total Change In Assets/Liabilities": {"2020-06-30": "-69.64100", "2019-06-30": "-31.45900", "2018-06-30": "2.78200", "2017-06-30": "-27.24300", "2016-06-30": "-7.40900", "2015-06-30": "33.11200", "2014-06-30": "54.90700", "2013-06-30": "36.53300", "2012-06-30": "106.30800", "2011-06-30": "106.17100", "2010-06-30": "122.55800", "2009-06-30": "-36.96600", "2008-06-30": "36.35300", "2007-06-30": "-28.96000", "2006-06-30": "4.61500", "2005-06-30": "30.40500"}, "Cash Flow From Operating Activities": {"2020-06-30": "243.25800", "2019-06-30": "238.31300", "2018-06-30": "206.93600", "2017-06-30": "182.38600", "2016-06-30": "153.74400", "2015-06-30": "191.98500", "2014-06-30": "200.13100", "2013-06-30": "146.56200", "2012-06-30": "104.63700", "2011-06-30": "63.33000", "2010-06-30": "38.62200", "2009-06-30": "33.03200", "2008-06-30": "71.46400", "2007-06-30": "55.72000", "2006-06-30": "50.55000", "2005-06-30": "-3.77000"}, "Net Change In Property, Plant, And Equipment": {"2020-06-30": "-1.41900", "2019-06-30": "-1.56700", "2018-06-30": "-0.66000", "2017-06-30": "-3.12500", "2016-06-30": "-3.75200", "2015-06-30": "-8.00400", "2014-06-30": "-4.69600", "2013-06-30": "-5.66300", "2012-06-30": "-4.75200", "2011-06-30": "-4.82900", "2010-06-30": "-3.35100", "2009-06-30": "-5.35400", "2008-06-30": "-10.20400", "2007-06-30": "-6.61900", "2006-06-30": "-10.56800", "2005-06-30": "-11.75100"}, "Net Change In Intangible Assets": {"2020-06-30": "", "2019-06-30": "", "2018-06-30": "", "2017-06-30": "", "2016-06-30": "", "2015-06-30": "", "2014-06-30": "-0.40000", "2013-06-30": "-0.90200", "2012-06-30": "0.00000", "2011-06-30": "0.00000", "2010-06-30": "", "2009-06-30": "", "2008-06-30": "", "2007-06-30": "", "2006-06-30": "", "2005-06-30": ""}, "Net Acquisitions/Divestitures": {"2020-06-30": "-74.46000", "2019-06-30": "-6.09800", "2018-06-30": "-33.70000", "2017-06-30": "-36.17100", "2016-06-30": "-8.00000", "2015-06-30": "", "2014-06-30": "", "2013-06-30": "", "2012-06-30": "-2.61700", "2011-06-30": "", "2010-06-30": "", "2009-06-30": "", "2008-06-30": "-0.18700", "2007-06-30": "-1.29500", "2006-06-30": "", "2005-06-30": ""}, "Net Change In Short-term Investments": {"2020-06-30": "", "2019-06-30": "", "2018-06-30": "", "2017-06-30": "", "2016-06-30": "", "2015-06-30": "", "2014-06-30": "", "2013-06-30": "", "2012-06-30": "", "2011-06-30": "", "2010-06-30": "", "2009-06-30": "", "2008-06-30": "", "2007-06-30": "", "2006-06-30": "", "2005-06-30": ""}, "Net Change In Long-Term Investments": {"2020-06-30": "-0.32400", "2019-06-30": "", "2018-06-30": "", "2017-06-30": "2.59800", "2016-06-30": "58.97300", "2015-06-30": "35.47000", "2014-06-30": "-8.09100", "2013-06-30": "-90.82600", "2012-06-30": "", "2011-06-30": "", "2010-06-30": "", "2009-06-30": "", "2008-06-30": "", "2007-06-30": "", "2006-06-30": "", "2005-06-30": ""}, "Net Change In Investments - Total": {"2020-06-30": "-0.32400", "2019-06-30": "", "2018-06-30": "", "2017-06-30": "2.59800", "2016-06-30": "58.97300", "2015-06-30": "35.47000", "2014-06-30": "-8.09100", "2013-06-30": "-90.82600", "2012-06-30": "", "2011-06-30": "", "2010-06-30": "", "2009-06-30": "", "2008-06-30": "", "2007-06-30": "", "2006-06-30": "", "2005-06-30": ""}, "Investing Activities - Other": {"2020-06-30": "", "2019-06-30": "", "2018-06-30": "", "2017-06-30": "", "2016-06-30": "", "2015-06-30": "", "2014-06-30": "", "2013-06-30": "", "2012-06-30": "", "2011-06-30": "", "2010-06-30": "", "2009-06-30": "", "2008-06-30": "", "2007-06-30": "0.05000", "2006-06-30": "0.10400", "2005-06-30": "-0.05900"}, "Cash Flow From Investing Activities": {"2020-06-30": "-76.20300", "2019-06-30": "-7.66500", "2018-06-30": "-34.36000", "2017-06-30": "-36.69800", "2016-06-30": "47.22100", "2015-06-30": "27.46600", "2014-06-30": "-13.18700", "2013-06-30": "-97.39100", "2012-06-30": "-7.36900", "2011-06-30": "-4.82900", "2010-06-30": "-3.35100", "2009-06-30": "-5.35400", "2008-06-30": "-10.39100", "2007-06-30": "-7.86400", "2006-06-30": "-10.46400", "2005-06-30": "-11.81000"}, "Net Long-Term Debt": {"2020-06-30": "-8.00000", "2019-06-30": "", "2018-06-30": "", "2017-06-30": "", "2016-06-30": "", "2015-06-30": "", "2014-06-30": "", "2013-06-30": "-11.01000", "2012-06-30": "-39.91000", "2011-06-30": "-29.55100", "2010-06-30": "-34.84100", "2009-06-30": "-38.05900", "2008-06-30": "-61.86400", "2007-06-30": "23.54400", "2006-06-30": "-31.61700", "2005-06-30": "-27.34400"}, "Net Current Debt": {"2020-06-30": "215.63000", "2019-06-30": "50.00000", "2018-06-30": "29.64900", "2017-06-30": "", "2016-06-30": "138.29300", "2015-06-30": "", "2014-06-30": "", "2013-06-30": "", "2012-06-30": "", "2011-06-30": "", "2010-06-30": "", "2009-06-30": "", "2008-06-30": "", "2007-06-30": "", "2006-06-30": "", "2005-06-30": ""}, "Debt Issuance/Retirement Net - Total": {"2020-06-30": "207.63000", "2019-06-30": "50.00000", "2018-06-30": "29.64900", "2017-06-30": "", "2016-06-30": "138.29300", "2015-06-30": "", "2014-06-30": "", "2013-06-30": "-11.01000", "2012-06-30": "-39.91000", "2011-06-30": "-29.55100", "2010-06-30": "-34.84100", "2009-06-30": "-38.05900", "2008-06-30": "-61.86400", "2007-06-30": "23.54400", "2006-06-30": "-31.61700", "2005-06-30": "-27.34400"}, "Net Common Equity Issued/Repurchased": {"2020-06-30": "-143.42800", "2019-06-30": "-288.35000", "2018-06-30": "-191.58300", "2017-06-30": "-362.21800", "2016-06-30": "-174.68000", "2015-06-30": "-292.58400", "2014-06-30": "-113.06600", "2013-06-30": "-63.53400", "2012-06-30": "-37.19200", "2011-06-30": "-0.82800", "2010-06-30": "7.18100", "2009-06-30": "", "2008-06-30": "3.26900", "2007-06-30": "9.35600", "2006-06-30": "11.82800", "2005-06-30": "5.46000"}, "Net Total Equity Issued/Repurchased": {"2020-06-30": "-143.42800", "2019-06-30": "-288.35000", "2018-06-30": "-191.58300", "2017-06-30": "-362.21800", "2016-06-30": "-174.68000", "2015-06-30": "-292.58400", "2014-06-30": "-113.06600", "2013-06-30": "-63.53400", "2012-06-30": "-37.19200", "2011-06-30": "-0.82800", "2010-06-30": "7.18100", "2009-06-30": "", "2008-06-30": "3.26900", "2007-06-30": "9.35600", "2006-06-30": "11.82800", "2005-06-30": "5.46000"}, "Total Common And Preferred Stock Dividends Paid": {"2020-06-30": "", "2019-06-30": "", "2018-06-30": "", "2017-06-30": "", "2016-06-30": "", "2015-06-30": "", "2014-06-30": "", "2013-06-30": "", "2012-06-30": "", "2011-06-30": "", "2010-06-30": "", "2009-06-30": "", "2008-06-30": "", "2007-06-30": "-33.95800", "2006-06-30": "-2.43900", "2005-06-30": ""}, "Financial Activities - Other": {"2020-06-30": "-14.76700", "2019-06-30": "-16.17700", "2018-06-30": "-16.54500", "2017-06-30": "0.20100", "2016-06-30": "-2.27200", "2015-06-30": "31.32500", "2014-06-30": "-7.10400", "2013-06-30": "-7.22700", "2012-06-30": "-4.59700", "2011-06-30": "-3.88500", "2010-06-30": "-4.04000", "2009-06-30": "-0.36000", "2008-06-30": "-1.16600", "2007-06-30": "-1.12400", "2006-06-30": "0.11900", "2005-06-30": "-2.13500"}, "Cash Flow From Financial Activities": {"2020-06-30": "49.43500", "2019-06-30": "-254.52700", "2018-06-30": "-178.47900", "2017-06-30": "-362.01700", "2016-06-30": "-38.65900", "2015-06-30": "-261.25900", "2014-06-30": "-120.17000", "2013-06-30": "-81.77100", "2012-06-30": "-81.69900", "2011-06-30": "-34.26400", "2010-06-30": "-31.70000", "2009-06-30": "-38.41900", "2008-06-30": "-59.76100", "2007-06-30": "-2.18200", "2006-06-30": "-22.10900", "2005-06-30": "-24.01900"}, "Net Cash Flow": {"2020-06-30": "215.87000", "2019-06-30": "-24.23900", "2018-06-30": "-5.78900", "2017-06-30": "-216.38200", "2016-06-30": "162.08700", "2015-06-30": "-43.27700", "2014-06-30": "67.09400", "2013-06-30": "-32.81000", "2012-06-30": "15.25700", "2011-06-30": "25.04000", "2010-06-30": "2.73200", "2009-06-30": "-11.83500", "2008-06-30": "1.78100", "2007-06-30": "45.99500", "2006-06-30": "18.12300", "2005-06-30": "-39.48400"}, "Stock-Based Compensation": {"2020-06-30": "31.54800", "2019-06-30": "27.57300", "2018-06-30": "22.68800", "2017-06-30": "18.80000", "2016-06-30": "15.72700", "2015-06-30": "14.58400", "2014-06-30": "14.05600", "2013-06-30": "14.63700", "2012-06-30": "12.40600", "2011-06-30": "9.69900", "2010-06-30": "15.26000", "2009-06-30": "4.67000", "2008-06-30": "10.60000", "2007-06-30": "11.06200", "2006-06-30": "8.23000", "2005-06-30": "1.52400"}, "Common Stock Dividends Paid": {"2020-06-30": "", "2019-06-30": "", "2018-06-30": "", "2017-06-30": "", "2016-06-30": "", "2015-06-30": "", "2014-06-30": "", "2013-06-30": "", "2012-06-30": "", "2011-06-30": "", "2010-06-30": "", "2009-06-30": "", "2008-06-30": "", "2007-06-30": "", "2006-06-30": "", "2005-06-30": ""}}, "cash flow statement, quarterly": {"Net Income/Loss": {"2020-12-31": 129.152, "2020-09-30": "32.71100", "2020-06-30": 101.591, "2020-03-31": 34.765, "2019-12-31": 39.801, "2019-09-30": "53.51400", "2019-06-30": 102.493, "2019-03-31": 61.587, "2018-12-31": 59.216, "2018-09-30": "38.06600", "2018-06-30": 64.177, "2018-03-31": 44.505, "2017-12-31": 132.031, "2017-09-30": "40.52100", "2017-06-30": 71.541, "2017-03-31": 35.834, "2016-12-31": 37.011, "2016-09-30": "35.00000", "2016-06-30": 33.326, "2016-03-31": 33.171, "2015-12-31": 36.683, "2015-09-30": "36.77100", "2015-06-30": 30.806, "2015-03-31": 28.169, "2014-12-31": 30.465, "2014-09-30": "28.96700", "2014-06-30": 26.678, "2014-03-31": 20.843, "2013-12-31": 23.263, "2013-09-30": "14.99900", "2013-06-30": 20.399, "2013-03-31": 10.513, "2012-12-31": 9.937, "2012-09-30": "4.41300", "2012-06-30": -5.388, "2012-03-31": -0.52, "2011-12-31": 3.836, "2011-09-30": "-11.73600", "2011-06-30": 41.681, "2011-03-31": -5.687, "2010-12-31": -10.269, "2010-09-30": "-15.46800", "2010-06-30": -33.972, "2010-03-31": -21.754, "2009-12-31": -30.657, "2009-09-30": "-21.06200", "2009-06-30": 10.214, "2009-03-31": 8.096, "2008-12-31": 22.961, "2008-09-30": "11.65300", "2008-06-30": 20.658, "2008-03-31": 4.033, "2007-12-31": 9.258, "2007-09-30": "-9.00300", "2007-06-30": 17.937, "2007-03-31": 5.086, "2006-12-31": 24.093, "2006-09-30": "-1.59800", "2006-06-30": -0.661, "2006-03-31": 6.614, "2005-12-31": 5.376, "2005-09-30": "-4.86400", "2005-06-30": -25.805, "2005-03-31": -43.255}, "Total Depreciation And Amortization - Cash Flow": {"2020-12-31": 4.937, "2020-09-30": "4.69900", "2020-06-30": 5.098, "2020-03-31": 5.816, "2019-12-31": 3.807, "2019-09-30": "3.92300", "2019-06-30": 2.08, "2019-03-31": 2.014, "2018-12-31": 2.049, "2018-09-30": "2.00000", "2018-06-30": 1.642, "2018-03-31": 1.544, "2017-12-31": 1.605, "2017-09-30": "1.75300", "2017-06-30": 1.412, "2017-03-31": 1.693, "2016-12-31": 1.509, "2016-09-30": "1.79100", "2016-06-30": 1.542, "2016-03-31": 1.499, "2015-12-31": 1.473, "2015-09-30": "1.54700", "2015-06-30": 1.6, "2015-03-31": 1.758, "2014-12-31": 1.506, "2014-09-30": "1.35200", "2014-06-30": 1.36, "2014-03-31": 1.376, "2013-12-31": 1.277, "2013-09-30": "1.20200", "2013-06-30": 1.115, "2013-03-31": 1.427, "2012-12-31": 1.37, "2012-09-30": "1.31700", "2012-06-30": 1.294, "2012-03-31": 1.291, "2011-12-31": 1.281, "2011-09-30": "1.41200", "2011-06-30": 1.411, "2011-03-31": 1.325, "2010-12-31": 1.239, "2010-09-30": "1.36100", "2010-06-30": 1.408, "2010-03-31": 1.414, "2009-12-31": 1.755, "2009-09-30": "1.97400", "2009-06-30": 1.515, "2009-03-31": 1.954, "2008-12-31": 2.909, "2008-09-30": "2.33400", "2008-06-30": 3.54, "2008-03-31": 2.436, "2007-12-31": 3.076, "2007-09-30": "2.82500", "2007-06-30": 5.433, "2007-03-31": 4.822, "2006-12-31": 5.079, "2006-09-30": "5.27100", "2006-06-30": 7.445, "2006-03-31": 5.406, "2005-12-31": 5.763, "2005-09-30": "5.25600", "2005-06-30": 6.866, "2005-03-31": 19.133}, "Other Non-Cash Items": {"2020-12-31": 11.679, "2020-09-30": "11.09400", "2020-06-30": 36.836, "2020-03-31": 10.997, "2019-12-31": 6.992, "2019-09-30": "9.75900", "2019-06-30": 27.822, "2019-03-31": 3.357, "2018-12-31": 4.952, "2018-09-30": "-35.86400", "2018-06-30": 19.824, "2018-03-31": -25.705, "2017-12-31": -85.08, "2017-09-30": "7.33700", "2017-06-30": 9.727, "2017-03-31": 6.504, "2016-12-31": 3.357, "2016-09-30": "4.25000", "2016-06-30": 0.281, "2016-03-31": 8.055, "2015-12-31": 3.386, "2015-09-30": "3.41900", "2015-06-30": 3.596, "2015-03-31": 1.474, "2014-12-31": 10.943, "2014-09-30": "18.23700", "2014-06-30": 13.744, "2014-03-31": 13.373, "2013-12-31": 13.488, "2013-09-30": "13.62100", "2013-06-30": 32.846, "2013-03-31": 9.18, "2012-12-31": 8.996, "2012-09-30": "8.51600", "2012-06-30": -0.454, "2012-03-31": 2.016, "2011-12-31": 5.505, "2011-09-30": "-0.20800", "2011-06-30": -63.695, "2011-03-31": 1.281, "2010-12-31": 2.699, "2010-09-30": "1.28100", "2010-06-30": 2.75, "2010-03-31": 2.793, "2009-12-31": 9.164, "2009-09-30": "2.25100", "2009-06-30": -3.139, "2009-03-31": 5.009, "2008-12-31": 0.934, "2008-09-30": "5.55800", "2008-06-30": -4.901, "2008-03-31": 0.215, "2007-12-31": -0.733, "2007-09-30": "3.70700", "2007-06-30": 12.104, "2007-03-31": 3.865, "2006-12-31": 0.633, "2006-09-30": "1.95500", "2006-06-30": 5.976, "2006-03-31": 1.625, "2005-12-31": 6.13, "2005-09-30": "1.86900", "2005-06-30": 7.883, "2005-03-31": 1.003}, "Total Non-Cash Items": {"2020-12-31": 16.616, "2020-09-30": "15.79300", "2020-06-30": 41.934, "2020-03-31": 16.813, "2019-12-31": 10.799, "2019-09-30": "13.68200", "2019-06-30": 29.902, "2019-03-31": 5.371, "2018-12-31": 7.001, "2018-09-30": "-33.86400", "2018-06-30": 21.466, "2018-03-31": -24.161, "2017-12-31": -83.475, "2017-09-30": "9.09000", "2017-06-30": 11.139, "2017-03-31": 8.197, "2016-12-31": 4.866, "2016-09-30": "6.04100", "2016-06-30": 1.823, "2016-03-31": 9.554, "2015-12-31": 4.859, "2015-09-30": "4.96600", "2015-06-30": 5.196, "2015-03-31": 3.232, "2014-12-31": 12.449, "2014-09-30": "19.58900", "2014-06-30": 15.104, "2014-03-31": 14.749, "2013-12-31": 14.765, "2013-09-30": "14.82300", "2013-06-30": 33.961, "2013-03-31": 10.607, "2012-12-31": 10.366, "2012-09-30": "9.83300", "2012-06-30": 0.84, "2012-03-31": 3.307, "2011-12-31": 6.786, "2011-09-30": "1.20400", "2011-06-30": -62.284, "2011-03-31": 2.606, "2010-12-31": 3.938, "2010-09-30": "2.64200", "2010-06-30": 4.158, "2010-03-31": 4.207, "2009-12-31": 10.919, "2009-09-30": "4.22500", "2009-06-30": -1.624, "2009-03-31": 6.963, "2008-12-31": 3.843, "2008-09-30": "7.89200", "2008-06-30": -1.361, "2008-03-31": 2.651, "2007-12-31": 2.343, "2007-09-30": "6.53200", "2007-06-30": 17.537, "2007-03-31": 8.687, "2006-12-31": 5.712, "2006-09-30": "7.22600", "2006-06-30": 13.421, "2006-03-31": 7.031, "2005-12-31": 11.893, "2005-09-30": "7.12500", "2005-06-30": 14.749, "2005-03-31": 20.136}, "Change In Accounts Receivable": {"2020-12-31": 6.129, "2020-09-30": "2.24300", "2020-06-30": 3.553, "2020-03-31": -11.889, "2019-12-31": -2.594, "2019-09-30": "-1.94500", "2019-06-30": -2.443, "2019-03-31": 12.281, "2018-12-31": -4.07, "2018-09-30": "-12.39400", "2018-06-30": -0.583, "2018-03-31": 1.762, "2017-12-31": 8.76, "2017-09-30": "-9.09300", "2017-06-30": 6.78, "2017-03-31": -17.438, "2016-12-31": 3.849, "2016-09-30": "-1.35500", "2016-06-30": 0.869, "2016-03-31": -7.207, "2015-12-31": 6.951, "2015-09-30": "8.76900", "2015-06-30": -2.869, "2015-03-31": -7.622, "2014-12-31": 3.529, "2014-09-30": "14.99000", "2014-06-30": -8.896, "2014-03-31": -0.758, "2013-12-31": 5.323, "2013-09-30": "1.15200", "2013-06-30": -8.489, "2013-03-31": 10.352, "2012-12-31": -16.852, "2012-09-30": "8.89500", "2012-06-30": -3.894, "2012-03-31": 7.677, "2011-12-31": -13.662, "2011-09-30": "5.59400", "2011-06-30": 0.665, "2011-03-31": 2.307, "2010-12-31": -2.232, "2010-09-30": "5.24100", "2010-06-30": -3.991, "2010-03-31": 6.017, "2009-12-31": 1.241, "2009-09-30": "13.22600", "2009-06-30": -1.46, "2009-03-31": 5.945, "2008-12-31": -6.841, "2008-09-30": "36.90800", "2008-06-30": -21.881, "2008-03-31": 7.11, "2007-12-31": -24.895, "2007-09-30": "1.40200", "2007-06-30": -0.178, "2007-03-31": 3.006, "2006-12-31": -0.502, "2006-09-30": "-1.45400", "2006-06-30": -7.493, "2006-03-31": -6.938, "2005-12-31": -0.175, "2005-09-30": "7.42100", "2005-06-30": -0.448, "2005-03-31": -2.762}, "Change In Inventories": {"2020-12-31": 0, "2020-09-30": "", "2020-06-30": 0, "2020-03-31": 0, "2019-12-31": 0, "2019-09-30": "", "2019-06-30": 0, "2019-03-31": 0, "2018-12-31": 0, "2018-09-30": "", "2018-06-30": 0, "2018-03-31": 0, "2017-12-31": 0, "2017-09-30": "", "2017-06-30": 0, "2017-03-31": 0, "2016-12-31": 0, "2016-09-30": "", "2016-06-30": 0, "2016-03-31": 0, "2015-12-31": 0, "2015-09-30": "", "2015-06-30": 0, "2015-03-31": 0, "2014-12-31": 0, "2014-09-30": "", "2014-06-30": 0, "2014-03-31": 0, "2013-12-31": 0, "2013-09-30": "", "2013-06-30": 0, "2013-03-31": 0, "2012-12-31": 0, "2012-09-30": "", "2012-06-30": 0, "2012-03-31": 0, "2011-12-31": 0, "2011-09-30": "", "2011-06-30": 0, "2011-03-31": 0, "2010-12-31": 0, "2010-09-30": "", "2010-06-30": 0, "2010-03-31": 0, "2009-12-31": 0, "2009-09-30": "", "2009-06-30": 0, "2009-03-31": 0, "2008-12-31": 0, "2008-09-30": "", "2008-06-30": 0, "2008-03-31": 0, "2007-12-31": 0, "2007-09-30": "", "2007-06-30": 0, "2007-03-31": 0, "2006-12-31": 0, "2006-09-30": "", "2006-06-30": 0, "2006-03-31": 0, "2005-12-31": 0, "2005-09-30": "", "2005-06-30": 0, "2005-03-31": 0}, "Change In Accounts Payable": {"2020-12-31": 0, "2020-09-30": "", "2020-06-30": 0, "2020-03-31": 0, "2019-12-31": 0, "2019-09-30": "", "2019-06-30": 0, "2019-03-31": 0, "2018-12-31": 0, "2018-09-30": "", "2018-06-30": 0, "2018-03-31": 0, "2017-12-31": 0, "2017-09-30": "", "2017-06-30": 0, "2017-03-31": 0, "2016-12-31": 0, "2016-09-30": "", "2016-06-30": 0, "2016-03-31": 0, "2015-12-31": 0, "2015-09-30": "", "2015-06-30": 0, "2015-03-31": 0, "2014-12-31": 0, "2014-09-30": "", "2014-06-30": 0, "2014-03-31": 0, "2013-12-31": 0, "2013-09-30": "", "2013-06-30": 0, "2013-03-31": 0, "2012-12-31": 0, "2012-09-30": "", "2012-06-30": 0, "2012-03-31": 0, "2011-12-31": 0, "2011-09-30": "", "2011-06-30": 0, "2011-03-31": 0, "2010-12-31": 0, "2010-09-30": "", "2010-06-30": 0, "2010-03-31": 0, "2009-12-31": 0, "2009-09-30": "", "2009-06-30": 0, "2009-03-31": 0, "2008-12-31": 0, "2008-09-30": "", "2008-06-30": 0, "2008-03-31": 0, "2007-12-31": 0, "2007-09-30": "", "2007-06-30": 0, "2007-03-31": 0, "2006-12-31": 0, "2006-09-30": "", "2006-06-30": 0, "2006-03-31": 0, "2005-12-31": 0, "2005-09-30": "", "2005-06-30": 0, "2005-03-31": 0}, "Change In Assets/Liabilities": {"2020-12-31": -112.5, "2020-09-30": "-8.79100", "2020-06-30": -44.8, "2020-03-31": 39.339, "2019-12-31": 9.305, "2019-09-30": "-37.25000", "2019-06-30": -33.716, "2019-03-31": 15.538, "2018-12-31": -7.414, "2018-09-30": "-21.16200", "2018-06-30": -11.557, "2018-03-31": 53.617, "2017-12-31": -6.358, "2017-09-30": "-34.92200", "2017-06-30": -0.095, "2017-03-31": 27.165, "2016-12-31": -11.123, "2016-09-30": "-25.95600", "2016-06-30": 7.737, "2016-03-31": 36.481, "2015-12-31": -22.112, "2015-09-30": "-34.40800", "2015-06-30": 13.304, "2015-03-31": 36.807, "2014-12-31": -15.318, "2014-09-30": "-15.64200", "2014-06-30": 23.202, "2014-03-31": 30.396, "2013-12-31": -0.834, "2013-09-30": "4.41600", "2013-06-30": -17.694, "2013-03-31": 29.695, "2012-12-31": 27.478, "2012-09-30": "8.57300", "2012-06-30": 22.483, "2012-03-31": 44.843, "2011-12-31": 27.741, "2011-09-30": "17.10900", "2011-06-30": 18.815, "2011-03-31": 42.176, "2010-12-31": 21.546, "2010-09-30": "30.41100", "2010-06-30": 38.656, "2010-03-31": 36.056, "2009-12-31": 25.527, "2009-09-30": "8.21100", "2009-06-30": -1.335, "2009-03-31": 7.366, "2008-12-31": -13.904, "2008-09-30": "-36.61800", "2008-06-30": 9.164, "2008-03-31": 11.5, "2007-12-31": 25.413, "2007-09-30": "18.60900", "2007-06-30": -23.967, "2007-03-31": 1.396, "2006-12-31": -18.376, "2006-09-30": "9.32600", "2006-06-30": 25.711, "2006-03-31": 4.612, "2005-12-31": -4.966, "2005-09-30": "-10.26000", "2005-06-30": 12.425, "2005-03-31": 15.46}, "Total Change In Assets/Liabilities": {"2020-12-31": -107.929, "2020-09-30": "-12.05300", "2020-06-30": -43.855, "2020-03-31": 29.803, "2019-12-31": -3.653, "2019-09-30": "-51.93600", "2019-06-30": -47.218, "2019-03-31": 23.081, "2018-12-31": -8.69, "2018-09-30": "1.36800", "2018-06-30": -6.536, "2018-03-31": 52.723, "2017-12-31": -6.154, "2017-09-30": "-37.25100", "2017-06-30": -9.332, "2017-03-31": 11.59, "2016-12-31": -14.71, "2016-09-30": "-14.79100", "2016-06-30": 9.7, "2016-03-31": 26.998, "2015-12-31": -20.816, "2015-09-30": "-23.29100", "2015-06-30": 17.566, "2015-03-31": 33.241, "2014-12-31": -9.082, "2014-09-30": "-8.61300", "2014-06-30": 16.46, "2014-03-31": 34.041, "2013-12-31": 8.315, "2013-09-30": "-3.90900", "2013-06-30": -20.422, "2013-03-31": 37.364, "2012-12-31": 15.376, "2012-09-30": "4.21500", "2012-06-30": 26.215, "2012-03-31": 51.903, "2011-12-31": 12.385, "2011-09-30": "15.80500", "2011-06-30": 31.035, "2011-03-31": 34.766, "2010-12-31": 21.156, "2010-09-30": "19.21400", "2010-06-30": 44.406, "2010-03-31": 36.931, "2009-12-31": 29.657, "2009-09-30": "11.56400", "2009-06-30": -4.278, "2009-03-31": 6.475, "2008-12-31": -30.092, "2008-09-30": "-9.07100", "2008-06-30": 4.428, "2008-03-31": 20.727, "2007-12-31": -5.802, "2007-09-30": "17.00000", "2007-06-30": -24.843, "2007-03-31": 8.607, "2006-12-31": -8.836, "2006-09-30": "-3.88800", "2006-06-30": 36.669, "2006-03-31": -4.142, "2005-12-31": -6.365, "2005-09-30": "-21.54700", "2005-06-30": 38.039, "2005-03-31": -7.634}, "Cash Flow From Operating Activities": {"2020-12-31": 37.839, "2020-09-30": "36.45100", "2020-06-30": 99.67, "2020-03-31": 81.381, "2019-12-31": 46.947, "2019-09-30": "15.26000", "2019-06-30": 85.177, "2019-03-31": 90.039, "2018-12-31": 57.527, "2018-09-30": "5.57000", "2018-06-30": 79.107, "2018-03-31": 73.067, "2017-12-31": 42.402, "2017-09-30": "12.36000", "2017-06-30": 73.348, "2017-03-31": 55.621, "2016-12-31": 27.167, "2016-09-30": "26.25000", "2016-06-30": 44.849, "2016-03-31": 69.723, "2015-12-31": 20.726, "2015-09-30": "18.44600", "2015-06-30": 53.568, "2015-03-31": 64.642, "2014-12-31": 33.832, "2014-09-30": "39.94300", "2014-06-30": 58.242, "2014-03-31": 69.633, "2013-12-31": 46.343, "2013-09-30": "25.91300", "2013-06-30": 33.938, "2013-03-31": 58.484, "2012-12-31": 35.679, "2012-09-30": "18.46100", "2012-06-30": 21.667, "2012-03-31": 54.69, "2011-12-31": 23.007, "2011-09-30": "5.27300", "2011-06-30": 10.432, "2011-03-31": 31.685, "2010-12-31": 14.825, "2010-09-30": "6.38800", "2010-06-30": 14.592, "2010-03-31": 19.384, "2009-12-31": 9.919, "2009-09-30": "-5.27300", "2009-06-30": 4.312, "2009-03-31": 21.534, "2008-12-31": -3.288, "2008-09-30": "10.47400", "2008-06-30": 23.725, "2008-03-31": 27.411, "2007-12-31": 5.799, "2007-09-30": "14.52900", "2007-06-30": 10.631, "2007-03-31": 22.38, "2006-12-31": 20.969, "2006-09-30": "1.74000", "2006-06-30": 49.429, "2006-03-31": 9.503, "2005-12-31": 10.904, "2005-09-30": "-19.28600", "2005-06-30": 26.983, "2005-03-31": -30.753}, "Net Change In Property, Plant, And Equipment": {"2020-12-31": -0.434, "2020-09-30": "-0.98300", "2020-06-30": -0.167, "2020-03-31": -0.214, "2019-12-31": -0.429, "2019-09-30": "-0.60900", "2019-06-30": -0.267, "2019-03-31": -0.931, "2018-12-31": -0.183, "2018-09-30": "-0.18600", "2018-06-30": -0.144, "2018-03-31": -0.004, "2017-12-31": -0.324, "2017-09-30": "-0.18800", "2017-06-30": -0.848, "2017-03-31": -0.803, "2016-12-31": -0.525, "2016-09-30": "-0.94900", "2016-06-30": -1.222, "2016-03-31": -0.749, "2015-12-31": -0.662, "2015-09-30": "-1.11900", "2015-06-30": -1.775, "2015-03-31": -1.764, "2014-12-31": -1.438, "2014-09-30": "-3.02700", "2014-06-30": -1.465, "2014-03-31": -1.003, "2013-12-31": -1.094, "2013-09-30": "-1.13400", "2013-06-30": -2.052, "2013-03-31": -0.609, "2012-12-31": -1.202, "2012-09-30": "-1.80000", "2012-06-30": -3.09, "2012-03-31": -0.348, "2011-12-31": -0.728, "2011-09-30": "-0.58600", "2011-06-30": -0.84, "2011-03-31": -1.733, "2010-12-31": -1.492, "2010-09-30": "-0.76400", "2010-06-30": -0.816, "2010-03-31": -0.678, "2009-12-31": -0.714, "2009-09-30": "-1.14300", "2009-06-30": -1.643, "2009-03-31": -0.855, "2008-12-31": -1.959, "2008-09-30": "-0.89700", "2008-06-30": -3.058, "2008-03-31": -1.817, "2007-12-31": -2.2, "2007-09-30": "-3.12900", "2007-06-30": -1.759, "2007-03-31": -0.749, "2006-12-31": -0.41, "2006-09-30": "-3.70100", "2006-06-30": -3.94, "2006-03-31": -2.244, "2005-12-31": -1.884, "2005-09-30": "-2.50000", "2005-06-30": -0.022, "2005-03-31": -11.729}, "Net Change In Intangible Assets": {"2020-12-31": 0, "2020-09-30": "", "2020-06-30": 0, "2020-03-31": 0, "2019-12-31": 0, "2019-09-30": "", "2019-06-30": 0, "2019-03-31": 0, "2018-12-31": 0, "2018-09-30": "", "2018-06-30": 0, "2018-03-31": 0, "2017-12-31": 0, "2017-09-30": "", "2017-06-30": 0, "2017-03-31": 0, "2016-12-31": 0, "2016-09-30": "", "2016-06-30": 0, "2016-03-31": 0, "2015-12-31": 0, "2015-09-30": "", "2015-06-30": 0, "2015-03-31": 0, "2014-12-31": 0, "2014-09-30": "", "2014-06-30": 0, "2014-03-31": -0.4, "2013-12-31": 0, "2013-09-30": "0.00000", "2013-06-30": 0, "2013-03-31": -0.375, "2012-12-31": 0, "2012-09-30": "-0.52700", "2012-06-30": 0, "2012-03-31": 0, "2011-12-31": 0, "2011-09-30": "0.00000", "2011-06-30": 0, "2011-03-31": 0, "2010-12-31": 0, "2010-09-30": "", "2010-06-30": 0, "2010-03-31": 0, "2009-12-31": 0, "2009-09-30": "", "2009-06-30": 0, "2009-03-31": 0, "2008-12-31": 0, "2008-09-30": "", "2008-06-30": 0, "2008-03-31": 0, "2007-12-31": 0, "2007-09-30": "", "2007-06-30": 0, "2007-03-31": 0, "2006-12-31": 0, "2006-09-30": "", "2006-06-30": 0, "2006-03-31": 0, "2005-12-31": 0, "2005-09-30": "", "2005-06-30": 0, "2005-03-31": 0}, "Net Acquisitions/Divestitures": {"2020-12-31": -15.943, "2020-09-30": "", "2020-06-30": 0, "2020-03-31": -0.241, "2019-12-31": 0, "2019-09-30": "-74.21900", "2019-06-30": -6.098, "2019-03-31": 0, "2018-12-31": 0, "2018-09-30": "", "2018-06-30": 0, "2018-03-31": -22.9, "2017-12-31": -10.8, "2017-09-30": "", "2017-06-30": 0, "2017-03-31": 0, "2016-12-31": -30.771, "2016-09-30": "-5.40000", "2016-06-30": 247.067, "2016-03-31": -255.067, "2015-12-31": 0, "2015-09-30": "", "2015-06-30": 0, "2015-03-31": 0, "2014-12-31": 0, "2014-09-30": "", "2014-06-30": 0, "2014-03-31": 0, "2013-12-31": 0, "2013-09-30": "", "2013-06-30": 0, "2013-03-31": 0, "2012-12-31": 0, "2012-09-30": "", "2012-06-30": 0, "2012-03-31": -2.617, "2011-12-31": 0, "2011-09-30": "", "2011-06-30": 0, "2011-03-31": 0, "2010-12-31": 0, "2010-09-30": "", "2010-06-30": 0, "2010-03-31": 0, "2009-12-31": 0, "2009-09-30": "", "2009-06-30": 0, "2009-03-31": 0, "2008-12-31": 0, "2008-09-30": "", "2008-06-30": -0.187, "2008-03-31": 0, "2007-12-31": 0, "2007-09-30": "", "2007-06-30": -1.295, "2007-03-31": 0, "2006-12-31": 0, "2006-09-30": "", "2006-06-30": 0, "2006-03-31": 0, "2005-12-31": 0, "2005-09-30": "", "2005-06-30": 0, "2005-03-31": 0}, "Net Change In Short-term Investments": {"2020-12-31": 0, "2020-09-30": "", "2020-06-30": 0.319, "2020-03-31": -0.319, "2019-12-31": 0, "2019-09-30": "", "2019-06-30": 0, "2019-03-31": 0, "2018-12-31": 0, "2018-09-30": "", "2018-06-30": 0, "2018-03-31": 0, "2017-12-31": 0, "2017-09-30": "", "2017-06-30": 0, "2017-03-31": 0, "2016-12-31": 0, "2016-09-30": "", "2016-06-30": 0, "2016-03-31": 0, "2015-12-31": 0, "2015-09-30": "", "2015-06-30": 0, "2015-03-31": 0, "2014-12-31": 0, "2014-09-30": "", "2014-06-30": 0, "2014-03-31": 0, "2013-12-31": 0, "2013-09-30": "", "2013-06-30": 0, "2013-03-31": 0, "2012-12-31": 0, "2012-09-30": "", "2012-06-30": 0, "2012-03-31": 0, "2011-12-31": 0, "2011-09-30": "", "2011-06-30": 0, "2011-03-31": 0, "2010-12-31": 0, "2010-09-30": "", "2010-06-30": 0, "2010-03-31": 0, "2009-12-31": 0, "2009-09-30": "", "2009-06-30": 0, "2009-03-31": 0, "2008-12-31": 0, "2008-09-30": "", "2008-06-30": 0, "2008-03-31": 0, "2007-12-31": 0, "2007-09-30": "", "2007-06-30": 0, "2007-03-31": 0, "2006-12-31": 0, "2006-09-30": "", "2006-06-30": 0, "2006-03-31": 0, "2005-12-31": 0, "2005-09-30": "", "2005-06-30": 0, "2005-03-31": 0}, "Net Change In Long-Term Investments": {"2020-12-31": 0.168, "2020-09-30": "-0.33400", "2020-06-30": -0.324, "2020-03-31": 0, "2019-12-31": 0, "2019-09-30": "", "2019-06-30": 0, "2019-03-31": 0, "2018-12-31": 0, "2018-09-30": "", "2018-06-30": 0, "2018-03-31": 0, "2017-12-31": 0, "2017-09-30": "", "2017-06-30": 17.13, "2017-03-31": 55.837, "2016-12-31": 70.195, "2016-09-30": "-140.56400", "2016-06-30": 6.008, "2016-03-31": 20.916, "2015-12-31": 21.679, "2015-09-30": "10.37000", "2015-06-30": 18.612, "2015-03-31": 16.894, "2014-12-31": -2.564, "2014-09-30": "2.52800", "2014-06-30": -5.911, "2014-03-31": 4.388, "2013-12-31": -3.132, "2013-09-30": "-3.43600", "2013-06-30": -17.335, "2013-03-31": -75.713, "2012-12-31": 0, "2012-09-30": "2.22200", "2012-06-30": 0, "2012-03-31": 0, "2011-12-31": 0, "2011-09-30": "", "2011-06-30": 0, "2011-03-31": 0, "2010-12-31": 0, "2010-09-30": "", "2010-06-30": 0, "2010-03-31": 0, "2009-12-31": 0, "2009-09-30": "", "2009-06-30": 0, "2009-03-31": 0, "2008-12-31": 0, "2008-09-30": "", "2008-06-30": 0, "2008-03-31": 0, "2007-12-31": 0, "2007-09-30": "", "2007-06-30": 0, "2007-03-31": 0, "2006-12-31": 0, "2006-09-30": "", "2006-06-30": 0, "2006-03-31": 0, "2005-12-31": 0, "2005-09-30": "", "2005-06-30": 0, "2005-03-31": 0}, "Net Change In Investments - Total": {"2020-12-31": 0.168, "2020-09-30": "-0.33400", "2020-06-30": -0.005, "2020-03-31": -0.319, "2019-12-31": 0, "2019-09-30": "", "2019-06-30": 0, "2019-03-31": 0, "2018-12-31": 0, "2018-09-30": "", "2018-06-30": 0, "2018-03-31": 0, "2017-12-31": 0, "2017-09-30": "", "2017-06-30": 17.13, "2017-03-31": 55.837, "2016-12-31": 70.195, "2016-09-30": "-140.56400", "2016-06-30": 6.008, "2016-03-31": 20.916, "2015-12-31": 21.679, "2015-09-30": "10.37000", "2015-06-30": 18.612, "2015-03-31": 16.894, "2014-12-31": -2.564, "2014-09-30": "2.52800", "2014-06-30": -5.911, "2014-03-31": 4.388, "2013-12-31": -3.132, "2013-09-30": "-3.43600", "2013-06-30": -17.335, "2013-03-31": -75.713, "2012-12-31": 0, "2012-09-30": "2.22200", "2012-06-30": 0, "2012-03-31": 0, "2011-12-31": 0, "2011-09-30": "", "2011-06-30": 0, "2011-03-31": 0, "2010-12-31": 0, "2010-09-30": "", "2010-06-30": 0, "2010-03-31": 0, "2009-12-31": 0, "2009-09-30": "", "2009-06-30": 0, "2009-03-31": 0, "2008-12-31": 0, "2008-09-30": "", "2008-06-30": 0, "2008-03-31": 0, "2007-12-31": 0, "2007-09-30": "", "2007-06-30": 0, "2007-03-31": 0, "2006-12-31": 0, "2006-09-30": "", "2006-06-30": 0, "2006-03-31": 0, "2005-12-31": 0, "2005-09-30": "", "2005-06-30": 0, "2005-03-31": 0}, "Investing Activities - Other": {"2020-12-31": 0, "2020-09-30": "", "2020-06-30": 0, "2020-03-31": 0, "2019-12-31": 0, "2019-09-30": "", "2019-06-30": 0, "2019-03-31": 0, "2018-12-31": 0, "2018-09-30": "", "2018-06-30": 0, "2018-03-31": 0, "2017-12-31": 0, "2017-09-30": "", "2017-06-30": 0, "2017-03-31": 0, "2016-12-31": 0, "2016-09-30": "", "2016-06-30": 0, "2016-03-31": 0, "2015-12-31": 0, "2015-09-30": "", "2015-06-30": 0, "2015-03-31": 0, "2014-12-31": 0, "2014-09-30": "", "2014-06-30": 0, "2014-03-31": 0, "2013-12-31": 0, "2013-09-30": "", "2013-06-30": 0, "2013-03-31": 0, "2012-12-31": 0, "2012-09-30": "", "2012-06-30": 0, "2012-03-31": 0, "2011-12-31": 0, "2011-09-30": "", "2011-06-30": 0, "2011-03-31": 0, "2010-12-31": 0, "2010-09-30": "", "2010-06-30": 0, "2010-03-31": 0, "2009-12-31": 0, "2009-09-30": "", "2009-06-30": 0, "2009-03-31": 0, "2008-12-31": 0.328, "2008-09-30": "-0.32800", "2008-06-30": -0.125, "2008-03-31": 0.133, "2007-12-31": -0.034, "2007-09-30": "0.02600", "2007-06-30": -0.047, "2007-03-31": 0.429, "2006-12-31": -0.1, "2006-09-30": "-0.23200", "2006-06-30": -0.086, "2006-03-31": 0.071, "2005-12-31": 0.064, "2005-09-30": "0.05500", "2005-06-30": -0.283, "2005-03-31": 0.224}, "Cash Flow From Investing Activities": {"2020-12-31": -16.209, "2020-09-30": "-1.31700", "2020-06-30": -0.172, "2020-03-31": -0.774, "2019-12-31": -0.429, "2019-09-30": "-74.82800", "2019-06-30": -6.365, "2019-03-31": -0.931, "2018-12-31": -0.183, "2018-09-30": "-0.18600", "2018-06-30": -0.144, "2018-03-31": -22.904, "2017-12-31": -11.124, "2017-09-30": "-0.18800", "2017-06-30": 16.282, "2017-03-31": 55.034, "2016-12-31": 38.899, "2016-09-30": "-146.91300", "2016-06-30": 251.853, "2016-03-31": -234.9, "2015-12-31": 21.017, "2015-09-30": "9.25100", "2015-06-30": 16.837, "2015-03-31": 15.13, "2014-12-31": -4.002, "2014-09-30": "-0.49900", "2014-06-30": -7.376, "2014-03-31": 2.985, "2013-12-31": -4.226, "2013-09-30": "-4.57000", "2013-06-30": -19.387, "2013-03-31": -76.697, "2012-12-31": -1.202, "2012-09-30": "-0.10500", "2012-06-30": -3.09, "2012-03-31": -2.965, "2011-12-31": -0.728, "2011-09-30": "-0.58600", "2011-06-30": -0.84, "2011-03-31": -1.733, "2010-12-31": -1.492, "2010-09-30": "-0.76400", "2010-06-30": -0.816, "2010-03-31": -0.678, "2009-12-31": -0.714, "2009-09-30": "-1.14300", "2009-06-30": -1.643, "2009-03-31": -0.855, "2008-12-31": -1.631, "2008-09-30": "-1.22500", "2008-06-30": -3.37, "2008-03-31": -1.684, "2007-12-31": -2.234, "2007-09-30": "-3.10300", "2007-06-30": -3.101, "2007-03-31": -0.32, "2006-12-31": -0.51, "2006-09-30": "-3.93300", "2006-06-30": -4.026, "2006-03-31": -2.173, "2005-12-31": -1.82, "2005-09-30": "-2.44500", "2005-06-30": -0.305, "2005-03-31": -11.505}, "Net Long-Term Debt": {"2020-12-31": -8, "2020-09-30": "", "2020-06-30": -8, "2020-03-31": 0, "2019-12-31": 0, "2019-09-30": "", "2019-06-30": 0, "2019-03-31": 0, "2018-12-31": 0, "2018-09-30": "", "2018-06-30": 0, "2018-03-31": 0, "2017-12-31": 0, "2017-09-30": "", "2017-06-30": 0, "2017-03-31": 0, "2016-12-31": 0, "2016-09-30": "", "2016-06-30": 0, "2016-03-31": 0, "2015-12-31": 0, "2015-09-30": "", "2015-06-30": 0, "2015-03-31": 0, "2014-12-31": 0, "2014-09-30": "", "2014-06-30": 0, "2014-03-31": 0, "2013-12-31": 0, "2013-09-30": "", "2013-06-30": 0, "2013-03-31": 0, "2012-12-31": -5.616, "2012-09-30": "-5.39400", "2012-06-30": -22.622, "2012-03-31": -1.85, "2011-12-31": -14.614, "2011-09-30": "-0.82400", "2011-06-30": -5.387, "2011-03-31": -10.423, "2010-12-31": -6.324, "2010-09-30": "-7.41700", "2010-06-30": -7.689, "2010-03-31": -10.787, "2009-12-31": -10.459, "2009-09-30": "-5.90600", "2009-06-30": -7.691, "2009-03-31": -15.995, "2008-12-31": -8.45, "2008-09-30": "-5.92300", "2008-06-30": -22.646, "2008-03-31": -20.928, "2007-12-31": -3.324, "2007-09-30": "-14.96600", "2007-06-30": 18.535, "2007-03-31": -9.582, "2006-12-31": 9.614, "2006-09-30": "4.97700", "2006-06-30": -30.657, "2006-03-31": -0.316, "2005-12-31": -0.333, "2005-09-30": "-0.31100", "2005-06-30": -25.895, "2005-03-31": -1.449}, "Net Current Debt": {"2020-12-31": -115.182, "2020-09-30": "-4.00000", "2020-06-30": 4, "2020-03-31": 82.467, "2019-12-31": 29.163, "2019-09-30": "100.00000", "2019-06-30": 0, "2019-03-31": 0, "2018-12-31": 50, "2018-09-30": "", "2018-06-30": 0, "2018-03-31": 19, "2017-12-31": 11, "2017-09-30": "-0.35100", "2017-06-30": 0, "2017-03-31": 0, "2016-12-31": 0, "2016-09-30": "", "2016-06-30": -0.12, "2016-03-31": 138.413, "2015-12-31": 0, "2015-09-30": "", "2015-06-30": 0, "2015-03-31": 0, "2014-12-31": 0, "2014-09-30": "", "2014-06-30": 0, "2014-03-31": 0, "2013-12-31": 0, "2013-09-30": "", "2013-06-30": 0, "2013-03-31": 0, "2012-12-31": 0, "2012-09-30": "", "2012-06-30": 0, "2012-03-31": 0, "2011-12-31": 0, "2011-09-30": "", "2011-06-30": 0, "2011-03-31": 0, "2010-12-31": 0, "2010-09-30": "", "2010-06-30": 0, "2010-03-31": 0, "2009-12-31": 0, "2009-09-30": "", "2009-06-30": 0, "2009-03-31": 0, "2008-12-31": 0, "2008-09-30": "", "2008-06-30": 0, "2008-03-31": 0, "2007-12-31": 0, "2007-09-30": "", "2007-06-30": 0, "2007-03-31": 0, "2006-12-31": 0, "2006-09-30": "", "2006-06-30": 0, "2006-03-31": 0, "2005-12-31": 0, "2005-09-30": "", "2005-06-30": 0, "2005-03-31": 0}, "Debt Issuance/Retirement Net - Total": {"2020-12-31": -123.182, "2020-09-30": "-4.00000", "2020-06-30": -4, "2020-03-31": 82.467, "2019-12-31": 29.163, "2019-09-30": "100.00000", "2019-06-30": 0, "2019-03-31": 0, "2018-12-31": 50, "2018-09-30": "", "2018-06-30": 0, "2018-03-31": 19, "2017-12-31": 11, "2017-09-30": "-0.35100", "2017-06-30": 0, "2017-03-31": 0, "2016-12-31": 0, "2016-09-30": "", "2016-06-30": -0.12, "2016-03-31": 138.413, "2015-12-31": 0, "2015-09-30": "", "2015-06-30": 0, "2015-03-31": 0, "2014-12-31": 0, "2014-09-30": "", "2014-06-30": 0, "2014-03-31": 0, "2013-12-31": 0, "2013-09-30": "", "2013-06-30": 0, "2013-03-31": 0, "2012-12-31": -5.616, "2012-09-30": "-5.39400", "2012-06-30": -22.622, "2012-03-31": -1.85, "2011-12-31": -14.614, "2011-09-30": "-0.82400", "2011-06-30": -5.387, "2011-03-31": -10.423, "2010-12-31": -6.324, "2010-09-30": "-7.41700", "2010-06-30": -7.689, "2010-03-31": -10.787, "2009-12-31": -10.459, "2009-09-30": "-5.90600", "2009-06-30": -7.691, "2009-03-31": -15.995, "2008-12-31": -8.45, "2008-09-30": "-5.92300", "2008-06-30": -22.646, "2008-03-31": -20.928, "2007-12-31": -3.324, "2007-09-30": "-14.96600", "2007-06-30": 18.535, "2007-03-31": -9.582, "2006-12-31": 9.614, "2006-09-30": "4.97700", "2006-06-30": -30.657, "2006-03-31": -0.316, "2005-12-31": -0.333, "2005-09-30": "-0.31100", "2005-06-30": -25.895, "2005-03-31": -1.449}, "Net Common Equity Issued/Repurchased": {"2020-12-31": -0.268, "2020-09-30": "0.26800", "2020-06-30": 1.829, "2020-03-31": -44.393, "2019-12-31": -51.034, "2019-09-30": "-49.83000", "2019-06-30": -70.049, "2019-03-31": -70.878, "2018-12-31": -101.5, "2018-09-30": "-45.92300", "2018-06-30": -44.62, "2018-03-31": -41.926, "2017-12-31": -52.339, "2017-09-30": "-52.69800", "2017-06-30": -74.468, "2017-03-31": -93.009, "2016-12-31": -46.209, "2016-09-30": "-148.53200", "2016-06-30": -74.414, "2016-03-31": -45.921, "2015-12-31": 0.077, "2015-09-30": "-54.42200", "2015-06-30": -71.752, "2015-03-31": -106.442, "2014-12-31": -70.44, "2014-09-30": "-43.95000", "2014-06-30": -31.622, "2014-03-31": -26.955, "2013-12-31": -28.503, "2013-09-30": "-25.98600", "2013-06-30": -19.713, "2013-03-31": -16.089, "2012-12-31": -14.617, "2012-09-30": "-13.11500", "2012-06-30": -11.654, "2012-03-31": -9.404, "2011-12-31": -9.194, "2011-09-30": "-6.94000", "2011-06-30": -4.369, "2011-03-31": 1.363, "2010-12-31": 2.041, "2010-09-30": "0.13700", "2010-06-30": 1.045, "2010-03-31": 2.484, "2009-12-31": 3.652, "2009-09-30": "", "2009-06-30": 0, "2009-03-31": 0, "2008-12-31": 0, "2008-09-30": "", "2008-06-30": 0, "2008-03-31": 0, "2007-12-31": 2.105, "2007-09-30": "1.16400", "2007-06-30": 5.268, "2007-03-31": 2.351, "2006-12-31": 0.763, "2006-09-30": "0.97400", "2006-06-30": 3.553, "2006-03-31": 5.554, "2005-12-31": 1.082, "2005-09-30": "1.63900", "2005-06-30": 0.503, "2005-03-31": 4.957}, "Net Total Equity Issued/Repurchased": {"2020-12-31": -0.268, "2020-09-30": "0.26800", "2020-06-30": 1.829, "2020-03-31": -44.393, "2019-12-31": -51.034, "2019-09-30": "-49.83000", "2019-06-30": -70.049, "2019-03-31": -70.878, "2018-12-31": -101.5, "2018-09-30": "-45.92300", "2018-06-30": -44.62, "2018-03-31": -41.926, "2017-12-31": -52.339, "2017-09-30": "-52.69800", "2017-06-30": -74.468, "2017-03-31": -93.009, "2016-12-31": -46.209, "2016-09-30": "-148.53200", "2016-06-30": -74.414, "2016-03-31": -45.921, "2015-12-31": 0.077, "2015-09-30": "-54.42200", "2015-06-30": -71.752, "2015-03-31": -106.442, "2014-12-31": -70.44, "2014-09-30": "-43.95000", "2014-06-30": -31.622, "2014-03-31": -26.955, "2013-12-31": -28.503, "2013-09-30": "-25.98600", "2013-06-30": -19.713, "2013-03-31": -16.089, "2012-12-31": -14.617, "2012-09-30": "-13.11500", "2012-06-30": -11.654, "2012-03-31": -9.404, "2011-12-31": -9.194, "2011-09-30": "-6.94000", "2011-06-30": -4.369, "2011-03-31": 1.363, "2010-12-31": 2.041, "2010-09-30": "0.13700", "2010-06-30": 1.045, "2010-03-31": 2.484, "2009-12-31": 3.652, "2009-09-30": "", "2009-06-30": 0, "2009-03-31": 0, "2008-12-31": 0, "2008-09-30": "", "2008-06-30": 0, "2008-03-31": 0, "2007-12-31": 2.105, "2007-09-30": "1.16400", "2007-06-30": 5.268, "2007-03-31": 2.351, "2006-12-31": 0.763, "2006-09-30": "0.97400", "2006-06-30": 3.553, "2006-03-31": 5.554, "2005-12-31": 1.082, "2005-09-30": "1.63900", "2005-06-30": 0.503, "2005-03-31": 4.957}, "Total Common And Preferred Stock Dividends Paid": {"2020-12-31": 0, "2020-09-30": "", "2020-06-30": 0, "2020-03-31": 0, "2019-12-31": 0, "2019-09-30": "", "2019-06-30": 0, "2019-03-31": 0, "2018-12-31": 0, "2018-09-30": "", "2018-06-30": 0, "2018-03-31": 0, "2017-12-31": 0, "2017-09-30": "", "2017-06-30": 0, "2017-03-31": 0, "2016-12-31": 0, "2016-09-30": "", "2016-06-30": 0, "2016-03-31": 0, "2015-12-31": 0, "2015-09-30": "", "2015-06-30": 0, "2015-03-31": 0, "2014-12-31": 0, "2014-09-30": "", "2014-06-30": 0, "2014-03-31": 0, "2013-12-31": 0, "2013-09-30": "", "2013-06-30": 0, "2013-03-31": 0, "2012-12-31": 0, "2012-09-30": "", "2012-06-30": 0, "2012-03-31": 0, "2011-12-31": 0, "2011-09-30": "", "2011-06-30": 0, "2011-03-31": 0, "2010-12-31": 0, "2010-09-30": "", "2010-06-30": 0, "2010-03-31": 0, "2009-12-31": 0, "2009-09-30": "", "2009-06-30": 0, "2009-03-31": 0, "2008-12-31": 0, "2008-09-30": "", "2008-06-30": 0, "2008-03-31": 0, "2007-12-31": 0, "2007-09-30": "", "2007-06-30": 0, "2007-03-31": -6.567, "2006-12-31": -27.391, "2006-09-30": "", "2006-06-30": -2.439, "2006-03-31": 0, "2005-12-31": 0, "2005-09-30": "", "2005-06-30": 0, "2005-03-31": 0}, "Financial Activities - Other": {"2020-12-31": 0.835, "2020-09-30": "-1.82800", "2020-06-30": -1.921, "2020-03-31": -6.255, "2019-12-31": -3.425, "2019-09-30": "-3.16600", "2019-06-30": -2.561, "2019-03-31": -7.228, "2018-12-31": -3.209, "2018-09-30": "-3.17900", "2018-06-30": -8.533, "2018-03-31": -5.493, "2017-12-31": -0.269, "2017-09-30": "-2.25000", "2017-06-30": 2.203, "2017-03-31": -0.248, "2016-12-31": -1.041, "2016-09-30": "-0.71300", "2016-06-30": -0.746, "2016-03-31": -1.169, "2015-12-31": -0.809, "2015-09-30": "0.45200", "2015-06-30": 13.356, "2015-03-31": 12.859, "2014-12-31": 6.449, "2014-09-30": "-1.33900", "2014-06-30": -1.306, "2014-03-31": -1.644, "2013-12-31": -1.746, "2013-09-30": "-2.40800", "2013-06-30": -1.469, "2013-03-31": -1.47, "2012-12-31": -2.312, "2012-09-30": "-1.97600", "2012-06-30": -1.472, "2012-03-31": -1.356, "2011-12-31": -0.582, "2011-09-30": "-1.18700", "2011-06-30": -1.152, "2011-03-31": -1.735, "2010-12-31": -0.202, "2010-09-30": "-0.79600", "2010-06-30": -0.687, "2010-03-31": -0.659, "2009-12-31": -2.601, "2009-09-30": "-0.09300", "2009-06-30": -0.072, "2009-03-31": -0.083, "2008-12-31": -0.073, "2008-09-30": "-0.13200", "2008-06-30": -0.163, "2008-03-31": -0.178, "2007-12-31": -0.233, "2007-09-30": "-0.59200", "2007-06-30": 0, "2007-03-31": 0, "2006-12-31": 0, "2006-09-30": "-1.12400", "2006-06-30": 0.119, "2006-03-31": 0, "2005-12-31": 0, "2005-09-30": "", "2005-06-30": -2.135, "2005-03-31": 0}, "Cash Flow From Financial Activities": {"2020-12-31": -122.615, "2020-09-30": "-5.56000", "2020-06-30": -4.092, "2020-03-31": 31.819, "2019-12-31": -25.296, "2019-09-30": "47.00400", "2019-06-30": -72.61, "2019-03-31": -78.106, "2018-12-31": -54.709, "2018-09-30": "-49.10200", "2018-06-30": -53.153, "2018-03-31": -28.419, "2017-12-31": -41.608, "2017-09-30": "-55.29900", "2017-06-30": -72.265, "2017-03-31": -93.257, "2016-12-31": -47.25, "2016-09-30": "-149.24500", "2016-06-30": -75.28, "2016-03-31": 91.323, "2015-12-31": -0.732, "2015-09-30": "-53.97000", "2015-06-30": -58.396, "2015-03-31": -93.583, "2014-12-31": -63.991, "2014-09-30": "-45.28900", "2014-06-30": -32.928, "2014-03-31": -28.599, "2013-12-31": -30.249, "2013-09-30": "-28.39400", "2013-06-30": -21.182, "2013-03-31": -17.559, "2012-12-31": -22.545, "2012-09-30": "-20.48500", "2012-06-30": -35.748, "2012-03-31": -12.61, "2011-12-31": -24.39, "2011-09-30": "-8.95100", "2011-06-30": -10.908, "2011-03-31": -10.795, "2010-12-31": -4.485, "2010-09-30": "-8.07600", "2010-06-30": -7.331, "2010-03-31": -8.962, "2009-12-31": -9.408, "2009-09-30": "-5.99900", "2009-06-30": -7.763, "2009-03-31": -16.078, "2008-12-31": -8.523, "2008-09-30": "-6.05500", "2008-06-30": -22.809, "2008-03-31": -21.106, "2007-12-31": -1.452, "2007-09-30": "-14.39400", "2007-06-30": 23.803, "2007-03-31": -13.798, "2006-12-31": -17.014, "2006-09-30": "4.82700", "2006-06-30": -29.424, "2006-03-31": 5.238, "2005-12-31": 0.749, "2005-09-30": "1.32800", "2005-06-30": -27.527, "2005-03-31": 3.508}, "Net Cash Flow": {"2020-12-31": -100.109, "2020-09-30": "29.80200", "2020-06-30": 95.624, "2020-03-31": 111.686, "2019-12-31": 21.853, "2019-09-30": "-13.29300", "2019-06-30": 6.334, "2019-03-31": 11.164, "2018-12-31": 2.38, "2018-09-30": "-44.11700", "2018-06-30": 25.09, "2018-03-31": 22.372, "2017-12-31": -10.28, "2017-09-30": "-42.97100", "2017-06-30": 17.402, "2017-03-31": 17.526, "2016-12-31": 18.649, "2016-09-30": "-269.95900", "2016-06-30": 221.426, "2016-03-31": -73.713, "2015-12-31": 40.884, "2015-09-30": "-26.51000", "2015-06-30": 12.287, "2015-03-31": -14.481, "2014-12-31": -34.691, "2014-09-30": "-6.39200", "2014-06-30": 18.043, "2014-03-31": 44.006, "2013-12-31": 11.873, "2013-09-30": "-6.82800", "2013-06-30": -6.61, "2013-03-31": -36.182, "2012-12-31": 11.861, "2012-09-30": "-1.87900", "2012-06-30": -17.322, "2012-03-31": 39.309, "2011-12-31": -2.101, "2011-09-30": "-4.62900", "2011-06-30": -1.053, "2011-03-31": 19.396, "2010-12-31": 8.481, "2010-09-30": "-1.78400", "2010-06-30": 5.891, "2010-03-31": 9.617, "2009-12-31": 0.472, "2009-09-30": "-13.24800", "2009-06-30": -4.044, "2009-03-31": 3.454, "2008-12-31": -13.76, "2008-09-30": "2.51500", "2008-06-30": -2.307, "2008-03-31": 4.769, "2007-12-31": 2.118, "2007-09-30": "-2.79900", "2007-06-30": 31.431, "2007-03-31": 8.287, "2006-12-31": 3.683, "2006-09-30": "2.59400", "2006-06-30": 16.183, "2006-03-31": 12.631, "2005-12-31": 9.758, "2005-09-30": "-20.44900", "2005-06-30": -0.934, "2005-03-31": -38.55}, "Stock-Based Compensation": {"2020-12-31": 9.096, "2020-09-30": "6.26800", "2020-06-30": 7.415, "2020-03-31": 7.299, "2019-12-31": 7.559, "2019-09-30": "9.27500", "2019-06-30": 6.119, "2019-03-31": 6.254, "2018-12-31": 6.335, "2018-09-30": "8.86500", "2018-06-30": 5.466, "2018-03-31": 5.353, "2017-12-31": 5.455, "2017-09-30": "6.41400", "2017-06-30": 4.493, "2017-03-31": 4.677, "2016-12-31": 4.672, "2016-09-30": "4.95800", "2016-06-30": 3.414, "2016-03-31": 4.378, "2015-12-31": 3.512, "2015-09-30": "4.42300", "2015-06-30": 3.462, "2015-03-31": 3.456, "2014-12-31": 3.462, "2014-09-30": "4.20400", "2014-06-30": 2.954, "2014-03-31": 3.564, "2013-12-31": 3.151, "2013-09-30": "4.38700", "2013-06-30": 3.342, "2013-03-31": 3.527, "2012-12-31": 3.453, "2012-09-30": "4.31500", "2012-06-30": 2.802, "2012-03-31": 2.825, "2011-12-31": 3.071, "2011-09-30": "3.70800", "2011-06-30": 2.301, "2011-03-31": 2.356, "2010-12-31": 2.345, "2010-09-30": "2.69700", "2010-06-30": 1.908, "2010-03-31": 1.82, "2009-12-31": 9.625, "2009-09-30": "1.90700", "2009-06-30": 1.011, "2009-03-31": 1.28, "2008-12-31": 1.507, "2008-09-30": "0.87200", "2008-06-30": 2.23, "2008-03-31": 2.08, "2007-12-31": 3.788, "2007-09-30": "2.50200", "2007-06-30": 3.083, "2007-03-31": 3.241, "2006-12-31": 2.997, "2006-09-30": "1.74100", "2006-06-30": 2.01, "2006-03-31": 2.035, "2005-12-31": 2.377, "2005-09-30": "1.80800", "2005-06-30": 1.524, "2005-03-31": 0}, "Common Stock Dividends Paid": {"2020-12-31": 0, "2020-09-30": "", "2020-06-30": 0, "2020-03-31": 0, "2019-12-31": 0, "2019-09-30": "", "2019-06-30": 0, "2019-03-31": 0, "2018-12-31": 0, "2018-09-30": "", "2018-06-30": 0, "2018-03-31": 0, "2017-12-31": 0, "2017-09-30": "", "2017-06-30": 0, "2017-03-31": 0, "2016-12-31": 0, "2016-09-30": "", "2016-06-30": 0, "2016-03-31": 0, "2015-12-31": 0, "2015-09-30": "", "2015-06-30": 0, "2015-03-31": 0, "2014-12-31": 0, "2014-09-30": "", "2014-06-30": 0, "2014-03-31": 0, "2013-12-31": 0, "2013-09-30": "", "2013-06-30": 0, "2013-03-31": 0, "2012-12-31": 0, "2012-09-30": "", "2012-06-30": 0, "2012-03-31": 0, "2011-12-31": 0, "2011-09-30": "", "2011-06-30": 0, "2011-03-31": 0, "2010-12-31": 0, "2010-09-30": "", "2010-06-30": 0, "2010-03-31": 0, "2009-12-31": 0, "2009-09-30": "", "2009-06-30": 0, "2009-03-31": 0, "2008-12-31": 0, "2008-09-30": "", "2008-06-30": 0, "2008-03-31": 0, "2007-12-31": 0, "2007-09-30": "", "2007-06-30": 0, "2007-03-31": 0, "2006-12-31": 0, "2006-09-30": "", "2006-06-30": 0, "2006-03-31": 0, "2005-12-31": 0, "2005-09-30": "", "2005-06-30": 0, "2005-03-31": 0}}, "financial ratios": {"Current Ratio": {"2020-06-30": "2.77380", "2019-06-30": "1.32940", "2018-06-30": "1.68530", "2017-06-30": "0.31290", "2016-06-30": "0.83520", "2015-06-30": "0.88920", "2014-06-30": "1.23710", "2013-06-30": "1.32440", "2012-06-30": "1.33590", "2011-06-30": "1.46170", "2010-06-30": "1.60780", "2009-06-30": "1.47980", "2008-06-30": "1.53590", "2007-06-30": "1.19940", "2006-06-30": "1.04190", "2005-06-30": "1.01980"}, "Long-term Debt / Capital": {"2020-06-30": "0.38530", "2019-06-30": "", "2018-06-30": "", "2017-06-30": "", "2016-06-30": "", "2015-06-30": "", "2014-06-30": "", "2013-06-30": "", "2012-06-30": "", "2011-06-30": "0.05480", "2010-06-30": "0.24490", "2009-06-30": "0.10950", "2008-06-30": "0.36510", "2007-06-30": "0.43190", "2006-06-30": "1.33090", "2005-06-30": "-0.00660"}, "Debt/Equity Ratio": {"2020-06-30": "0.91680", "2019-06-30": "0.60780", "2018-06-30": "0.41670", "2017-06-30": "-0.53680", "2016-06-30": "-1.86580", "2015-06-30": "", "2014-06-30": "", "2013-06-30": "", "2012-06-30": "0.09470", "2011-06-30": "0.15790", "2010-06-30": "0.54010", "2009-06-30": "0.48860", "2008-06-30": "0.85180", "2007-06-30": "1.50390", "2006-06-30": "-8.08780", "2005-06-30": "-0.02670"}, "Gross Margin": {"2020-06-30": "89.71020", "2019-06-30": "90.31040", "2018-06-30": "90.02220", "2017-06-30": "90.39980", "2016-06-30": "89.70860", "2015-06-30": "88.74300", "2014-06-30": "86.54040", "2013-06-30": "83.83110", "2012-06-30": "78.49870", "2011-06-30": "73.58370", "2010-06-30": "60.25710", "2009-06-30": "75.66600", "2008-06-30": "72.72480", "2007-06-30": "74.48490", "2006-06-30": "69.60250", "2005-06-30": "62.98860"}, "Operating Margin": {"2020-06-30": "42.98510", "2019-06-30": "47.11710", "2018-06-30": "40.96570", "2017-06-30": "43.83240", "2016-06-30": "44.75150", "2015-06-30": "40.82460", "2014-06-30": "33.13910", "2013-06-30": "17.85560", "2012-06-30": "-6.17230", "2011-06-30": "-27.54220", "2010-06-30": "-65.74930", "2009-06-30": "14.10040", "2008-06-30": "5.98080", "2007-06-30": "16.24580", "2006-06-30": "6.39710", "2005-06-30": "-21.91750"}, "EBIT Margin": {"2020-06-30": "42.98510", "2019-06-30": "47.11710", "2018-06-30": "40.96570", "2017-06-30": "43.83240", "2016-06-30": "44.75150", "2015-06-30": "40.82460", "2014-06-30": "33.13910", "2013-06-30": "17.85560", "2012-06-30": "-6.17230", "2011-06-30": "-27.54220", "2010-06-30": "-65.74930", "2009-06-30": "14.10040", "2008-06-30": "5.98080", "2007-06-30": "16.24580", "2006-06-30": "6.39710", "2005-06-30": "-21.91750"}, "EBITDA Margin": {"2020-06-30": "46.09910", "2019-06-30": "48.48180", "2018-06-30": "42.25500", "2017-06-30": "45.12780", "2016-06-30": "46.03470", "2015-06-30": "42.23610", "2014-06-30": "34.47130", "2013-06-30": "19.53490", "2012-06-30": "-4.00150", "2011-06-30": "-24.84940", "2010-06-30": "-61.81110", "2009-06-30": "16.89650", "2008-06-30": "9.79230", "2007-06-30": "22.28780", "2006-06-30": "14.50460", "2005-06-30": "-12.25700"}, "Pre-Tax Profit Margin": {"2020-06-30": "46.65930", "2019-06-30": "50.53400", "2018-06-30": "44.59580", "2017-06-30": "47.97130", "2016-06-30": "44.59440", "2015-06-30": "40.75170", "2014-06-30": "32.83490", "2013-06-30": "18.44590", "2012-06-30": "-6.23200", "2011-06-30": "-22.06370", "2010-06-30": "-60.66220", "2009-06-30": "17.42470", "2008-06-30": "8.99320", "2007-06-30": "16.99710", "2006-06-30": "5.57240", "2005-06-30": "-22.37340"}, "Net Profit Margin": {"2020-06-30": "38.36050", "2019-06-30": "43.80260", "2018-06-30": "55.40840", "2017-06-30": "36.28160", "2016-06-30": "29.62900", "2015-06-30": "26.88620", "2014-06-30": "21.91400", "2013-06-30": "14.53560", "2012-06-30": "-5.67920", "2011-06-30": "5.17630", "2010-06-30": "-64.59210", "2009-06-30": "16.98570", "2008-06-30": "8.00540", "2007-06-30": "11.20960", "2006-06-30": "-3.02900", "2005-06-30": "-31.02990"}, "Asset Turnover": {"2020-06-30": "0.48940", "2019-06-30": "0.69140", "2018-06-30": "0.59510", "2017-06-30": "1.99410", "2016-06-30": "1.12530", "2015-06-30": "1.39650", "2014-06-30": "0.95950", "2013-06-30": "0.81360", "2012-06-30": "0.66010", "2011-06-30": "0.49560", "2010-06-30": "0.42290", "2009-06-30": "0.60390", "2008-06-30": "0.56180", "2007-06-30": "0.64480", "2006-06-30": "0.63190", "2005-06-30": "1.10980"}, "Inventory Turnover Ratio": {"2020-06-30": "", "2019-06-30": "", "2018-06-30": "", "2017-06-30": "", "2016-06-30": "", "2015-06-30": "", "2014-06-30": "", "2013-06-30": "", "2012-06-30": "", "2011-06-30": "", "2010-06-30": "", "2009-06-30": "", "2008-06-30": "", "2007-06-30": "", "2006-06-30": "", "2005-06-30": ""}, "Receiveable Turnover": {"2020-06-30": "9.93510", "2019-06-30": "11.86410", "2018-06-30": "11.42880", "2017-06-30": "15.36870", "2016-06-30": "18.14410", "2015-06-30": "14.08700", "2014-06-30": "9.84120", "2013-06-30": "6.10020", "2012-06-30": "3.41410", "2011-06-30": "2.37400", "2010-06-30": "1.42650", "2009-06-30": "1.87400", "2008-06-30": "1.71390", "2007-06-30": "2.05580", "2006-06-30": "1.89040", "2005-06-30": "4.68400"}, "Days Sales In Receivables": {"2020-06-30": "36.73860", "2019-06-30": "30.76500", "2018-06-30": "31.93680", "2017-06-30": "23.74950", "2016-06-30": "20.11680", "2015-06-30": "25.91050", "2014-06-30": "37.08900", "2013-06-30": "59.83370", "2012-06-30": "106.90860", "2011-06-30": "153.74820", "2010-06-30": "255.87130", "2009-06-30": "194.77330", "2008-06-30": "212.96790", "2007-06-30": "177.54720", "2006-06-30": "193.07870", "2005-06-30": "77.92500"}, "ROE - Return On Equity": {"2020-06-30": "49.24830", "2019-06-30": "72.20740", "2018-06-30": "68.94230", "2017-06-30": "-68.78720", "2016-06-30": "-186.51660", "2015-06-30": "-243.90690", "2014-06-30": "102.51800", "2013-06-30": "44.41890", "2012-06-30": "-12.15580", "2011-06-30": "6.49990", "2010-06-30": "-76.21830", "2009-06-30": "23.06960", "2008-06-30": "14.43530", "2007-06-30": "33.17490", "2006-06-30": "-28.60370", "2005-06-30": "133.79310"}, "Return On Tangible Equity": {"2020-06-30": "80.17920", "2019-06-30": "104.55740", "2018-06-30": "94.68300", "2017-06-30": "-53.89860", "2016-06-30": "-135.25500", "2015-06-30": "-179.26050", "2014-06-30": "133.20340", "2013-06-30": "54.68670", "2012-06-30": "-14.65930", "2011-06-30": "7.36960", "2010-06-30": "-86.92330", "2009-06-30": "24.87920", "2008-06-30": "16.28550", "2007-06-30": "38.73580", "2006-06-30": "-13.60680", "2005-06-30": "87.19810"}, "ROA - Return On Assets": {"2020-06-30": "18.77460", "2019-06-30": "30.28480", "2018-06-30": "32.97610", "2017-06-30": "72.35000", "2016-06-30": "33.34250", "2015-06-30": "37.54650", "2014-06-30": "21.02670", "2013-06-30": "11.82550", "2012-06-30": "-3.74880", "2011-06-30": "2.56560", "2010-06-30": "-27.31470", "2009-06-30": "10.25710", "2008-06-30": "4.49780", "2007-06-30": "8.60620", "2006-06-30": "1.38750", "2005-06-30": "-28.47910"}, "ROI - Return On Investment": {"2020-06-30": "30.27080", "2019-06-30": "72.20740", "2018-06-30": "68.94220", "2017-06-30": "-68.78720", "2016-06-30": "-186.51680", "2015-06-30": "-243.90680", "2014-06-30": "102.51800", "2013-06-30": "44.41890", "2012-06-30": "-12.15580", "2011-06-30": "6.14340", "2010-06-30": "-57.55540", "2009-06-30": "20.54340", "2008-06-30": "9.16450", "2007-06-30": "18.84570", "2006-06-30": "9.46490", "2005-06-30": "134.67500"}, "Book Value Per Share": {"2020-06-30": "6.88660", "2019-06-30": "5.27450", "2018-06-30": "5.73040", "2017-06-30": "-3.55190", "2016-06-30": "-0.93580", "2015-06-30": "-0.57450", "2014-06-30": "0.91290", "2013-06-30": "1.08770", "2012-06-30": "1.21530", "2011-06-30": "1.67450", "2010-06-30": "1.52510", "2009-06-30": "2.54640", "2008-06-30": "1.92010", "2007-06-30": "1.54340", "2006-06-30": "-0.46260", "2005-06-30": "-1.19860"}, "Operating Cash Flow Per Share": {"2020-06-30": 0.1729, "2019-06-30": 0.5302, "2018-06-30": 0.4671, "2017-06-30": 0.5238, "2016-06-30": -0.3112, "2015-06-30": 0.02, "2014-06-30": 0.6006, "2013-06-30": 0.4203, "2012-06-30": 0.4551, "2011-06-30": 0.2374, "2010-06-30": 0.0665, "2009-06-30": -0.4027, "2008-06-30": 0.153, "2007-06-30": -0.5262, "2006-06-30": 1.2217, "2005-06-30": -0.089}, "Free Cash Flow Per Share": {"2020-06-30": 0.1743, "2019-06-30": 0.5171, "2018-06-30": 0.4987, "2017-06-30": 0.5283, "2016-06-30": -0.2664, "2015-06-30": -0.0197, "2014-06-30": 0.6097, "2013-06-30": 0.4117, "2012-06-30": 0.4548, "2011-06-30": 0.2238, "2010-06-30": 0.0875, "2009-06-30": -0.3521, "2008-06-30": 0.1166, "2007-06-30": -0.3614, "2006-06-30": 1.2621, "2005-06-30": -0.3662}}, "financial ratios, quarterly": {"Current Ratio": {"2020-12-31": "4.94140", "2020-09-30": "2.88840", "2020-06-30": "2.77380", "2020-03-31": "2.29380", "2019-12-31": "3.00080", "2019-09-30": "0.97630", "2019-06-30": "1.32940", "2019-03-31": "1.41590", "2018-12-31": "1.41930", "2018-09-30": "1.67110", "2018-06-30": "1.68530", "2018-03-31": "0.23270", "2017-12-31": "0.20620", "2017-09-30": "0.23720", "2017-06-30": "0.31290", "2017-03-31": "0.34420", "2016-12-31": "0.42640", "2016-09-30": "0.54820", "2016-06-30": "0.83520", "2016-03-31": "0.94880", "2015-12-31": "0.98110", "2015-09-30": "0.83290", "2015-06-30": "0.88920", "2015-03-31": "0.93670", "2014-12-31": "1.13660", "2014-09-30": "1.27210", "2014-06-30": "1.23710", "2014-03-31": "1.31310", "2013-12-31": "1.36610", "2013-09-30": "1.38660", "2013-06-30": "1.32440", "2013-03-31": "1.20440", "2012-12-31": "1.43090", "2012-09-30": "1.38190", "2012-06-30": "1.33590", "2012-03-31": "1.39440", "2011-12-31": "1.48330", "2011-09-30": "1.38730", "2011-06-30": "1.46170", "2011-03-31": "1.61030", "2010-12-31": "1.71740", "2010-09-30": "1.68250", "2010-06-30": "1.60780", "2010-03-31": "1.70070", "2009-12-31": "1.76800", "2009-09-30": "1.44330", "2009-06-30": "1.47980", "2009-03-31": "1.43560", "2008-12-31": "1.38910", "2008-09-30": "1.66590", "2008-06-30": "1.53590", "2008-03-31": "1.23680", "2007-12-31": "1.29040", "2007-09-30": "1.22870", "2007-06-30": "1.19940", "2007-03-31": "1.31970", "2006-12-31": "1.31320", "2006-09-30": "1.31620", "2006-06-30": "1.04190", "2006-03-31": "1.17310", "2005-12-31": "1.06520", "2005-09-30": "1.01520", "2005-06-30": "1.01980", "2005-03-31": "1.00220"}, "Long-term Debt / Capital": {"2020-12-31": "0.30330", "2020-09-30": "0.36220", "2020-06-30": "0.38530", "2020-03-31": "0.43470", "2019-12-31": "0.43340", "2019-09-30": "", "2019-06-30": "", "2019-03-31": "", "2018-12-31": "", "2018-09-30": "", "2018-06-30": "", "2018-03-31": "", "2017-12-31": "", "2017-09-30": "", "2017-06-30": "", "2017-03-31": "", "2016-12-31": "", "2016-09-30": "", "2016-06-30": "", "2016-03-31": "", "2015-12-31": "", "2015-09-30": "", "2015-06-30": "", "2015-03-31": "", "2014-12-31": "", "2014-09-30": "", "2014-06-30": "", "2014-03-31": "", "2013-12-31": "", "2013-09-30": "", "2013-06-30": "", "2013-03-31": "", "2012-12-31": "", "2012-09-30": "", "2012-06-30": "", "2012-03-31": "0.00260", "2011-12-31": "0.03540", "2011-09-30": "0.05480", "2011-06-30": "0.05480", "2011-03-31": "0.20400", "2010-12-31": "0.26010", "2010-09-30": "0.25320", "2010-06-30": "0.24490", "2010-03-31": "0.23860", "2009-12-31": "0.24840", "2009-09-30": "0.11000", "2009-06-30": "0.10950", "2009-03-31": "0.12620", "2008-12-31": "0.14900", "2008-09-30": "0.33930", "2008-06-30": "0.36510", "2008-03-31": "0.43160", "2007-12-31": "0.45070", "2007-09-30": "0.44710", "2007-06-30": "0.43190", "2007-03-31": "", "2006-12-31": "0.00050", "2006-09-30": "-0.00350", "2006-06-30": "1.33090", "2006-03-31": "-0.00490", "2005-12-31": "-0.00480", "2005-09-30": "-0.00520", "2005-06-30": "-0.00660", "2005-03-31": "-0.05470"}, "Debt/Equity Ratio": {"2020-12-31": "0.45980", "2020-09-30": "0.83410", "2020-06-30": "0.91680", "2020-03-31": "1.12000", "2019-12-31": "0.88000", "2019-09-30": "0.81370", "2019-06-30": "0.60780", "2019-03-31": "0.51730", "2018-12-31": "0.50900", "2018-09-30": "0.35930", "2018-06-30": "0.41670", "2018-03-31": "-0.61020", "2017-12-31": "-0.55010", "2017-09-30": "-0.52340", "2017-06-30": "-0.53680", "2017-03-31": "-0.56110", "2016-12-31": "-0.72590", "2016-09-30": "-0.76260", "2016-06-30": "-1.86580", "2016-03-31": "-3.94870", "2015-12-31": "", "2015-09-30": "", "2015-06-30": "", "2015-03-31": "", "2014-12-31": "", "2014-09-30": "", "2014-06-30": "", "2014-03-31": "", "2013-12-31": "", "2013-09-30": "", "2013-06-30": "", "2013-03-31": "", "2012-12-31": "", "2012-09-30": "0.05190", "2012-06-30": "0.09470", "2012-03-31": "0.11880", "2011-12-31": "0.12760", "2011-09-30": "0.17540", "2011-06-30": "0.15790", "2011-03-31": "0.46610", "2010-12-31": "0.54640", "2010-09-30": "0.55650", "2010-06-30": "0.54010", "2010-03-31": "0.50520", "2009-12-31": "0.50340", "2009-09-30": "0.51400", "2009-06-30": "0.48860", "2009-03-31": "0.56400", "2008-12-31": "0.66470", "2008-09-30": "0.78920", "2008-06-30": "0.85180", "2008-03-31": "1.13130", "2007-12-31": "1.30170", "2007-09-30": "1.41330", "2007-06-30": "1.50390", "2007-03-31": "0.00210", "2006-12-31": "0.00370", "2006-09-30": "-0.01230", "2006-06-30": "-8.08780", "2006-03-31": "-0.01100", "2005-12-31": "-0.01520", "2005-09-30": "-0.01920", "2005-06-30": "-0.02670", "2005-03-31": "-2.92260"}, "Gross Margin": {"2020-12-31": "93.87510", "2020-09-30": "86.54790", "2020-06-30": "92.43990", "2020-03-31": "88.10470", "2019-12-31": "87.67900", "2019-09-30": "89.14370", "2019-06-30": "92.01990", "2019-03-31": "90.29620", "2018-12-31": "89.50390", "2018-09-30": "88.41450", "2018-06-30": "91.17200", "2018-03-31": "89.99980", "2017-12-31": "88.54450", "2017-09-30": "89.93410", "2017-06-30": "91.03780", "2017-03-31": "89.71550", "2016-12-31": "90.34540", "2016-09-30": "90.41570", "2016-06-30": "89.68070", "2016-03-31": "89.91750", "2015-12-31": "90.02270", "2015-09-30": "89.21660", "2015-06-30": "88.94700", "2015-03-31": "88.94060", "2014-12-31": "88.62140", "2014-09-30": "88.44260", "2014-06-30": "87.31540", "2014-03-31": "85.24140", "2013-12-31": "87.40190", "2013-09-30": "86.20680", "2013-06-30": "84.40140", "2013-03-31": "84.06060", "2012-12-31": "83.99540", "2012-09-30": "82.73370", "2012-06-30": "79.53510", "2012-03-31": "79.73490", "2011-12-31": "80.58000", "2011-09-30": "73.01900", "2011-06-30": "71.22230", "2011-03-31": "80.24370", "2010-12-31": "72.78550", "2010-09-30": "69.26220", "2010-06-30": "54.24640", "2010-03-31": "67.83290", "2009-12-31": "61.41830", "2009-09-30": "56.10360", "2009-06-30": "71.79990", "2009-03-31": "74.19630", "2008-12-31": "78.01690", "2008-09-30": "77.81870", "2008-06-30": "77.69550", "2008-03-31": "71.10880", "2007-12-31": "70.49270", "2007-09-30": "69.59340", "2007-06-30": "83.41220", "2007-03-31": "70.03400", "2006-12-31": "75.16090", "2006-09-30": "64.88430", "2006-06-30": "79.04420", "2006-03-31": "67.29890", "2005-12-31": "68.24110", "2005-09-30": "61.56030", "2005-06-30": "73.81270", "2005-03-31": "61.02650"}, "Operating Margin": {"2020-12-31": "63.94590", "2020-09-30": "29.72050", "2020-06-30": "57.28500", "2020-03-31": "34.97240", "2019-12-31": "34.07530", "2019-09-30": "38.08760", "2019-06-30": "56.44340", "2019-03-31": "47.86400", "2018-12-31": "45.40420", "2018-09-30": "32.39930", "2018-06-30": "46.34320", "2018-03-31": "41.96920", "2017-12-31": "28.52740", "2017-09-30": "44.04640", "2017-06-30": "39.69240", "2017-03-31": "43.82490", "2016-12-31": "46.74690", "2016-09-30": "45.58930", "2016-06-30": "43.07880", "2016-03-31": "42.51160", "2015-12-31": "47.25010", "2015-09-30": "46.07720", "2015-06-30": "41.07860", "2015-03-31": "37.49450", "2014-12-31": "43.15890", "2014-09-30": "41.66500", "2014-06-30": "36.79730", "2014-03-31": "30.31460", "2013-12-31": "36.56210", "2013-09-30": "28.37780", "2013-06-30": "18.47500", "2013-03-31": "20.58290", "2012-12-31": "19.31080", "2012-09-30": "12.53060", "2012-06-30": "-5.63760", "2012-03-31": "-4.58780", "2011-12-31": "10.57920", "2011-09-30": "-30.50270", "2011-06-30": "-34.80670", "2011-03-31": "-13.77160", "2010-12-31": "-18.67170", "2010-09-30": "-45.72620", "2010-06-30": "-93.09700", "2010-03-31": "-43.06850", "2009-12-31": "-68.67590", "2009-09-30": "-62.32790", "2009-06-30": "3.26850", "2009-03-31": "6.26020", "2008-12-31": "22.79160", "2008-09-30": "21.19070", "2008-06-30": "21.43580", "2008-03-31": "2.52140", "2007-12-31": "5.48380", "2007-09-30": "-12.92300", "2007-06-30": "23.68350", "2007-03-31": "8.66920", "2006-12-31": "25.54330", "2006-09-30": "-0.02650", "2006-06-30": "9.29210", "2006-03-31": "10.18940", "2005-12-31": "10.81950", "2005-09-30": "-8.06560", "2005-06-30": "-20.31140", "2005-03-31": "-14.62360"}, "EBIT Margin": {"2020-12-31": "63.94590", "2020-09-30": "29.72050", "2020-06-30": "57.28500", "2020-03-31": "34.97240", "2019-12-31": "34.07530", "2019-09-30": "38.08760", "2019-06-30": "56.44340", "2019-03-31": "47.86400", "2018-12-31": "45.40420", "2018-09-30": "32.39930", "2018-06-30": "46.34320", "2018-03-31": "41.96920", "2017-12-31": "28.52740", "2017-09-30": "44.04640", "2017-06-30": "39.69240", "2017-03-31": "43.82490", "2016-12-31": "46.74690", "2016-09-30": "45.58930", "2016-06-30": "43.07880", "2016-03-31": "42.51160", "2015-12-31": "47.25010", "2015-09-30": "46.07720", "2015-06-30": "41.07860", "2015-03-31": "37.49450", "2014-12-31": "43.15890", "2014-09-30": "41.66500", "2014-06-30": "36.79730", "2014-03-31": "30.31460", "2013-12-31": "36.56210", "2013-09-30": "28.37780", "2013-06-30": "18.47500", "2013-03-31": "20.58290", "2012-12-31": "19.31080", "2012-09-30": "12.53060", "2012-06-30": "-5.63760", "2012-03-31": "-4.58780", "2011-12-31": "10.57920", "2011-09-30": "-30.50270", "2011-06-30": "-34.80670", "2011-03-31": "-13.77160", "2010-12-31": "-18.67170", "2010-09-30": "-45.72620", "2010-06-30": "-93.09700", "2010-03-31": "-43.06850", "2009-12-31": "-68.67590", "2009-09-30": "-62.32790", "2009-06-30": "3.26850", "2009-03-31": "6.26020", "2008-12-31": "22.79160", "2008-09-30": "21.19070", "2008-06-30": "21.43590", "2008-03-31": "2.52140", "2007-12-31": "5.48380", "2007-09-30": "-12.92300", "2007-06-30": "23.68350", "2007-03-31": "8.66920", "2006-12-31": "25.54330", "2006-09-30": "-0.02650", "2006-06-30": "9.29210", "2006-03-31": "10.18940", "2005-12-31": "10.81950", "2005-09-30": "-8.06560", "2005-06-30": "-20.31140", "2005-03-31": "-14.62360"}, "EBITDA Margin": {"2020-12-31": "", "2020-09-30": "", "2020-06-30": "", "2020-03-31": "", "2019-12-31": "", "2019-09-30": "", "2019-06-30": "", "2019-03-31": "", "2018-12-31": "", "2018-09-30": "", "2018-06-30": "", "2018-03-31": "", "2017-12-31": "", "2017-09-30": "", "2017-06-30": "", "2017-03-31": "", "2016-12-31": "", "2016-09-30": "", "2016-06-30": "", "2016-03-31": "", "2015-12-31": "", "2015-09-30": "", "2015-06-30": "", "2015-03-31": "", "2014-12-31": "", "2014-09-30": "", "2014-06-30": "", "2014-03-31": "", "2013-12-31": "", "2013-09-30": "", "2013-06-30": "", "2013-03-31": "", "2012-12-31": "", "2012-09-30": "", "2012-06-30": "", "2012-03-31": "", "2011-12-31": "", "2011-09-30": "", "2011-06-30": "", "2011-03-31": "", "2010-12-31": "", "2010-09-30": "", "2010-06-30": "", "2010-03-31": "", "2009-12-31": "", "2009-09-30": "", "2009-06-30": "", "2009-03-31": "", "2008-12-31": "", "2008-09-30": "", "2008-06-30": "", "2008-03-31": "", "2007-12-31": "", "2007-09-30": "", "2007-06-30": "", "2007-03-31": "", "2006-12-31": "", "2006-09-30": "", "2006-06-30": "", "2006-03-31": "", "2005-12-31": "", "2005-09-30": "", "2005-06-30": "", "2005-03-31": ""}, "Pre-Tax Profit Margin": {"2020-12-31": "66.90760", "2020-09-30": "34.16080", "2020-06-30": "60.77920", "2020-03-31": "38.46710", "2019-12-31": "37.46390", "2019-09-30": "42.44490", "2019-06-30": "59.43710", "2019-03-31": "50.87170", "2018-12-31": "48.78190", "2018-09-30": "37.11430", "2018-06-30": "49.37780", "2018-03-31": "45.65980", "2017-12-31": "33.01910", "2017-09-30": "47.59220", "2017-06-30": "55.40110", "2017-03-31": "43.12150", "2016-12-31": "46.76440", "2016-09-30": "45.63020", "2016-06-30": "44.22770", "2016-03-31": "40.05720", "2015-12-31": "47.16700", "2015-09-30": "46.88930", "2015-06-30": "40.15380", "2015-03-31": "37.97520", "2014-12-31": "43.04760", "2014-09-30": "41.96370", "2014-06-30": "36.48110", "2014-03-31": "30.11860", "2013-12-31": "36.32720", "2013-09-30": "27.88100", "2013-06-30": "18.13150", "2013-03-31": "21.56210", "2012-12-31": "20.32230", "2012-09-30": "13.32130", "2012-06-30": "-7.17620", "2012-03-31": "-2.73080", "2011-12-31": "11.47170", "2011-09-30": "-32.24600", "2011-06-30": "-29.73500", "2011-03-31": "-10.12530", "2010-12-31": "-16.37090", "2010-09-30": "-33.84220", "2010-06-30": "-92.65770", "2010-03-31": "-41.74010", "2009-12-31": "-63.09800", "2009-09-30": "-48.99240", "2009-06-30": "10.43720", "2009-03-31": "5.75240", "2008-12-31": "30.21290", "2008-09-30": "20.58890", "2008-06-30": "21.63620", "2008-03-31": "8.28480", "2007-12-31": "9.45040", "2007-09-30": "-9.88930", "2007-06-30": "21.29530", "2007-03-31": "9.66160", "2006-12-31": "29.42790", "2006-09-30": "0.69820", "2006-06-30": "1.30640", "2006-03-31": "12.58800", "2005-12-31": "12.86200", "2005-09-30": "-7.04280", "2005-06-30": "-24.53480", "2005-03-31": "-13.90580"}, "Net Profit Margin": {"2020-12-31": "55.25980", "2020-09-30": "28.45150", "2020-06-30": "46.30150", "2020-03-31": "32.96370", "2019-12-31": "31.58510", "2019-09-30": "38.17600", "2019-06-30": "52.80210", "2019-03-31": "41.61730", "2018-12-31": "42.17040", "2018-09-30": "33.34180", "2018-06-30": "43.42350", "2018-03-31": "34.83540", "2017-12-31": "125.11320", "2017-09-30": "32.03570", "2017-06-30": "52.92860", "2017-03-31": "30.04270", "2016-12-31": "30.85890", "2016-09-30": "29.15450", "2016-06-30": "29.31560", "2016-03-31": "27.82410", "2015-12-31": "30.78700", "2015-09-30": "30.56710", "2015-06-30": "26.97880", "2015-03-31": "25.31020", "2014-12-31": "28.26240", "2014-09-30": "27.04010", "2014-06-30": "26.27550", "2014-03-31": "20.12130", "2013-12-31": "23.55290", "2013-09-30": "17.12900", "2013-06-30": "24.49920", "2013-03-31": "13.24770", "2012-12-31": "12.85360", "2012-09-30": "6.17570", "2012-06-30": "-8.41650", "2012-03-31": "-0.84780", "2011-12-31": "5.76370", "2011-09-30": "-22.91070", "2011-06-30": "79.17370", "2011-03-31": "-10.81160", "2010-12-31": "-20.61720", "2010-09-30": "-35.88860", "2010-06-30": "-88.82970", "2010-03-31": "-47.68730", "2009-12-31": "-71.81980", "2009-09-30": "-52.92490", "2009-06-30": "14.33440", "2009-03-31": "11.35610", "2008-12-31": "27.78870", "2008-09-30": "13.48630", "2008-06-30": "21.01270", "2008-03-31": "5.43210", "2007-12-31": "12.47390", "2007-09-30": "-13.88540", "2007-06-30": "17.69460", "2007-03-31": "6.21380", "2006-12-31": "21.54820", "2006-09-30": "-8.31290", "2006-06-30": "-8.66370", "2006-03-31": "3.53430", "2005-12-31": "5.22180", "2005-09-30": "-14.44330", "2005-06-30": "-42.14530", "2005-03-31": "-21.32270"}, "Asset Turnover": {"2020-12-31": "0.18150", "2020-09-30": "0.09150", "2020-06-30": "0.16390", "2020-03-31": "0.11680", "2019-12-31": "0.12060", "2019-09-30": "0.13720", "2019-06-30": "0.22490", "2019-03-31": "0.15770", "2018-12-31": "0.14740", "2018-09-30": "0.12150", "2018-06-30": "0.17330", "2018-03-31": "0.51930", "2017-12-31": "0.53900", "2017-09-30": "0.62390", "2017-06-30": "0.54520", "2017-03-31": "0.48890", "2016-12-31": "0.44860", "2016-09-30": "0.41400", "2016-06-30": "0.27080", "2016-03-31": "0.27130", "2015-12-31": "0.43110", "2015-09-30": "0.45090", "2015-06-30": "0.36210", "2015-03-31": "0.35100", "2014-12-31": "0.31390", "2014-09-30": "0.28320", "2014-06-30": "0.24890", "2014-03-31": "0.27040", "2013-12-31": "0.27520", "2013-09-30": "0.23860", "2013-06-30": "0.21750", "2013-03-31": "0.21940", "2012-12-31": "0.22380", "2012-09-30": "0.21090", "2012-06-30": "0.17380", "2012-03-31": "0.15180", "2011-12-31": "0.17400", "2011-09-30": "0.13000", "2011-06-30": "0.13170", "2011-03-31": "0.14530", "2010-12-31": "0.13660", "2010-09-30": "0.11530", "2010-06-30": "0.09720", "2010-03-31": "0.10680", "2009-12-31": "0.09500", "2009-09-30": "0.08290", "2009-06-30": "0.13810", "2009-03-31": "0.13940", "2008-12-31": "0.15830", "2008-09-30": "0.16350", "2008-06-30": "0.17730", "2008-03-31": "0.13390", "2007-12-31": "0.13790", "2007-09-30": "0.12760", "2007-06-30": "0.19170", "2007-03-31": "0.29120", "2006-12-31": "0.36650", "2006-09-30": "0.25910", "2006-06-30": "0.17350", "2006-03-31": "0.30860", "2005-12-31": "0.33210", "2005-09-30": "0.27360", "2005-06-30": "0.28870", "2005-03-31": "0.21180"}, "Inventory Turnover Ratio": {"2020-12-31": "", "2020-09-30": "", "2020-06-30": "", "2020-03-31": "", "2019-12-31": "", "2019-09-30": "", "2019-06-30": "", "2019-03-31": "", "2018-12-31": "", "2018-09-30": "", "2018-06-30": "", "2018-03-31": "", "2017-12-31": "", "2017-09-30": "", "2017-06-30": "", "2017-03-31": "", "2016-12-31": "", "2016-09-30": "", "2016-06-30": "", "2016-03-31": "", "2015-12-31": "", "2015-09-30": "", "2015-06-30": "", "2015-03-31": "", "2014-12-31": "", "2014-09-30": "", "2014-06-30": "", "2014-03-31": "", "2013-12-31": "", "2013-09-30": "", "2013-06-30": "", "2013-03-31": "", "2012-12-31": "", "2012-09-30": "", "2012-06-30": "", "2012-03-31": "", "2011-12-31": "", "2011-09-30": "", "2011-06-30": "", "2011-03-31": "", "2010-12-31": "", "2010-09-30": "", "2010-06-30": "", "2010-03-31": "", "2009-12-31": "", "2009-09-30": "", "2009-06-30": "", "2009-03-31": "", "2008-12-31": "", "2008-09-30": "", "2008-06-30": "", "2008-03-31": "", "2007-12-31": "", "2007-09-30": "", "2007-06-30": "", "2007-03-31": "", "2006-12-31": "", "2006-09-30": "", "2006-06-30": "", "2006-03-31": "", "2005-12-31": "", "2005-09-30": "", "2005-06-30": "", "2005-03-31": ""}, "Receiveable Turnover": {"2020-12-31": "4.64180", "2020-09-30": "2.04210", "2020-06-30": "3.32710", "2020-03-31": "2.09450", "2019-12-31": "2.36700", "2019-09-30": "2.78900", "2019-06-30": "3.85950", "2019-03-31": "3.15760", "2018-12-31": "2.44180", "2018-09-30": "2.06000", "2018-06-30": "3.32780", "2018-03-31": "4.22190", "2017-12-31": "3.56330", "2017-09-30": "4.00050", "2017-06-30": "4.20150", "2017-03-31": "3.34030", "2016-12-31": "6.65000", "2016-09-30": "5.46700", "2016-06-30": "4.36680", "2016-03-31": "5.35230", "2015-12-31": "7.65310", "2015-09-30": "5.28750", "2015-06-30": "3.65240", "2015-03-31": "3.81870", "2014-12-31": "5.31670", "2014-09-30": "4.13810", "2014-06-30": "2.55250", "2014-03-31": "3.08320", "2013-12-31": "2.74870", "2013-09-30": "1.84450", "2013-06-30": "1.63120", "2013-03-31": "1.64930", "2012-12-31": "1.27600", "2012-09-30": "1.27940", "2012-06-30": "0.89890", "2012-03-31": "0.80200", "2011-12-31": "0.80200", "2011-09-30": "0.66080", "2011-06-30": "0.63070", "2011-03-31": "0.61440", "2010-12-31": "0.53030", "2010-09-30": "0.41510", "2010-06-30": "0.32800", "2010-03-31": "0.36310", "2009-12-31": "0.32250", "2009-09-30": "0.26430", "2009-06-30": "0.42860", "2009-03-31": "0.50350", "2008-12-31": "0.56390", "2008-09-30": "0.58020", "2008-06-30": "0.54070", "2008-03-31": "0.45170", "2007-12-31": "0.46380", "2007-09-30": "0.44460", "2007-06-30": "0.61110", "2007-03-31": "1.38190", "2006-12-31": "1.65960", "2006-09-30": "1.14020", "2006-06-30": "0.51900", "2006-03-31": "1.23850", "2005-12-31": "1.38690", "2005-09-30": "1.17230", "2005-06-30": "1.21860", "2005-03-31": "0.81140"}, "Days Sales In Receivables": {"2020-12-31": "19.38910", "2020-09-30": "44.07200", "2020-06-30": "27.05060", "2020-03-31": "42.96960", "2019-12-31": "38.02210", "2019-09-30": "32.26920", "2019-06-30": "23.31910", "2019-03-31": "28.50270", "2018-12-31": "36.85740", "2018-09-30": "43.68870", "2018-06-30": "27.04490", "2018-03-31": "21.31760", "2017-12-31": "25.25770", "2017-09-30": "22.49730", "2017-06-30": "21.42080", "2017-03-31": "26.94330", "2016-12-31": "13.53380", "2016-09-30": "16.46240", "2016-06-30": "20.61020", "2016-03-31": "16.81520", "2015-12-31": "11.76000", "2015-09-30": "17.02130", "2015-06-30": "24.64110", "2015-03-31": "23.56840", "2014-12-31": "16.92790", "2014-09-30": "21.74930", "2014-06-30": "35.25910", "2014-03-31": "29.19030", "2013-12-31": "32.74280", "2013-09-30": "48.79310", "2013-06-30": "55.17450", "2013-03-31": "54.56910", "2012-12-31": "70.53290", "2012-09-30": "70.34300", "2012-06-30": "100.11810", "2012-03-31": "112.22080", "2011-12-31": "112.21500", "2011-09-30": "136.19380", "2011-06-30": "142.69390", "2011-03-31": "146.49530", "2010-12-31": "169.70050", "2010-09-30": "216.82060", "2010-06-30": "274.41960", "2010-03-31": "247.85810", "2009-12-31": "279.11050", "2009-09-30": "340.50560", "2009-06-30": "210.00670", "2009-03-31": "178.73880", "2008-12-31": "159.60960", "2008-09-30": "155.11940", "2008-06-30": "166.44580", "2008-03-31": "199.22940", "2007-12-31": "194.05680", "2007-09-30": "202.43820", "2007-06-30": "147.28060", "2007-03-31": "65.12940", "2006-12-31": "54.22930", "2006-09-30": "78.93320", "2006-06-30": "173.40520", "2006-03-31": "72.66840", "2005-12-31": "64.89380", "2005-09-30": "76.77540", "2005-06-30": "73.85750", "2005-03-31": "110.91980"}, "ROE - Return On Equity": {"2020-12-31": "19.74400", "2020-09-30": "6.43860", "2020-06-30": "19.90660", "2020-03-31": "11.30080", "2019-12-31": "10.14870", "2019-09-30": "13.60700", "2019-06-30": "28.31580", "2019-03-31": "14.48140", "2018-12-31": "13.70150", "2018-09-30": "8.04580", "2018-06-30": "15.73220", "2018-03-31": "-15.97420", "2017-12-31": "-48.09790", "2017-09-30": "-15.15050", "2017-06-30": "-27.43340", "2017-03-31": "-14.36260", "2016-12-31": "-19.18840", "2016-09-30": "-19.06470", "2016-06-30": "-44.41450", "2016-03-31": "-93.55800", "2015-12-31": "-165.26850", "2015-09-30": "-58.34720", "2015-06-30": "-63.45740", "2015-03-31": "-105.13540", "2014-12-31": "80.76350", "2014-09-30": "41.38790", "2014-06-30": "31.88250", "2014-03-31": "24.17900", "2013-12-31": "25.71210", "2013-09-30": "15.90510", "2013-06-30": "20.01900", "2013-03-31": "10.53120", "2012-12-31": "9.52760", "2012-09-30": "4.07860", "2012-06-30": "-4.74330", "2012-03-31": "-0.40030", "2011-12-31": "2.77720", "2011-09-30": "-8.29660", "2011-06-30": "26.41330", "2011-03-31": "-4.77530", "2010-12-31": "-8.40510", "2010-09-30": "-12.08720", "2010-06-30": "-24.09870", "2010-03-31": "-12.57560", "2009-12-31": "-15.99130", "2009-09-30": "-9.94750", "2009-06-30": "4.45230", "2009-03-31": "3.72810", "2008-12-31": "11.05370", "2008-09-30": "6.27050", "2008-06-30": "11.95400", "2008-03-31": "2.67250", "2007-12-31": "6.33990", "2007-09-30": "-6.93150", "2007-06-30": "13.07310", "2007-03-31": "4.29250", "2006-12-31": "28.36770", "2006-09-30": "5.68520", "2006-06-30": "13.84390", "2006-03-31": "-17.28520", "2005-12-31": "-16.16450", "2005-09-30": "8.78060", "2005-06-30": "49.99320", "2005-03-31": "49.71600"}, "Return On Tangible Equity": {"2020-12-31": "28.82140", "2020-09-30": "10.00740", "2020-06-30": "32.40910", "2020-03-31": "21.02500", "2019-12-31": "19.45010", "2019-09-30": "26.05470", "2019-06-30": "41.00170", "2019-03-31": "19.24620", "2018-12-31": "18.24850", "2018-09-30": "10.47850", "2018-06-30": "21.60610", "2018-03-31": "-11.39210", "2017-12-31": "-36.88590", "2017-09-30": "-11.93700", "2017-06-30": "-21.49560", "2017-03-31": "-11.14150", "2016-12-31": "-13.83360", "2016-09-30": "-16.06020", "2016-06-30": "-32.20780", "2016-03-31": "-63.50220", "2015-12-31": "-95.39450", "2015-09-30": "-46.17670", "2015-06-30": "-46.63830", "2015-03-31": "-64.28570", "2014-12-31": "154.83610", "2014-09-30": "56.36370", "2014-06-30": "41.42550", "2014-03-31": "30.95460", "2013-12-31": "32.63790", "2013-09-30": "20.05750", "2013-06-30": "24.64660", "2013-03-31": "13.08210", "2012-12-31": "11.76730", "2012-09-30": "5.00320", "2012-06-30": "-5.72020", "2012-03-31": "-0.47240", "2011-12-31": "3.19070", "2011-09-30": "-9.49020", "2011-06-30": "29.94780", "2011-03-31": "-5.65610", "2010-12-31": "-9.87260", "2010-09-30": "-14.04510", "2010-06-30": "-27.48340", "2010-03-31": "-14.02790", "2009-12-31": "-17.61510", "2009-09-30": "-10.84150", "2009-06-30": "4.80150", "2009-03-31": "4.02140", "2008-12-31": "11.99100", "2008-09-30": "6.97170", "2008-06-30": "13.48620", "2008-03-31": "3.07200", "2007-12-31": "7.34880", "2007-09-30": "-8.24640", "2007-06-30": "15.26440", "2007-03-31": "5.13110", "2006-12-31": "37.59190", "2006-09-30": "3.42250", "2006-06-30": "6.58560", "2006-03-31": "-11.00040", "2005-12-31": "-10.86070", "2005-09-30": "5.99920", "2005-06-30": "32.58250", "2005-03-31": "20.16390"}, "ROA - Return On Assets": {"2020-12-31": "10.02820", "2020-09-30": "2.60440", "2020-06-30": "7.58890", "2020-03-31": "3.85130", "2019-12-31": "3.81030", "2019-09-30": "5.23800", "2019-06-30": "11.87610", "2019-03-31": "6.56110", "2018-12-31": "6.21740", "2018-09-30": "4.05100", "2018-06-30": "7.52490", "2018-03-31": "18.09100", "2017-12-31": "67.43350", "2017-09-30": "19.98840", "2017-06-30": "28.85430", "2017-03-31": "14.68900", "2016-12-31": "13.84290", "2016-09-30": "12.07130", "2016-06-30": "7.93970", "2016-03-31": "7.54860", "2015-12-31": "13.27200", "2015-09-30": "13.78330", "2015-06-30": "9.76850", "2015-03-31": "8.88460", "2014-12-31": "8.87250", "2014-09-30": "7.65850", "2014-06-30": "6.53920", "2014-03-31": "5.44160", "2013-12-31": "6.48160", "2013-09-30": "4.08630", "2013-06-30": "5.32960", "2013-03-31": "2.90690", "2012-12-31": "2.87660", "2012-09-30": "1.30240", "2012-06-30": "-1.46280", "2012-03-31": "-0.12870", "2011-12-31": "1.00270", "2011-09-30": "-2.97820", "2011-06-30": "10.42560", "2011-03-31": "-1.57060", "2010-12-31": "-2.81620", "2010-09-30": "-4.13830", "2010-06-30": "-8.63640", "2010-03-31": "-5.09440", "2009-12-31": "-6.82300", "2009-09-30": "-4.38960", "2009-06-30": "1.97950", "2009-03-31": "1.58250", "2008-12-31": "4.39920", "2008-09-30": "2.20480", "2008-06-30": "3.72470", "2008-03-31": "0.72750", "2007-12-31": "1.72010", "2007-09-30": "-1.77240", "2007-06-30": "3.39140", "2007-03-31": "1.86300", "2006-12-31": "9.19880", "2006-09-30": "-0.64540", "2006-06-30": "-0.67150", "2006-03-31": "2.64650", "2005-12-31": "3.40030", "2005-09-30": "-2.22440", "2005-06-30": "-10.64150", "2005-03-31": "-3.31860"}, "ROI - Return On Investment": {"2020-12-31": "13.75580", "2020-09-30": "4.10630", "2020-06-30": "12.23570", "2020-03-31": "6.38810", "2019-12-31": "5.75040", "2019-09-30": "13.60700", "2019-06-30": "28.31580", "2019-03-31": "14.48140", "2018-12-31": "13.70150", "2018-09-30": "8.04580", "2018-06-30": "15.73220", "2018-03-31": "-15.97420", "2017-12-31": "-48.09790", "2017-09-30": "-15.15050", "2017-06-30": "-27.43340", "2017-03-31": "-14.36260", "2016-12-31": "-19.18840", "2016-09-30": "-19.06470", "2016-06-30": "-44.41450", "2016-03-31": "-93.55800", "2015-12-31": "-165.26850", "2015-09-30": "-58.34720", "2015-06-30": "-63.45730", "2015-03-31": "-105.13550", "2014-12-31": "80.76350", "2014-09-30": "41.38790", "2014-06-30": "31.88250", "2014-03-31": "24.17900", "2013-12-31": "25.71210", "2013-09-30": "15.90510", "2013-06-30": "20.01900", "2013-03-31": "10.53120", "2012-12-31": "9.52760", "2012-09-30": "4.07860", "2012-06-30": "-4.74330", "2012-03-31": "-0.39930", "2011-12-31": "2.67900", "2011-09-30": "-7.84240", "2011-06-30": "24.96470", "2011-03-31": "-3.80090", "2010-12-31": "-6.21900", "2010-09-30": "-9.02730", "2010-06-30": "-18.19790", "2010-03-31": "-9.57500", "2009-12-31": "-12.01970", "2009-09-30": "-8.85320", "2009-06-30": "3.96470", "2009-03-31": "3.25780", "2008-12-31": "9.40720", "2008-09-30": "4.14290", "2008-06-30": "7.58920", "2008-03-31": "1.51920", "2007-12-31": "3.48240", "2007-09-30": "-3.83260", "2007-06-30": "7.42640", "2007-03-31": "4.29250", "2006-12-31": "28.35270", "2006-09-30": "5.70490", "2006-06-30": "-4.58090", "2006-03-31": "-17.37050", "2005-12-31": "-16.24290", "2005-09-30": "8.82630", "2005-06-30": "50.32270", "2005-03-31": "52.43330"}, "Book Value Per Share": {"2020-12-31": "9.64370", "2020-09-30": "7.49790", "2020-06-30": "6.88660", "2020-03-31": "5.69700", "2019-12-31": "5.76980", "2019-09-30": "5.75670", "2019-06-30": "5.27450", "2019-03-31": "6.15380", "2018-12-31": "6.19160", "2018-09-30": "6.67660", "2018-06-30": "5.73040", "2018-03-31": "-3.89410", "2017-12-31": "-3.81080", "2017-09-30": "-3.67860", "2017-06-30": "-3.55190", "2017-03-31": "-3.34170", "2016-12-31": "-2.52970", "2016-09-30": "-2.36980", "2016-06-30": "-0.93580", "2016-03-31": "-0.43220", "2015-12-31": "-0.26620", "2015-09-30": "-0.75690", "2015-06-30": "-0.57450", "2015-03-31": "-0.31140", "2014-12-31": "0.42440", "2014-09-30": "0.77110", "2014-06-30": "0.91290", "2014-03-31": "0.93440", "2013-12-31": "0.97690", "2013-09-30": "1.01150", "2013-06-30": "1.08770", "2013-03-31": "1.06310", "2012-12-31": "1.11410", "2012-09-30": "1.15670", "2012-06-30": "1.21530", "2012-03-31": "1.38690", "2011-12-31": "1.47300", "2011-09-30": "1.50380", "2011-06-30": "1.67450", "2011-03-31": "1.26440", "2010-12-31": "1.30730", "2010-09-30": "1.37530", "2010-06-30": "1.52510", "2010-03-31": "1.87760", "2009-12-31": "2.09500", "2009-09-30": "2.34960", "2009-06-30": "2.54640", "2009-03-31": "2.41090", "2008-12-31": "2.30680", "2008-09-30": "2.06420", "2008-06-30": "1.92010", "2008-03-31": "1.67710", "2007-12-31": "1.62330", "2007-09-30": "1.45660", "2007-06-30": "1.54340", "2007-03-31": "1.34670", "2006-12-31": "1.05300", "2006-09-30": "-0.52580", "2006-06-30": "-0.46260", "2006-03-31": "-0.84720", "2005-12-31": "-1.10470", "2005-09-30": "-1.27110", "2005-06-30": "-1.19860", "2005-03-31": "-0.47190"}, "Operating Cash Flow Per Share": {"2020-12-31": 0.5524, "2020-09-30": "0.53370", "2020-06-30": 1.4428, "2020-03-31": 1.1931, "2019-12-31": 0.6835, "2019-09-30": "0.22010", "2019-06-30": 1.1839, "2019-03-31": 1.2959, "2018-12-31": 0.8095, "2018-09-30": "0.07730", "2018-06-30": 1.0772, "2018-03-31": 1.0094, "2017-12-31": 0.5819, "2017-09-30": "0.16790", "2017-06-30": 0.938, "2017-03-31": 0.7404, "2016-12-31": 0.3602, "2016-09-30": "0.33070", "2016-06-30": 0.5394, "2016-03-31": 0.8381, "2015-12-31": 0.2492, "2015-09-30": "0.21880", "2015-06-30": 0.5811, "2015-03-31": 0.7601, "2014-12-31": 0.3808, "2014-09-30": "0.43470", "2014-06-30": 0.617, "2014-03-31": 0.7495, "2013-12-31": 0.4961, "2013-09-30": "0.27410", "2013-06-30": 0.3556, "2013-03-31": 0.6134, "2012-12-31": 0.3741, "2012-09-30": "0.19300", "2012-06-30": 0.2292, "2012-03-31": 0.5928, "2011-12-31": 0.2377, "2011-09-30": "0.05610", "2011-06-30": 0.0971, "2011-03-31": 0.3361, "2010-12-31": 0.1586, "2010-09-30": "0.06890", "2010-06-30": 0.1616, "2010-03-31": 0.2106, "2009-12-31": 0.1096, "2009-09-30": "-0.05850", "2009-06-30": 0.0434, "2009-03-31": 0.2353, "2008-12-31": -0.0333, "2008-09-30": "0.11140", "2008-06-30": 0.2507, "2008-03-31": 0.2942, "2007-12-31": 0.0513, "2007-09-30": "0.16330", "2007-06-30": 0.1157, "2007-03-31": 0.24, "2006-12-31": 0.2178, "2006-09-30": "0.03300", "2006-06-30": 1.1125, "2006-03-31": 0.1791, "2005-12-31": 0.2872, "2005-09-30": "-0.44610", "2005-06-30": 0.6322, "2005-03-31": -0.7212}, "Free Cash Flow Per Share": {"2020-12-31": 0.5461, "2020-09-30": "0.51930", "2020-06-30": 1.4404, "2020-03-31": 1.1899, "2019-12-31": 0.6771, "2019-09-30": "0.21140", "2019-06-30": 1.1804, "2019-03-31": 1.2824, "2018-12-31": 0.8069, "2018-09-30": "0.07480", "2018-06-30": 1.0753, "2018-03-31": 1.0093, "2017-12-31": 0.5774, "2017-09-30": "0.16540", "2017-06-30": 0.9273, "2017-03-31": 0.7296, "2016-12-31": 0.3531, "2016-09-30": "0.31870", "2016-06-30": 0.5246, "2016-03-31": 0.8291, "2015-12-31": 0.2412, "2015-09-30": "0.20550", "2015-06-30": 0.5621, "2015-03-31": 0.7386, "2014-12-31": 0.3644, "2014-09-30": "0.40170", "2014-06-30": 0.6014, "2014-03-31": 0.7387, "2013-12-31": 0.4842, "2013-09-30": "0.26220", "2013-06-30": 0.3341, "2013-03-31": 0.607, "2012-12-31": 0.3615, "2012-09-30": "0.17420", "2012-06-30": 0.1963, "2012-03-31": 0.5887, "2011-12-31": 0.2303, "2011-09-30": "0.04980", "2011-06-30": 0.0892, "2011-03-31": 0.3178, "2010-12-31": 0.1426, "2010-09-30": "0.06070", "2010-06-30": 0.1524, "2010-03-31": 0.2035, "2009-12-31": 0.1018, "2009-09-30": "-0.07120", "2009-06-30": 0.0261, "2009-03-31": 0.2259, "2008-12-31": -0.0549, "2008-09-30": "0.10190", "2008-06-30": 0.2185, "2008-03-31": 0.2743, "2007-12-31": 0.0302, "2007-09-30": "0.12810", "2007-06-30": 0.0966, "2007-03-31": 0.2325, "2006-12-31": 0.2425, "2006-09-30": "-0.03710", "2006-06-30": 0.9951, "2006-03-31": 0.1427, "2005-12-31": 0.262, "2005-09-30": "-0.50390", "2005-06-30": 0.6301, "2005-03-31": -0.9963}}, "revenue": {"Aspen Technology Annual Revenue (Millions of US $)": {"2020": "$599", "2019": "$597", "2018": "$508", "2017": "$494", "2016": "$472", "2015": "$440", "2014": "$391", "2013": "$311", "2012": "$243", "2011": "$198", "2010": "$166", "2009": "$312", "2008": "$312", "2007": "$341", "2006": "$294", "2005": "$269"}, "Aspen Technology Quarterly Revenue (Millions of US $)": {"2020-12-31": "$234", "2020-09-30": "$115", "2020-06-30": "$201", "2020-03-31": "$132", "2019-12-31": "$126", "2019-09-30": "$140", "2019-06-30": "$194", "2019-03-31": "$148", "2018-12-31": "$140", "2018-09-30": "$114", "2018-06-30": "$148", "2018-03-31": "$128", "2017-12-31": "$106", "2017-09-30": "$126", "2017-06-30": "$135", "2017-03-31": "$119", "2016-12-31": "$120", "2016-09-30": "$120", "2016-06-30": "$114", "2016-03-31": "$119", "2015-12-31": "$119", "2015-09-30": "$120", "2015-06-30": "$114", "2015-03-31": "$111", "2014-12-31": "$108", "2014-09-30": "$107", "2014-06-30": "$102", "2014-03-31": "$104", "2013-12-31": "$99", "2013-09-30": "$88", "2013-06-30": "$83", "2013-03-31": "$79", "2012-12-31": "$77", "2012-09-30": "$71", "2012-06-30": "$64", "2012-03-31": "$61", "2011-12-31": "$67", "2011-09-30": "$51", "2011-06-30": "$53", "2011-03-31": "$53", "2010-12-31": "$50", "2010-09-30": "$43", "2010-06-30": "$38", "2010-03-31": "$46", "2009-12-31": "$43", "2009-09-30": "$40", "2009-06-30": "$71", "2009-03-31": "$71", "2008-12-31": "$83", "2008-09-30": "$86", "2008-06-30": "$98", "2008-03-31": "$74", "2007-12-31": "$74", "2007-09-30": "$65", "2007-06-30": "$101", "2007-03-31": "$80", "2006-12-31": "$96", "2006-09-30": "$64", "2006-06-30": "$81", "2006-03-31": "$77", "2005-12-31": "$77", "2005-09-30": "$60", "2005-06-30": "$70", "2005-03-31": "$64"}}, "gross-profit": {"Aspen Technology Annual Gross Profit (Millions of US $)": {"2020": "$537", "2019": "$539", "2018": "$457", "2017": "$447", "2016": "$424", "2015": "$391", "2014": "$339", "2013": "$261", "2012": "$191", "2011": "$146", "2010": "$100", "2009": "$236", "2008": "$227", "2007": "$254", "2006": "$205", "2005": "$170"}, "Aspen Technology Quarterly Gross Profit (Millions of US $)": {"2020-12-31": "$219", "2020-09-30": "$100", "2020-06-30": "$185", "2020-03-31": "$116", "2019-12-31": "$110", "2019-09-30": "$125", "2019-06-30": "$179", "2019-03-31": "$134", "2018-12-31": "$126", "2018-09-30": "$101", "2018-06-30": "$135", "2018-03-31": "$115", "2017-12-31": "$93", "2017-09-30": "$114", "2017-06-30": "$123", "2017-03-31": "$107", "2016-12-31": "$108", "2016-09-30": "$109", "2016-06-30": "$102", "2016-03-31": "$107", "2015-12-31": "$107", "2015-09-30": "$107", "2015-06-30": "$102", "2015-03-31": "$99", "2014-12-31": "$96", "2014-09-30": "$95", "2014-06-30": "$89", "2014-03-31": "$88", "2013-12-31": "$86", "2013-09-30": "$75", "2013-06-30": "$70", "2013-03-31": "$67", "2012-12-31": "$65", "2012-09-30": "$59", "2012-06-30": "$51", "2012-03-31": "$49", "2011-12-31": "$54", "2011-09-30": "$37", "2011-06-30": "$37", "2011-03-31": "$42", "2010-12-31": "$36", "2010-09-30": "$30", "2010-06-30": "$21", "2010-03-31": "$31", "2009-12-31": "$26", "2009-09-30": "$22", "2009-06-30": "$51", "2009-03-31": "$53", "2008-12-31": "$64", "2008-09-30": "$67", "2008-06-30": "$76", "2008-03-31": "$53", "2007-12-31": "$52", "2007-09-30": "$45", "2007-06-30": "$85", "2007-03-31": "$56", "2006-12-31": "$72", "2006-09-30": "$42", "2006-06-30": "$64", "2006-03-31": "$52", "2005-12-31": "$52", "2005-09-30": "$37", "2005-06-30": "$52", "2005-03-31": "$39"}}, "operating-income": {"Aspen Technology Annual Operating Income (Millions of US $)": {"2020": "$257", "2019": "$281", "2018": "$208", "2017": "$217", "2016": "$211", "2015": "$180", "2014": "$130", "2013": "$56", "2012": "$-15", "2011": "$-55", "2010": "$-109", "2009": "$44", "2008": "$19", "2007": "$55", "2006": "$19", "2005": "$-59"}, "Aspen Technology Quarterly Operating Income (Millions of US $)": {"2020-12-31": "$149", "2020-09-30": "$34", "2020-06-30": "$115", "2020-03-31": "$46", "2019-12-31": "$43", "2019-09-30": "$53", "2019-06-30": "$110", "2019-03-31": "$71", "2018-12-31": "$64", "2018-09-30": "$37", "2018-06-30": "$68", "2018-03-31": "$54", "2017-12-31": "$30", "2017-09-30": "$56", "2017-06-30": "$54", "2017-03-31": "$52", "2016-12-31": "$56", "2016-09-30": "$55", "2016-06-30": "$49", "2016-03-31": "$51", "2015-12-31": "$56", "2015-09-30": "$55", "2015-06-30": "$47", "2015-03-31": "$42", "2014-12-31": "$47", "2014-09-30": "$45", "2014-06-30": "$37", "2014-03-31": "$31", "2013-12-31": "$36", "2013-09-30": "$25", "2013-06-30": "$15", "2013-03-31": "$16", "2012-12-31": "$15", "2012-09-30": "$9", "2012-06-30": "$-4", "2012-03-31": "$-3", "2011-12-31": "$7", "2011-09-30": "$-16", "2011-06-30": "$-18", "2011-03-31": "$-7", "2010-12-31": "$-9", "2010-09-30": "$-20", "2010-06-30": "$-36", "2010-03-31": "$-20", "2009-12-31": "$-29", "2009-09-30": "$-25", "2009-06-30": "$2", "2009-03-31": "$4", "2008-12-31": "$19", "2008-09-30": "$18", "2008-06-30": "$21", "2008-03-31": "$2", "2007-12-31": "$4", "2007-09-30": "$-8", "2007-06-30": "$24", "2007-03-31": "$7", "2006-12-31": "$25", "2006-09-30": "$-0", "2006-06-30": "$8", "2006-03-31": "$8", "2005-12-31": "$8", "2005-09-30": "$-5", "2005-06-30": "$-14", "2005-03-31": "$-9"}}, "ebitda": {"Aspen Technology Annual EBITDA (Millions of US $)": {"2020": "$276", "2019": "$289", "2018": "$214", "2017": "$223", "2016": "$217", "2015": "$186", "2014": "$135", "2013": "$61", "2012": "$-10", "2011": "$-49", "2010": "$-103", "2009": "$53", "2008": "$31", "2007": "$76", "2006": "$43", "2005": "$-33"}, "Aspen Technology Quarterly EBITDA (Millions of US $)": {"2020-12-31": "$154", "2020-09-30": "$39", "2020-06-30": "$120", "2020-03-31": "$52", "2019-12-31": "$47", "2019-09-30": "$57", "2019-06-30": "$112", "2019-03-31": "$73", "2018-12-31": "$66", "2018-09-30": "$39", "2018-06-30": "$70", "2018-03-31": "$55", "2017-12-31": "$32", "2017-09-30": "$57", "2017-06-30": "$55", "2017-03-31": "$54", "2016-12-31": "$58", "2016-09-30": "$57", "2016-06-30": "$51", "2016-03-31": "$52", "2015-12-31": "$58", "2015-09-30": "$57", "2015-06-30": "$49", "2015-03-31": "$43", "2014-12-31": "$48", "2014-09-30": "$46", "2014-06-30": "$39", "2014-03-31": "$33", "2013-12-31": "$37", "2013-09-30": "$26", "2013-06-30": "$16", "2013-03-31": "$18", "2012-12-31": "$16", "2012-09-30": "$10", "2012-06-30": "$-2", "2012-03-31": "$-2", "2011-12-31": "$8", "2011-09-30": "$-14", "2011-06-30": "$-17", "2011-03-31": "$-6", "2010-12-31": "$-8", "2010-09-30": "$-18", "2010-06-30": "$-34", "2010-03-31": "$-18", "2009-12-31": "$-28", "2009-09-30": "$-23", "2009-06-30": "$4", "2009-03-31": "$6", "2008-12-31": "$22", "2008-09-30": "$21", "2008-06-30": "$25", "2008-03-31": "$4", "2007-12-31": "$7", "2007-09-30": "$-6", "2007-06-30": "$29", "2007-03-31": "$12", "2006-12-31": "$30", "2006-09-30": "$5", "2006-06-30": "$15", "2006-03-31": "$13", "2005-12-31": "$14", "2005-09-30": "$0", "2005-06-30": "$-7", "2005-03-31": "$-3"}}, "net-income": {"Aspen Technology Annual Net Income (Millions of US $)": {"2020": "$230", "2019": "$261", "2018": "$281", "2017": "$179", "2016": "$140", "2015": "$118", "2014": "$86", "2013": "$45", "2012": "$-14", "2011": "$10", "2010": "$-107", "2009": "$53", "2008": "$25", "2007": "$38", "2006": "$-9", "2005": "$-84"}, "Aspen Technology Quarterly Net Income (Millions of US $)": {"2020-12-31": "$129", "2020-09-30": "$33", "2020-06-30": "$93", "2020-03-31": "$44", "2019-12-31": "$40", "2019-09-30": "$54", "2019-06-30": "$102", "2019-03-31": "$62", "2018-12-31": "$59", "2018-09-30": "$38", "2018-06-30": "$64", "2018-03-31": "$45", "2017-12-31": "$132", "2017-09-30": "$41", "2017-06-30": "$72", "2017-03-31": "$36", "2016-12-31": "$37", "2016-09-30": "$35", "2016-06-30": "$33", "2016-03-31": "$33", "2015-12-31": "$37", "2015-09-30": "$37", "2015-06-30": "$31", "2015-03-31": "$28", "2014-12-31": "$30", "2014-09-30": "$29", "2014-06-30": "$27", "2014-03-31": "$21", "2013-12-31": "$23", "2013-09-30": "$15", "2013-06-30": "$20", "2013-03-31": "$11", "2012-12-31": "$10", "2012-09-30": "$4", "2012-06-30": "$-5", "2012-03-31": "$-1", "2011-12-31": "$4", "2011-09-30": "$-12", "2011-06-30": "$42", "2011-03-31": "$-6", "2010-12-31": "$-10", "2010-09-30": "$-15", "2010-06-30": "$-34", "2010-03-31": "$-22", "2009-12-31": "$-31", "2009-09-30": "$-21", "2009-06-30": "$10", "2009-03-31": "$8", "2008-12-31": "$23", "2008-09-30": "$12", "2008-06-30": "$21", "2008-03-31": "$4", "2007-12-31": "$9", "2007-09-30": "$-9", "2007-06-30": "$18", "2007-03-31": "$5", "2006-12-31": "$21", "2006-09-30": "$-5", "2006-06-30": "$-7", "2006-03-31": "$3", "2005-12-31": "$4", "2005-09-30": "$-9", "2005-06-30": "$-30", "2005-03-31": "$-14"}}, "eps-earnings-per-share-diluted": {"Aspen Technology Annual EPS": {"2020": "$3.34", "2019": "$3.69", "2018": "$3.85", "2017": "$2.33", "2016": "$1.68", "2015": "$1.33", "2014": "$0.92", "2013": "$0.47", "2012": "$-0.15", "2011": "$0.11", "2010": "$-1.18", "2009": "$0.57", "2008": "$0.27", "2007": "$0.50", "2006": "$-0.20", "2005": "$-1.97"}, "Aspen Technology Quarterly EPS": {"2020-12-31": "$1.89", "2020-09-30": "$0.48", "2020-06-30": "$1.35", "2020-03-31": "$0.64", "2019-12-31": "$0.58", "2019-09-30": "$0.77", "2019-06-30": "$1.45", "2019-03-31": "$0.88", "2018-12-31": "$0.83", "2018-09-30": "$0.53", "2018-06-30": "$0.88", "2018-03-31": "$0.61", "2017-12-31": "$1.81", "2017-09-30": "$0.55", "2017-06-30": "$0.94", "2017-03-31": "$0.47", "2016-12-31": "$0.48", "2016-09-30": "$0.44", "2016-06-30": "$0.40", "2016-03-31": "$0.40", "2015-12-31": "$0.44", "2015-09-30": "$0.44", "2015-06-30": "$0.35", "2015-03-31": "$0.32", "2014-12-31": "$0.34", "2014-09-30": "$0.32", "2014-06-30": "$0.29", "2014-03-31": "$0.22", "2013-12-31": "$0.25", "2013-09-30": "$0.16", "2013-06-30": "$0.21", "2013-03-31": "$0.11", "2012-12-31": "$0.10", "2012-09-30": "$0.05", "2012-06-30": "$-0.06", "2012-03-31": "$-0.01", "2011-12-31": "$0.04", "2011-09-30": "$-0.12", "2011-06-30": "$0.45", "2011-03-31": "$-0.06", "2010-12-31": "$-0.11", "2010-09-30": "$-0.17", "2010-06-30": "$-0.37", "2010-03-31": "$-0.24", "2009-12-31": "$-0.34", "2009-09-30": "$-0.23", "2009-06-30": "$0.11", "2009-03-31": "$0.09", "2008-12-31": "$0.25", "2008-09-30": "$0.12", "2008-06-30": "$0.23", "2008-03-31": "$0.04", "2007-12-31": "$0.10", "2007-09-30": "$-0.10", "2007-06-30": "$0.27", "2007-03-31": "$0.06", "2006-12-31": "$0.27", "2006-09-30": "$-0.10", "2006-06-30": "$-0.13", "2006-03-31": "$0.05", "2005-12-31": "$0.08", "2005-09-30": "$-0.20", "2005-06-30": "$-0.69", "2005-03-31": "$-0.32"}}, "shares-outstanding": {"Aspen Technology Annual Shares Outstanding (Millions of Shares)": {"2020": "69", "2019": "71", "2018": "73", "2017": "77", "2016": "83", "2015": "89", "2014": "94", "2013": "95", "2012": "94", "2011": "96", "2010": "91", "2009": "93", "2008": "94", "2007": "92", "2006": "45", "2005": "42"}, "Aspen Technology Quarterly Shares Outstanding (Millions of Shares)": {"2020-12-31": "68", "2020-09-30": "68", "2020-06-30": "69", "2020-03-31": "68", "2019-12-31": "69", "2019-09-30": "69", "2019-06-30": "71", "2019-03-31": "70", "2018-12-31": "71", "2018-09-30": "72", "2018-06-30": "73", "2018-03-31": "73", "2017-12-31": "73", "2017-09-30": "74", "2017-06-30": "77", "2017-03-31": "76", "2016-12-31": "77", "2016-09-30": "79", "2016-06-30": "83", "2016-03-31": "83", "2015-12-31": "84", "2015-09-30": "84", "2015-06-30": "89", "2015-03-31": "88", "2014-12-31": "90", "2014-09-30": "92", "2014-06-30": "94", "2014-03-31": "93", "2013-12-31": "94", "2013-09-30": "95", "2013-06-30": "95", "2013-03-31": "95", "2012-12-31": "95", "2012-09-30": "96", "2012-06-30": "94", "2012-03-31": "94", "2011-12-31": "96", "2011-09-30": "94", "2011-06-30": "96", "2011-03-31": "94", "2010-12-31": "93", "2010-09-30": "93", "2010-06-30": "91", "2010-03-31": "92", "2009-12-31": "91", "2009-09-30": "90", "2009-06-30": "93", "2009-03-31": "92", "2008-12-31": "92", "2008-09-30": "94", "2008-06-30": "94", "2008-03-31": "94", "2007-12-31": "95", "2007-09-30": "89", "2007-06-30": "92", "2007-03-31": "92", "2006-12-31": "91", "2006-09-30": "53", "2006-06-30": "45", "2006-03-31": "55", "2005-12-31": "53", "2005-09-30": "43", "2005-06-30": "42", "2005-03-31": "43"}}, "total-assets": {"Aspen Technology Annual Total Assets (Millions of US $)": {"2020": "$1,223", "2019": "$863", "2018": "$853", "2017": "$248", "2016": "$420", "2015": "$315", "2014": "$408", "2013": "$383", "2012": "$368", "2011": "$400", "2010": "$393", "2009": "$516", "2008": "$555", "2007": "$529", "2006": "$466", "2005": "$242"}, "Aspen Technology Quarterly Total Assets (Millions of US $)": {"2020-12-31": "$1,288", "2020-09-30": "$1,256", "2020-06-30": "$1,223", "2020-03-31": "$1,130", "2019-12-31": "$1,045", "2019-09-30": "$1,022", "2019-06-30": "$863", "2019-03-31": "$939", "2018-12-31": "$952", "2018-09-30": "$940", "2018-06-30": "$853", "2018-03-31": "$246", "2017-12-31": "$196", "2017-09-30": "$203", "2017-06-30": "$248", "2017-03-31": "$244", "2016-12-31": "$267", "2016-09-30": "$290", "2016-06-30": "$420", "2016-03-31": "$439", "2015-12-31": "$276", "2015-09-30": "$267", "2015-06-30": "$315", "2015-03-31": "$317", "2014-12-31": "$343", "2014-09-30": "$378", "2014-06-30": "$408", "2014-03-31": "$383", "2013-12-31": "$359", "2013-09-30": "$367", "2013-06-30": "$383", "2013-03-31": "$362", "2012-12-31": "$345", "2012-09-30": "$339", "2012-06-30": "$368", "2012-03-31": "$404", "2011-12-31": "$383", "2011-09-30": "$394", "2011-06-30": "$400", "2011-03-31": "$362", "2010-12-31": "$365", "2010-09-30": "$374", "2010-06-30": "$393", "2010-03-31": "$427", "2009-12-31": "$449", "2009-09-30": "$480", "2009-06-30": "$516", "2009-03-31": "$512", "2008-12-31": "$522", "2008-09-30": "$529", "2008-06-30": "$555", "2008-03-31": "$554", "2007-12-31": "$538", "2007-09-30": "$508", "2007-06-30": "$529", "2007-03-31": "$273", "2006-12-31": "$262", "2006-09-30": "$248", "2006-06-30": "$466", "2006-03-31": "$250", "2005-12-31": "$231", "2005-09-30": "$219", "2005-06-30": "$242", "2005-03-31": "$303"}}, "cash-on-hand": {"Aspen Technology Annual Cash on Hand (Millions of US $)": {"2020": "$288", "2019": "$72", "2018": "$96", "2017": "$102", "2016": "$321", "2015": "$215", "2014": "$267", "2013": "$189", "2012": "$165", "2011": "$150", "2010": "$125", "2009": "$122", "2008": "$134", "2007": "$132", "2006": "$86", "2005": "$68"}, "Aspen Technology Quarterly Cash on Hand (Millions of US $)": {"2020-12-31": "$217", "2020-09-30": "$318", "2020-06-30": "$288", "2020-03-31": "$192", "2019-12-31": "$80", "2019-09-30": "$58", "2019-06-30": "$72", "2019-03-31": "$66", "2018-12-31": "$54", "2018-09-30": "$52", "2018-06-30": "$96", "2018-03-31": "$71", "2017-12-31": "$49", "2017-09-30": "$59", "2017-06-30": "$102", "2017-03-31": "$102", "2016-12-31": "$140", "2016-09-30": "$192", "2016-06-30": "$321", "2016-03-31": "$106", "2015-12-31": "$201", "2015-09-30": "$181", "2015-06-30": "$215", "2015-03-31": "$216", "2014-12-31": "$231", "2014-09-30": "$265", "2014-06-30": "$267", "2014-03-31": "$257", "2013-12-31": "$219", "2013-09-30": "$195", "2013-06-30": "$189", "2013-03-31": "$170", "2012-12-31": "$175", "2012-09-30": "$163", "2012-06-30": "$165", "2012-03-31": "$183", "2011-12-31": "$143", "2011-09-30": "$145", "2011-06-30": "$150", "2011-03-31": "$151", "2010-12-31": "$132", "2010-09-30": "$123", "2010-06-30": "$125", "2010-03-31": "$119", "2009-12-31": "$109", "2009-09-30": "$109", "2009-06-30": "$122", "2009-03-31": "$126", "2008-12-31": "$123", "2008-09-30": "$137", "2008-06-30": "$134", "2008-03-31": "$136", "2007-12-31": "$132", "2007-09-30": "$129", "2007-06-30": "$132", "2007-03-31": "$101", "2006-12-31": "$93", "2006-09-30": "$89", "2006-06-30": "$86", "2006-03-31": "$70", "2005-12-31": "$57", "2005-09-30": "$48", "2005-06-30": "$68", "2005-03-31": "$69"}}, "long-term-debt": {"Aspen Technology Annual Long Term Debt (Millions of US $)": {"2020": "$292", "2019": "$", "2018": "$", "2017": "$", "2016": "$", "2015": "$", "2014": "$", "2013": "$", "2012": "$", "2011": "$9", "2010": "$46", "2009": "$28", "2008": "$99", "2007": "$104", "2006": "$91", "2005": "$0"}, "Aspen Technology Quarterly Long Term Debt (Millions of US $)": {"2020-12-31": "$285", "2020-09-30": "$289", "2020-06-30": "$292", "2020-03-31": "$296", "2019-12-31": "$300", "2019-09-30": "", "2019-06-30": "", "2019-03-31": "", "2018-12-31": "", "2018-09-30": "", "2018-06-30": "", "2018-03-31": "", "2017-12-31": "", "2017-09-30": "", "2017-06-30": "", "2017-03-31": "", "2016-12-31": "", "2016-09-30": "", "2016-06-30": "", "2016-03-31": "", "2015-12-31": "", "2015-09-30": "", "2015-06-30": "", "2015-03-31": "", "2014-12-31": "", "2014-09-30": "", "2014-06-30": "", "2014-03-31": "", "2013-12-31": "", "2013-09-30": "", "2013-06-30": "", "2013-03-31": "", "2012-12-31": "", "2012-09-30": "", "2012-06-30": "", "2012-03-31": "$0", "2011-12-31": "$5", "2011-09-30": "$8", "2011-06-30": "$9", "2011-03-31": "$31", "2010-12-31": "$43", "2010-09-30": "$43", "2010-06-30": "$46", "2010-03-31": "$54", "2009-12-31": "$63", "2009-09-30": "$26", "2009-06-30": "$28", "2009-03-31": "$31", "2008-12-31": "$36", "2008-09-30": "$95", "2008-06-30": "$99", "2008-03-31": "$115", "2007-12-31": "$120", "2007-09-30": "$105", "2007-06-30": "$104", "2007-03-31": "", "2006-12-31": "$0", "2006-09-30": "$0", "2006-06-30": "$91", "2006-03-31": "$0", "2005-12-31": "$0", "2005-09-30": "$0", "2005-06-30": "$0", "2005-03-31": "$1"}}, "total-liabilities": {"Aspen Technology Annual Total Liabilities (Millions of US $)": {"2020": "$757", "2019": "$501", "2018": "$445", "2017": "$509", "2016": "$495", "2015": "$364", "2014": "$324", "2013": "$281", "2012": "$255", "2011": "$242", "2010": "$252", "2009": "$287", "2008": "$382", "2007": "$392", "2006": "$489", "2005": "$294"}, "Aspen Technology Quarterly Total Liabilities (Millions of US $)": {"2020-12-31": "$634", "2020-09-30": "$748", "2020-06-30": "$757", "2020-03-31": "$745", "2019-12-31": "$652", "2019-09-30": "$628", "2019-06-30": "$501", "2019-03-31": "$513", "2018-12-31": "$520", "2018-09-30": "$467", "2018-06-30": "$445", "2018-03-31": "$525", "2017-12-31": "$470", "2017-09-30": "$470", "2017-06-30": "$509", "2017-03-31": "$493", "2016-12-31": "$460", "2016-09-30": "$474", "2016-06-30": "$495", "2016-03-31": "$475", "2015-12-31": "$299", "2015-09-30": "$330", "2015-06-30": "$364", "2015-03-31": "$344", "2014-12-31": "$306", "2014-09-30": "$308", "2014-06-30": "$324", "2014-03-31": "$297", "2013-12-31": "$268", "2013-09-30": "$273", "2013-06-30": "$281", "2013-03-31": "$262", "2012-12-31": "$241", "2012-09-30": "$231", "2012-06-30": "$255", "2012-03-31": "$274", "2011-12-31": "$244", "2011-09-30": "$253", "2011-06-30": "$242", "2011-03-31": "$243", "2010-12-31": "$242", "2010-09-30": "$246", "2010-06-30": "$252", "2010-03-31": "$254", "2009-12-31": "$258", "2009-09-30": "$268", "2009-06-30": "$287", "2009-03-31": "$294", "2008-12-31": "$314", "2008-09-30": "$343", "2008-06-30": "$382", "2008-03-31": "$403", "2007-12-31": "$392", "2007-09-30": "$378", "2007-06-30": "$392", "2007-03-31": "$155", "2006-12-31": "$177", "2006-09-30": "$276", "2006-06-30": "$489", "2006-03-31": "$288", "2005-12-31": "$279", "2005-09-30": "$274", "2005-06-30": "$294", "2005-03-31": "$323"}}, "total-share-holder-equity": {"Aspen Technology Annual Share Holder Equity (Millions of US $)": {"2020": "$466", "2019": "$362", "2018": "$408", "2017": "$-261", "2016": "$-75", "2015": "$-49", "2014": "$84", "2013": "$102", "2012": "$114", "2011": "$158", "2010": "$141", "2009": "$229", "2008": "$173", "2007": "$137", "2006": "$-23", "2005": "$-52"}, "Aspen Technology Quarterly Share Holder Equity (Millions of US $)": {"2020-12-31": "$654", "2020-09-30": "$508", "2020-06-30": "$466", "2020-03-31": "$385", "2019-12-31": "$392", "2019-09-30": "$393", "2019-06-30": "$362", "2019-03-31": "$425", "2018-12-31": "$432", "2018-09-30": "$473", "2018-06-30": "$408", "2018-03-31": "$-279", "2017-12-31": "$-275", "2017-09-30": "$-267", "2017-06-30": "$-261", "2017-03-31": "$-249", "2016-12-31": "$-193", "2016-09-30": "$-184", "2016-06-30": "$-75", "2016-03-31": "$-35", "2015-12-31": "$-22", "2015-09-30": "$-63", "2015-06-30": "$-49", "2015-03-31": "$-27", "2014-12-31": "$38", "2014-09-30": "$70", "2014-06-30": "$84", "2014-03-31": "$86", "2013-12-31": "$90", "2013-09-30": "$94", "2013-06-30": "$102", "2013-03-31": "$100", "2012-12-31": "$104", "2012-09-30": "$108", "2012-06-30": "$114", "2012-03-31": "$130", "2011-12-31": "$138", "2011-09-30": "$141", "2011-06-30": "$158", "2011-03-31": "$119", "2010-12-31": "$122", "2010-09-30": "$128", "2010-06-30": "$141", "2010-03-31": "$173", "2009-12-31": "$192", "2009-09-30": "$212", "2009-06-30": "$229", "2009-03-31": "$217", "2008-12-31": "$208", "2008-09-30": "$186", "2008-06-30": "$173", "2008-03-31": "$151", "2007-12-31": "$146", "2007-09-30": "$130", "2007-06-30": "$137", "2007-03-31": "$118", "2006-12-31": "$85", "2006-09-30": "$-28", "2006-06-30": "$-23", "2006-03-31": "$-38", "2005-12-31": "$-49", "2005-09-30": "$-55", "2005-06-30": "$-52", "2005-03-31": "$-20"}}, "profit-margins": {"current": "44.56%"}, "gross margin": {"2020-12-31": "90.91%", "2020-09-30": "89.02%", "2020-06-30": "89.48%", "2020-03-31": "89.53%", "2019-12-31": "90.13%", "2019-09-30": "90.68%", "2019-06-30": "90.60%", "2019-03-31": "90.18%", "2018-12-31": "90.00%", "2018-09-30": "89.52%", "2018-06-30": "89.96%", "2018-03-31": "89.90%", "2017-12-31": "89.92%", "2017-09-30": "90.40%", "2017-06-30": "90.49%", "2017-03-31": "90.06%", "2016-12-31": "90.06%", "2016-09-30": "90.04%", "2016-06-30": "89.62%", "2016-03-31": "89.62%", "2015-12-31": "89.44%", "2015-09-30": "89.18%", "2015-06-30": "89.09%", "2015-03-31": "88.55%", "2014-12-31": "87.41%", "2014-09-30": "86.89%", "2014-06-30": "86.01%", "2014-03-31": "85.29%", "2013-12-31": "85.39%", "2013-09-30": "84.71%", "2013-06-30": "84.19%", "2013-03-31": "83.16%", "2012-12-31": "82.05%", "2012-09-30": "80.99%", "2012-06-30": "78.60%", "2012-03-31": "76.29%", "2011-12-31": "75.89%", "2011-09-30": "73.43%", "2011-06-30": "72.86%", "2011-03-31": "70.11%", "2010-12-31": "66.67%", "2010-09-30": "63.53%", "2010-06-30": "59.88%", "2010-03-31": "65.00%", "2009-12-31": "67.56%", "2009-09-30": "71.70%", "2009-06-30": "75.56%", "2009-03-31": "76.92%", "2008-12-31": "76.25%", "2008-09-30": "74.70%", "2008-06-30": "72.67%", "2008-03-31": "74.84%", "2007-12-31": "74.38%", "2007-09-30": "75.44%", "2007-06-30": "74.78%", "2007-03-31": "72.90%", "2006-12-31": "72.33%", "2006-09-30": "70.23%", "2006-06-30": "69.49%", "2006-03-31": "67.96%", "2005-12-31": "66.42%"}, "operating margin": {"2020-12-31": "50.44%", "2020-09-30": "41.46%", "2020-06-30": "42.90%", "2020-03-31": "42.57%", "2019-12-31": "45.56%", "2019-09-30": "47.91%", "2019-06-30": "47.32%", "2019-03-31": "43.64%", "2018-12-31": "42.08%", "2018-09-30": "38.10%", "2018-06-30": "40.94%", "2018-03-31": "39.19%", "2017-12-31": "39.51%", "2017-09-30": "43.60%", "2017-06-30": "43.93%", "2017-03-31": "44.82%", "2016-12-31": "44.61%", "2016-09-30": "44.70%", "2016-06-30": "44.70%", "2016-03-31": "44.28%", "2015-12-31": "43.10%", "2015-09-30": "42.16%", "2015-06-30": "41.14%", "2015-03-31": "39.95%", "2014-12-31": "38.00%", "2014-09-30": "36.17%", "2014-06-30": "32.82%", "2014-03-31": "28.61%", "2013-12-31": "26.36%", "2013-09-30": "21.71%", "2013-06-30": "17.74%", "2013-03-31": "12.37%", "2012-12-31": "6.23%", "2012-09-30": "3.42%", "2012-06-30": "-6.58%", "2012-03-31": "-12.93%", "2011-12-31": "-15.18%", "2011-09-30": "-24.15%", "2011-06-30": "-27.14%", "2011-03-31": "-39.13%", "2010-12-31": "-48.02%", "2010-09-30": "-61.76%", "2010-06-30": "-65.87%", "2010-03-31": "-36.00%", "2009-12-31": "-21.33%", "2009-09-30": "0.00%", "2009-06-30": "13.83%", "2009-03-31": "18.34%", "2008-12-31": "17.60%", "2008-09-30": "13.55%", "2008-06-30": "6.11%", "2008-03-31": "7.01%", "2007-12-31": "8.44%", "2007-09-30": "14.04%", "2007-06-30": "16.42%", "2007-03-31": "12.46%", "2006-12-31": "12.89%", "2006-09-30": "8.03%", "2006-06-30": "6.44%", "2006-03-31": "-1.06%", "2005-12-31": "-7.38%"}, "ebitda margin": {"2020-12-31": "53.52%", "2020-09-30": "44.95%", "2020-06-30": "46.08%", "2020-03-31": "45.27%", "2019-12-31": "47.53%", "2019-09-30": "49.52%", "2019-06-30": "48.66%", "2019-03-31": "45.09%", "2018-12-31": "43.40%", "2018-09-30": "39.52%", "2018-06-30": "42.13%", "2018-03-31": "40.20%", "2017-12-31": "40.74%", "2017-09-30": "44.80%", "2017-06-30": "45.34%", "2017-03-31": "46.51%", "2016-12-31": "46.09%", "2016-09-30": "46.19%", "2016-06-30": "46.19%", "2016-03-31": "45.76%", "2015-12-31": "44.61%", "2015-09-30": "43.49%", "2015-06-30": "42.27%", "2015-03-31": "41.12%", "2014-12-31": "39.43%", "2014-09-30": "37.62%", "2014-06-30": "34.35%", "2014-03-31": "29.95%", "2013-12-31": "27.79%", "2013-09-30": "23.24%", "2013-06-30": "19.35%", "2013-03-31": "14.43%", "2012-12-31": "8.06%", "2012-09-30": "5.32%", "2012-06-30": "-4.12%", "2012-03-31": "-10.78%", "2011-12-31": "-12.95%", "2011-09-30": "-21.74%", "2011-06-30": "-24.62%", "2011-03-31": "-35.87%", "2010-12-31": "-44.07%", "2010-09-30": "-57.65%", "2010-06-30": "-61.68%", "2010-03-31": "-32.50%", "2009-12-31": "-18.22%", "2009-09-30": "3.40%", "2009-06-30": "17.04%", "2009-03-31": "21.89%", "2008-12-31": "21.11%", "2008-09-30": "17.17%", "2008-06-30": "9.65%", "2008-03-31": "10.83%", "2007-12-31": "13.13%", "2007-09-30": "19.01%", "2007-06-30": "22.29%", "2007-03-31": "19.31%", "2006-12-31": "19.81%", "2006-09-30": "15.72%", "2006-06-30": "14.24%", "2006-03-31": "7.04%", "2005-12-31": "1.48%"}, "pre tax profit margin": {"2020-12-31": "53.96%", "2020-09-30": "45.12%", "2020-06-30": "46.58%", "2020-03-31": "45.95%", "2019-12-31": "48.68%", "2019-09-30": "51.13%", "2019-06-30": "50.50%", "2019-03-31": "47.09%", "2018-12-31": "45.66%", "2018-09-30": "41.94%", "2018-06-30": "44.49%", "2018-03-31": "46.06%", "2017-12-31": "45.47%", "2017-09-30": "48.40%", "2017-06-30": "47.98%", "2017-03-31": "44.82%", "2016-12-31": "44.19%", "2016-09-30": "44.28%", "2016-06-30": "44.49%", "2016-03-31": "43.64%", "2015-12-31": "43.10%", "2015-09-30": "41.94%", "2015-06-30": "40.68%", "2015-03-31": "39.72%", "2014-12-31": "37.77%", "2014-09-30": "36.17%", "2014-06-30": "32.57%", "2014-03-31": "28.34%", "2013-12-31": "26.36%", "2013-09-30": "22.02%", "2013-06-30": "18.71%", "2013-03-31": "13.06%", "2012-12-31": "6.96%", "2012-09-30": "4.18%", "2012-06-30": "-6.58%", "2012-03-31": "-11.64%", "2011-12-31": "-13.39%", "2011-09-30": "-22.22%", "2011-06-30": "-22.11%", "2011-03-31": "-34.24%", "2010-12-31": "-43.50%", "2010-09-30": "-56.47%", "2010-06-30": "-59.88%", "2010-03-31": "-29.00%", "2009-12-31": "-15.56%", "2009-09-30": "6.42%", "2009-06-30": "17.36%", "2009-03-31": "20.12%", "2008-12-31": "20.53%", "2008-09-30": "15.66%", "2008-06-30": "9.00%", "2008-03-31": "9.24%", "2007-12-31": "9.69%", "2007-09-30": "15.20%", "2007-06-30": "17.01%", "2007-03-31": "11.53%", "2006-12-31": "12.26%", "2006-09-30": "7.02%", "2006-06-30": "5.76%", "2006-03-31": "-0.35%", "2005-12-31": "-7.38%"}, "net profit margin": {"2020-12-31": "43.84%", "2020-09-30": "36.59%", "2020-06-30": "38.56%", "2020-03-31": "40.54%", "2019-12-31": "42.43%", "2019-09-30": "44.53%", "2019-06-30": "43.79%", "2019-03-31": "40.55%", "2018-12-31": "38.87%", "2018-09-30": "56.25%", "2018-06-30": "55.51%", "2018-03-31": "58.59%", "2017-12-31": "57.82%", "2017-09-30": "37.20%", "2017-06-30": "36.44%", "2017-03-31": "29.81%", "2016-12-31": "29.18%", "2016-09-30": "29.24%", "2016-06-30": "29.66%", "2016-03-31": "29.24%", "2015-12-31": "28.66%", "2015-09-30": "27.81%", "2015-06-30": "26.82%", "2015-03-31": "26.64%", "2014-12-31": "25.42%", "2014-09-30": "24.27%", "2014-06-30": "21.88%", "2014-03-31": "21.12%", "2013-12-31": "19.77%", "2013-09-30": "17.13%", "2013-06-30": "14.52%", "2013-03-31": "6.87%", "2012-12-31": "2.93%", "2012-09-30": "0.76%", "2012-06-30": "-5.76%", "2012-03-31": "14.22%", "2011-12-31": "12.50%", "2011-09-30": "6.76%", "2011-06-30": "5.53%", "2011-03-31": "-35.33%", "2010-12-31": "-45.76%", "2010-09-30": "-60.00%", "2010-06-30": "-64.67%", "2010-03-31": "-32.00%", "2009-12-31": "-15.11%", "2009-09-30": "7.55%", "2009-06-30": "17.04%", "2009-03-31": "18.93%", "2008-12-31": "17.60%", "2008-09-30": "13.86%", "2008-06-30": "8.04%", "2008-03-31": "7.01%", "2007-12-31": "7.19%", "2007-09-30": "10.23%", "2007-06-30": "11.44%", "2007-03-31": "4.36%", "2006-12-31": "3.77%", "2006-09-30": "-1.67%", "2006-06-30": "-3.05%", "2006-03-31": "-11.27%", "2005-12-31": "-18.08%"}, "pe ratio": {"current": "45.07", "2021-02-05": "73.16", "2020-12-31": "62.92", "2020-09-30": "48.13", "2020-06-30": "31.40", "2020-03-31": "28.29", "2019-12-31": "33.59", "2019-09-30": "31.80", "2019-06-30": "33.32", "2019-03-31": "37.64", "2018-12-31": "34.10", "2018-09-30": "54.24", "2018-06-30": "45.46", "2018-03-31": "35.22", "2017-12-31": "30.23", "2017-09-30": "29.21", "2017-06-30": "26.07", "2017-03-31": "32.73", "2016-12-31": "31.61", "2016-09-30": "27.69", "2016-06-30": "23.81", "2016-03-31": "22.03", "2015-12-31": "24.21", "2015-09-30": "25.97", "2015-06-30": "33.99", "2015-03-31": "30.31", "2014-12-31": "29.93", "2014-09-30": "34.93", "2014-06-30": "50.43", "2014-03-31": "50.43", "2013-12-31": "57.26", "2013-09-30": "59.57", "2013-06-30": "61.26", "2013-03-31": "161.45", "2012-12-31": "345.50", "2012-09-30": "1292.00", "2012-06-30": "0.00", "2012-03-31": "62.21", "2011-12-31": "61.96", "2011-09-30": "117.46", "2011-06-30": "190.89", "2011-03-31": "0.00", "2010-12-31": "0.00", "2010-09-30": "0.00", "2010-06-30": "0.00", "2010-03-31": "0.00", "2009-12-31": "0.00", "2009-09-30": "46.36", "2009-06-30": "14.96", "2009-03-31": "10.28", "2008-12-31": "11.78", "2008-09-30": "26.46", "2008-06-30": "51.15", "2008-03-31": "55.43", "2007-12-31": "57.93", "2007-09-30": "28.64", "2007-06-30": "35.00", "2007-03-31": "50.00", "2006-12-31": "47.91"}, "price sales": {"2021-02-05": "15.23", "2020-12-31": "13.10", "2020-09-30": "15.14", "2020-06-30": "11.91", "2020-03-31": "11.15", "2019-12-31": "13.89", "2019-09-30": "13.91", "2019-06-30": "14.78", "2019-03-31": "13.55", "2018-12-31": "11.19", "2018-09-30": "16.72", "2018-06-30": "13.35", "2018-03-31": "11.81", "2017-12-31": "10.21", "2017-09-30": "9.53", "2017-06-30": "8.65", "2017-03-31": "9.83", "2016-12-31": "9.33", "2016-09-30": "8.17", "2016-06-30": "7.13", "2016-03-31": "6.49", "2015-12-31": "6.99", "2015-09-30": "7.34", "2015-06-30": "9.28", "2015-03-31": "8.18", "2014-12-31": "7.70", "2014-09-30": "8.55", "2014-06-30": "11.12", "2014-03-31": "10.69", "2013-12-31": "11.35", "2013-09-30": "10.04", "2013-06-30": "8.83", "2013-03-31": "10.51", "2012-12-31": "9.55", "2012-09-30": "9.31", "2012-06-30": "8.99", "2012-03-31": "8.41", "2011-12-31": "7.40", "2011-09-30": "6.98", "2011-06-30": "8.15", "2011-03-31": "7.58", "2010-12-31": "6.63", "2010-09-30": "5.61", "2010-06-30": "5.96", "2010-03-31": "4.71", "2009-12-31": "3.99", "2009-09-30": "3.53", "2009-06-30": "2.54", "2009-03-31": "1.92", "2008-12-31": "2.03", "2008-09-30": "3.59", "2008-06-30": "3.97", "2008-03-31": "3.74", "2007-12-31": "4.66", "2007-09-30": "3.81", "2007-06-30": "3.30", "2007-03-31": "2.63", "2006-12-31": "2.01"}, "price book": {"current": "15.70", "2021-02-05": "15.70", "2020-12-31": "13.51", "2020-09-30": "16.88", "2020-06-30": "15.05", "2020-03-31": "16.69", "2019-12-31": "20.96", "2019-09-30": "21.38", "2019-06-30": "23.56", "2019-03-31": "16.94", "2018-12-31": "13.27", "2018-09-30": "17.06", "2018-06-30": "16.18", "2018-03-31": "-20.26", "2017-12-31": "-17.37", "2017-09-30": "-17.07", "2017-06-30": "-15.56", "2017-03-31": "-17.63", "2016-12-31": "-21.62", "2016-09-30": "-19.74", "2016-06-30": "-43.00", "2016-03-31": "-83.60", "2015-12-31": "-141.85", "2015-09-30": "-50.09", "2015-06-30": "-79.29", "2015-03-31": "-123.60", "2014-12-31": "82.52", "2014-09-30": "48.92", "2014-06-30": "50.83", "2014-03-31": "45.33", "2013-12-31": "42.79", "2013-09-30": "34.16", "2013-06-30": "26.47", "2013-03-31": "30.37", "2012-12-31": "24.81", "2012-09-30": "22.34", "2012-06-30": "19.05", "2012-03-31": "14.80", "2011-12-31": "11.78", "2011-09-30": "10.15", "2011-06-30": "10.26", "2011-03-31": "11.86", "2010-12-31": "9.71", "2010-09-30": "7.54", "2010-06-30": "7.14", "2010-03-31": "5.46", "2009-12-31": "4.68", "2009-09-30": "4.34", "2009-06-30": "3.35", "2009-03-31": "2.90", "2008-12-31": "3.22", "2008-09-30": "6.15", "2008-06-30": "6.93", "2008-03-31": "7.60", "2007-12-31": "9.99", "2007-09-30": "9.83", "2007-06-30": "9.07", "2007-03-31": "9.65", "2006-12-31": "10.47", "2006-09-30": "-20.77", "2006-06-30": "-28.36", "2006-03-31": "-14.93"}, "price fcf": {"2021-02-05": "", "2020-12-31": "$3.70", "2020-09-30": "$3.83", "2020-06-30": "$3.52", "2020-03-31": "$3.26", "2019-12-31": "$3.35", "2019-09-30": "$3.48", "2019-06-30": "$3.34", "2019-03-31": "$3.24", "2018-12-31": "$2.97", "2018-09-30": "$2.74", "2018-06-30": "$2.83", "2018-03-31": "$2.68", "2017-12-31": "$2.40", "2017-09-30": "$2.18", "2017-06-30": "$2.33", "2017-03-31": "$1.93", "2016-12-31": "$2.03", "2016-09-30": "$1.91", "2016-06-30": "$1.80", "2016-03-31": "$1.84", "2015-12-31": "$1.75", "2015-09-30": "$1.87", "2015-06-30": "$2.07", "2015-03-31": "$2.11", "2014-12-31": "$2.11", "2014-09-30": "$2.23", "2014-06-30": "$2.09", "2014-03-31": "$1.82", "2013-12-31": "$1.69", "2013-09-30": "$1.56", "2013-06-30": "$1.48", "2013-03-31": "$1.34", "2012-12-31": "$1.32", "2012-09-30": "$1.19", "2012-06-30": "$1.07", "2012-03-31": "$0.96", "2011-12-31": "$0.69", "2011-09-30": "$0.60", "2011-06-30": "$0.61", "2011-03-31": "$0.67", "2010-12-31": "$0.56", "2010-09-30": "$0.52", "2010-06-30": "$0.39", "2010-03-31": "$0.26", "2009-12-31": "$0.28", "2009-09-30": "$0.13", "2009-06-30": "$0.30", "2009-03-31": "$0.49", "2008-12-31": "$0.54", "2008-09-30": "$0.62", "2008-06-30": "$0.65", "2008-03-31": "$0.53", "2007-12-31": "$0.49", "2007-09-30": "$0.70", "2007-06-30": "$0.53", "2007-03-31": "$1.43", "2006-12-31": "$1.10"}, "net worth": {"value": "$10.27B"}, "current ratio": {"current": "4.94", "2020-12-31": "4.94", "2020-09-30": "2.89", "2020-06-30": "2.77", "2020-03-31": "2.29", "2019-12-31": "3.00", "2019-09-30": "0.98", "2019-06-30": "1.33", "2019-03-31": "1.42", "2018-12-31": "1.42", "2018-09-30": "1.67", "2018-06-30": "1.69", "2018-03-31": "0.23", "2017-12-31": "0.21", "2017-09-30": "0.24", "2017-06-30": "0.31", "2017-03-31": "0.34", "2016-12-31": "0.43", "2016-09-30": "0.55", "2016-06-30": "0.84", "2016-03-31": "0.95", "2015-12-31": "0.98", "2015-09-30": "0.83", "2015-06-30": "0.89", "2015-03-31": "0.94", "2014-12-31": "1.14", "2014-09-30": "1.27", "2014-06-30": "1.24", "2014-03-31": "1.31", "2013-12-31": "1.37", "2013-09-30": "1.39", "2013-06-30": "1.32", "2013-03-31": "1.20", "2012-12-31": "1.43", "2012-09-30": "1.38", "2012-06-30": "1.34", "2012-03-31": "1.39", "2011-12-31": "1.48", "2011-09-30": "1.39", "2011-06-30": "1.46", "2011-03-31": "1.61", "2010-12-31": "1.72", "2010-09-30": "1.68", "2010-06-30": "1.61", "2010-03-31": "1.70", "2009-12-31": "1.77", "2009-09-30": "1.44", "2009-06-30": "1.48", "2009-03-31": "1.44", "2008-12-31": "1.39", "2008-09-30": "1.67", "2008-06-30": "1.54", "2008-03-31": "1.24", "2007-12-31": "1.29", "2007-09-30": "1.23", "2007-06-30": "1.20", "2007-03-31": "1.32", "2006-12-31": "1.31", "2006-09-30": "1.32", "2006-06-30": "1.04", "2006-03-31": "1.17", "2005-12-31": "1.07", "2005-09-30": "1.02", "2005-06-30": "1.02", "2005-03-31": "1.00"}, "quick ratio": {"2020-12-31": "0.00", "2020-09-30": "0.00", "2020-06-30": "0.00", "2020-03-31": "0.00", "2019-12-31": "0.00", "2019-09-30": "0.00", "2019-06-30": "0.00", "2019-03-31": "0.00", "2018-12-31": "0.00", "2018-09-30": "0.00", "2018-06-30": "0.00", "2018-03-31": "0.00", "2017-12-31": "0.00", "2017-09-30": "0.00", "2017-06-30": "0.00", "2017-03-31": "0.00", "2016-12-31": "0.00", "2016-09-30": "0.00", "2016-06-30": "0.00", "2016-03-31": "0.00", "2015-12-31": "0.00", "2015-09-30": "0.00", "2015-06-30": "0.00", "2015-03-31": "0.00", "2014-12-31": "0.00", "2014-09-30": "0.00", "2014-06-30": "0.00", "2014-03-31": "0.00", "2013-12-31": "0.00", "2013-09-30": "0.00", "2013-06-30": "0.00", "2013-03-31": "0.00", "2012-12-31": "0.00", "2012-09-30": "0.00", "2012-06-30": "0.00", "2012-03-31": "0.00", "2011-12-31": "0.00", "2011-09-30": "0.00", "2011-06-30": "0.00", "2011-03-31": "0.00", "2010-12-31": "0.00", "2010-09-30": "0.00", "2010-06-30": "0.00", "2010-03-31": "0.00", "2009-12-31": "0.00", "2009-09-30": "0.00", "2009-06-30": "0.00", "2009-03-31": "0.00", "2008-12-31": "0.00", "2008-09-30": "0.00", "2008-06-30": "0.00", "2008-03-31": "0.00", "2007-12-31": "0.00", "2007-09-30": "0.00", "2007-06-30": "0.00", "2007-03-31": "0.00", "2006-12-31": "0.00", "2006-09-30": "0.00", "2006-06-30": "0.00", "2006-03-31": "0.00", "2005-12-31": "0.00", "2005-09-30": "0.00", "2005-06-30": "0.00", "2005-03-31": "0.00"}, "debt equity ratio": {"current": "0.44", "2020-12-31": "0.97", "2020-09-30": "1.47", "2020-06-30": "1.62", "2020-03-31": "1.93", "2019-12-31": "1.66", "2019-09-30": "1.60", "2019-06-30": "1.38", "2019-03-31": "1.21", "2018-12-31": "1.20", "2018-09-30": "0.99", "2018-06-30": "1.09", "2018-03-31": "-1.88", "2017-12-31": "-1.71", "2017-09-30": "-1.76", "2017-06-30": "-1.95", "2017-03-31": "-1.98", "2016-12-31": "-2.39", "2016-09-30": "-2.58", "2016-06-30": "-6.59", "2016-03-31": "-13.39", "2015-12-31": "-13.45", "2015-09-30": "-5.23", "2015-06-30": "-7.50", "2015-03-31": "-12.83", "2014-12-31": "8.10", "2014-09-30": "4.40", "2014-06-30": "3.88", "2014-03-31": "3.44", "2013-12-31": "2.97", "2013-09-30": "2.89", "2013-06-30": "2.76", "2013-03-31": "2.62", "2012-12-31": "2.31", "2012-09-30": "2.13", "2012-06-30": "2.24", "2012-03-31": "2.11", "2011-12-31": "1.77", "2011-09-30": "1.79", "2011-06-30": "1.53", "2011-03-31": "2.04", "2010-12-31": "1.99", "2010-09-30": "1.92", "2010-06-30": "1.79", "2010-03-31": "1.47", "2009-12-31": "1.34", "2009-09-30": "1.27", "2009-06-30": "1.25", "2009-03-31": "1.36", "2008-12-31": "1.51", "2008-09-30": "1.84", "2008-06-30": "2.21", "2008-03-31": "2.67", "2007-12-31": "2.69", "2007-09-30": "2.91", "2007-06-30": "2.86", "2007-03-31": "1.30", "2006-12-31": "2.08", "2006-09-30": "-9.81", "2006-06-30": "-21.62", "2006-03-31": "-7.53", "2005-12-31": "-5.75", "2005-09-30": "-4.95", "2005-06-30": "-5.70", "2005-03-31": "-15.98"}, "return on equity": {"2020-12-31": "59.41%", "2020-09-30": "47.97%", "2020-06-30": "56.48%", "2020-03-31": "62.66%", "2019-12-31": "65.65%", "2019-09-30": "68.73%", "2019-06-30": "61.70%", "2019-03-31": "51.32%", "2018-12-31": "79.69%", "2018-09-30": "341.28%", "2018-06-30": "-273.12%", "2018-03-31": "-107.21%", "2017-12-31": "-106.84%", "2017-09-30": "-76.70%", "2017-06-30": "-81.17%", "2017-03-31": "-80.46%", "2016-12-31": "-113.35%", "2016-09-30": "-174.68%", "2016-06-30": "-287.18%", "2016-03-31": "-326.63%", "2015-12-31": "-330.43%", "2015-09-30": "-499.01%", "2015-06-30": "1475.00%", "2015-03-31": "276.36%", "2014-12-31": "153.96%", "2014-09-30": "121.21%", "2014-06-30": "97.18%", "2014-03-31": "84.95%", "2013-12-31": "71.50%", "2013-09-30": "56.00%", "2013-06-30": "43.48%", "2013-03-31": "18.78%", "2012-12-31": "7.02%", "2012-09-30": "1.63%", "2012-06-30": "-10.71%", "2012-03-31": "23.28%", "2011-12-31": "20.14%", "2011-09-30": "10.37%", "2011-06-30": "8.35%", "2011-03-31": "-50.98%", "2010-12-31": "-57.45%", "2010-09-30": "-64.35%", "2010-06-30": "-60.17%", "2010-03-31": "-31.76%", "2009-12-31": "-16.00%", "2009-09-30": "9.24%", "2009-06-30": "25.24%", "2009-03-31": "32.65%", "2008-12-31": "33.43%", "2008-09-30": "28.05%", "2008-06-30": "16.67%", "2008-03-31": "15.60%", "2007-12-31": "17.33%", "2007-09-30": "29.79%", "2007-06-30": "50.00%", "2007-03-31": "36.84%", "2006-12-31": "-1200.00%", "2006-09-30": "14.49%", "2006-06-30": "21.82%", "2006-03-31": "65.98%", "2005-12-31": "111.36%"}, "return on assets": {"2020-12-31": "24.42%", "2020-09-30": "18.05%", "2020-06-30": "20.90%", "2020-03-31": "23.65%", "2019-12-31": "26.67%", "2019-09-30": "29.34%", "2019-06-30": "28.26%", "2019-03-31": "24.21%", "2018-12-31": "27.55%", "2018-09-30": "49.93%", "2018-06-30": "75.30%", "2018-03-31": "129.90%", "2017-12-31": "126.15%", "2017-09-30": "77.34%", "2017-06-30": "68.64%", "2017-03-31": "46.19%", "2016-12-31": "38.98%", "2016-09-30": "38.74%", "2016-06-30": "39.94%", "2016-03-31": "42.56%", "2015-12-31": "45.28%", "2015-09-30": "40.58%", "2015-06-30": "34.89%", "2015-03-31": "31.54%", "2014-12-31": "28.31%", "2014-09-30": "26.18%", "2014-06-30": "22.68%", "2014-03-31": "21.18%", "2013-12-31": "18.76%", "2013-09-30": "15.37%", "2013-06-30": "12.60%", "2013-03-31": "5.66%", "2012-12-31": "2.20%", "2012-09-30": "0.54%", "2012-06-30": "-3.62%", "2012-03-31": "8.35%", "2011-12-31": "7.28%", "2011-09-30": "3.68%", "2011-06-30": "2.93%", "2011-03-31": "-17.40%", "2010-12-31": "-20.78%", "2010-09-30": "-24.83%", "2010-06-30": "-24.70%", "2010-03-31": "-13.68%", "2009-12-31": "-6.95%", "2009-09-30": "3.94%", "2009-06-30": "10.20%", "2009-03-31": "12.09%", "2008-12-31": "11.11%", "2008-09-30": "8.46%", "2008-06-30": "4.64%", "2008-03-31": "4.13%", "2007-12-31": "4.98%", "2007-09-30": "8.91%", "2007-06-30": "11.89%", "2007-03-31": "4.48%", "2006-12-31": "3.92%", "2006-09-30": "-1.67%", "2006-06-30": "-3.09%", "2006-03-31": "-13.59%", "2005-12-31": "-19.70%"}, "return on investments": {"2020-12-31": "43.32%", "2020-09-30": "32.50%", "2020-06-30": "48.22%", "2020-03-31": "73.42%", "2019-12-31": "160.12%", "2019-09-30": "inf%", "2019-06-30": "inf%", "2019-03-31": "inf%", "2018-12-31": "inf%", "2018-09-30": "inf%", "2018-06-30": "inf%", "2018-03-31": "inf%", "2017-12-31": "inf%", "2017-09-30": "inf%", "2017-06-30": "inf%", "2017-03-31": "inf%", "2016-12-31": "inf%", "2016-09-30": "inf%", "2016-06-30": "inf%", "2016-03-31": "inf%", "2015-12-31": "inf%", "2015-09-30": "inf%", "2015-06-30": "inf%", "2015-03-31": "inf%", "2014-12-31": "inf%", "2014-09-30": "inf%", "2014-06-30": "inf%", "2014-03-31": "inf%", "2013-12-31": "inf%", "2013-09-30": "inf%", "2013-06-30": "inf%", "2013-03-31": "inf%", "2012-12-31": "52.31%", "2012-09-30": "13.19%", "2012-06-30": "-15.13%", "2012-03-31": "-20.34%", "2011-12-31": "-22.30%", "2011-09-30": "-31.65%", "2011-06-30": "-33.08%", "2011-03-31": "-42.79%", "2010-12-31": "-45.33%", "2010-09-30": "-50.00%", "2010-06-30": "-48.51%", "2010-03-31": "-29.45%", "2009-12-31": "-19.20%", "2009-09-30": "0.00%", "2009-06-30": "16.67%", "2009-03-31": "23.71%", "2008-12-31": "22.60%", "2008-09-30": "16.61%", "2008-06-30": "7.32%", "2008-03-31": "8.73%", "2007-12-31": "14.54%", "2007-09-30": "34.16%", "2007-06-30": "74.92%", "2007-03-31": "128.00%", "2006-12-31": "188.51%", "2006-09-30": "-208.70%", "2006-06-30": "-104.11%", "2006-03-31": "6.25%", "2005-12-31": "46.24%"}, "return on tangible equity": {"2020-12-31": "94.32%", "2020-09-30": "81.95%", "2020-06-30": "102.33%", "2020-03-31": "110.73%", "2019-12-31": "105.31%", "2019-09-30": "100.73%", "2019-06-30": "82.99%", "2019-03-31": "68.35%", "2018-12-31": "138.72%", "2018-09-30": "-1253.93%", "2018-06-30": "-142.60%", "2018-03-31": "-81.63%", "2017-12-31": "-83.14%", "2017-09-30": "-58.95%", "2017-06-30": "-63.10%", "2017-03-31": "-61.91%", "2016-12-31": "-86.12%", "2016-09-30": "-134.31%", "2016-06-30": "-205.13%", "2016-03-31": "-233.90%", "2015-12-31": "-233.33%", "2015-09-30": "-296.47%", "2015-06-30": "-1210.26%", "2015-03-31": "501.10%", "2014-12-31": "211.88%", "2014-09-30": "158.10%", "2014-06-30": "124.19%", "2014-03-31": "106.76%", "2013-12-31": "89.32%", "2013-09-30": "69.57%", "2013-06-30": "53.73%", "2013-03-31": "23.12%", "2012-12-31": "8.51%", "2012-09-30": "1.94%", "2012-06-30": "-12.50%", "2012-03-31": "26.77%", "2011-12-31": "23.14%", "2011-09-30": "11.97%", "2011-06-30": "9.69%", "2011-03-31": "-59.23%", "2010-12-31": "-65.72%", "2010-09-30": "-72.47%", "2010-06-30": "-66.77%", "2010-03-31": "-34.78%", "2009-12-31": "-17.39%", "2009-09-30": "10.01%", "2009-06-30": "27.46%", "2009-03-31": "35.96%", "2008-12-31": "37.38%", "2008-09-30": "31.89%", "2008-06-30": "19.27%", "2008-03-31": "18.18%", "2007-12-31": "20.35%", "2007-09-30": "35.90%", "2007-06-30": "66.67%", "2007-03-31": "82.35%", "2006-12-31": "-52.75%", "2006-09-30": "8.81%", "2006-06-30": "13.79%", "2006-03-31": "43.84%", "2005-12-31": "69.50%"}, "dividend yield history": {"last payout": "$0.00", "last yield": "0.00%"}}