{"ticker": "ASB", "price": {"title": "Associated Banc-Corp Historical Annual Stock Price Data", "value": 19.17, "historical": {"2021": {"Average Stock Price": "19.0175", "Year Open": "17.2000", "Year High": "20.3100", "Year Low": "17.2000", "Year Close": "19.1700", "Annual % Change": "12.43%"}, "2020": {"Average Stock Price": "14.9740", "Year Open": "21.9400", "Year High": "21.9400", "Year Low": "10.8500", "Year Close": "17.0500", "Annual % Change": "-22.64%"}, "2019": {"Average Stock Price": "21.2493", "Year Open": "19.9500", "Year High": "23.6700", "Year Low": "18.6400", "Year Close": "22.0400", "Annual % Change": "11.37%"}, "2018": {"Average Stock Price": "25.6141", "Year Open": "25.4000", "Year High": "28.8500", "Year Low": "18.7200", "Year Close": "19.7900", "Annual % Change": "-22.09%"}, "2017": {"Average Stock Price": "24.4916", "Year Open": "24.9500", "Year High": "26.5000", "Year Low": "21.2500", "Year Close": "25.4000", "Annual % Change": "2.83%"}, "2016": {"Average Stock Price": "19.0519", "Year Open": "18.2800", "Year High": "25.1500", "Year Low": "15.4800", "Year Close": "24.7000", "Annual % Change": "31.73%"}, "2015": {"Average Stock Price": "18.9861", "Year Open": "18.3900", "Year High": "20.8400", "Year Low": "16.6200", "Year Close": "18.7500", "Annual % Change": "0.64%"}, "2014": {"Average Stock Price": "17.7496", "Year Open": "17.2000", "Year High": "19.3650", "Year Low": "15.5800", "Year Close": "18.6300", "Annual % Change": "7.07%"}, "2013": {"Average Stock Price": "15.6162", "Year Open": "13.6400", "Year High": "17.6000", "Year Low": "13.4600", "Year Close": "17.4000", "Annual % Change": "32.62%"}, "2012": {"Average Stock Price": "12.9624", "Year Open": "11.4300", "Year High": "14.6300", "Year Low": "11.4300", "Year Close": "13.1200", "Annual % Change": "17.46%"}, "2011": {"Average Stock Price": "12.6818", "Year Open": "15.3600", "Year High": "15.3600", "Year Low": "8.9500", "Year Close": "11.1700", "Annual % Change": "-26.27%"}, "2010": {"Average Stock Price": "13.3598", "Year Open": "11.5800", "Year High": "16.1000", "Year Low": "11.4800", "Year Close": "15.1500", "Annual % Change": "37.60%"}, "2009": {"Average Stock Price": "13.0678", "Year Open": "21.3900", "Year High": "21.3900", "Year Low": "9.2100", "Year Close": "11.0100", "Annual % Change": "-47.40%"}, "2008": {"Average Stock Price": "22.4539", "Year Open": "26.7100", "Year High": "29.2300", "Year Low": "14.8500", "Year Close": "20.9300", "Annual % Change": "-22.74%"}, "2007": {"Average Stock Price": "31.1388", "Year Open": "35.0400", "Year High": "35.4300", "Year Low": "25.2300", "Year Close": "27.0900", "Annual % Change": "-22.33%"}, "2006": {"Average Stock Price": "32.9256", "Year Open": "32.7500", "Year High": "35.1300", "Year Low": "30.2700", "Year Close": "34.8800", "Annual % Change": "7.16%"}, "2005": {"Average Stock Price": "32.3256", "Year Open": "32.9500", "Year High": "34.7400", "Year Low": "29.0900", "Year Close": "32.5500", "Annual % Change": "-2.05%"}, "2004": {"Average Stock Price": "30.3843", "Year Open": "28.4467", "Year High": "34.8500", "Year Low": "27.0867", "Year Close": "33.2300", "Annual % Change": "16.46%"}, "2003": {"Average Stock Price": "24.8577", "Year Open": "23.0533", "Year High": "28.7533", "Year Low": "21.4333", "Year Close": "28.5333", "Annual % Change": "26.10%"}, "2002": {"Average Stock Price": "23.3328", "Year Open": "23.2133", "Year High": "26.7533", "Year Low": "18.1333", "Year Close": "22.6267", "Annual % Change": "-3.83%"}, "2001": {"Average Stock Price": "22.7726", "Year Open": "19.8333", "Year High": "24.6067", "Year Low": "19.8333", "Year Close": "23.5267", "Annual % Change": "16.16%"}, "2000": {"Average Stock Price": "17.2812", "Year Open": "21.8933", "Year High": "22.0400", "Year Low": "14.5400", "Year Close": "20.2533", "Annual % Change": "-11.30%"}, "1999": {"Average Stock Price": "23.7795", "Year Open": "23.5000", "Year High": "28.7067", "Year Low": "20.2067", "Year Close": "22.8333", "Annual % Change": "0.18%"}, "1998": {"Average Stock Price": "25.4444", "Year Open": "28.7360", "Year High": "29.2000", "Year Low": "17.8333", "Year Close": "22.7933", "Annual % Change": "-22.48%"}, "1997": {"Average Stock Price": "22.9238", "Year Open": "22.9333", "Year High": "31.3333", "Year Low": "19.0667", "Year Close": "29.4027", "Annual % Change": "29.72%"}, "1996": {"Average Stock Price": "20.8512", "Year Open": "21.0667", "Year High": "23.3333", "Year Low": "18.8000", "Year Close": "22.6667", "Annual % Change": "3.81%"}, "1995": {"Average Stock Price": "17.4559", "Year Open": "15.1467", "Year High": "21.8347", "Year Low": "14.6133", "Year Close": "21.8347", "Annual % Change": "45.18%"}, "1994": {"Average Stock Price": "14.7719", "Year Open": "14.7200", "Year High": "16.3200", "Year Low": "13.3333", "Year Close": "15.0400", "Annual % Change": "2.17%"}, "1993": {"Average Stock Price": "15.5128", "Year Open": "13.8667", "Year High": "17.0667", "Year Low": "13.8667", "Year Close": "14.7200", "Annual % Change": "6.98%"}, "1992": {"Average Stock Price": "13.3593", "Year Open": "10.7221", "Year High": "14.4000", "Year Low": "10.5600", "Year Close": "13.7600", "Annual % Change": "27.72%"}, "1991": {"Average Stock Price": "10.4458", "Year Open": "7.6800", "Year High": "12.5867", "Year Low": "7.0400", "Year Close": "10.7733", "Annual % Change": "40.28%"}, "1990": {"Average Stock Price": "8.5295", "Year Open": "9.4933", "Year High": "9.8133", "Year Low": "6.8267", "Year Close": "7.6800", "Annual % Change": "-20.00%"}, "1989": {"Average Stock Price": "8.2743", "Year Open": "7.2533", "Year High": "10.1333", "Year Low": "7.1467", "Year Close": "9.6000", "Annual % Change": "32.35%"}, "1988": {"Average Stock Price": "7.5631", "Year Open": "6.8267", "Year High": "8.4267", "Year Low": "6.7200", "Year Close": "7.2533", "Annual % Change": "1.49%"}, "1987": {"Average Stock Price": "8.1386", "Year Open": "7.7867", "Year High": "9.9200", "Year Low": "6.2933", "Year Close": "7.1467", "Annual % Change": "-9.46%"}, "1986": {"Average Stock Price": "8.5510", "Year Open": "7.0400", "Year High": "10.2400", "Year Low": "7.0400", "Year Close": "7.8933", "Annual % Change": "10.45%"}, "1985": {"Average Stock Price": "6.2644", "Year Open": "5.6533", "Year High": "7.4667", "Year Low": "5.3333", "Year Close": "7.1467", "Annual % Change": "27.62%"}}}, "market cap": {"value": "$2.94B"}, "income statement": {"Revenue": {"2020-12-31": "1426.89600", "2019-12-31": "1553.43400", "2018-12-31": "1509.70500", "2017-12-31": "1219.28500", "2016-12-31": "1144.45100", "2015-12-31": "1083.01900", "2014-12-31": "1027.60600", "2013-12-31": "1022.08200", "2012-12-31": "1031.57400", "2011-12-31": "1014.74100", "2010-12-31": "1141.58800", "2009-12-31": "1332.21700", "2008-12-31": "1412.35900", "2007-12-31": "1620.49300", "2006-12-31": "1574.88000", "2005-12-31": "1385.11100"}, "Cost Of Goods Sold": {"2020-12-31": "149.88300", "2019-12-31": "336.93600", "2018-12-31": "274.55700", "2017-12-31": "145.38500", "2016-12-31": "84.29500", "2015-12-31": "77.38400", "2014-12-31": "55.77800", "2013-12-31": "63.44000", "2012-12-31": "92.29200", "2011-12-31": "128.79100", "2010-12-31": "172.34700", "2009-12-31": "255.25100", "2008-12-31": "430.56100", "2007-12-31": "631.89900", "2006-12-31": "609.83000", "2005-12-31": "421.77000"}, "Gross Profit": {"2020-12-31": "1277.01300", "2019-12-31": "1216.49800", "2018-12-31": "1235.14800", "2017-12-31": "1073.90000", "2016-12-31": "1060.15600", "2015-12-31": "1005.63500", "2014-12-31": "971.82790", "2013-12-31": "958.64200", "2012-12-31": "939.28200", "2011-12-31": "885.95000", "2010-12-31": "969.24100", "2009-12-31": "1076.96600", "2008-12-31": "981.79800", "2007-12-31": "988.59410", "2006-12-31": "965.05000", "2005-12-31": "963.34110"}, "Research And Development Expenses": {"2020-12-31": "", "2019-12-31": "", "2018-12-31": "", "2017-12-31": "", "2016-12-31": "", "2015-12-31": "", "2014-12-31": "", "2013-12-31": "", "2012-12-31": "", "2011-12-31": "", "2010-12-31": "", "2009-12-31": "", "2008-12-31": "", "2007-12-31": "", "2006-12-31": "", "2005-12-31": ""}, "SG&A Expenses": {"2020-12-31": "937.40200", "2019-12-31": "792.71900", "2018-12-31": "784.63790", "2017-12-31": "733.17300", "2016-12-31": "770.46690", "2015-12-31": "732.75310", "2014-12-31": "692.03600", "2013-12-31": "686.70610", "2012-12-31": "680.62800", "2011-12-31": "697.80900", "2010-12-31": "1005.35000", "2009-12-31": "1356.52200", "2008-12-31": "753.24900", "2007-12-31": "562.28400", "2006-12-31": "506.36800", "2005-12-31": "484.87500"}, "Other Operating Income Or Expenses": {"2020-12-31": "", "2019-12-31": "", "2018-12-31": "", "2017-12-31": "", "2016-12-31": "", "2015-12-31": "", "2014-12-31": "", "2013-12-31": "", "2012-12-31": "", "2011-12-31": "", "2010-12-31": "", "2009-12-31": "", "2008-12-31": "", "2007-12-31": "", "2006-12-31": "", "2005-12-31": ""}, "Operating Expenses": {"2020-12-31": "1097.47700", "2019-12-31": "1139.60300", "2018-12-31": "1067.35400", "2017-12-31": "880.51700", "2016-12-31": "856.85490", "2015-12-31": "813.23110", "2014-12-31": "751.56100", "2013-12-31": "754.18910", "2012-12-31": "777.11500", "2011-12-31": "831.31400", "2010-12-31": "1182.61600", "2009-12-31": "1617.31600", "2008-12-31": "1190.07900", "2007-12-31": "1201.29900", "2006-12-31": "1125.10100", "2005-12-31": "915.25200"}, "Operating Income": {"2020-12-31": "329.41890", "2019-12-31": "413.83090", "2018-12-31": "442.35100", "2017-12-31": "338.76790", "2016-12-31": "287.59600", "2015-12-31": "269.78800", "2014-12-31": "276.04490", "2013-12-31": "267.89290", "2012-12-31": "254.45900", "2011-12-31": "183.42700", "2010-12-31": "-41.02810", "2009-12-31": "-285.09890", "2008-12-31": "222.28000", "2007-12-31": "419.19400", "2006-12-31": "449.77890", "2005-12-31": "469.85910"}, "Total Non-Operating Income/Expense": {"2020-12-31": "-2.44700", "2019-12-31": "-7.32000", "2018-12-31": "-29.00200", "2017-12-31": "", "2016-12-31": "", "2015-12-31": "", "2014-12-31": "", "2013-12-31": "", "2012-12-31": "", "2011-12-31": "", "2010-12-31": "", "2009-12-31": "", "2008-12-31": "", "2007-12-31": "", "2006-12-31": "", "2005-12-31": ""}, "Pre-Tax Income": {"2020-12-31": "326.97200", "2019-12-31": "406.50900", "2018-12-31": "413.34900", "2017-12-31": "338.76700", "2016-12-31": "287.59600", "2015-12-31": "269.78800", "2014-12-31": "276.04500", "2013-12-31": "267.89300", "2012-12-31": "254.45900", "2011-12-31": "183.42700", "2010-12-31": "-41.02800", "2009-12-31": "-285.09900", "2008-12-31": "222.28000", "2007-12-31": "419.19400", "2006-12-31": "449.77900", "2005-12-31": "469.85900"}, "Income Taxes": {"2020-12-31": "20.20000", "2019-12-31": "79.72000", "2018-12-31": "79.78600", "2017-12-31": "109.50300", "2016-12-31": "87.32200", "2015-12-31": "81.48700", "2014-12-31": "85.53600", "2013-12-31": "79.20100", "2012-12-31": "75.48600", "2011-12-31": "43.72800", "2010-12-31": "-40.17200", "2009-12-31": "-153.24000", "2008-12-31": "53.82800", "2007-12-31": "133.44200", "2006-12-31": "133.13400", "2005-12-31": "149.69800"}, "Income After Taxes": {"2020-12-31": "306.77200", "2019-12-31": "326.78900", "2018-12-31": "333.56300", "2017-12-31": "229.26400", "2016-12-31": "200.27400", "2015-12-31": "188.30100", "2014-12-31": "190.50900", "2013-12-31": "188.69200", "2012-12-31": "178.97300", "2011-12-31": "139.69900", "2010-12-31": "-0.85600", "2009-12-31": "-131.85900", "2008-12-31": "168.45200", "2007-12-31": "285.75200", "2006-12-31": "316.64500", "2005-12-31": "320.16100"}, "Other Income": {"2020-12-31": "", "2019-12-31": "", "2018-12-31": "", "2017-12-31": "", "2016-12-31": "", "2015-12-31": "", "2014-12-31": "", "2013-12-31": "", "2012-12-31": "", "2011-12-31": "", "2010-12-31": "", "2009-12-31": "", "2008-12-31": "", "2007-12-31": "", "2006-12-31": "", "2005-12-31": ""}, "Income From Continuous Operations": {"2020-12-31": "306.77200", "2019-12-31": "326.78900", "2018-12-31": "333.56300", "2017-12-31": "229.26400", "2016-12-31": "200.27400", "2015-12-31": "188.30100", "2014-12-31": "190.50900", "2013-12-31": "188.69200", "2012-12-31": "178.97300", "2011-12-31": "139.69900", "2010-12-31": "-0.85600", "2009-12-31": "-131.85900", "2008-12-31": "168.45200", "2007-12-31": "285.75200", "2006-12-31": "316.64500", "2005-12-31": "320.16100"}, "Income From Discontinued Operations": {"2020-12-31": "", "2019-12-31": "", "2018-12-31": "", "2017-12-31": "", "2016-12-31": "", "2015-12-31": "", "2014-12-31": "", "2013-12-31": "", "2012-12-31": "", "2011-12-31": "", "2010-12-31": "", "2009-12-31": "", "2008-12-31": "", "2007-12-31": "", "2006-12-31": "", "2005-12-31": ""}, "Net Income": {"2020-12-31": "288.41300", "2019-12-31": "311.58700", "2018-12-31": "322.77900", "2017-12-31": "219.91700", "2016-12-31": "191.37100", "2015-12-31": "179.27200", "2014-12-31": "185.50700", "2013-12-31": "183.53400", "2012-12-31": "173.77300", "2011-12-31": "114.86900", "2010-12-31": "-30.38700", "2009-12-31": "-161.20700", "2008-12-31": "165.20200", "2007-12-31": "285.75200", "2006-12-31": "316.64500", "2005-12-31": "320.16100"}, "EBITDA": {"2020-12-31": "", "2019-12-31": "", "2018-12-31": "", "2017-12-31": "", "2016-12-31": "", "2015-12-31": "", "2014-12-31": "", "2013-12-31": "", "2012-12-31": "", "2011-12-31": "", "2010-12-31": "", "2009-12-31": "", "2008-12-31": "", "2007-12-31": "", "2006-12-31": "", "2005-12-31": ""}, "EBIT": {"2020-12-31": "", "2019-12-31": "", "2018-12-31": "", "2017-12-31": "", "2016-12-31": "", "2015-12-31": "", "2014-12-31": "", "2013-12-31": "", "2012-12-31": "", "2011-12-31": "", "2010-12-31": "", "2009-12-31": "", "2008-12-31": "", "2007-12-31": "", "2006-12-31": "", "2005-12-31": ""}, "Basic Shares Outstanding": {"2020-12-31": "153.00500", "2019-12-31": "160.53400", "2018-12-31": "167.34500", "2017-12-31": "150.87700", "2016-12-31": "148.76900", "2015-12-31": "149.35000", "2014-12-31": "157.28600", "2013-12-31": "165.58400", "2012-12-31": "172.25500", "2011-12-31": "173.37000", "2010-12-31": "171.23000", "2009-12-31": "127.85800", "2008-12-31": "127.50100", "2007-12-31": "127.40800", "2006-12-31": "132.00600", "2005-12-31": "130.55400"}, "Shares Outstanding": {"2020-12-31": "153.64200", "2019-12-31": "161.93200", "2018-12-31": "169.73200", "2017-12-31": "153.64700", "2016-12-31": "149.96100", "2015-12-31": "150.60300", "2014-12-31": "158.25400", "2013-12-31": "165.80200", "2012-12-31": "172.35700", "2011-12-31": "173.37200", "2010-12-31": "171.23000", "2009-12-31": "127.85800", "2008-12-31": "127.77500", "2007-12-31": "128.37400", "2006-12-31": "133.13200", "2005-12-31": "131.93100"}, "Basic EPS": {"2020-12-31": "1.87000", "2019-12-31": "1.93000", "2018-12-31": "1.92000", "2017-12-31": "1.45000", "2016-12-31": "1.27000", "2015-12-31": "1.20000", "2014-12-31": "1.17000", "2013-12-31": "1.10000", "2012-12-31": "1.00000", "2011-12-31": "0.66000", "2010-12-31": "-0.18000", "2009-12-31": "-1.26000", "2008-12-31": "1.29000", "2007-12-31": "2.24000", "2006-12-31": "2.40000", "2005-12-31": "2.45000"}, "EPS - Earnings Per Share": {"2020-12-31": "1.86000", "2019-12-31": "1.91000", "2018-12-31": "1.89000", "2017-12-31": "1.42000", "2016-12-31": "1.26000", "2015-12-31": "1.19000", "2014-12-31": "1.16000", "2013-12-31": "1.10000", "2012-12-31": "1.00000", "2011-12-31": "0.66000", "2010-12-31": "-0.18000", "2009-12-31": "-1.26000", "2008-12-31": "1.29000", "2007-12-31": "2.22000", "2006-12-31": "2.38000", "2005-12-31": "2.43000"}}, "income statement, quarterly": {"Revenue": {"2020-12-31": "297.38900", "2020-09-30": "288.62000", "2020-06-30": "479.33500", "2020-03-31": "361.55000", "2019-12-31": "362.04400", "2019-09-30": "392.27000", "2019-06-30": "401.97000", "2019-03-31": "397.15000", "2018-12-31": "389.98190", "2018-09-30": "383.76400", "2018-06-30": "384.04700", "2018-03-31": "351.91200", "2017-12-31": "314.86590", "2017-09-30": "317.78900", "2017-06-30": "300.01000", "2017-03-31": "286.62000", "2016-12-31": "293.74400", "2016-09-30": "294.73700", "2016-06-30": "278.70900", "2016-03-31": "277.26100", "2015-12-31": "274.41610", "2015-09-30": "270.07100", "2015-06-30": "272.10300", "2015-03-31": "266.42900", "2014-12-31": "261.18300", "2014-09-30": "260.96100", "2014-06-30": "253.87700", "2014-03-31": "251.58500", "2013-12-31": "257.41000", "2013-09-30": "246.65000", "2013-06-30": "260.67000", "2013-03-31": "257.35200", "2012-12-31": "258.37490", "2012-09-30": "259.64400", "2012-06-30": "254.53600", "2012-03-31": "259.01900", "2011-12-31": "251.63700", "2011-09-30": "254.09100", "2011-06-30": "250.23700", "2011-03-31": "258.77600", "2010-12-31": "263.72790", "2010-09-30": "278.11300", "2010-06-30": "285.76900", "2010-03-31": "313.97800", "2009-12-31": "314.94410", "2009-09-30": "313.96000", "2009-06-30": "351.85100", "2009-03-31": "351.46200", "2008-12-31": "319.94310", "2008-09-30": "346.69900", "2008-06-30": "366.21900", "2008-03-31": "379.49800", "2007-12-31": "404.64010", "2007-09-30": "409.52800", "2007-06-30": "409.16100", "2007-03-31": "397.16400", "2006-12-31": "397.50100", "2006-09-30": "397.55800", "2006-06-30": "398.50500", "2006-03-31": "381.31600", "2005-12-31": "385.58720", "2005-09-30": "350.35600", "2005-06-30": "326.64700", "2005-03-31": "322.52100"}, "Cost Of Goods Sold": {"2020-12-31": "23.68200", "2020-09-30": "30.92500", "2020-06-30": "34.97300", "2020-03-31": "60.30300", "2019-12-31": "68.96800", "2019-09-30": "85.05400", "2019-06-30": "92.51300", "2019-03-31": "90.40100", "2018-12-31": "81.98100", "2018-09-30": "76.07200", "2018-06-30": "64.84300", "2018-03-31": "51.66100", "2017-12-31": "43.31700", "2017-09-30": "41.77200", "2017-06-30": "33.78100", "2017-03-31": "26.51500", "2016-12-31": "21.42000", "2016-09-30": "20.96900", "2016-06-30": "19.82400", "2016-03-31": "22.08200", "2015-12-31": "19.95100", "2015-09-30": "19.49700", "2015-06-30": "19.13300", "2015-03-31": "18.80300", "2014-12-31": "16.33700", "2014-09-30": "13.42300", "2014-06-30": "12.92700", "2014-03-31": "13.09100", "2013-12-31": "14.33800", "2013-09-30": "15.22500", "2013-06-30": "16.17800", "2013-03-31": "17.69900", "2012-12-31": "19.01500", "2012-09-30": "23.05400", "2012-06-30": "24.31800", "2012-03-31": "25.90500", "2011-12-31": "29.45700", "2011-09-30": "31.93500", "2011-06-30": "34.52800", "2011-03-31": "32.87100", "2010-12-31": "38.23200", "2010-09-30": "42.31200", "2010-06-30": "45.08500", "2010-03-31": "46.71800", "2009-12-31": "51.85700", "2009-09-30": "59.41500", "2009-06-30": "70.77200", "2009-03-31": "73.20700", "2008-12-31": "87.08700", "2008-09-30": "104.85900", "2008-06-30": "106.86200", "2008-03-31": "131.75300", "2007-12-31": "154.74800", "2007-09-30": "161.53500", "2007-06-30": "160.19800", "2007-03-31": "155.41800", "2006-12-31": "156.90200", "2006-09-30": "156.35600", "2006-06-30": "152.89800", "2006-03-31": "143.67400", "2005-12-31": "128.94800", "2005-09-30": "109.31300", "2005-06-30": "98.26900", "2005-03-31": "85.24000"}, "Gross Profit": {"2020-12-31": "273.70700", "2020-09-30": "257.69500", "2020-06-30": "444.36200", "2020-03-31": "301.24700", "2019-12-31": "293.07600", "2019-09-30": "307.21600", "2019-06-30": "309.45700", "2019-03-31": "306.74900", "2018-12-31": "308.00090", "2018-09-30": "307.69200", "2018-06-30": "319.20400", "2018-03-31": "300.25100", "2017-12-31": "271.54890", "2017-09-30": "276.01700", "2017-06-30": "266.22900", "2017-03-31": "260.10500", "2016-12-31": "272.32400", "2016-09-30": "273.76800", "2016-06-30": "258.88500", "2016-03-31": "255.17900", "2015-12-31": "254.46510", "2015-09-30": "250.57400", "2015-06-30": "252.97000", "2015-03-31": "247.62600", "2014-12-31": "244.84590", "2014-09-30": "247.53800", "2014-06-30": "240.95000", "2014-03-31": "238.49400", "2013-12-31": "243.07200", "2013-09-30": "231.42500", "2013-06-30": "244.49200", "2013-03-31": "239.65300", "2012-12-31": "239.35990", "2012-09-30": "236.59000", "2012-06-30": "230.21800", "2012-03-31": "233.11400", "2011-12-31": "222.18000", "2011-09-30": "222.15600", "2011-06-30": "215.70900", "2011-03-31": "225.90500", "2010-12-31": "225.49590", "2010-09-30": "235.80100", "2010-06-30": "240.68400", "2010-03-31": "267.26000", "2009-12-31": "263.08710", "2009-09-30": "254.54500", "2009-06-30": "281.07900", "2009-03-31": "278.25500", "2008-12-31": "232.85610", "2008-09-30": "241.84000", "2008-06-30": "259.35700", "2008-03-31": "247.74500", "2007-12-31": "249.89210", "2007-09-30": "247.99300", "2007-06-30": "248.96300", "2007-03-31": "241.74600", "2006-12-31": "240.59900", "2006-09-30": "241.20200", "2006-06-30": "245.60700", "2006-03-31": "237.64200", "2005-12-31": "256.63920", "2005-09-30": "241.04300", "2005-06-30": "228.37800", "2005-03-31": "237.28100"}, "Research And Development Expenses": {"2020-12-31": "", "2020-09-30": "", "2020-06-30": "", "2020-03-31": "", "2019-12-31": "", "2019-09-30": "", "2019-06-30": "", "2019-03-31": "", "2018-12-31": "", "2018-09-30": "", "2018-06-30": "", "2018-03-31": "", "2017-12-31": "", "2017-09-30": "", "2017-06-30": "", "2017-03-31": "", "2016-12-31": "", "2016-09-30": "", "2016-06-30": "", "2016-03-31": "", "2015-12-31": "", "2015-09-30": "", "2015-06-30": "", "2015-03-31": "", "2014-12-31": "", "2014-09-30": "", "2014-06-30": "", "2014-03-31": "", "2013-12-31": "", "2013-09-30": "", "2013-06-30": "", "2013-03-31": "", "2012-12-31": "", "2012-09-30": "", "2012-06-30": "", "2012-03-31": "", "2011-12-31": "", "2011-09-30": "", "2011-06-30": "", "2011-03-31": "", "2010-12-31": "", "2010-09-30": "", "2010-06-30": "", "2010-03-31": "", "2009-12-31": "", "2009-09-30": "", "2009-06-30": "", "2009-03-31": "", "2008-12-31": "", "2008-09-30": "", "2008-06-30": "", "2008-03-31": "", "2007-12-31": "", "2007-09-30": "", "2007-06-30": "", "2007-03-31": "", "2006-12-31": "", "2006-09-30": "", "2006-06-30": "", "2006-03-31": "", "2005-12-31": "", "2005-09-30": "", "2005-06-30": "", "2005-03-31": ""}, "SG&A Expenses": {"2020-12-31": "187.60400", "2020-09-30": "268.12500", "2020-06-30": "241.01800", "2020-03-31": "240.65700", "2019-12-31": "199.57100", "2019-09-30": "198.61500", "2019-06-30": "199.72000", "2019-03-31": "194.81300", "2018-12-31": "192.91100", "2018-09-30": "194.90800", "2018-06-30": "205.98300", "2018-03-31": "190.83600", "2017-12-31": "181.19800", "2017-09-30": "181.97700", "2017-06-30": "187.82000", "2017-03-31": "182.17800", "2016-12-31": "193.39000", "2016-09-30": "195.78900", "2016-06-30": "187.82100", "2016-03-31": "193.46700", "2015-12-31": "195.47300", "2015-09-30": "178.70000", "2015-06-30": "180.88900", "2015-03-31": "177.69100", "2014-12-31": "176.57200", "2014-09-30": "171.86300", "2014-06-30": "171.93400", "2014-03-31": "171.66700", "2013-12-31": "180.45600", "2013-09-30": "163.36100", "2013-06-30": "172.98500", "2013-03-31": "169.90400", "2012-12-31": "168.17900", "2012-09-30": "168.65500", "2012-06-30": "164.98100", "2012-03-31": "168.71300", "2011-12-31": "170.97100", "2011-09-30": "162.30100", "2011-06-30": "170.53900", "2011-03-31": "193.99800", "2010-12-31": "218.57600", "2010-09-30": "219.37400", "2010-06-30": "251.44900", "2010-03-31": "315.95100", "2009-12-31": "552.41690", "2009-09-30": "235.13500", "2009-06-30": "323.66800", "2009-03-31": "245.30200", "2008-12-31": "212.23000", "2008-09-30": "190.02000", "2008-06-30": "193.25400", "2008-03-31": "157.74500", "2007-12-31": "146.33700", "2007-09-30": "140.76300", "2007-06-30": "136.11900", "2007-03-31": "131.55700", "2006-12-31": "125.68300", "2006-09-30": "125.24300", "2006-06-30": "126.06500", "2006-03-31": "125.59300", "2005-12-31": "126.79700", "2005-09-30": "118.79000", "2005-06-30": "117.71300", "2005-03-31": "121.57500"}, "Other Operating Income Or Expenses": {"2020-12-31": "", "2020-09-30": "", "2020-06-30": "", "2020-03-31": "", "2019-12-31": "", "2019-09-30": "", "2019-06-30": "", "2019-03-31": "", "2018-12-31": "", "2018-09-30": "", "2018-06-30": "", "2018-03-31": "", "2017-12-31": "", "2017-09-30": "", "2017-06-30": "", "2017-03-31": "", "2016-12-31": "", "2016-09-30": "", "2016-06-30": "", "2016-03-31": "", "2015-12-31": "", "2015-09-30": "", "2015-06-30": "", "2015-03-31": "", "2014-12-31": "", "2014-09-30": "", "2014-06-30": "", "2014-03-31": "", "2013-12-31": "", "2013-09-30": "", "2013-06-30": "", "2013-03-31": "", "2012-12-31": "", "2012-09-30": "", "2012-06-30": "", "2012-03-31": "", "2011-12-31": "", "2011-09-30": "", "2011-06-30": "", "2011-03-31": "", "2010-12-31": "", "2010-09-30": "", "2010-06-30": "", "2010-03-31": "", "2009-12-31": "", "2009-09-30": "", "2009-06-30": "", "2009-03-31": "", "2008-12-31": "", "2008-09-30": "", "2008-06-30": "", "2008-03-31": "", "2007-12-31": "", "2007-09-30": "", "2007-06-30": "", "2007-03-31": "", "2006-12-31": "", "2006-09-30": "", "2006-06-30": "", "2006-03-31": "", "2005-12-31": "", "2005-09-30": "", "2005-06-30": "", "2005-03-31": ""}, "Operating Expenses": {"2020-12-31": "213.53900", "2020-09-30": "301.30300", "2020-06-30": "278.86300", "2020-03-31": "303.77400", "2019-12-31": "271.25090", "2019-09-30": "286.35500", "2019-06-30": "294.55700", "2019-03-31": "287.44000", "2018-12-31": "277.12500", "2018-09-30": "273.21300", "2018-06-30": "272.99400", "2018-03-31": "244.02200", "2017-12-31": "225.01500", "2017-09-30": "224.19900", "2017-06-30": "222.09700", "2017-03-31": "209.20600", "2016-12-31": "215.33500", "2016-09-30": "217.28300", "2016-06-30": "208.18400", "2016-03-31": "216.05300", "2015-12-31": "215.94400", "2015-09-30": "199.08200", "2015-06-30": "200.91000", "2015-03-31": "197.29500", "2014-12-31": "193.68400", "2014-09-30": "186.27600", "2014-06-30": "185.85200", "2014-03-31": "185.74900", "2013-12-31": "195.80500", "2013-09-30": "179.59600", "2013-06-30": "190.17400", "2013-03-31": "188.61400", "2012-12-31": "188.24300", "2012-09-30": "192.75700", "2012-06-30": "190.34800", "2012-03-31": "195.66700", "2011-12-31": "201.60700", "2011-09-30": "195.41500", "2011-06-30": "206.24500", "2011-03-31": "228.04700", "2010-12-31": "258.01400", "2010-09-30": "262.89200", "2010-06-30": "297.78800", "2010-03-31": "363.92200", "2009-12-31": "605.65990", "2009-09-30": "295.93600", "2009-06-30": "395.82500", "2009-03-31": "319.89500", "2008-12-31": "300.88100", "2008-09-30": "296.44700", "2008-06-30": "301.68400", "2008-03-31": "291.06700", "2007-12-31": "302.84300", "2007-09-30": "304.27700", "2007-06-30": "298.03500", "2007-03-31": "288.63600", "2006-12-31": "284.58400", "2006-09-30": "283.87900", "2006-06-30": "281.24400", "2006-03-31": "271.61000", "2005-12-31": "258.16300", "2005-09-30": "230.00600", "2005-06-30": "218.27400", "2005-03-31": "208.80900"}, "Operating Income": {"2020-12-31": "83.85000", "2020-09-30": "-12.68300", "2020-06-30": "200.47200", "2020-03-31": "57.77600", "2019-12-31": "90.79300", "2019-09-30": "105.91500", "2019-06-30": "107.41300", "2019-03-31": "109.71000", "2018-12-31": "112.85690", "2018-09-30": "110.55100", "2018-06-30": "111.05300", "2018-03-31": "107.89000", "2017-12-31": "89.85090", "2017-09-30": "93.59000", "2017-06-30": "77.91300", "2017-03-31": "77.41400", "2016-12-31": "78.40900", "2016-09-30": "77.45400", "2016-06-30": "70.52500", "2016-03-31": "61.20800", "2015-12-31": "58.47210", "2015-09-30": "70.98900", "2015-06-30": "71.19300", "2015-03-31": "69.13400", "2014-12-31": "67.49890", "2014-09-30": "74.68500", "2014-06-30": "68.02500", "2014-03-31": "65.83600", "2013-12-31": "61.60500", "2013-09-30": "67.05400", "2013-06-30": "70.49600", "2013-03-31": "68.73800", "2012-12-31": "70.13200", "2012-09-30": "66.88700", "2012-06-30": "64.18800", "2012-03-31": "63.35200", "2011-12-31": "50.03000", "2011-09-30": "58.67600", "2011-06-30": "43.99200", "2011-03-31": "30.72900", "2010-12-31": "5.71400", "2010-09-30": "15.22100", "2010-06-30": "-12.01900", "2010-03-31": "-49.94400", "2009-12-31": "-290.71580", "2009-09-30": "18.02400", "2009-06-30": "-43.97400", "2009-03-31": "31.56700", "2008-12-31": "19.06210", "2008-09-30": "50.25200", "2008-06-30": "64.53500", "2008-03-31": "88.43100", "2007-12-31": "101.79710", "2007-09-30": "105.25100", "2007-06-30": "111.12600", "2007-03-31": "108.52800", "2006-12-31": "112.91700", "2006-09-30": "113.67900", "2006-06-30": "117.26100", "2006-03-31": "109.70600", "2005-12-31": "127.42420", "2005-09-30": "120.35000", "2005-06-30": "108.37300", "2005-03-31": "113.71200"}, "Total Non-Operating Income/Expense": {"2020-12-31": "0.01000", "2020-09-30": "-0.21800", "2020-06-30": "-0.51800", "2020-03-31": "-1.72100", "2019-12-31": "-1.32500", "2019-09-30": "-1.62900", "2019-06-30": "-3.73400", "2019-03-31": "-0.63200", "2018-12-31": "0.98100", "2018-09-30": "-2.27100", "2018-06-30": "-7.10700", "2018-03-31": "-20.60500", "2017-12-31": "", "2017-09-30": "", "2017-06-30": "", "2017-03-31": "", "2016-12-31": "", "2016-09-30": "", "2016-06-30": "", "2016-03-31": "", "2015-12-31": "", "2015-09-30": "", "2015-06-30": "", "2015-03-31": "", "2014-12-31": "", "2014-09-30": "", "2014-06-30": "", "2014-03-31": "", "2013-12-31": "", "2013-09-30": "", "2013-06-30": "", "2013-03-31": "", "2012-12-31": "", "2012-09-30": "", "2012-06-30": "", "2012-03-31": "", "2011-12-31": "", "2011-09-30": "", "2011-06-30": "", "2011-03-31": "", "2010-12-31": "", "2010-09-30": "", "2010-06-30": "", "2010-03-31": "", "2009-12-31": "", "2009-09-30": "", "2009-06-30": "", "2009-03-31": "", "2008-12-31": "", "2008-09-30": "", "2008-06-30": "", "2008-03-31": "", "2007-12-31": "", "2007-09-30": "", "2007-06-30": "", "2007-03-31": "", "2006-12-31": "", "2006-09-30": "", "2006-06-30": "", "2006-03-31": "", "2005-12-31": "", "2005-09-30": "", "2005-06-30": "", "2005-03-31": ""}, "Pre-Tax Income": {"2020-12-31": "83.86000", "2020-09-30": "-12.90000", "2020-06-30": "199.95500", "2020-03-31": "56.05600", "2019-12-31": "89.46700", "2019-09-30": "104.28600", "2019-06-30": "103.67800", "2019-03-31": "109.07800", "2018-12-31": "113.83800", "2018-09-30": "108.27900", "2018-06-30": "103.94700", "2018-03-31": "87.28500", "2017-12-31": "89.85000", "2017-09-30": "93.59000", "2017-06-30": "77.91300", "2017-03-31": "77.41400", "2016-12-31": "78.40900", "2016-09-30": "77.45400", "2016-06-30": "70.52500", "2016-03-31": "61.20800", "2015-12-31": "58.47200", "2015-09-30": "70.98900", "2015-06-30": "71.19300", "2015-03-31": "69.13400", "2014-12-31": "67.49900", "2014-09-30": "74.68500", "2014-06-30": "68.02500", "2014-03-31": "65.83600", "2013-12-31": "61.60500", "2013-09-30": "67.05400", "2013-06-30": "70.49600", "2013-03-31": "68.73800", "2012-12-31": "60.03200", "2012-09-30": "66.88700", "2012-06-30": "64.18800", "2012-03-31": "63.35200", "2011-12-31": "50.03000", "2011-09-30": "58.67600", "2011-06-30": "43.99200", "2011-03-31": "30.72900", "2010-12-31": "5.71400", "2010-09-30": "15.22100", "2010-06-30": "-12.01900", "2010-03-31": "-49.94400", "2009-12-31": "-290.71600", "2009-09-30": "18.02400", "2009-06-30": "-43.97400", "2009-03-31": "31.56700", "2008-12-31": "19.06200", "2008-09-30": "50.25200", "2008-06-30": "64.53500", "2008-03-31": "88.43100", "2007-12-31": "94.28900", "2007-09-30": "105.25100", "2007-06-30": "111.12600", "2007-03-31": "108.52800", "2006-12-31": "109.13300", "2006-09-30": "113.67900", "2006-06-30": "117.26100", "2006-03-31": "109.70600", "2005-12-31": "127.42400", "2005-09-30": "120.35000", "2005-06-30": "108.37300", "2005-03-31": "113.71200"}, "Income Taxes": {"2020-12-31": "16.85800", "2020-09-30": "-58.11400", "2020-06-30": "51.23800", "2020-03-31": "10.21900", "2019-12-31": "17.36400", "2019-09-30": "20.94700", "2019-06-30": "19.01700", "2019-03-31": "22.39200", "2018-12-31": "24.85400", "2018-09-30": "22.34900", "2018-06-30": "14.75400", "2018-03-31": "17.82900", "2017-12-31": "39.84000", "2017-09-30": "28.58900", "2017-06-30": "19.93000", "2017-03-31": "21.14400", "2016-12-31": "23.57600", "2016-09-30": "23.63800", "2016-06-30": "21.43400", "2016-03-31": "18.67400", "2015-12-31": "15.68100", "2015-09-30": "21.55100", "2015-06-30": "21.79300", "2015-03-31": "22.46200", "2014-12-31": "18.76100", "2014-09-30": "24.47800", "2014-06-30": "21.66000", "2014-03-31": "20.63700", "2013-12-31": "13.84700", "2013-09-30": "21.39600", "2013-06-30": "22.60800", "2013-03-31": "21.35000", "2012-12-31": "13.40400", "2012-09-30": "20.49200", "2012-06-30": "20.87100", "2012-03-31": "20.71900", "2011-12-31": "8.90500", "2011-09-30": "17.33700", "2011-06-30": "9.61000", "2011-03-31": "7.87600", "2010-12-31": "-8.29400", "2010-09-30": "0.91700", "2010-06-30": "-9.24000", "2010-03-31": "-23.55500", "2009-12-31": "-117.47900", "2009-09-30": "2.03000", "2009-06-30": "-26.63300", "2009-03-31": "-11.15800", "2008-12-31": "2.20300", "2008-09-30": "12.48300", "2008-06-30": "17.17600", "2008-03-31": "21.96600", "2007-12-31": "29.49800", "2007-09-30": "33.51000", "2007-06-30": "35.30100", "2007-03-31": "35.13300", "2006-12-31": "34.63200", "2006-09-30": "36.79100", "2006-06-30": "33.71200", "2006-03-31": "27.99900", "2005-12-31": "39.78300", "2005-09-30": "39.31500", "2005-06-30": "34.35800", "2005-03-31": "36.24200"}, "Income After Taxes": {"2020-12-31": "67.00200", "2020-09-30": "45.21400", "2020-06-30": "148.71700", "2020-03-31": "45.83700", "2019-12-31": "72.10300", "2019-09-30": "83.33900", "2019-06-30": "84.66100", "2019-03-31": "86.68600", "2018-12-31": "88.98400", "2018-09-30": "85.93000", "2018-06-30": "89.19300", "2018-03-31": "69.45600", "2017-12-31": "50.01000", "2017-09-30": "65.00100", "2017-06-30": "57.98300", "2017-03-31": "56.27000", "2016-12-31": "54.83300", "2016-09-30": "53.81600", "2016-06-30": "49.09100", "2016-03-31": "42.53400", "2015-12-31": "42.79100", "2015-09-30": "49.43800", "2015-06-30": "49.40000", "2015-03-31": "46.67200", "2014-12-31": "48.73800", "2014-09-30": "50.20700", "2014-06-30": "46.36500", "2014-03-31": "45.19900", "2013-12-31": "47.75800", "2013-09-30": "45.65800", "2013-06-30": "47.88800", "2013-03-31": "47.38800", "2012-12-31": "46.62800", "2012-09-30": "46.39500", "2012-06-30": "43.31700", "2012-03-31": "42.63300", "2011-12-31": "41.12500", "2011-09-30": "41.33900", "2011-06-30": "34.38200", "2011-03-31": "22.85300", "2010-12-31": "14.00800", "2010-09-30": "14.30400", "2010-06-30": "-2.77900", "2010-03-31": "-26.38900", "2009-12-31": "-173.23700", "2009-09-30": "15.99400", "2009-06-30": "-17.34100", "2009-03-31": "42.72500", "2008-12-31": "16.85900", "2008-09-30": "37.76900", "2008-06-30": "47.35900", "2008-03-31": "66.46500", "2007-12-31": "64.79100", "2007-09-30": "71.74100", "2007-06-30": "75.82500", "2007-03-31": "73.39500", "2006-12-31": "74.50100", "2006-09-30": "76.88800", "2006-06-30": "83.54900", "2006-03-31": "81.70700", "2005-12-31": "87.64100", "2005-09-30": "81.03500", "2005-06-30": "74.01500", "2005-03-31": "77.47000"}, "Other Income": {"2020-12-31": "", "2020-09-30": "", "2020-06-30": "", "2020-03-31": "", "2019-12-31": "", "2019-09-30": "", "2019-06-30": "", "2019-03-31": "", "2018-12-31": "", "2018-09-30": "", "2018-06-30": "", "2018-03-31": "", "2017-12-31": "", "2017-09-30": "", "2017-06-30": "", "2017-03-31": "", "2016-12-31": "", "2016-09-30": "", "2016-06-30": "", "2016-03-31": "", "2015-12-31": "", "2015-09-30": "", "2015-06-30": "", "2015-03-31": "", "2014-12-31": "", "2014-09-30": "", "2014-06-30": "", "2014-03-31": "", "2013-12-31": "", "2013-09-30": "", "2013-06-30": "", "2013-03-31": "", "2012-12-31": "", "2012-09-30": "", "2012-06-30": "", "2012-03-31": "", "2011-12-31": "", "2011-09-30": "", "2011-06-30": "", "2011-03-31": "", "2010-12-31": "", "2010-09-30": "", "2010-06-30": "", "2010-03-31": "", "2009-12-31": "", "2009-09-30": "", "2009-06-30": "", "2009-03-31": "", "2008-12-31": "", "2008-09-30": "", "2008-06-30": "", "2008-03-31": "", "2007-12-31": "", "2007-09-30": "", "2007-06-30": "", "2007-03-31": "", "2006-12-31": "", "2006-09-30": "", "2006-06-30": "", "2006-03-31": "", "2005-12-31": "", "2005-09-30": "", "2005-06-30": "", "2005-03-31": ""}, "Income From Continuous Operations": {"2020-12-31": "67.00200", "2020-09-30": "45.21400", "2020-06-30": "148.71700", "2020-03-31": "45.83700", "2019-12-31": "72.10300", "2019-09-30": "83.33900", "2019-06-30": "84.66100", "2019-03-31": "86.68600", "2018-12-31": "88.98400", "2018-09-30": "85.93000", "2018-06-30": "89.19300", "2018-03-31": "69.45600", "2017-12-31": "50.01000", "2017-09-30": "65.00100", "2017-06-30": "57.98300", "2017-03-31": "56.27000", "2016-12-31": "54.83300", "2016-09-30": "53.81600", "2016-06-30": "49.09100", "2016-03-31": "42.53400", "2015-12-31": "42.79100", "2015-09-30": "49.43800", "2015-06-30": "49.40000", "2015-03-31": "46.67200", "2014-12-31": "48.73800", "2014-09-30": "50.20700", "2014-06-30": "46.36500", "2014-03-31": "45.19900", "2013-12-31": "47.75800", "2013-09-30": "45.65800", "2013-06-30": "47.88800", "2013-03-31": "47.38800", "2012-12-31": "46.62800", "2012-09-30": "46.39500", "2012-06-30": "43.31700", "2012-03-31": "42.63300", "2011-12-31": "41.12500", "2011-09-30": "41.33900", "2011-06-30": "34.38200", "2011-03-31": "22.85300", "2010-12-31": "14.00800", "2010-09-30": "14.30400", "2010-06-30": "-2.77900", "2010-03-31": "-26.38900", "2009-12-31": "-173.23700", "2009-09-30": "15.99400", "2009-06-30": "-17.34100", "2009-03-31": "42.72500", "2008-12-31": "16.85900", "2008-09-30": "37.76900", "2008-06-30": "47.35900", "2008-03-31": "66.46500", "2007-12-31": "64.79100", "2007-09-30": "71.74100", "2007-06-30": "75.82500", "2007-03-31": "73.39500", "2006-12-31": "74.50100", "2006-09-30": "76.88800", "2006-06-30": "83.54900", "2006-03-31": "81.70700", "2005-12-31": "87.64100", "2005-09-30": "81.03500", "2005-06-30": "74.01500", "2005-03-31": "77.47000"}, "Income From Discontinued Operations": {"2020-12-31": "", "2020-09-30": "", "2020-06-30": "", "2020-03-31": "", "2019-12-31": "", "2019-09-30": "", "2019-06-30": "", "2019-03-31": "", "2018-12-31": "", "2018-09-30": "", "2018-06-30": "", "2018-03-31": "", "2017-12-31": "", "2017-09-30": "", "2017-06-30": "", "2017-03-31": "", "2016-12-31": "", "2016-09-30": "", "2016-06-30": "", "2016-03-31": "", "2015-12-31": "", "2015-09-30": "", "2015-06-30": "", "2015-03-31": "", "2014-12-31": "", "2014-09-30": "", "2014-06-30": "", "2014-03-31": "", "2013-12-31": "", "2013-09-30": "", "2013-06-30": "", "2013-03-31": "", "2012-12-31": "", "2012-09-30": "", "2012-06-30": "", "2012-03-31": "", "2011-12-31": "", "2011-09-30": "", "2011-06-30": "", "2011-03-31": "", "2010-12-31": "", "2010-09-30": "", "2010-06-30": "", "2010-03-31": "", "2009-12-31": "", "2009-09-30": "", "2009-06-30": "", "2009-03-31": "", "2008-12-31": "", "2008-09-30": "", "2008-06-30": "", "2008-03-31": "", "2007-12-31": "", "2007-09-30": "", "2007-06-30": "", "2007-03-31": "", "2006-12-31": "", "2006-09-30": "", "2006-06-30": "", "2006-03-31": "", "2005-12-31": "", "2005-09-30": "", "2005-06-30": "", "2005-03-31": ""}, "Net Income": {"2020-12-31": "61.79500", "2020-09-30": "40.00700", "2020-06-30": "144.57300", "2020-03-31": "42.03700", "2019-12-31": "68.30300", "2019-09-30": "79.53900", "2019-06-30": "80.86000", "2019-03-31": "82.88500", "2018-12-31": "86.13300", "2018-09-30": "83.10600", "2018-06-30": "86.42300", "2018-03-31": "67.11700", "2017-12-31": "48.00900", "2017-09-30": "62.66200", "2017-06-30": "55.30600", "2017-03-31": "53.94000", "2016-12-31": "53.03700", "2016-09-30": "51.07600", "2016-06-30": "46.92200", "2016-03-31": "40.33600", "2015-12-31": "38.71900", "2015-09-30": "47.25400", "2015-06-30": "47.85500", "2015-03-31": "45.44400", "2014-12-31": "47.51300", "2014-09-30": "48.95200", "2014-06-30": "45.08700", "2014-03-31": "43.95500", "2013-12-31": "46.48500", "2013-09-30": "44.37300", "2013-06-30": "46.58800", "2013-03-31": "46.08800", "2012-12-31": "45.32800", "2012-09-30": "45.09500", "2012-06-30": "42.01700", "2012-03-31": "41.33300", "2011-12-31": "39.82500", "2011-09-30": "34.03400", "2011-06-30": "25.57000", "2011-03-31": "15.44000", "2010-12-31": "6.60800", "2010-09-30": "6.91500", "2010-06-30": "-10.15600", "2010-03-31": "-33.75400", "2009-12-31": "-180.59100", "2009-09-30": "8.65200", "2009-06-30": "-24.67200", "2009-03-31": "35.40400", "2008-12-31": "13.60900", "2008-09-30": "37.76900", "2008-06-30": "47.35900", "2008-03-31": "66.46500", "2007-12-31": "64.79100", "2007-09-30": "71.74100", "2007-06-30": "75.82500", "2007-03-31": "73.39500", "2006-12-31": "74.50100", "2006-09-30": "76.88800", "2006-06-30": "83.54900", "2006-03-31": "81.70700", "2005-12-31": "87.64100", "2005-09-30": "81.03500", "2005-06-30": "74.01500", "2005-03-31": "77.47000"}, "EBITDA": {"2020-12-31": "", "2020-09-30": "", "2020-06-30": "", "2020-03-31": "", "2019-12-31": "", "2019-09-30": "", "2019-06-30": "", "2019-03-31": "", "2018-12-31": "", "2018-09-30": "", "2018-06-30": "", "2018-03-31": "", "2017-12-31": "", "2017-09-30": "", "2017-06-30": "", "2017-03-31": "", "2016-12-31": "", "2016-09-30": "", "2016-06-30": "", "2016-03-31": "", "2015-12-31": "", "2015-09-30": "", "2015-06-30": "", "2015-03-31": "", "2014-12-31": "", "2014-09-30": "", "2014-06-30": "", "2014-03-31": "", "2013-12-31": "", "2013-09-30": "", "2013-06-30": "", "2013-03-31": "", "2012-12-31": "", "2012-09-30": "", "2012-06-30": "", "2012-03-31": "", "2011-12-31": "", "2011-09-30": "", "2011-06-30": "", "2011-03-31": "", "2010-12-31": "", "2010-09-30": "", "2010-06-30": "", "2010-03-31": "", "2009-12-31": "", "2009-09-30": "", "2009-06-30": "", "2009-03-31": "", "2008-12-31": "", "2008-09-30": "", "2008-06-30": "", "2008-03-31": "", "2007-12-31": "", "2007-09-30": "", "2007-06-30": "", "2007-03-31": "", "2006-12-31": "", "2006-09-30": "", "2006-06-30": "", "2006-03-31": "", "2005-12-31": "", "2005-09-30": "", "2005-06-30": "", "2005-03-31": ""}, "EBIT": {"2020-12-31": "", "2020-09-30": "", "2020-06-30": "", "2020-03-31": "", "2019-12-31": "", "2019-09-30": "", "2019-06-30": "", "2019-03-31": "", "2018-12-31": "", "2018-09-30": "", "2018-06-30": "", "2018-03-31": "", "2017-12-31": "", "2017-09-30": "", "2017-06-30": "", "2017-03-31": "", "2016-12-31": "", "2016-09-30": "", "2016-06-30": "", "2016-03-31": "", "2015-12-31": "", "2015-09-30": "", "2015-06-30": "", "2015-03-31": "", "2014-12-31": "", "2014-09-30": "", "2014-06-30": "", "2014-03-31": "", "2013-12-31": "", "2013-09-30": "", "2013-06-30": "", "2013-03-31": "", "2012-12-31": "", "2012-09-30": "", "2012-06-30": "", "2012-03-31": "", "2011-12-31": "", "2011-09-30": "", "2011-06-30": "", "2011-03-31": "", "2010-12-31": "", "2010-09-30": "", "2010-06-30": "", "2010-03-31": "", "2009-12-31": "", "2009-09-30": "", "2009-06-30": "", "2009-03-31": "", "2008-12-31": "", "2008-09-30": "", "2008-06-30": "", "2008-03-31": "", "2007-12-31": "", "2007-09-30": "", "2007-06-30": "", "2007-03-31": "", "2006-12-31": "", "2006-09-30": "", "2006-06-30": "", "2006-03-31": "", "2005-12-31": "", "2005-09-30": "", "2005-06-30": "", "2005-03-31": ""}, "Basic Shares Outstanding": {"2020-12-31": "152.49700", "2020-09-30": "152.44000", "2020-06-30": "152.39300", "2020-03-31": "154.70100", "2019-12-31": "160.53400", "2019-09-30": "159.12600", "2019-06-30": "162.18000", "2019-03-31": "163.92800", "2018-12-31": "167.34500", "2018-09-30": "170.51600", "2018-06-30": "170.63300", "2018-03-31": "163.52000", "2017-12-31": "150.87700", "2017-09-30": "150.56500", "2017-06-30": "151.57300", "2017-03-31": "150.81500", "2016-12-31": "148.76900", "2016-09-30": "148.70800", "2016-06-30": "148.51100", "2016-03-31": "148.60100", "2015-12-31": "149.35000", "2015-09-30": "148.61400", "2015-06-30": "149.90300", "2015-03-31": "150.07000", "2014-12-31": "157.28600", "2014-09-30": "155.92500", "2014-06-30": "159.94000", "2014-03-31": "161.46700", "2013-12-31": "165.58400", "2013-09-30": "164.95400", "2013-06-30": "166.60500", "2013-03-31": "168.23400", "2012-12-31": "172.25500", "2012-09-30": "171.65000", "2012-06-30": "172.83900", "2012-03-31": "173.84600", "2011-12-31": "173.37000", "2011-09-30": "173.41800", "2011-06-30": "173.32300", "2011-03-31": "173.21300", "2010-12-31": "171.23000", "2010-09-30": "172.98900", "2010-06-30": "172.92100", "2010-03-31": "165.84200", "2009-12-31": "127.85800", "2009-09-30": "127.86300", "2009-06-30": "127.86100", "2009-03-31": "127.83900", "2008-12-31": "127.50100", "2008-09-30": "127.55300", "2008-06-30": "127.43300", "2008-03-31": "127.29800", "2007-12-31": "127.40800", "2007-09-30": "126.95800", "2007-06-30": "127.60600", "2007-03-31": "127.98800", "2006-12-31": "132.00600", "2006-09-30": "131.52000", "2006-06-30": "132.25900", "2006-03-31": "135.11400", "2005-12-31": "130.55400", "2005-09-30": "127.87500", "2005-06-30": "128.99000", "2005-03-31": "129.78100"}, "Shares Outstanding": {"2020-12-31": "153.26200", "2020-09-30": "153.19400", "2020-06-30": "153.15000", "2020-03-31": "155.61900", "2019-12-31": "161.93200", "2019-09-30": "160.38200", "2019-06-30": "163.67200", "2019-03-31": "165.43300", "2018-12-31": "169.73200", "2018-09-30": "172.80200", "2018-06-30": "173.40900", "2018-03-31": "166.43200", "2017-12-31": "153.64700", "2017-09-30": "152.96800", "2017-06-30": "154.30200", "2017-03-31": "153.86900", "2016-12-31": "149.96100", "2016-09-30": "149.97300", "2016-06-30": "149.53000", "2016-03-31": "149.45400", "2015-12-31": "150.60300", "2015-09-30": "149.79900", "2015-06-30": "151.10800", "2015-03-31": "151.16400", "2014-12-31": "158.25400", "2014-09-30": "156.99100", "2014-06-30": "160.83800", "2014-03-31": "162.18800", "2013-12-31": "165.80200", "2013-09-30": "165.44300", "2013-06-30": "166.74800", "2013-03-31": "168.40400", "2012-12-31": "172.35700", "2012-09-30": "171.78000", "2012-06-30": "172.84100", "2012-03-31": "173.84800", "2011-12-31": "173.37200", "2011-09-30": "173.41800", "2011-06-30": "173.32700", "2011-03-31": "173.21700", "2010-12-31": "171.23000", "2010-09-30": "172.99000", "2010-06-30": "172.92100", "2010-03-31": "165.84200", "2009-12-31": "127.85800", "2009-09-30": "127.86300", "2009-06-30": "127.86100", "2009-03-31": "127.84500", "2008-12-31": "127.77500", "2008-09-30": "127.62200", "2008-06-30": "127.90900", "2008-03-31": "127.79700", "2007-12-31": "128.37400", "2007-09-30": "127.84700", "2007-06-30": "128.75000", "2007-03-31": "129.29900", "2006-12-31": "133.13200", "2006-09-30": "132.59100", "2006-06-30": "133.44100", "2006-03-31": "136.40400", "2005-12-31": "131.93100", "2005-09-30": "129.34600", "2005-06-30": "130.46300", "2005-03-31": "131.35800"}, "Basic EPS": {"2020-12-31": "0.40000", "2020-09-30": "0.26000", "2020-06-30": "0.94000", "2020-03-31": "0.27000", "2019-12-31": "0.44000", "2019-09-30": "0.50000", "2019-06-30": "0.49000", "2019-03-31": "0.50000", "2018-12-31": "0.51000", "2018-09-30": "0.49000", "2018-06-30": "0.51000", "2018-03-31": "0.41000", "2017-12-31": "0.32000", "2017-09-30": "0.41000", "2017-06-30": "0.36000", "2017-03-31": "0.36000", "2016-12-31": "0.35000", "2016-09-30": "0.34000", "2016-06-30": "0.31000", "2016-03-31": "0.27000", "2015-12-31": "0.27000", "2015-09-30": "0.31000", "2015-06-30": "0.32000", "2015-03-31": "0.30000", "2014-12-31": "0.31000", "2014-09-30": "0.31000", "2014-06-30": "0.28000", "2014-03-31": "0.27000", "2013-12-31": "0.28000", "2013-09-30": "0.27000", "2013-06-30": "0.28000", "2013-03-31": "0.27000", "2012-12-31": "0.26000", "2012-09-30": "0.26000", "2012-06-30": "0.24000", "2012-03-31": "0.24000", "2011-12-31": "0.22000", "2011-09-30": "0.20000", "2011-06-30": "0.15000", "2011-03-31": "0.09000", "2010-12-31": "0.04000", "2010-09-30": "0.04000", "2010-06-30": "-0.06000", "2010-03-31": "-0.20000", "2009-12-31": "-1.42000", "2009-09-30": "0.07000", "2009-06-30": "-0.19000", "2009-03-31": "0.28000", "2008-12-31": "0.10000", "2008-09-30": "0.30000", "2008-06-30": "0.37000", "2008-03-31": "0.52000", "2007-12-31": "0.51000", "2007-09-30": "0.57000", "2007-06-30": "0.59000", "2007-03-31": "0.57000", "2006-12-31": "0.59000", "2006-09-30": "0.58000", "2006-06-30": "0.63000", "2006-03-31": "0.60000", "2005-12-31": "0.65000", "2005-09-30": "0.63000", "2005-06-30": "0.57000", "2005-03-31": "0.60000"}, "EPS - Earnings Per Share": {"2020-12-31": "0.40000", "2020-09-30": "0.26000", "2020-06-30": "0.94000", "2020-03-31": "0.27000", "2019-12-31": "0.43000", "2019-09-30": "0.49000", "2019-06-30": "0.49000", "2019-03-31": "0.50000", "2018-12-31": "0.51000", "2018-09-30": "0.48000", "2018-06-30": "0.50000", "2018-03-31": "0.40000", "2017-12-31": "0.30000", "2017-09-30": "0.41000", "2017-06-30": "0.36000", "2017-03-31": "0.35000", "2016-12-31": "0.34000", "2016-09-30": "0.34000", "2016-06-30": "0.31000", "2016-03-31": "0.27000", "2015-12-31": "0.27000", "2015-09-30": "0.31000", "2015-06-30": "0.31000", "2015-03-31": "0.30000", "2014-12-31": "0.30000", "2014-09-30": "0.31000", "2014-06-30": "0.28000", "2014-03-31": "0.27000", "2013-12-31": "0.28000", "2013-09-30": "0.27000", "2013-06-30": "0.28000", "2013-03-31": "0.27000", "2012-12-31": "0.26000", "2012-09-30": "0.26000", "2012-06-30": "0.24000", "2012-03-31": "0.24000", "2011-12-31": "0.22000", "2011-09-30": "0.20000", "2011-06-30": "0.15000", "2011-03-31": "0.09000", "2010-12-31": "0.04000", "2010-09-30": "0.04000", "2010-06-30": "-0.06000", "2010-03-31": "-0.20000", "2009-12-31": "-1.42000", "2009-09-30": "0.07000", "2009-06-30": "-0.19000", "2009-03-31": "0.28000", "2008-12-31": "0.10000", "2008-09-30": "0.30000", "2008-06-30": "0.37000", "2008-03-31": "0.52000", "2007-12-31": "0.50000", "2007-09-30": "0.56000", "2007-06-30": "0.59000", "2007-03-31": "0.57000", "2006-12-31": "0.57000", "2006-09-30": "0.58000", "2006-06-30": "0.63000", "2006-03-31": "0.60000", "2005-12-31": "0.64000", "2005-09-30": "0.63000", "2005-06-30": "0.57000", "2005-03-31": "0.59000"}}, "balance sheet": {"Cash On Hand": {"2020-12-31": "716.04800", "2019-12-31": "588.74400", "2018-12-31": "876.69800", "2017-12-31": "785.69300", "2016-12-31": "694.63100", "2015-12-31": "505.87700", "2014-12-31": "1067.23000", "2013-12-31": "645.97300", "2012-12-31": "808.58400", "2011-12-31": "689.84800", "2010-12-31": "868.16200", "2009-12-31": "820.69200", "2008-12-31": "570.72800", "2007-12-31": "587.14900", "2006-12-31": "482.03600", "2005-12-31": "492.29500"}, "Receivables": {"2020-12-31": "", "2019-12-31": "", "2018-12-31": "", "2017-12-31": "", "2016-12-31": "", "2015-12-31": "", "2014-12-31": "", "2013-12-31": "", "2012-12-31": "", "2011-12-31": "", "2010-12-31": "", "2009-12-31": "", "2008-12-31": "", "2007-12-31": "", "2006-12-31": "", "2005-12-31": ""}, "Inventory": {"2020-12-31": "", "2019-12-31": "", "2018-12-31": "", "2017-12-31": "", "2016-12-31": "", "2015-12-31": "", "2014-12-31": "", "2013-12-31": "", "2012-12-31": "", "2011-12-31": "", "2010-12-31": "", "2009-12-31": "", "2008-12-31": "", "2007-12-31": "", "2006-12-31": "", "2005-12-31": ""}, "Pre-Paid Expenses": {"2020-12-31": "", "2019-12-31": "", "2018-12-31": "", "2017-12-31": "", "2016-12-31": "", "2015-12-31": "", "2014-12-31": "", "2013-12-31": "", "2012-12-31": "", "2011-12-31": "", "2010-12-31": "", "2009-12-31": "", "2008-12-31": "", "2007-12-31": "", "2006-12-31": "", "2005-12-31": ""}, "Other Current Assets": {"2020-12-31": "", "2019-12-31": "", "2018-12-31": "", "2017-12-31": "", "2016-12-31": "", "2015-12-31": "", "2014-12-31": "", "2013-12-31": "", "2012-12-31": "", "2011-12-31": "", "2010-12-31": "", "2009-12-31": "", "2008-12-31": "", "2007-12-31": "", "2006-12-31": "", "2005-12-31": ""}, "Total Current Assets": {"2020-12-31": "25003.49000", "2019-12-31": "23360.09000", "2018-12-31": "23658.37000", "2017-12-31": "21390.35000", "2016-12-31": "20591.50000", "2015-12-31": "19070.87000", "2014-12-31": "18549.71000", "2013-12-31": "16338.66000", "2012-12-31": "16183.61000", "2011-12-31": "14591.96000", "2010-12-31": "13152.89000", "2009-12-31": "14457.02000", "2008-12-31": "16676.34000", "2007-12-31": "15997.27000", "2006-12-31": "15530.83000", "2005-12-31": "15553.06000"}, "Property, Plant, And Equipment": {"2020-12-31": "418.91400", "2019-12-31": "435.28400", "2018-12-31": "363.22500", "2017-12-31": "330.96300", "2016-12-31": "330.31500", "2015-12-31": "267.60600", "2014-12-31": "274.68800", "2013-12-31": "270.89000", "2012-12-31": "253.95800", "2011-12-31": "223.73600", "2010-12-31": "190.53300", "2009-12-31": "186.56400", "2008-12-31": "190.94200", "2007-12-31": "197.44600", "2006-12-31": "196.00700", "2005-12-31": "206.15300"}, "Long-Term Investments": {"2020-12-31": "5147.76500", "2019-12-31": "5710.10600", "2018-12-31": "6939.55400", "2017-12-31": "6662.10300", "2016-12-31": "6093.76300", "2015-12-31": "6282.88400", "2014-12-31": "5990.37400", "2013-12-31": "5607.04400", "2012-12-31": "5133.40900", "2011-12-31": "5128.67100", "2010-12-31": "6292.30900", "2009-12-31": "6016.84900", "2008-12-31": "5349.41700", "2007-12-31": "3543.01900", "2006-12-31": "3436.62100", "2005-12-31": "4711.60500"}, "Goodwill And Intangible Assets": {"2020-12-31": "1219.51500", "2019-12-31": "1331.83700", "2018-12-31": "1313.05200", "2017-12-31": "1050.20300", "2016-12-31": "1048.80400", "2015-12-31": "1046.64300", "2014-12-31": "996.75000", "2013-12-31": "1003.63200", "2012-12-31": "990.34410", "2011-12-31": "996.74200", "2010-12-31": "1017.21200", "2009-12-31": "1021.97500", "2008-12-31": "1009.33300", "2007-12-31": "1021.38800", "2006-12-31": "980.86300", "2005-12-31": "998.03800"}, "Other Long-Term Assets": {"2020-12-31": "1630.09800", "2019-12-31": "1549.15900", "2018-12-31": "1340.92200", "2017-12-31": "1049.97700", "2016-12-31": "1074.93700", "2015-12-31": "1043.83100", "2014-12-31": "1010.25300", "2013-12-31": "1006.69700", "2012-12-31": "926.41700", "2011-12-31": "983.10500", "2010-12-31": "1132.65000", "2009-12-31": "1191.73200", "2008-12-31": "966.03300", "2007-12-31": "832.95800", "2006-12-31": "717.05400", "2005-12-31": "631.22100"}, "Total Long-Term Assets": {"2020-12-31": "8416.29200", "2019-12-31": "9026.38600", "2018-12-31": "9956.75300", "2017-12-31": "9093.24600", "2016-12-31": "8547.81800", "2015-12-31": "8640.96500", "2014-12-31": "8272.06500", "2013-12-31": "7888.26300", "2012-12-31": "7304.12800", "2011-12-31": "7332.25400", "2010-12-31": "8632.70400", "2009-12-31": "8417.12000", "2008-12-31": "7515.72500", "2007-12-31": "5594.81100", "2006-12-31": "5330.54500", "2005-12-31": "6547.01700"}, "Total Assets": {"2020-12-31": "33419.78000", "2019-12-31": "32386.48000", "2018-12-31": "33615.12000", "2017-12-31": "30483.59000", "2016-12-31": "29139.31000", "2015-12-31": "27711.84000", "2014-12-31": "26821.77000", "2013-12-31": "24226.92000", "2012-12-31": "23487.73000", "2011-12-31": "21924.22000", "2010-12-31": "21785.60000", "2009-12-31": "22874.14000", "2008-12-31": "24192.07000", "2007-12-31": "21592.08000", "2006-12-31": "20861.38000", "2005-12-31": "22100.08000"}, "Total Current Liabilities": {"2020-12-31": "27098.88000", "2019-12-31": "24734.04000", "2018-12-31": "25464.25000", "2017-12-31": "23564.70000", "2016-12-31": "23286.21000", "2015-12-31": "22098.42000", "2014-12-31": "20091.40000", "2013-12-31": "18248.37000", "2012-12-31": "19535.99000", "2011-12-31": "17881.36000", "2010-12-31": "17213.20000", "2009-12-31": "18181.53000", "2008-12-31": "19453.92000", "2007-12-31": "17397.60000", "2006-12-31": "16544.75000", "2005-12-31": "16426.63000"}, "Long Term Debt": {"2020-12-31": "2182.18800", "2019-12-31": "3730.31000", "2018-12-31": "4369.98200", "2017-12-31": "3681.45000", "2016-12-31": "2761.79500", "2015-12-31": "2676.16400", "2014-12-31": "3930.11700", "2013-12-31": "3087.26700", "2012-12-31": "1015.34600", "2011-12-31": "1177.07100", "2010-12-31": "1413.60500", "2009-12-31": "1953.99800", "2008-12-31": "1861.64700", "2007-12-31": "1864.77100", "2006-12-31": "2071.14200", "2005-12-31": "3348.47600"}, "Other Non-Current Liabilities": {"2020-12-31": "47.77600", "2019-12-31": "", "2018-12-31": "", "2017-12-31": "", "2016-12-31": "", "2015-12-31": "", "2014-12-31": "", "2013-12-31": "", "2012-12-31": "", "2011-12-31": "", "2010-12-31": "", "2009-12-31": "", "2008-12-31": "", "2007-12-31": "", "2006-12-31": "", "2005-12-31": ""}, "Total Long Term Liabilities": {"2020-12-31": "2229.96400", "2019-12-31": "3730.31000", "2018-12-31": "4369.98200", "2017-12-31": "3681.45000", "2016-12-31": "2761.79500", "2015-12-31": "2676.16400", "2014-12-31": "3930.11700", "2013-12-31": "3087.26700", "2012-12-31": "1015.34600", "2011-12-31": "1177.07100", "2010-12-31": "1413.60500", "2009-12-31": "1953.99800", "2008-12-31": "1861.64700", "2007-12-31": "1864.77100", "2006-12-31": "2071.14200", "2005-12-31": "3348.47600"}, "Total Liabilities": {"2020-12-31": "29328.85000", "2019-12-31": "28464.36000", "2018-12-31": "29834.23000", "2017-12-31": "27246.15000", "2016-12-31": "26048.00000", "2015-12-31": "24774.59000", "2014-12-31": "24021.52000", "2013-12-31": "21335.63000", "2012-12-31": "20551.34000", "2011-12-31": "19058.42000", "2010-12-31": "18626.80000", "2009-12-31": "20135.53000", "2008-12-31": "21315.56000", "2007-12-31": "19262.38000", "2006-12-31": "18615.89000", "2005-12-31": "19775.10000"}, "Common Stock Net": {"2020-12-31": "3737.42100", "2019-12-31": "1.75200", "2018-12-31": "1.75200", "2017-12-31": "1.61800", "2016-12-31": "1.63000", "2015-12-31": "1.64200", "2014-12-31": "1.66500", "2013-12-31": "1.75000", "2012-12-31": "1.75000", "2011-12-31": "1.74600", "2010-12-31": "1.73900", "2009-12-31": "1.28400", "2008-12-31": "1.28100", "2007-12-31": "1.27800", "2006-12-31": "1.30400", "2005-12-31": "1.35700"}, "Retained Earnings (Accumulated Deficit)": {"2020-12-31": "", "2019-12-31": "2380.86700", "2018-12-31": "2181.41400", "2017-12-31": "1934.69600", "2016-12-31": "1695.76400", "2015-12-31": "1593.23900", "2014-12-31": "1497.81800", "2013-12-31": "1392.50800", "2012-12-31": "1281.81100", "2011-12-31": "1148.77300", "2010-12-31": "1041.66600", "2009-12-31": "1081.15600", "2008-12-31": "1293.94100", "2007-12-31": "1305.13600", "2006-12-31": "1189.65800", "2005-12-31": "1029.24700"}, "Comprehensive Income": {"2020-12-31": "", "2019-12-31": "-33.18300", "2018-12-31": "-124.97200", "2017-12-31": "-62.75800", "2016-12-31": "-54.67900", "2015-12-31": "-32.61600", "2014-12-31": "-4.85000", "2013-12-31": "-24.24400", "2012-12-31": "48.60300", "2011-12-31": "65.60200", "2010-12-31": "27.62600", "2009-12-31": "63.43200", "2008-12-31": "0.05500", "2007-12-31": "-2.49800", "2006-12-31": "-16.45300", "2005-12-31": "-3.93800"}, "Other Share Holders Equity": {"2020-12-31": "", "2019-12-31": "", "2018-12-31": "", "2017-12-31": "", "2016-12-31": "", "2015-12-31": "", "2014-12-31": "", "2013-12-31": "", "2012-12-31": "", "2011-12-31": "", "2010-12-31": "", "2009-12-31": "", "2008-12-31": "", "2007-12-31": "", "2006-12-31": "", "2005-12-31": ""}, "Share Holder Equity": {"2020-12-31": "4090.93300", "2019-12-31": "3922.12400", "2018-12-31": "3780.88800", "2017-12-31": "3237.44300", "2016-12-31": "3091.31200", "2015-12-31": "2937.24600", "2014-12-31": "2800.25100", "2013-12-31": "2891.29000", "2012-12-31": "2936.39900", "2011-12-31": "2865.79400", "2010-12-31": "3158.79100", "2009-12-31": "2738.60800", "2008-12-31": "2876.50300", "2007-12-31": "2329.70500", "2006-12-31": "2245.49300", "2005-12-31": "2324.97800"}, "Total Liabilities And Share Holders Equity": {"2020-12-31": "33419.78000", "2019-12-31": "32386.48000", "2018-12-31": "33615.12000", "2017-12-31": "30483.59000", "2016-12-31": "29139.31000", "2015-12-31": "27711.84000", "2014-12-31": "26821.77000", "2013-12-31": "24226.92000", "2012-12-31": "23487.73000", "2011-12-31": "21924.22000", "2010-12-31": "21785.60000", "2009-12-31": "22874.14000", "2008-12-31": "24192.07000", "2007-12-31": "21592.08000", "2006-12-31": "20861.38000", "2005-12-31": "22100.08000"}}, "balance sheet, quarterly": {"Cash On Hand": {"2020-12-31": "716.04800", "2020-09-30": "1113.66200", "2020-06-30": "2012.69100", "2020-03-31": "679.23200", "2019-12-31": "588.74400", "2019-09-30": "759.54500", "2019-06-30": "557.07800", "2019-03-31": "724.26290", "2018-12-31": "876.69800", "2018-09-30": "686.66900", "2018-06-30": "604.29200", "2018-03-31": "536.06800", "2017-12-31": "785.69300", "2017-09-30": "540.05600", "2017-06-30": "614.48500", "2017-03-31": "738.77400", "2016-12-31": "694.63100", "2016-09-30": "671.08700", "2016-06-30": "554.99200", "2016-03-31": "428.49500", "2015-12-31": "505.87700", "2015-09-30": "453.96600", "2015-06-30": "552.17800", "2015-03-31": "889.68300", "2014-12-31": "1067.23000", "2014-09-30": "508.55700", "2014-06-30": "686.88100", "2014-03-31": "664.24400", "2013-12-31": "645.97300", "2013-09-30": "878.57200", "2013-06-30": "604.70100", "2013-03-31": "492.41600", "2012-12-31": "808.58400", "2012-09-30": "1029.45100", "2012-06-30": "672.09400", "2012-03-31": "711.97600", "2011-12-31": "689.84800", "2011-09-30": "665.47200", "2011-06-30": "1094.75700", "2011-03-31": "799.14900", "2010-12-31": "868.16200", "2010-09-30": "2538.71700", "2010-06-30": "2549.41300", "2010-03-31": "2302.63000", "2009-12-31": "820.69200", "2009-09-30": "460.52600", "2009-06-30": "511.06600", "2009-03-31": "439.75000", "2008-12-31": "570.72800", "2008-09-30": "696.07510", "2008-06-30": "661.27200", "2008-03-31": "523.43700", "2007-12-31": "587.14900", "2007-09-30": "380.91200", "2007-06-30": "462.44400", "2007-03-31": "353.13500", "2006-12-31": "482.03600", "2006-09-30": "429.78500", "2006-06-30": "465.53600", "2006-03-31": "433.47700", "2005-12-31": "492.29500", "2005-09-30": "504.23000", "2005-06-30": "467.77300", "2005-03-31": "357.34400"}, "Receivables": {"2020-12-31": "", "2020-09-30": "", "2020-06-30": "", "2020-03-31": "", "2019-12-31": "", "2019-09-30": "", "2019-06-30": "", "2019-03-31": "", "2018-12-31": "", "2018-09-30": "", "2018-06-30": "", "2018-03-31": "", "2017-12-31": "", "2017-09-30": "", "2017-06-30": "", "2017-03-31": "", "2016-12-31": "", "2016-09-30": "", "2016-06-30": "", "2016-03-31": "", "2015-12-31": "", "2015-09-30": "", "2015-06-30": "", "2015-03-31": "", "2014-12-31": "", "2014-09-30": "", "2014-06-30": "", "2014-03-31": "", "2013-12-31": "", "2013-09-30": "", "2013-06-30": "", "2013-03-31": "", "2012-12-31": "", "2012-09-30": "", "2012-06-30": "", "2012-03-31": "", "2011-12-31": "", "2011-09-30": "", "2011-06-30": "", "2011-03-31": "", "2010-12-31": "", "2010-09-30": "", "2010-06-30": "", "2010-03-31": "", "2009-12-31": "", "2009-09-30": "", "2009-06-30": "", "2009-03-31": "", "2008-12-31": "", "2008-09-30": "", "2008-06-30": "", "2008-03-31": "", "2007-12-31": "", "2007-09-30": "", "2007-06-30": "", "2007-03-31": "", "2006-12-31": "", "2006-09-30": "", "2006-06-30": "", "2006-03-31": "", "2005-12-31": "", "2005-09-30": "", "2005-06-30": "", "2005-03-31": ""}, "Inventory": {"2020-12-31": "", "2020-09-30": "", "2020-06-30": "", "2020-03-31": "", "2019-12-31": "", "2019-09-30": "", "2019-06-30": "", "2019-03-31": "", "2018-12-31": "", "2018-09-30": "", "2018-06-30": "", "2018-03-31": "", "2017-12-31": "", "2017-09-30": "", "2017-06-30": "", "2017-03-31": "", "2016-12-31": "", "2016-09-30": "", "2016-06-30": "", "2016-03-31": "", "2015-12-31": "", "2015-09-30": "", "2015-06-30": "", "2015-03-31": "", "2014-12-31": "", "2014-09-30": "", "2014-06-30": "", "2014-03-31": "", "2013-12-31": "", "2013-09-30": "", "2013-06-30": "", "2013-03-31": "", "2012-12-31": "", "2012-09-30": "", "2012-06-30": "", "2012-03-31": "", "2011-12-31": "", "2011-09-30": "", "2011-06-30": "", "2011-03-31": "", "2010-12-31": "", "2010-09-30": "", "2010-06-30": "", "2010-03-31": "", "2009-12-31": "", "2009-09-30": "", "2009-06-30": "", "2009-03-31": "", "2008-12-31": "", "2008-09-30": "", "2008-06-30": "", "2008-03-31": "", "2007-12-31": "", "2007-09-30": "", "2007-06-30": "", "2007-03-31": "", "2006-12-31": "", "2006-09-30": "", "2006-06-30": "", "2006-03-31": "", "2005-12-31": "", "2005-09-30": "", "2005-06-30": "", "2005-03-31": ""}, "Pre-Paid Expenses": {"2020-12-31": "", "2020-09-30": "", "2020-06-30": "", "2020-03-31": "", "2019-12-31": "", "2019-09-30": "", "2019-06-30": "", "2019-03-31": "", "2018-12-31": "", "2018-09-30": "", "2018-06-30": "", "2018-03-31": "", "2017-12-31": "", "2017-09-30": "", "2017-06-30": "", "2017-03-31": "", "2016-12-31": "", "2016-09-30": "", "2016-06-30": "", "2016-03-31": "", "2015-12-31": "", "2015-09-30": "", "2015-06-30": "", "2015-03-31": "", "2014-12-31": "", "2014-09-30": "", "2014-06-30": "", "2014-03-31": "", "2013-12-31": "", "2013-09-30": "", "2013-06-30": "", "2013-03-31": "", "2012-12-31": "", "2012-09-30": "", "2012-06-30": "", "2012-03-31": "", "2011-12-31": "", "2011-09-30": "", "2011-06-30": "", "2011-03-31": "", "2010-12-31": "", "2010-09-30": "", "2010-06-30": "", "2010-03-31": "", "2009-12-31": "", "2009-09-30": "", "2009-06-30": "", "2009-03-31": "", "2008-12-31": "", "2008-09-30": "", "2008-06-30": "", "2008-03-31": "", "2007-12-31": "", "2007-09-30": "", "2007-06-30": "", "2007-03-31": "", "2006-12-31": "", "2006-09-30": "", "2006-06-30": "", "2006-03-31": "", "2005-12-31": "", "2005-09-30": "", "2005-06-30": "", "2005-03-31": ""}, "Other Current Assets": {"2020-12-31": "", "2020-09-30": "", "2020-06-30": "", "2020-03-31": "", "2019-12-31": "", "2019-09-30": "", "2019-06-30": "", "2019-03-31": "", "2018-12-31": "", "2018-09-30": "", "2018-06-30": "", "2018-03-31": "", "2017-12-31": "", "2017-09-30": "", "2017-06-30": "", "2017-03-31": "", "2016-12-31": "", "2016-09-30": "", "2016-06-30": "", "2016-03-31": "", "2015-12-31": "", "2015-09-30": "", "2015-06-30": "", "2015-03-31": "", "2014-12-31": "", "2014-09-30": "", "2014-06-30": "", "2014-03-31": "", "2013-12-31": "", "2013-09-30": "", "2013-06-30": "", "2013-03-31": "", "2012-12-31": "", "2012-09-30": "", "2012-06-30": "", "2012-03-31": "", "2011-12-31": "", "2011-09-30": "", "2011-06-30": "", "2011-03-31": "", "2010-12-31": "", "2010-09-30": "", "2010-06-30": "", "2010-03-31": "", "2009-12-31": "", "2009-09-30": "", "2009-06-30": "", "2009-03-31": "", "2008-12-31": "", "2008-09-30": "", "2008-06-30": "", "2008-03-31": "", "2007-12-31": "", "2007-09-30": "", "2007-06-30": "", "2007-03-31": "", "2006-12-31": "", "2006-09-30": "", "2006-06-30": "", "2006-03-31": "", "2005-12-31": "", "2005-09-30": "", "2005-06-30": "", "2005-03-31": ""}, "Total Current Assets": {"2020-12-31": "25003.49000", "2020-09-30": "25973.81000", "2020-06-30": "26768.89000", "2020-03-31": "25165.78000", "2019-12-31": "23451.29000", "2019-09-30": "23449.08000", "2019-06-30": "23713.69000", "2019-03-31": "23734.40000", "2018-12-31": "23658.37000", "2018-09-30": "23482.34000", "2018-06-30": "23471.50000", "2018-03-31": "23199.55000", "2017-12-31": "21390.35000", "2017-09-30": "21317.75000", "2017-06-30": "21162.85000", "2017-03-31": "20640.74000", "2016-12-31": "20591.50000", "2016-09-30": "20476.35000", "2016-06-30": "20386.88000", "2016-03-31": "19506.70000", "2015-12-31": "19070.87000", "2015-09-30": "18821.35000", "2015-06-30": "18745.04000", "2015-03-31": "18763.41000", "2014-12-31": "18549.71000", "2014-09-30": "17543.06000", "2014-06-30": "17538.74000", "2014-03-31": "16884.30000", "2013-12-31": "16338.66000", "2013-09-30": "16294.75000", "2013-06-30": "16277.66000", "2013-03-31": "15930.44000", "2012-12-31": "16183.61000", "2012-09-30": "15837.60000", "2012-06-30": "15195.82000", "2012-03-31": "14805.98000", "2011-12-31": "14591.96000", "2011-09-30": "13970.39000", "2011-06-30": "13842.71000", "2011-03-31": "13085.50000", "2010-12-31": "13152.89000", "2010-09-30": "14663.76000", "2010-06-30": "14904.47000", "2010-03-31": "15300.38000", "2009-12-31": "14457.02000", "2009-09-30": "14892.34000", "2009-06-30": "15838.84000", "2009-03-31": "16399.55000", "2008-12-31": "16676.34000", "2008-09-30": "16763.29000", "2008-06-30": "16633.05000", "2008-03-31": "16224.77000", "2007-12-31": "15997.27000", "2007-09-30": "15417.74000", "2007-06-30": "15485.32000", "2007-03-31": "15097.95000", "2006-12-31": "15530.83000", "2006-09-30": "15598.29000", "2006-06-30": "15721.77000", "2006-03-31": "15817.08000", "2005-12-31": "15553.06000", "2005-09-30": "14519.76000", "2005-06-30": "14444.33000", "2005-03-31": "14170.60000"}, "Property, Plant, And Equipment": {"2020-12-31": "418.91400", "2020-09-30": "422.22200", "2020-06-30": "434.04200", "2020-03-31": "438.46900", "2019-12-31": "435.28400", "2019-09-30": "436.26800", "2019-06-30": "432.05800", "2019-03-31": "361.66800", "2018-12-31": "363.22500", "2018-09-30": "358.92600", "2018-06-30": "361.38500", "2018-03-31": "381.32700", "2017-12-31": "330.96300", "2017-09-30": "330.06500", "2017-06-30": "328.40400", "2017-03-31": "332.88400", "2016-12-31": "330.31500", "2016-09-30": "329.72600", "2016-06-30": "331.42700", "2016-03-31": "331.71100", "2015-12-31": "267.60600", "2015-09-30": "271.11900", "2015-06-30": "274.33800", "2015-03-31": "274.59100", "2014-12-31": "274.68800", "2014-09-30": "272.28300", "2014-06-30": "264.73500", "2014-03-31": "269.25700", "2013-12-31": "270.89000", "2013-09-30": "265.63600", "2013-06-30": "258.90300", "2013-03-31": "254.67400", "2012-12-31": "253.95800", "2012-09-30": "238.75600", "2012-06-30": "225.24500", "2012-03-31": "225.16400", "2011-12-31": "223.73600", "2011-09-30": "208.30100", "2011-06-30": "192.50600", "2011-03-31": "186.32900", "2010-12-31": "190.53300", "2010-09-30": "181.23600", "2010-06-30": "181.23100", "2010-03-31": "183.40100", "2009-12-31": "186.56400", "2009-09-30": "185.54400", "2009-06-30": "185.79400", "2009-03-31": "187.68500", "2008-12-31": "190.94200", "2008-09-30": "188.81700", "2008-06-30": "191.63400", "2008-03-31": "193.77400", "2007-12-31": "197.44600", "2007-09-30": "197.11400", "2007-06-30": "198.45300", "2007-03-31": "190.30900", "2006-12-31": "196.00700", "2006-09-30": "196.20100", "2006-06-30": "198.27900", "2006-03-31": "200.01400", "2005-12-31": "206.15300", "2005-09-30": "174.08600", "2005-06-30": "179.66700", "2005-03-31": "180.31500"}, "Long-Term Investments": {"2020-12-31": "5147.76500", "2020-09-30": "5432.60000", "2020-06-30": "5448.37000", "2020-03-31": "5316.14500", "2019-12-31": "5710.10600", "2019-09-30": "6115.46700", "2019-06-30": "6530.15600", "2019-03-31": "7089.29600", "2018-12-31": "6939.55400", "2018-09-30": "6936.77700", "2018-06-30": "7112.93800", "2018-03-31": "7162.29400", "2017-12-31": "6662.10300", "2017-09-30": "6207.72400", "2017-06-30": "6124.04500", "2017-03-31": "5994.60600", "2016-12-31": "6093.76300", "2016-09-30": "6239.79700", "2016-06-30": "6232.40700", "2016-03-31": "6264.51500", "2015-12-31": "6282.88400", "2015-09-30": "6169.32600", "2015-06-30": "6101.14500", "2015-03-31": "5985.57900", "2014-12-31": "5990.37400", "2014-09-30": "5836.23800", "2014-06-30": "5938.67600", "2014-03-31": "5653.02700", "2013-12-31": "5607.04400", "2013-09-30": "5146.25900", "2013-06-30": "5111.27200", "2013-03-31": "5156.93000", "2012-12-31": "5133.40900", "2012-09-30": "4684.15000", "2012-06-30": "4697.47700", "2012-03-31": "4846.90800", "2011-12-31": "5128.67100", "2011-09-30": "5644.94400", "2011-06-30": "5933.10900", "2011-03-31": "6074.55800", "2010-12-31": "6292.30900", "2010-09-30": "5482.25400", "2010-06-30": "5513.04700", "2010-03-31": "5452.18300", "2009-12-31": "6016.84900", "2009-09-30": "5832.39200", "2009-06-30": "6000.49100", "2009-03-31": "5495.82200", "2008-12-31": "5349.41700", "2008-09-30": "3616.81700", "2008-06-30": "3574.37300", "2008-03-31": "3616.28000", "2007-12-31": "3543.01900", "2007-09-30": "3521.30700", "2007-06-30": "3373.70000", "2007-03-31": "3467.73200", "2006-12-31": "3436.62100", "2006-09-30": "3436.77400", "2006-06-30": "3505.47100", "2006-03-31": "3840.69700", "2005-12-31": "4711.60500", "2005-09-30": "4708.73000", "2005-06-30": "4794.98300", "2005-03-31": "4835.13400"}, "Goodwill And Intangible Assets": {"2020-12-31": "1219.51500", "2020-09-30": "1223.67000", "2020-06-30": "1230.06400", "2020-03-31": "1342.40000", "2019-12-31": "1331.83700", "2019-09-30": "1335.48700", "2019-06-30": "1336.10900", "2019-03-31": "1309.18000", "2018-12-31": "1313.05200", "2018-09-30": "1314.86300", "2018-06-30": "1313.99100", "2018-03-31": "1299.27700", "2017-12-31": "1050.20300", "2017-09-30": "1044.46300", "2017-06-30": "1045.93100", "2017-03-31": "1047.73400", "2016-12-31": "1048.80400", "2016-09-30": "1046.26700", "2016-06-30": "1045.85200", "2016-03-31": "1048.33100", "2015-12-31": "1046.64300", "2015-09-30": "1047.22400", "2015-06-30": "1047.89900", "2015-03-31": "1046.75800", "2014-12-31": "996.75000", "2014-09-30": "998.36900", "2014-06-30": "999.70610", "2014-03-31": "1001.79700", "2013-12-31": "1003.63200", "2013-09-30": "1004.89800", "2013-06-30": "1003.78000", "2013-03-31": "995.46200", "2012-12-31": "990.34410", "2012-09-30": "990.46200", "2012-06-30": "993.98000", "2012-03-31": "997.54210", "2011-12-31": "996.74200", "2011-09-30": "997.13810", "2011-06-30": "1004.04000", "2011-03-31": "1014.36800", "2010-12-31": "1017.21200", "2010-09-30": "1013.99200", "2010-06-30": "1021.34400", "2010-03-31": "1021.15900", "2009-12-31": "1021.97500", "2009-09-30": "1020.67400", "2009-06-30": "1020.75600", "2009-03-31": "1002.13300", "2008-12-31": "1009.33300", "2008-09-30": "1019.30600", "2008-06-30": "1021.78900", "2008-03-31": "1019.64500", "2007-12-31": "1021.38800", "2007-09-30": "1025.59500", "2007-06-30": "1029.76700", "2007-03-31": "960.92400", "2006-12-31": "980.86300", "2006-09-30": "984.17300", "2006-06-30": "991.90200", "2006-03-31": "993.01700", "2005-12-31": "998.03800", "2005-09-30": "795.68500", "2005-06-30": "793.00300", "2005-03-31": "799.37400"}, "Other Long-Term Assets": {"2020-12-31": "1630.09800", "2020-09-30": "1646.44000", "2020-06-30": "1620.09300", "2020-03-31": "1645.26300", "2019-12-31": "1457.96300", "2019-09-30": "1260.15900", "2019-06-30": "1260.61400", "2019-03-31": "1206.32200", "2018-12-31": "1340.92200", "2018-09-30": "1396.09400", "2018-06-30": "1392.83300", "2018-03-31": "1324.06400", "2017-12-31": "1049.97700", "2017-09-30": "1164.54800", "2017-06-30": "1107.80000", "2017-03-31": "1093.89600", "2016-12-31": "1074.93700", "2016-09-30": "1060.62700", "2016-06-30": "1042.13900", "2016-03-31": "1027.60600", "2015-12-31": "1043.83100", "2015-09-30": "1158.22700", "2015-06-30": "1016.72500", "2015-03-31": "998.40200", "2014-12-31": "1010.25300", "2014-09-30": "1003.87500", "2014-06-30": "985.93000", "2014-03-31": "997.81500", "2013-12-31": "1006.69700", "2013-09-30": "977.12800", "2013-06-30": "965.33000", "2013-03-31": "940.25800", "2012-12-31": "926.41700", "2012-09-30": "987.37800", "2012-06-30": "968.57900", "2012-03-31": "1038.08300", "2011-12-31": "983.10500", "2011-09-30": "1081.86800", "2011-06-30": "1076.11200", "2011-03-31": "1112.80700", "2010-12-31": "1132.65000", "2010-09-30": "1184.04600", "2010-06-30": "1139.96000", "2010-03-31": "1150.51200", "2009-12-31": "1191.73200", "2009-09-30": "950.58400", "2009-06-30": "967.68700", "2009-03-31": "1264.53400", "2008-12-31": "966.03300", "2008-09-30": "899.16900", "2008-06-30": "881.85600", "2008-03-31": "849.28400", "2007-12-31": "832.95800", "2007-09-30": "778.24900", "2007-06-30": "761.90200", "2007-03-31": "790.50200", "2006-12-31": "717.05400", "2006-09-30": "711.09400", "2006-06-30": "710.93100", "2006-03-31": "668.05800", "2005-12-31": "631.22100", "2005-09-30": "543.47000", "2005-06-30": "541.72900", "2005-03-31": "517.02100"}, "Total Long-Term Assets": {"2020-12-31": "8416.29200", "2020-09-30": "8724.93200", "2020-06-30": "8732.56900", "2020-03-31": "8742.27700", "2019-12-31": "8935.19000", "2019-09-30": "9147.38100", "2019-06-30": "9558.93800", "2019-03-31": "9966.46600", "2018-12-31": "9956.75300", "2018-09-30": "10006.66000", "2018-06-30": "10181.15000", "2018-03-31": "10166.96000", "2017-12-31": "9093.24600", "2017-09-30": "8746.80000", "2017-06-30": "8606.18100", "2017-03-31": "8469.11900", "2016-12-31": "8547.81800", "2016-09-30": "8676.41700", "2016-06-30": "8651.82500", "2016-03-31": "8672.16300", "2015-12-31": "8640.96500", "2015-09-30": "8645.89600", "2015-06-30": "8440.10600", "2015-03-31": "8305.33000", "2014-12-31": "8272.06500", "2014-09-30": "8110.76500", "2014-06-30": "8189.04700", "2014-03-31": "7921.89600", "2013-12-31": "7888.26300", "2013-09-30": "7393.92100", "2013-06-30": "7339.28500", "2013-03-31": "7347.32400", "2012-12-31": "7304.12800", "2012-09-30": "6900.74600", "2012-06-30": "6885.28100", "2012-03-31": "7107.69700", "2011-12-31": "7332.25400", "2011-09-30": "7932.25100", "2011-06-30": "8205.76800", "2011-03-31": "8388.06300", "2010-12-31": "8632.70400", "2010-09-30": "7861.52800", "2010-06-30": "7855.58200", "2010-03-31": "7807.25500", "2009-12-31": "8417.12000", "2009-09-30": "7989.19400", "2009-06-30": "8174.72800", "2009-03-31": "7950.17400", "2008-12-31": "7515.72500", "2008-09-30": "5724.10900", "2008-06-30": "5669.65200", "2008-03-31": "5678.98300", "2007-12-31": "5594.81100", "2007-09-30": "5522.26500", "2007-06-30": "5363.82200", "2007-03-31": "5409.46700", "2006-12-31": "5330.54500", "2006-09-30": "5328.24200", "2006-06-30": "5406.58300", "2006-03-31": "5701.78600", "2005-12-31": "6547.01700", "2005-09-30": "6221.97100", "2005-06-30": "6309.38200", "2005-03-31": "6331.84400"}, "Total Assets": {"2020-12-31": "33419.78000", "2020-09-30": "34698.75000", "2020-06-30": "35501.46000", "2020-03-31": "33908.05000", "2019-12-31": "32386.48000", "2019-09-30": "32596.46000", "2019-06-30": "33272.63000", "2019-03-31": "33700.87000", "2018-12-31": "33615.12000", "2018-09-30": "33489.00000", "2018-06-30": "33652.65000", "2018-03-31": "33366.50000", "2017-12-31": "30483.59000", "2017-09-30": "30064.55000", "2017-06-30": "29769.03000", "2017-03-31": "29109.86000", "2016-12-31": "29139.31000", "2016-09-30": "29152.76000", "2016-06-30": "29038.70000", "2016-03-31": "28178.87000", "2015-12-31": "27711.84000", "2015-09-30": "27467.24000", "2015-06-30": "27185.14000", "2015-03-31": "27068.74000", "2014-12-31": "26821.77000", "2014-09-30": "25653.82000", "2014-06-30": "25727.79000", "2014-03-31": "24806.20000", "2013-12-31": "24226.92000", "2013-09-30": "23688.68000", "2013-06-30": "23616.94000", "2013-03-31": "23277.77000", "2012-12-31": "23487.73000", "2012-09-30": "22738.35000", "2012-06-30": "22081.10000", "2012-03-31": "21913.67000", "2011-12-31": "21924.22000", "2011-09-30": "21902.65000", "2011-06-30": "22048.47000", "2011-03-31": "21473.56000", "2010-12-31": "21785.60000", "2010-09-30": "22525.29000", "2010-06-30": "22760.06000", "2010-03-31": "23107.64000", "2009-12-31": "22874.14000", "2009-09-30": "22881.53000", "2009-06-30": "24013.57000", "2009-03-31": "24349.72000", "2008-12-31": "24192.07000", "2008-09-30": "22487.39000", "2008-06-30": "22302.70000", "2008-03-31": "21903.75000", "2007-12-31": "21592.08000", "2007-09-30": "20940.01000", "2007-06-30": "20849.14000", "2007-03-31": "20507.41000", "2006-12-31": "20861.38000", "2006-09-30": "20926.52000", "2006-06-30": "21128.35000", "2006-03-31": "21518.86000", "2005-12-31": "22100.08000", "2005-09-30": "20741.73000", "2005-06-30": "20753.71000", "2005-03-31": "20502.44000"}, "Total Current Liabilities": {"2020-12-31": "27098.88000", "2020-09-30": "27317.85000", "2020-06-30": "27196.52000", "2020-03-31": "26297.47000", "2019-12-31": "24712.14000", "2019-09-30": "25001.08000", "2019-06-30": "25833.49000", "2019-03-31": "26124.22000", "2018-12-31": "25464.25000", "2018-09-30": "25564.09000", "2018-06-30": "24586.93000", "2018-03-31": "26420.47000", "2017-12-31": "23564.70000", "2017-09-30": "23713.66000", "2017-06-30": "23315.40000", "2017-03-31": "23203.11000", "2016-12-31": "23286.21000", "2016-09-30": "23294.02000", "2016-06-30": "22497.08000", "2016-03-31": "22335.05000", "2015-12-31": "22098.42000", "2015-09-30": "21833.90000", "2015-06-30": "21101.02000", "2015-03-31": "20756.68000", "2014-12-31": "20091.40000", "2014-09-30": "19852.70000", "2014-06-30": "19866.03000", "2014-03-31": "18973.13000", "2013-12-31": "18248.37000", "2013-09-30": "20201.83000", "2013-06-30": "20125.15000", "2013-03-31": "19426.44000", "2012-12-31": "19535.99000", "2012-09-30": "18482.48000", "2012-06-30": "18020.75000", "2012-03-31": "17836.07000", "2011-12-31": "17881.36000", "2011-09-30": "17574.62000", "2011-06-30": "17565.15000", "2011-03-31": "16794.67000", "2010-12-31": "17213.20000", "2010-09-30": "17610.77000", "2010-06-30": "17730.24000", "2010-03-31": "18283.15000", "2009-12-31": "18181.53000", "2009-09-30": "18195.36000", "2009-06-30": "19378.22000", "2009-03-31": "19490.95000", "2008-12-31": "19453.92000", "2008-09-30": "18561.43000", "2008-06-30": "18512.47000", "2008-03-31": "17984.93000", "2007-12-31": "17397.60000", "2007-09-30": "16714.96000", "2007-06-30": "16688.04000", "2007-03-31": "16528.18000", "2006-12-31": "16544.75000", "2006-09-30": "16383.48000", "2006-06-30": "16380.63000", "2006-03-31": "16376.08000", "2005-12-31": "16426.63000", "2005-09-30": "15133.71000", "2005-06-30": "15050.20000", "2005-03-31": "15144.56000"}, "Long Term Debt": {"2020-12-31": "2182.18800", "2020-09-30": "2255.96400", "2020-06-30": "3205.95300", "2020-03-31": "3763.83800", "2019-12-31": "3730.31000", "2019-09-30": "3674.52600", "2019-06-30": "3539.34400", "2019-03-31": "3740.77600", "2018-12-31": "4369.98200", "2018-09-30": "4127.87000", "2018-06-30": "5295.47600", "2018-03-31": "3233.33800", "2017-12-31": "3681.45000", "2017-09-30": "3147.28500", "2017-06-30": "3262.12000", "2017-03-31": "2761.95500", "2016-12-31": "2761.79500", "2016-09-30": "2761.63500", "2016-06-30": "3511.47500", "2016-03-31": "2861.31600", "2015-12-31": "2676.16400", "2015-09-30": "2679.54200", "2015-06-30": "3179.73400", "2015-03-31": "3429.92500", "2014-12-31": "3930.11700", "2014-09-30": "2931.54700", "2014-06-30": "2931.80900", "2014-03-31": "2932.04000", "2013-12-31": "3087.26700", "2013-09-30": "614.56800", "2013-06-30": "614.82200", "2013-03-31": "915.06300", "2012-12-31": "1015.34600", "2012-09-30": "1305.42200", "2012-06-30": "1150.72900", "2012-03-31": "1176.73600", "2011-12-31": "1177.07100", "2011-09-30": "1477.40800", "2011-06-30": "1484.17400", "2011-03-31": "1484.17700", "2010-12-31": "1413.60500", "2010-09-30": "1713.67100", "2010-06-30": "1843.69100", "2010-03-31": "1643.97900", "2009-12-31": "1953.99800", "2009-09-30": "1761.50600", "2009-06-30": "1761.58000", "2009-03-31": "1961.60400", "2008-12-31": "1861.64700", "2008-09-30": "1561.72200", "2008-06-30": "1436.34900", "2008-03-31": "1536.39900", "2007-12-31": "1864.77100", "2007-09-30": "1933.87100", "2007-06-30": "1932.19400", "2007-03-31": "1743.10300", "2006-12-31": "2071.14200", "2006-09-30": "2272.65400", "2006-06-30": "2472.86900", "2006-03-31": "2898.08900", "2005-12-31": "3348.47600", "2005-09-30": "3545.45800", "2005-06-30": "3685.07800", "2005-03-31": "3332.80400"}, "Other Non-Current Liabilities": {"2020-12-31": "47.77600", "2020-09-30": "1079.49300", "2020-06-30": "1074.53600", "2020-03-31": "56.27600", "2019-12-31": "21.90700", "2019-09-30": "", "2019-06-30": "", "2019-03-31": "", "2018-12-31": "", "2018-09-30": "", "2018-06-30": "", "2018-03-31": "", "2017-12-31": "", "2017-09-30": "", "2017-06-30": "", "2017-03-31": "", "2016-12-31": "", "2016-09-30": "", "2016-06-30": "", "2016-03-31": "", "2015-12-31": "", "2015-09-30": "", "2015-06-30": "", "2015-03-31": "", "2014-12-31": "", "2014-09-30": "", "2014-06-30": "", "2014-03-31": "", "2013-12-31": "", "2013-09-30": "", "2013-06-30": "", "2013-03-31": "", "2012-12-31": "", "2012-09-30": "", "2012-06-30": "", "2012-03-31": "", "2011-12-31": "", "2011-09-30": "", "2011-06-30": "", "2011-03-31": "", "2010-12-31": "", "2010-09-30": "", "2010-06-30": "", "2010-03-31": "", "2009-12-31": "", "2009-09-30": "", "2009-06-30": "", "2009-03-31": "", "2008-12-31": "", "2008-09-30": "", "2008-06-30": "", "2008-03-31": "", "2007-12-31": "", "2007-09-30": "", "2007-06-30": "", "2007-03-31": "", "2006-12-31": "", "2006-09-30": "", "2006-06-30": "", "2006-03-31": "", "2005-12-31": "", "2005-09-30": "", "2005-06-30": "", "2005-03-31": ""}, "Total Long Term Liabilities": {"2020-12-31": "2229.96400", "2020-09-30": "3335.45700", "2020-06-30": "4280.48900", "2020-03-31": "3820.11400", "2019-12-31": "3752.21700", "2019-09-30": "3674.52600", "2019-06-30": "3539.34400", "2019-03-31": "3740.77600", "2018-12-31": "4369.98200", "2018-09-30": "4127.87000", "2018-06-30": "5295.47600", "2018-03-31": "3233.33800", "2017-12-31": "3681.45000", "2017-09-30": "3147.28500", "2017-06-30": "3262.12000", "2017-03-31": "2761.95500", "2016-12-31": "2761.79500", "2016-09-30": "2761.63500", "2016-06-30": "3511.47500", "2016-03-31": "2861.31600", "2015-12-31": "2676.16400", "2015-09-30": "2679.54200", "2015-06-30": "3179.73400", "2015-03-31": "3429.92500", "2014-12-31": "3930.11700", "2014-09-30": "2931.54700", "2014-06-30": "2931.80900", "2014-03-31": "2932.04000", "2013-12-31": "3087.26700", "2013-09-30": "614.56800", "2013-06-30": "614.82200", "2013-03-31": "915.06300", "2012-12-31": "1015.34600", "2012-09-30": "1305.42200", "2012-06-30": "1150.72900", "2012-03-31": "1176.73600", "2011-12-31": "1177.07100", "2011-09-30": "1477.40800", "2011-06-30": "1484.17400", "2011-03-31": "1484.17700", "2010-12-31": "1413.60500", "2010-09-30": "1713.67100", "2010-06-30": "1843.69100", "2010-03-31": "1643.97900", "2009-12-31": "1953.99800", "2009-09-30": "1761.50600", "2009-06-30": "1761.58000", "2009-03-31": "1961.60400", "2008-12-31": "1861.64700", "2008-09-30": "1561.72200", "2008-06-30": "1436.34900", "2008-03-31": "1536.39900", "2007-12-31": "1864.77100", "2007-09-30": "1933.87100", "2007-06-30": "1932.19400", "2007-03-31": "1743.10300", "2006-12-31": "2071.14200", "2006-09-30": "2272.65400", "2006-06-30": "2472.86900", "2006-03-31": "2898.08900", "2005-12-31": "3348.47600", "2005-09-30": "3545.45800", "2005-06-30": "3685.07800", "2005-03-31": "3332.80400"}, "Total Liabilities": {"2020-12-31": "29328.85000", "2020-09-30": "30653.31000", "2020-06-30": "31477.01000", "2020-03-31": "30117.58000", "2019-12-31": "28464.36000", "2019-09-30": "28675.61000", "2019-06-30": "29372.84000", "2019-03-31": "29865.00000", "2018-12-31": "29834.23000", "2018-09-30": "29691.96000", "2018-06-30": "29882.40000", "2018-03-31": "29653.81000", "2017-12-31": "27246.15000", "2017-09-30": "26860.95000", "2017-06-30": "26577.52000", "2017-03-31": "25965.06000", "2016-12-31": "26048.00000", "2016-09-30": "26055.65000", "2016-06-30": "26008.55000", "2016-03-31": "25196.37000", "2015-12-31": "24774.59000", "2015-09-30": "24513.45000", "2015-06-30": "24280.75000", "2015-03-31": "24186.60000", "2014-12-31": "24021.52000", "2014-09-30": "22784.24000", "2014-06-30": "22797.84000", "2014-03-31": "21905.17000", "2013-12-31": "21335.63000", "2013-09-30": "20816.39000", "2013-06-30": "20739.97000", "2013-03-31": "20341.50000", "2012-12-31": "20551.34000", "2012-09-30": "19787.90000", "2012-06-30": "19171.48000", "2012-03-31": "19012.80000", "2011-12-31": "19058.42000", "2011-09-30": "19052.03000", "2011-06-30": "19049.33000", "2011-03-31": "18278.85000", "2010-12-31": "18626.80000", "2010-09-30": "19324.44000", "2010-06-30": "19573.93000", "2010-03-31": "19927.13000", "2009-12-31": "20135.53000", "2009-09-30": "19956.87000", "2009-06-30": "21139.80000", "2009-03-31": "21452.56000", "2008-12-31": "21315.56000", "2008-09-30": "20123.15000", "2008-06-30": "19948.82000", "2008-03-31": "19521.34000", "2007-12-31": "19262.38000", "2007-09-30": "18648.82000", "2007-06-30": "18620.23000", "2007-03-31": "18271.28000", "2006-12-31": "18615.89000", "2006-09-30": "18656.14000", "2006-06-30": "18853.49000", "2006-03-31": "19274.16000", "2005-12-31": "19775.10000", "2005-09-30": "18679.17000", "2005-06-30": "18735.28000", "2005-03-31": "18477.37000"}, "Common Stock Net": {"2020-12-31": "3737.42100", "2020-09-30": "1.75200", "2020-06-30": "1.75200", "2020-03-31": "1.75200", "2019-12-31": "1.75200", "2019-09-30": "1.75200", "2019-06-30": "1.75200", "2019-03-31": "1.75200", "2018-12-31": "1.75200", "2018-09-30": "1.75200", "2018-06-30": "1.75100", "2018-03-31": "1.74100", "2017-12-31": "1.61800", "2017-09-30": "1.61500", "2017-06-30": "1.63000", "2017-03-31": "1.63000", "2016-12-31": "1.63000", "2016-09-30": "1.63000", "2016-06-30": "1.63000", "2016-03-31": "1.63000", "2015-12-31": "1.64200", "2015-09-30": "1.64200", "2015-06-30": "1.64200", "2015-03-31": "1.67400", "2014-12-31": "1.66500", "2014-09-30": "1.71900", "2014-06-30": "1.75000", "2014-03-31": "1.75000", "2013-12-31": "1.75000", "2013-09-30": "1.75000", "2013-06-30": "1.75000", "2013-03-31": "1.75000", "2012-12-31": "1.75000", "2012-09-30": "1.75000", "2012-06-30": "1.75000", "2012-03-31": "1.75000", "2011-12-31": "1.74600", "2011-09-30": "1.74600", "2011-06-30": "1.74500", "2011-03-31": "1.74400", "2010-12-31": "1.73900", "2010-09-30": "1.73800", "2010-06-30": "1.73700", "2010-03-31": "1.73700", "2009-12-31": "1.28400", "2009-09-30": "1.28400", "2009-06-30": "1.28400", "2009-03-31": "1.28400", "2008-12-31": "1.28100", "2008-09-30": "1.28000", "2008-06-30": "1.27900", "2008-03-31": "1.27800", "2007-12-31": "1.27800", "2007-09-30": "1.27800", "2007-06-30": "1.27800", "2007-03-31": "1.28400", "2006-12-31": "1.30400", "2006-09-30": "1.32400", "2006-06-30": "1.32400", "2006-03-31": "1.32300", "2005-12-31": "1.35700", "2005-09-30": "1.28100", "2005-06-30": "1.28000", "2005-03-31": "1.30000"}, "Retained Earnings (Accumulated Deficit)": {"2020-12-31": "", "2020-09-30": "2424.99200", "2020-06-30": "2412.85900", "2020-03-31": "2296.17600", "2019-12-31": "2380.86700", "2019-09-30": "2341.15800", "2019-06-30": "2288.90900", "2019-03-31": "2235.82400", "2018-12-31": "2181.41400", "2018-09-30": "1977.92500", "2018-06-30": "1920.57900", "2018-03-31": "1859.06800", "2017-12-31": "1934.69600", "2017-09-30": "1792.18400", "2017-06-30": "1747.63200", "2017-03-31": "1709.51400", "2016-12-31": "1695.76400", "2016-09-30": "1662.77800", "2016-06-30": "1629.91500", "2016-03-31": "1599.83500", "2015-12-31": "1593.23900", "2015-09-30": "1570.19900", "2015-06-30": "1538.68400", "2015-03-31": "1509.96700", "2014-12-31": "1497.81800", "2014-09-30": "1466.52500", "2014-06-30": "1432.51800", "2014-03-31": "1402.54900", "2013-12-31": "1392.50800", "2013-09-30": "1361.49800", "2013-06-30": "1330.73700", "2013-03-31": "1297.69200", "2012-12-31": "1281.81100", "2012-09-30": "1250.18900", "2012-06-30": "1213.73500", "2012-03-31": "1181.24700", "2011-12-31": "1148.77300", "2011-09-30": "1111.08000", "2011-06-30": "1079.07600", "2011-03-31": "1055.34400", "2010-12-31": "1041.66600", "2010-09-30": "1036.80000", "2010-06-30": "1032.06500", "2010-03-31": "1044.50100", "2009-12-31": "1081.15600", "2009-09-30": "1268.50700", "2009-06-30": "1266.27400", "2009-03-31": "1287.68700", "2008-12-31": "1293.94100", "2008-09-30": "1321.32300", "2008-06-30": "1324.47600", "2008-03-31": "1318.57300", "2007-12-31": "1305.13600", "2007-09-30": "1281.35200", "2007-06-30": "1250.98900", "2007-03-31": "1215.55100", "2006-12-31": "1189.65800", "2006-09-30": "1156.86900", "2006-06-30": "1119.03600", "2006-03-31": "1073.96800", "2005-12-31": "1029.24700", "2005-09-30": "978.48900", "2005-06-30": "934.28700", "2005-03-31": "898.57800"}, "Comprehensive Income": {"2020-12-31": "", "2020-09-30": "3.99500", "2020-06-30": "-1.92000", "2020-03-31": "-16.97400", "2019-12-31": "-33.18300", "2019-09-30": "-36.95300", "2019-06-30": "-59.06300", "2019-03-31": "-103.37500", "2018-12-31": "-124.97200", "2018-09-30": "-135.52000", "2018-06-30": "-119.88800", "2018-03-31": "-107.67300", "2017-12-31": "-62.75800", "2017-09-30": "-54.28800", "2017-06-30": "-53.47000", "2017-03-31": "-56.34400", "2016-12-31": "-54.67900", "2016-09-30": "-1.25400", "2016-06-30": "13.45300", "2016-03-31": "2.16700", "2015-12-31": "-32.61600", "2015-09-30": "15.37600", "2015-06-30": "2.59400", "2015-03-31": "24.80000", "2014-12-31": "-4.85000", "2014-09-30": "-1.72500", "2014-06-30": "10.49400", "2014-03-31": "-11.57700", "2013-12-31": "-24.24400", "2013-09-30": "-37.12000", "2013-06-30": "-25.01500", "2013-03-31": "42.99100", "2012-12-31": "48.60300", "2012-09-30": "67.30300", "2012-06-30": "66.57900", "2012-03-31": "65.27800", "2011-12-31": "65.60200", "2011-09-30": "89.31300", "2011-06-30": "79.34500", "2011-03-31": "45.73100", "2010-12-31": "27.62600", "2010-09-30": "78.79800", "2010-06-30": "73.17300", "2010-03-31": "59.74400", "2009-12-31": "63.43200", "2009-09-30": "64.91900", "2009-06-30": "19.12500", "2009-03-31": "23.93100", "2008-12-31": "0.05500", "2008-09-30": "-10.33200", "2008-06-30": "-20.03100", "2008-03-31": "20.13100", "2007-12-31": "-2.49800", "2007-09-30": "-11.97900", "2007-06-30": "-38.71400", "2007-03-31": "-11.56400", "2006-12-31": "-16.45300", "2006-09-30": "-6.12200", "2006-06-30": "-28.04700", "2006-03-31": "-9.50400", "2005-12-31": "-3.93800", "2005-09-30": "21.77600", "2005-06-30": "29.60800", "2005-03-31": "10.50500"}, "Other Share Holders Equity": {"2020-12-31": "", "2020-09-30": "", "2020-06-30": "", "2020-03-31": "", "2019-12-31": "", "2019-09-30": "", "2019-06-30": "", "2019-03-31": "", "2018-12-31": "", "2018-09-30": "", "2018-06-30": "", "2018-03-31": "", "2017-12-31": "", "2017-09-30": "", "2017-06-30": "", "2017-03-31": "", "2016-12-31": "", "2016-09-30": "", "2016-06-30": "", "2016-03-31": "", "2015-12-31": "", "2015-09-30": "", "2015-06-30": "", "2015-03-31": "", "2014-12-31": "", "2014-09-30": "", "2014-06-30": "", "2014-03-31": "", "2013-12-31": "", "2013-09-30": "", "2013-06-30": "", "2013-03-31": "", "2012-12-31": "", "2012-09-30": "", "2012-06-30": "", "2012-03-31": "", "2011-12-31": "", "2011-09-30": "", "2011-06-30": "", "2011-03-31": "", "2010-12-31": "", "2010-09-30": "", "2010-06-30": "", "2010-03-31": "", "2009-12-31": "", "2009-09-30": "", "2009-06-30": "", "2009-03-31": "", "2008-12-31": "", "2008-09-30": "", "2008-06-30": "", "2008-03-31": "", "2007-12-31": "", "2007-09-30": "", "2007-06-30": "", "2007-03-31": "", "2006-12-31": "", "2006-09-30": "", "2006-06-30": "", "2006-03-31": "", "2005-12-31": "", "2005-09-30": "", "2005-06-30": "", "2005-03-31": ""}, "Share Holder Equity": {"2020-12-31": "4090.93300", "2020-09-30": "4045.43300", "2020-06-30": "4024.45700", "2020-03-31": "3790.47100", "2019-12-31": "3922.12400", "2019-09-30": "3920.85500", "2019-06-30": "3899.79400", "2019-03-31": "3835.87000", "2018-12-31": "3780.88800", "2018-09-30": "3797.03800", "2018-06-30": "3770.24400", "2018-03-31": "3712.69900", "2017-12-31": "3237.44300", "2017-09-30": "3203.60100", "2017-06-30": "3191.50200", "2017-03-31": "3144.79400", "2016-12-31": "3091.31200", "2016-09-30": "3097.11500", "2016-06-30": "3030.14700", "2016-03-31": "2982.49800", "2015-12-31": "2937.24600", "2015-09-30": "2953.79700", "2015-06-30": "2904.39100", "2015-03-31": "2882.13800", "2014-12-31": "2800.25100", "2014-09-30": "2869.57800", "2014-06-30": "2929.94600", "2014-03-31": "2901.02400", "2013-12-31": "2891.29000", "2013-09-30": "2872.28200", "2013-06-30": "2876.97600", "2013-03-31": "2936.26500", "2012-12-31": "2936.39900", "2012-09-30": "2950.45200", "2012-06-30": "2909.62100", "2012-03-31": "2900.87300", "2011-12-31": "2865.79400", "2011-09-30": "2850.61900", "2011-06-30": "2999.14800", "2011-03-31": "3194.71400", "2010-12-31": "3158.79100", "2010-09-30": "3200.84900", "2010-06-30": "3186.12700", "2010-03-31": "3180.50900", "2009-12-31": "2738.60800", "2009-09-30": "2924.65900", "2009-06-30": "2873.76800", "2009-03-31": "2897.16900", "2008-12-31": "2876.50300", "2008-09-30": "2364.24700", "2008-06-30": "2353.88200", "2008-03-31": "2382.41800", "2007-12-31": "2329.70500", "2007-09-30": "2291.18200", "2007-06-30": "2228.91100", "2007-03-31": "2236.13400", "2006-12-31": "2245.49300", "2006-09-30": "2270.38000", "2006-06-30": "2274.86000", "2006-03-31": "2244.69500", "2005-12-31": "2324.97800", "2005-09-30": "2062.56500", "2005-06-30": "2018.43500", "2005-03-31": "2025.07100"}, "Total Liabilities And Share Holders Equity": {"2020-12-31": "33419.78000", "2020-09-30": "34698.75000", "2020-06-30": "35501.46000", "2020-03-31": "33908.05000", "2019-12-31": "32386.48000", "2019-09-30": "32596.46000", "2019-06-30": "33272.63000", "2019-03-31": "33700.87000", "2018-12-31": "33615.12000", "2018-09-30": "33489.00000", "2018-06-30": "33652.65000", "2018-03-31": "33366.50000", "2017-12-31": "30483.59000", "2017-09-30": "30064.55000", "2017-06-30": "29769.03000", "2017-03-31": "29109.86000", "2016-12-31": "29139.31000", "2016-09-30": "29152.76000", "2016-06-30": "29038.70000", "2016-03-31": "28178.87000", "2015-12-31": "27711.84000", "2015-09-30": "27467.24000", "2015-06-30": "27185.14000", "2015-03-31": "27068.74000", "2014-12-31": "26821.77000", "2014-09-30": "25653.82000", "2014-06-30": "25727.79000", "2014-03-31": "24806.20000", "2013-12-31": "24226.92000", "2013-09-30": "23688.68000", "2013-06-30": "23616.94000", "2013-03-31": "23277.77000", "2012-12-31": "23487.73000", "2012-09-30": "22738.35000", "2012-06-30": "22081.10000", "2012-03-31": "21913.67000", "2011-12-31": "21924.22000", "2011-09-30": "21902.65000", "2011-06-30": "22048.47000", "2011-03-31": "21473.56000", "2010-12-31": "21785.60000", "2010-09-30": "22525.29000", "2010-06-30": "22760.06000", "2010-03-31": "23107.64000", "2009-12-31": "22874.14000", "2009-09-30": "22881.53000", "2009-06-30": "24013.57000", "2009-03-31": "24349.72000", "2008-12-31": "24192.07000", "2008-09-30": "22487.39000", "2008-06-30": "22302.70000", "2008-03-31": "21903.75000", "2007-12-31": "21592.08000", "2007-09-30": "20940.01000", "2007-06-30": "20849.14000", "2007-03-31": "20507.41000", "2006-12-31": "20861.38000", "2006-09-30": "20926.52000", "2006-06-30": "21128.35000", "2006-03-31": "21518.86000", "2005-12-31": "22100.08000", "2005-09-30": "20741.73000", "2005-06-30": "20753.71000", "2005-03-31": "20502.44000"}}, "cash flow statement": {"Net Income/Loss": {"2020-12-31": "0.00000", "2019-12-31": "326.79000", "2018-12-31": "333.56200", "2017-12-31": "229.26400", "2016-12-31": "200.27400", "2015-12-31": "188.30100", "2014-12-31": "190.50900", "2013-12-31": "188.69200", "2012-12-31": "178.97300", "2011-12-31": "139.69900", "2010-12-31": "-0.85600", "2009-12-31": "-131.85900", "2008-12-31": "168.45200", "2007-12-31": "285.75200", "2006-12-31": "316.64500", "2005-12-31": "320.16100"}, "Total Depreciation And Amortization - Cash Flow": {"2020-12-31": "", "2019-12-31": "124.16400", "2018-12-31": "97.05500", "2017-12-31": "116.32000", "2016-12-31": "111.74100", "2015-12-31": "104.76900", "2014-12-31": "93.24000", "2013-12-31": "114.20700", "2012-12-31": "126.25500", "2011-12-31": "129.84200", "2010-12-31": "120.68300", "2009-12-31": "112.51900", "2008-12-31": "56.14500", "2007-12-31": "54.55500", "2006-12-31": "65.37000", "2005-12-31": "82.63600"}, "Other Non-Cash Items": {"2020-12-31": "", "2019-12-31": "1.10600", "2018-12-31": "-14.88400", "2017-12-31": "38.62900", "2016-12-31": "44.16600", "2015-12-31": "2.62200", "2014-12-31": "-21.16600", "2013-12-31": "-46.76300", "2012-12-31": "-26.48500", "2011-12-31": "79.11100", "2010-12-31": "431.04400", "2009-12-31": "617.89200", "2008-12-31": "222.85100", "2007-12-31": "18.77800", "2006-12-31": "32.33500", "2005-12-31": "-8.62400"}, "Total Non-Cash Items": {"2020-12-31": "", "2019-12-31": "125.27000", "2018-12-31": "82.17100", "2017-12-31": "154.94900", "2016-12-31": "155.90700", "2015-12-31": "107.39100", "2014-12-31": "72.07400", "2013-12-31": "67.44400", "2012-12-31": "99.77000", "2011-12-31": "208.95300", "2010-12-31": "551.72700", "2009-12-31": "730.41100", "2008-12-31": "278.99600", "2007-12-31": "73.33300", "2006-12-31": "97.70500", "2005-12-31": "74.01200"}, "Change In Accounts Receivable": {"2020-12-31": "", "2019-12-31": "233.88000", "2018-12-31": "31.91700", "2017-12-31": "95.11700", "2016-12-31": "263.70000", "2015-12-31": "13.30100", "2014-12-31": "-60.94900", "2013-12-31": "214.76190", "2012-12-31": "25.10300", "2011-12-31": "-116.80200", "2010-12-31": "-76.26900", "2009-12-31": "-27.84700", "2008-12-31": "-4.35110", "2007-12-31": "-39.77300", "2006-12-31": "-35.28500", "2005-12-31": "-31.05800"}, "Change In Inventories": {"2020-12-31": "", "2019-12-31": "", "2018-12-31": "", "2017-12-31": "", "2016-12-31": "", "2015-12-31": "", "2014-12-31": "", "2013-12-31": "", "2012-12-31": "", "2011-12-31": "", "2010-12-31": "", "2009-12-31": "", "2008-12-31": "", "2007-12-31": "", "2006-12-31": "", "2005-12-31": ""}, "Change In Accounts Payable": {"2020-12-31": "", "2019-12-31": "2.49500", "2018-12-31": "10.40700", "2017-12-31": "6.53500", "2016-12-31": "-4.64200", "2015-12-31": "3.89800", "2014-12-31": "1.53600", "2013-12-31": "-2.21400", "2012-12-31": "-5.72300", "2011-12-31": "-1.23200", "2010-12-31": "-4.05100", "2009-12-31": "-10.73400", "2008-12-31": "-7.43500", "2007-12-31": "-7.51200", "2006-12-31": "-2.82500", "2005-12-31": "20.44700"}, "Change In Assets/Liabilities": {"2020-12-31": "", "2019-12-31": "-114.89600", "2018-12-31": "7.58700", "2017-12-31": "-31.01700", "2016-12-31": "26.14400", "2015-12-31": "-11.68500", "2014-12-31": "-3.66100", "2013-12-31": "", "2012-12-31": "52.36100", "2011-12-31": "79.16900", "2010-12-31": "38.87100", "2009-12-31": "-438.12800", "2008-12-31": "2.19400", "2007-12-31": "-20.42300", "2006-12-31": "-46.08000", "2005-12-31": "-55.17000"}, "Total Change In Assets/Liabilities": {"2020-12-31": "", "2019-12-31": "122.20200", "2018-12-31": "80.83500", "2017-12-31": "74.15500", "2016-12-31": "285.20210", "2015-12-31": "5.51400", "2014-12-31": "-63.07400", "2013-12-31": "212.54790", "2012-12-31": "71.74100", "2011-12-31": "-38.86500", "2010-12-31": "-41.44900", "2009-12-31": "-476.70900", "2008-12-31": "-9.59210", "2007-12-31": "-67.70800", "2006-12-31": "-84.19000", "2005-12-31": "-65.78100"}, "Cash Flow From Operating Activities": {"2020-12-31": "", "2019-12-31": "574.26000", "2018-12-31": "496.56700", "2017-12-31": "458.36800", "2016-12-31": "641.38300", "2015-12-31": "301.20600", "2014-12-31": "199.50900", "2013-12-31": "477.95800", "2012-12-31": "350.48400", "2011-12-31": "309.78700", "2010-12-31": "509.42200", "2009-12-31": "121.84300", "2008-12-31": "437.85600", "2007-12-31": "291.37700", "2006-12-31": "330.16000", "2005-12-31": "328.39200"}, "Net Change In Property, Plant, And Equipment": {"2020-12-31": "", "2019-12-31": "-67.45900", "2018-12-31": "-65.85400", "2017-12-31": "-47.36900", "2016-12-31": "-103.88100", "2015-12-31": "-54.63600", "2014-12-31": "-50.39600", "2013-12-31": "-67.72300", "2012-12-31": "-83.97300", "2011-12-31": "-76.64800", "2010-12-31": "-34.59500", "2009-12-31": "-22.79400", "2008-12-31": "-31.47100", "2007-12-31": "-34.81500", "2006-12-31": "-18.14600", "2005-12-31": "-15.91300"}, "Net Change In Intangible Assets": {"2020-12-31": "", "2019-12-31": "", "2018-12-31": "", "2017-12-31": "", "2016-12-31": "", "2015-12-31": "", "2014-12-31": "", "2013-12-31": "", "2012-12-31": "", "2011-12-31": "", "2010-12-31": "", "2009-12-31": "", "2008-12-31": "", "2007-12-31": "", "2006-12-31": "", "2005-12-31": ""}, "Net Acquisitions/Divestitures": {"2020-12-31": "", "2019-12-31": "551.25000", "2018-12-31": "59.47200", "2017-12-31": "0.33900", "2016-12-31": "-0.68500", "2015-12-31": "1.13200", "2014-12-31": "", "2013-12-31": "", "2012-12-31": "", "2011-12-31": "", "2010-12-31": "", "2009-12-31": "", "2008-12-31": "", "2007-12-31": "-33.79900", "2006-12-31": "", "2005-12-31": "25.15300"}, "Net Change In Short-term Investments": {"2020-12-31": "", "2019-12-31": "", "2018-12-31": "", "2017-12-31": "", "2016-12-31": "", "2015-12-31": "", "2014-12-31": "", "2013-12-31": "", "2012-12-31": "", "2011-12-31": "", "2010-12-31": "", "2009-12-31": "", "2008-12-31": "", "2007-12-31": "", "2006-12-31": "", "2005-12-31": ""}, "Net Change In Long-Term Investments": {"2020-12-31": "", "2019-12-31": "1329.02600", "2018-12-31": "-32.55490", "2017-12-31": "-454.19410", "2016-12-31": "129.92800", "2015-12-31": "-350.10820", "2014-12-31": "-363.59420", "2013-12-31": "-670.49210", "2012-12-31": "-107.74010", "2011-12-31": "1175.20300", "2010-12-31": "-369.71610", "2009-12-31": "-613.21000", "2008-12-31": "-1508.14800", "2007-12-31": "-47.42490", "2006-12-31": "1270.91900", "2005-12-31": "353.48300"}, "Net Change In Investments - Total": {"2020-12-31": "", "2019-12-31": "1329.02600", "2018-12-31": "-32.55490", "2017-12-31": "-454.19410", "2016-12-31": "129.92800", "2015-12-31": "-350.10820", "2014-12-31": "-363.59420", "2013-12-31": "-670.49210", "2012-12-31": "-107.74010", "2011-12-31": "1175.20300", "2010-12-31": "-369.71610", "2009-12-31": "-613.21000", "2008-12-31": "-1508.14800", "2007-12-31": "-47.42490", "2006-12-31": "1270.91900", "2005-12-31": "353.48300"}, "Investing Activities - Other": {"2020-12-31": "", "2019-12-31": "-195.37200", "2018-12-31": "-341.93500", "2017-12-31": "-895.63400", "2016-12-31": "-1678.38500", "2015-12-31": "-1130.20600", "2014-12-31": "-1704.61500", "2013-12-31": "-515.01900", "2012-12-31": "-1442.00900", "2011-12-31": "-1571.09200", "2010-12-31": "1021.08100", "2009-12-31": "1662.18700", "2008-12-31": "-943.04200", "2007-12-31": "-129.58200", "2006-12-31": "-52.86500", "2005-12-31": "-342.71000"}, "Cash Flow From Investing Activities": {"2020-12-31": "", "2019-12-31": "1617.44600", "2018-12-31": "-380.87200", "2017-12-31": "-1396.85800", "2016-12-31": "-1653.02300", "2015-12-31": "-1533.81800", "2014-12-31": "-2118.60500", "2013-12-31": "-1253.23400", "2012-12-31": "-1633.72200", "2011-12-31": "-472.53700", "2010-12-31": "616.77000", "2009-12-31": "1026.18300", "2008-12-31": "-2482.66100", "2007-12-31": "-245.62100", "2006-12-31": "1199.90800", "2005-12-31": "20.01300"}, "Net Long-Term Debt": {"2020-12-31": "", "2019-12-31": "-263.08500", "2018-12-31": "-12.33590", "2017-12-31": "634.98000", "2016-12-31": "84.96200", "2015-12-31": "-1250.03500", "2014-12-31": "840.96410", "2013-12-31": "2072.57000", "2012-12-31": "-156.88300", "2011-12-31": "-237.60000", "2010-12-31": "-540.36100", "2009-12-31": "92.40300", "2008-12-31": "-2.57300", "2007-12-31": "-213.00000", "2006-12-31": "-1275.37800", "2005-12-31": "634.47200"}, "Net Current Debt": {"2020-12-31": "", "2019-12-31": "-71.96100", "2018-12-31": "34.62900", "2017-12-31": "-415.75300", "2016-12-31": "257.61900", "2015-12-31": "-233.87200", "2014-12-31": "327.36200", "2013-12-31": "-1586.01300", "2012-12-31": "-187.54600", "2011-12-31": "767.10300", "2010-12-31": "520.52900", "2009-12-31": "-2477.08300", "2008-12-31": "477.14900", "2007-12-31": "1172.10200", "2006-12-31": "-623.62200", "2005-12-31": "-452.21100"}, "Debt Issuance/Retirement Net - Total": {"2020-12-31": "", "2019-12-31": "-335.04600", "2018-12-31": "22.29310", "2017-12-31": "219.22700", "2016-12-31": "342.58100", "2015-12-31": "-1483.90700", "2014-12-31": "1168.32600", "2013-12-31": "486.55710", "2012-12-31": "-344.42900", "2011-12-31": "529.50310", "2010-12-31": "-19.83200", "2009-12-31": "-2384.68000", "2008-12-31": "474.57600", "2007-12-31": "959.10210", "2006-12-31": "-1899.00000", "2005-12-31": "182.26100"}, "Net Common Equity Issued/Repurchased": {"2020-12-31": "", "2019-12-31": "-174.86000", "2018-12-31": "-228.26500", "2017-12-31": "-18.70200", "2016-12-31": "-3.33300", "2015-12-31": "-78.10000", "2014-12-31": "-262.81000", "2013-12-31": "-123.34900", "2012-12-31": "-61.65400", "2011-12-31": "-0.65900", "2010-12-31": "477.52800", "2009-12-31": "-0.59900", "2008-12-31": "9.35400", "2007-12-31": "-112.18800", "2006-12-31": "-236.32200", "2005-12-31": "-96.11000"}, "Net Total Equity Issued/Repurchased": {"2020-12-31": "", "2019-12-31": "-174.86000", "2018-12-31": "-131.48800", "2017-12-31": "-18.70200", "2016-12-31": "33.58200", "2015-12-31": "-16.46900", "2014-12-31": "-252.03300", "2013-12-31": "-115.67000", "2012-12-31": "-61.65400", "2011-12-31": "-462.38700", "2010-12-31": "477.52800", "2009-12-31": "-0.59900", "2008-12-31": "534.35400", "2007-12-31": "-112.18800", "2006-12-31": "-236.32200", "2005-12-31": "-96.11000"}, "Total Common And Preferred Stock Dividends Paid": {"2020-12-31": "", "2019-12-31": "-127.00600", "2018-12-31": "-116.30300", "2017-12-31": "-85.76400", "2016-12-31": "-76.75800", "2015-12-31": "-69.55500", "2014-12-31": "-63.71200", "2013-12-31": "-60.14900", "2012-12-31": "-44.83400", "2011-12-31": "-21.19500", "2010-12-31": "-33.19800", "2009-12-31": "-86.60000", "2008-12-31": "-162.34700", "2007-12-31": "-155.80900", "2006-12-31": "-151.23500", "2005-12-31": "-138.96600"}, "Financial Activities - Other": {"2020-12-31": "", "2019-12-31": "-1842.74800", "2018-12-31": "270.48100", "2017-12-31": "897.51400", "2016-12-31": "880.78300", "2015-12-31": "2244.16100", "2014-12-31": "1496.33700", "2013-12-31": "328.91000", "2012-12-31": "1855.43300", "2011-12-31": "-134.73800", "2010-12-31": "-1503.22000", "2009-12-31": "1573.81700", "2008-12-31": "1181.80100", "2007-12-31": "-631.74800", "2006-12-31": "746.23000", "2005-12-31": "-261.36700"}, "Cash Flow From Financial Activities": {"2020-12-31": "", "2019-12-31": "-2479.66000", "2018-12-31": "44.98300", "2017-12-31": "1012.27500", "2016-12-31": "1180.18800", "2015-12-31": "674.23000", "2014-12-31": "2348.91800", "2013-12-31": "639.64800", "2012-12-31": "1404.51600", "2011-12-31": "-88.81700", "2010-12-31": "-1078.72200", "2009-12-31": "-898.06200", "2008-12-31": "2028.38400", "2007-12-31": "59.35700", "2006-12-31": "-1540.32700", "2005-12-31": "-314.18200"}, "Net Cash Flow": {"2020-12-31": "", "2019-12-31": "-287.95400", "2018-12-31": "160.67800", "2017-12-31": "73.78500", "2016-12-31": "168.54800", "2015-12-31": "-558.38200", "2014-12-31": "429.82200", "2013-12-31": "-135.62800", "2012-12-31": "121.27800", "2011-12-31": "-251.56700", "2010-12-31": "47.47000", "2009-12-31": "249.96400", "2008-12-31": "-16.42100", "2007-12-31": "105.11300", "2006-12-31": "-10.25900", "2005-12-31": "34.22300"}, "Stock-Based Compensation": {"2020-12-31": "", "2019-12-31": "", "2018-12-31": "", "2017-12-31": "", "2016-12-31": "", "2015-12-31": "", "2014-12-31": "", "2013-12-31": "", "2012-12-31": "", "2011-12-31": "", "2010-12-31": "", "2009-12-31": "", "2008-12-31": "", "2007-12-31": "", "2006-12-31": "", "2005-12-31": ""}, "Common Stock Dividends Paid": {"2020-12-31": "", "2019-12-31": "-111.80400", "2018-12-31": "-105.51900", "2017-12-31": "-76.41700", "2016-12-31": "-67.85500", "2015-12-31": "-62.40000", "2014-12-31": "-58.71000", "2013-12-31": "-54.99100", "2012-12-31": "-39.63400", "2011-12-31": "-6.97700", "2010-12-31": "-6.94800", "2009-12-31": "-60.35000", "2008-12-31": "-162.34700", "2007-12-31": "-155.80900", "2006-12-31": "-151.23500", "2005-12-31": "-138.96600"}}, "cash flow statement, quarterly": {"Net Income/Loss": {"2020-12-31": -239.769, "2020-09-30": 45.214, "2020-06-30": 148.717, "2020-03-31": "45.83800", "2019-12-31": 72.104, "2019-09-30": 83.339, "2019-06-30": 84.661, "2019-03-31": "86.68600", "2018-12-31": 88.984, "2018-09-30": 85.93, "2018-06-30": 89.192, "2018-03-31": "69.45600", "2017-12-31": 50.01, "2017-09-30": 65.001, "2017-06-30": 57.983, "2017-03-31": "56.27000", "2016-12-31": 54.833, "2016-09-30": 53.816, "2016-06-30": 49.091, "2016-03-31": "42.53400", "2015-12-31": 42.791, "2015-09-30": 49.438, "2015-06-30": 49.4, "2015-03-31": "46.67200", "2014-12-31": 48.738, "2014-09-30": 50.207, "2014-06-30": 46.365, "2014-03-31": "45.19900", "2013-12-31": 47.758, "2013-09-30": 45.658, "2013-06-30": 47.888, "2013-03-31": "47.38800", "2012-12-31": 46.628, "2012-09-30": 46.395, "2012-06-30": 43.317, "2012-03-31": "42.63300", "2011-12-31": 41.125, "2011-09-30": 41.339, "2011-06-30": 34.382, "2011-03-31": "22.85300", "2010-12-31": 14.008, "2010-09-30": 14.304, "2010-06-30": -2.779, "2010-03-31": "-26.38900", "2009-12-31": -173.237, "2009-09-30": 15.994, "2009-06-30": -17.341, "2009-03-31": "42.72500", "2008-12-31": 16.859, "2008-09-30": 37.769, "2008-06-30": 47.359, "2008-03-31": "66.46500", "2007-12-31": 64.791, "2007-09-30": 71.741, "2007-06-30": 75.825, "2007-03-31": "73.39500", "2006-12-31": 74.501, "2006-09-30": 76.888, "2006-06-30": 83.549, "2006-03-31": "81.70700", "2005-12-31": 87.641, "2005-09-30": 81.035, "2005-06-30": 74.015, "2005-03-31": "77.47000"}, "Total Depreciation And Amortization - Cash Flow": {"2020-12-31": -103.798, "2020-09-30": 31.229, "2020-06-30": 38.935, "2020-03-31": "33.63400", "2019-12-31": 31.355, "2019-09-30": 28.325, "2019-06-30": 32.999, "2019-03-31": "31.48500", "2018-12-31": 33.75, "2018-09-30": 20.521, "2018-06-30": 19.654, "2018-03-31": "23.13000", "2017-12-31": 30.257, "2017-09-30": 33.675, "2017-06-30": 27.965, "2017-03-31": "24.42300", "2016-12-31": 28.396, "2016-09-30": 31.447, "2016-06-30": 26.768, "2016-03-31": "25.13000", "2015-12-31": 28.466, "2015-09-30": 24.778, "2015-06-30": 25.414, "2015-03-31": "26.11100", "2014-12-31": 22.374, "2014-09-30": 23.717, "2014-06-30": 23.802, "2014-03-31": "23.34700", "2013-12-31": 24.985, "2013-09-30": 27.699, "2013-06-30": 29.486, "2013-03-31": "32.03700", "2012-12-31": 28.646, "2012-09-30": 32.891, "2012-06-30": 30.959, "2012-03-31": "33.75900", "2011-12-31": 38.521, "2011-09-30": 30.989, "2011-06-30": 28.992, "2011-03-31": "31.34000", "2010-12-31": 32.432, "2010-09-30": 30.203, "2010-06-30": 27.886, "2010-03-31": "30.16200", "2009-12-31": 30.74, "2009-09-30": 29.688, "2009-06-30": 28.849, "2009-03-31": "23.24200", "2008-12-31": 13.857, "2008-09-30": 15.302, "2008-06-30": 13.696, "2008-03-31": "13.29000", "2007-12-31": 13.151, "2007-09-30": 13.356, "2007-06-30": 13.765, "2007-03-31": "14.28300", "2006-12-31": 15.218, "2006-09-30": 14.997, "2006-06-30": 16.678, "2006-03-31": "18.47700", "2005-12-31": 20.722, "2005-09-30": 21.247, "2005-06-30": 20.431, "2005-03-31": "20.23600"}, "Other Non-Cash Items": {"2020-12-31": 34.566, "2020-09-30": 8.841, "2020-06-30": -85.191, "2020-03-31": "41.78400", "2019-12-31": 9.142, "2019-09-30": -34.439, "2019-06-30": 25.703, "2019-03-31": "0.70000", "2018-12-31": 32.549, "2018-09-30": -19.341, "2018-06-30": -27.725, "2018-03-31": "-0.36700", "2017-12-31": 21.99, "2017-09-30": -9.267, "2017-06-30": 11.284, "2017-03-31": "14.62200", "2016-12-31": 13.769, "2016-09-30": 7.335, "2016-06-30": 8.719, "2016-03-31": "14.34300", "2015-12-31": 5.808, "2015-09-30": -2.076, "2015-06-30": -2.517, "2015-03-31": "1.40700", "2014-12-31": 6.437, "2014-09-30": -28.341, "2014-06-30": 0.555, "2014-03-31": "0.18300", "2013-12-31": 21.933, "2013-09-30": -38.229, "2013-06-30": -11.981, "2013-03-31": "-18.48600", "2012-12-31": 39.91, "2012-09-30": -46.952, "2012-06-30": -20.631, "2012-03-31": "1.18800", "2011-12-31": 7.932, "2011-09-30": 11.806, "2011-06-30": 26.183, "2011-03-31": "33.19000", "2010-12-31": 122.257, "2010-09-30": 71.739, "2010-06-30": 94.545, "2010-03-31": "142.50300", "2009-12-31": 297.659, "2009-09-30": 96.638, "2009-06-30": 130.367, "2009-03-31": "93.22800", "2008-12-31": 79.548, "2008-09-30": 65.358, "2008-06-30": 56.251, "2008-03-31": "21.69400", "2007-12-31": 32.56, "2007-09-30": 2.361, "2007-06-30": -10.247, "2007-03-31": "-5.89600", "2006-12-31": 27.9, "2006-09-30": 3.208, "2006-06-30": -0.113, "2006-03-31": "1.34000", "2005-12-31": -3.685, "2005-09-30": -4.785, "2005-06-30": 2.654, "2005-03-31": "-2.80800"}, "Total Non-Cash Items": {"2020-12-31": -69.232, "2020-09-30": 40.07, "2020-06-30": -46.256, "2020-03-31": "75.41800", "2019-12-31": 40.497, "2019-09-30": -6.114, "2019-06-30": 58.702, "2019-03-31": "32.18500", "2018-12-31": 66.299, "2018-09-30": 1.18, "2018-06-30": -8.071, "2018-03-31": "22.76300", "2017-12-31": 52.247, "2017-09-30": 24.408, "2017-06-30": 39.249, "2017-03-31": "39.04500", "2016-12-31": 42.165, "2016-09-30": 38.782, "2016-06-30": 35.487, "2016-03-31": "39.47300", "2015-12-31": 34.274, "2015-09-30": 22.702, "2015-06-30": 22.897, "2015-03-31": "27.51800", "2014-12-31": 28.811, "2014-09-30": -4.624, "2014-06-30": 24.357, "2014-03-31": "23.53000", "2013-12-31": 46.918, "2013-09-30": -10.53, "2013-06-30": 17.505, "2013-03-31": "13.55100", "2012-12-31": 68.556, "2012-09-30": -14.061, "2012-06-30": 10.328, "2012-03-31": "34.94700", "2011-12-31": 46.453, "2011-09-30": 42.795, "2011-06-30": 55.175, "2011-03-31": "64.53000", "2010-12-31": 154.689, "2010-09-30": 101.942, "2010-06-30": 122.431, "2010-03-31": "172.66500", "2009-12-31": 328.399, "2009-09-30": 126.326, "2009-06-30": 159.216, "2009-03-31": "116.47000", "2008-12-31": 93.405, "2008-09-30": 80.66, "2008-06-30": 69.947, "2008-03-31": "34.98400", "2007-12-31": 45.711, "2007-09-30": 15.717, "2007-06-30": 3.518, "2007-03-31": "8.38700", "2006-12-31": 43.118, "2006-09-30": 18.205, "2006-06-30": 16.565, "2006-03-31": "19.81700", "2005-12-31": 17.037, "2005-09-30": 16.462, "2005-06-30": 23.085, "2005-03-31": "17.42800"}, "Change In Accounts Receivable": {"2020-12-31": -301.328, "2020-09-30": 135.635, "2020-06-30": 179.863, "2020-03-31": "-14.17000", "2019-12-31": 6.964, "2019-09-30": 265.736, "2019-06-30": -24.073, "2019-03-31": "-14.74700", "2018-12-31": 67.398, "2018-09-30": 13.293, "2018-06-30": -26.56, "2018-03-31": "-22.21400", "2017-12-31": 19.32, "2017-09-30": -67.29, "2017-06-30": 48.55, "2017-03-31": "94.53700", "2016-12-31": 106.161, "2016-09-30": 188.272, "2016-06-30": -23.379, "2016-03-31": "-7.35400", "2015-12-31": -13.737, "2015-09-30": 46.17, "2015-06-30": 12.951, "2015-03-31": "-32.08300", "2014-12-31": -15.681, "2014-09-30": -42.89, "2014-06-30": -19.953, "2014-03-31": "17.57500", "2013-12-31": 39.094, "2013-09-30": 116.9739, "2013-06-30": -35.692, "2013-03-31": "94.38600", "2012-12-31": -98.321, "2012-09-30": 10.6539, "2012-06-30": 63.2961, "2012-03-31": "49.47400", "2011-12-31": -53.526, "2011-09-30": -120.929, "2011-06-30": -48.478, "2011-03-31": "106.13100", "2010-12-31": -16.977, "2010-09-30": 8.887, "2010-06-30": -30.161, "2010-03-31": "-38.01800", "2009-12-31": -45.386, "2009-09-30": 345.0759, "2009-06-30": -58.0909, "2009-03-31": "-269.44600", "2008-12-31": -65.1191, "2008-09-30": 9.157, "2008-06-30": 78.82, "2008-03-31": "-27.20900", "2007-12-31": -42.755, "2007-09-30": 4.979, "2007-06-30": 15.104, "2007-03-31": "-17.10100", "2006-12-31": 13.114, "2006-09-30": -45.667, "2006-06-30": -8.157, "2006-03-31": "5.42500", "2005-12-31": 13.0111, "2005-09-30": 10.2329, "2005-06-30": -32.119, "2005-03-31": "-22.18300"}, "Change In Inventories": {"2020-12-31": 0, "2020-09-30": 0, "2020-06-30": 0, "2020-03-31": "", "2019-12-31": 0, "2019-09-30": 0, "2019-06-30": 0, "2019-03-31": "", "2018-12-31": 0, "2018-09-30": 0, "2018-06-30": 0, "2018-03-31": "", "2017-12-31": 0, "2017-09-30": 0, "2017-06-30": 0, "2017-03-31": "", "2016-12-31": 0, "2016-09-30": 0, "2016-06-30": 0, "2016-03-31": "", "2015-12-31": 0, "2015-09-30": 0, "2015-06-30": 0, "2015-03-31": "", "2014-12-31": 0, "2014-09-30": 0, "2014-06-30": 0, "2014-03-31": "", "2013-12-31": 0, "2013-09-30": 0, "2013-06-30": 0, "2013-03-31": "", "2012-12-31": 0, "2012-09-30": 0, "2012-06-30": 0, "2012-03-31": "", "2011-12-31": 0, "2011-09-30": 0, "2011-06-30": 0, "2011-03-31": "", "2010-12-31": 0, "2010-09-30": 0, "2010-06-30": 0, "2010-03-31": "", "2009-12-31": 0, "2009-09-30": 0, "2009-06-30": 0, "2009-03-31": "", "2008-12-31": 0, "2008-09-30": 0, "2008-06-30": 0, "2008-03-31": "", "2007-12-31": 0, "2007-09-30": 0, "2007-06-30": 0, "2007-03-31": "", "2006-12-31": 0, "2006-09-30": 0, "2006-06-30": 0, "2006-03-31": "", "2005-12-31": 0, "2005-09-30": 0, "2005-06-30": 0, "2005-03-31": ""}, "Change In Accounts Payable": {"2020-12-31": 12.735, "2020-09-30": -9.053, "2020-06-30": 2.829, "2020-03-31": "-6.51100", "2019-12-31": 1.906, "2019-09-30": -2.983, "2019-06-30": 5.088, "2019-03-31": "-1.51600", "2018-12-31": 5.736, "2018-09-30": 0.896, "2018-06-30": 2.569, "2018-03-31": "1.20600", "2017-12-31": 3.125, "2017-09-30": 0.757, "2017-06-30": 2.838, "2017-03-31": "-0.18500", "2016-12-31": 1.352, "2016-09-30": -1.255, "2016-06-30": 1.382, "2016-03-31": "-6.12100", "2015-12-31": 6.54, "2015-09-30": -8.238, "2015-06-30": 6.544, "2015-03-31": "-0.94800", "2014-12-31": 7.987, "2014-09-30": -5.571, "2014-06-30": 5.594, "2014-03-31": "-6.47400", "2013-12-31": 6.079, "2013-09-30": -7.116, "2013-06-30": 6.099, "2013-03-31": "-7.27600", "2012-12-31": 5.723, "2012-09-30": -6.845, "2012-06-30": 4.973, "2012-03-31": "-9.57400", "2011-12-31": 5.959, "2011-09-30": -8.776, "2011-06-30": 6.953, "2011-03-31": "-5.36800", "2010-12-31": 2.371, "2010-09-30": -5.382, "2010-06-30": 3.489, "2010-03-31": "-4.52900", "2009-12-31": 1.479, "2009-09-30": -6.645, "2009-06-30": 0.756, "2009-03-31": "-6.32400", "2008-12-31": 4.791, "2008-09-30": -3.911, "2008-06-30": 0.348, "2008-03-31": "-8.66300", "2007-12-31": -1.302, "2007-09-30": -3.631, "2007-06-30": 3.36, "2007-03-31": "-5.93900", "2006-12-31": -0.524, "2006-09-30": -1.229, "2006-06-30": 5.209, "2006-03-31": "-6.28100", "2005-12-31": 10.757, "2005-09-30": 1.548, "2005-06-30": 4.857, "2005-03-31": "3.28500"}, "Change In Assets/Liabilities": {"2020-12-31": 116.532, "2020-09-30": -16.925, "2020-06-30": 21.05, "2020-03-31": "-120.65700", "2019-12-31": 15.853, "2019-09-30": 25.767, "2019-06-30": -40.306, "2019-03-31": "-116.21000", "2018-12-31": -65.516, "2018-09-30": 84.91, "2018-06-30": 16.311, "2018-03-31": "-28.11800", "2017-12-31": 13.865, "2017-09-30": -26.033, "2017-06-30": 9.119, "2017-03-31": "-27.96800", "2016-12-31": 20.693, "2016-09-30": 31.287, "2016-06-30": 20.324, "2016-03-31": "-46.16000", "2015-12-31": 7.333, "2015-09-30": 14.807, "2015-06-30": -3.977, "2015-03-31": "-29.84800", "2014-12-31": -1.058, "2014-09-30": 17.074, "2014-06-30": -13.512, "2014-03-31": "-6.16500", "2013-12-31": -42.721, "2013-09-30": 33.409, "2013-06-30": 23.949, "2013-03-31": "-14.63700", "2012-12-31": 9.92, "2012-09-30": 46.078, "2012-06-30": 2.078, "2012-03-31": "-5.71500", "2011-12-31": 27.114, "2011-09-30": 15.217, "2011-06-30": 26.773, "2011-03-31": "10.06500", "2010-12-31": 2.102, "2010-09-30": -15.026, "2010-06-30": 35.331, "2010-03-31": "16.46400", "2009-12-31": -96.701, "2009-09-30": -0.134, "2009-06-30": -629.497, "2009-03-31": "288.20400", "2008-12-31": 10.195, "2008-09-30": -9.814, "2008-06-30": -19.726, "2008-03-31": "21.53900", "2007-12-31": -12.488, "2007-09-30": -0.883, "2007-06-30": -28.253, "2007-03-31": "21.20100", "2006-12-31": -21.888, "2006-09-30": -8.108, "2006-06-30": -19.935, "2006-03-31": "3.85100", "2005-12-31": -30.941, "2005-09-30": 8.595, "2005-06-30": -32.144, "2005-03-31": "-0.68000"}, "Total Change In Assets/Liabilities": {"2020-12-31": -114.059, "2020-09-30": 51.655, "2020-06-30": 203.742, "2020-03-31": "-141.33800", "2019-12-31": -8.324, "2019-09-30": 322.29, "2019-06-30": -59.291, "2019-03-31": "-132.47300", "2018-12-31": 38.542, "2018-09-30": 99.099, "2018-06-30": -7.68, "2018-03-31": "-49.12600", "2017-12-31": 39.83, "2017-09-30": -92.566, "2017-06-30": 60.507, "2017-03-31": "66.38400", "2016-12-31": 128.2061, "2016-09-30": 218.304, "2016-06-30": -1.673, "2016-03-31": "-59.63500", "2015-12-31": 0.136, "2015-09-30": 52.739, "2015-06-30": 15.518, "2015-03-31": "-62.87900", "2014-12-31": -8.752, "2014-09-30": -31.387, "2014-06-30": -27.871, "2014-03-31": "4.93600", "2013-12-31": 2.452, "2013-09-30": 143.2669, "2013-06-30": -5.644, "2013-03-31": "72.47300", "2012-12-31": -82.678, "2012-09-30": 49.8869, "2012-06-30": 70.3471, "2012-03-31": "34.18500", "2011-12-31": -20.453, "2011-09-30": -114.488, "2011-06-30": -14.752, "2011-03-31": "110.82800", "2010-12-31": -12.504, "2010-09-30": -11.521, "2010-06-30": 8.659, "2010-03-31": "-26.08300", "2009-12-31": -140.608, "2009-09-30": 338.2969, "2009-06-30": -686.8319, "2009-03-31": "12.43400", "2008-12-31": -50.1331, "2008-09-30": -4.568, "2008-06-30": 59.442, "2008-03-31": "-14.33300", "2007-12-31": -56.545, "2007-09-30": 0.465, "2007-06-30": -9.789, "2007-03-31": "-1.83900", "2006-12-31": -9.298, "2006-09-30": -55.004, "2006-06-30": -22.883, "2006-03-31": "2.99500", "2005-12-31": -7.1729, "2005-09-30": 20.3759, "2005-06-30": -59.406, "2005-03-31": "-19.57800"}, "Cash Flow From Operating Activities": {"2020-12-31": -423.06, "2020-09-30": 136.94, "2020-06-30": 306.203, "2020-03-31": "-20.08300", "2019-12-31": 104.274, "2019-09-30": 399.516, "2019-06-30": 84.072, "2019-03-31": "-13.60200", "2018-12-31": 193.824, "2018-09-30": 186.209, "2018-06-30": 73.441, "2018-03-31": "43.09300", "2017-12-31": 142.087, "2017-09-30": -3.157, "2017-06-30": 157.739, "2017-03-31": "161.69900", "2016-12-31": 225.204, "2016-09-30": 310.902, "2016-06-30": 82.905, "2016-03-31": "22.37200", "2015-12-31": 77.201, "2015-09-30": 124.879, "2015-06-30": 87.815, "2015-03-31": "11.31100", "2014-12-31": 68.797, "2014-09-30": 14.196, "2014-06-30": 42.851, "2014-03-31": "73.66500", "2013-12-31": 106.402, "2013-09-30": 178.395, "2013-06-30": 59.749, "2013-03-31": "133.41200", "2012-12-31": 32.506, "2012-09-30": 82.221, "2012-06-30": 123.992, "2012-03-31": "111.76500", "2011-12-31": 67.125, "2011-09-30": -30.354, "2011-06-30": 74.805, "2011-03-31": "198.21100", "2010-12-31": 156.193, "2010-09-30": 104.725, "2010-06-30": 128.311, "2010-03-31": "120.19300", "2009-12-31": 14.554, "2009-09-30": 480.617, "2009-06-30": -544.957, "2009-03-31": "171.62900", "2008-12-31": 60.131, "2008-09-30": 113.861, "2008-06-30": 176.748, "2008-03-31": "87.11600", "2007-12-31": 53.957, "2007-09-30": 87.923, "2007-06-30": 69.554, "2007-03-31": "79.94300", "2006-12-31": 108.321, "2006-09-30": 40.089, "2006-06-30": 77.231, "2006-03-31": "104.51900", "2005-12-31": 97.505, "2005-09-30": 117.873, "2005-06-30": 37.694, "2005-03-31": "75.32000"}, "Net Change In Property, Plant, And Equipment": {"2020-12-31": 34.44, "2020-09-30": -11.863, "2020-06-30": -11.532, "2020-03-31": "-11.04500", "2019-12-31": -17.074, "2019-09-30": -19.777, "2019-06-30": -17.24, "2019-03-31": "-13.36800", "2018-12-31": -22.913, "2018-09-30": -19.009, "2018-06-30": -14.04, "2018-03-31": "-9.89200", "2017-12-31": -14.444, "2017-09-30": -13.636, "2017-06-30": -5.703, "2017-03-31": "-13.58600", "2016-12-31": -13.19, "2016-09-30": -9.23, "2016-06-30": -10.776, "2016-03-31": "-70.68500", "2015-12-31": -17.858, "2015-09-30": -10.546, "2015-06-30": -12.288, "2015-03-31": "-13.94400", "2014-12-31": -14.889, "2014-09-30": -16.142, "2014-06-30": -8.517, "2014-03-31": "-10.84800", "2013-12-31": -18.584, "2013-09-30": -17.591, "2013-06-30": -15.325, "2013-03-31": "-16.22300", "2012-12-31": -25.108, "2012-09-30": -25.802, "2012-06-30": -20.914, "2012-03-31": "-12.14900", "2011-12-31": -27.336, "2011-09-30": -26.289, "2011-06-30": -15.867, "2011-03-31": "-7.15600", "2010-12-31": -18.938, "2010-09-30": -7.592, "2010-06-30": -4.994, "2010-03-31": "-3.07100", "2009-12-31": -9.041, "2009-09-30": -6.189, "2009-06-30": -4.125, "2009-03-31": "-3.43900", "2008-12-31": -8.459, "2008-09-30": -5.475, "2008-06-30": -10.928, "2008-03-31": "-6.60900", "2007-12-31": -9.995, "2007-09-30": -11.918, "2007-06-30": -10.206, "2007-03-31": "-2.69600", "2006-12-31": -9.491, "2006-09-30": -2.851, "2006-06-30": -4.627, "2006-03-31": "-1.17700", "2005-12-31": -7.39, "2005-09-30": -3.931, "2005-06-30": -3.988, "2005-03-31": "-0.60400"}, "Net Change In Intangible Assets": {"2020-12-31": 0.2, "2020-09-30": 0, "2020-06-30": 0, "2020-03-31": "-0.20000", "2019-12-31": 0, "2019-09-30": 0, "2019-06-30": 0, "2019-03-31": "", "2018-12-31": 0, "2018-09-30": 0, "2018-06-30": 0, "2018-03-31": "", "2017-12-31": 0, "2017-09-30": 0, "2017-06-30": 0, "2017-03-31": "", "2016-12-31": 0, "2016-09-30": 0, "2016-06-30": 0, "2016-03-31": "", "2015-12-31": 0, "2015-09-30": 0, "2015-06-30": 0, "2015-03-31": "", "2014-12-31": 0, "2014-09-30": 0, "2014-06-30": 0, "2014-03-31": "", "2013-12-31": 0, "2013-09-30": 0, "2013-06-30": 0, "2013-03-31": "", "2012-12-31": 0, "2012-09-30": 0, "2012-06-30": 0, "2012-03-31": "", "2011-12-31": 0, "2011-09-30": 0, "2011-06-30": 0, "2011-03-31": "", "2010-12-31": 0, "2010-09-30": 0, "2010-06-30": 0, "2010-03-31": "", "2009-12-31": 0, "2009-09-30": 0, "2009-06-30": 0, "2009-03-31": "", "2008-12-31": 0, "2008-09-30": 0, "2008-06-30": 0, "2008-03-31": "", "2007-12-31": 0, "2007-09-30": 0, "2007-06-30": 0, "2007-03-31": "", "2006-12-31": 0, "2006-09-30": 0, "2006-06-30": 0, "2006-03-31": "", "2005-12-31": 14.015, "2005-09-30": -5.939, "2005-06-30": -4.261, "2005-03-31": "-3.81500"}, "Net Acquisitions/Divestitures": {"2020-12-31": -224.993, "2020-09-30": -0.06, "2020-06-30": 256.505, "2020-03-31": "-31.45200", "2019-12-31": 0, "2019-09-30": 0, "2019-06-30": 551.25, "2019-03-31": "", "2018-12-31": 0, "2018-09-30": 0, "2018-06-30": -0.133, "2018-03-31": "59.60500", "2017-12-31": 0.556, "2017-09-30": 0, "2017-06-30": 0, "2017-03-31": "-0.21700", "2016-12-31": 0, "2016-09-30": 0, "2016-06-30": 0, "2016-03-31": "-0.68500", "2015-12-31": 0, "2015-09-30": 0, "2015-06-30": -0.07, "2015-03-31": "1.20200", "2014-12-31": 0, "2014-09-30": 0, "2014-06-30": 0, "2014-03-31": "", "2013-12-31": 0, "2013-09-30": 0, "2013-06-30": 0, "2013-03-31": "", "2012-12-31": 0, "2012-09-30": 0, "2012-06-30": 0, "2012-03-31": "", "2011-12-31": 0, "2011-09-30": 0, "2011-06-30": 0, "2011-03-31": "", "2010-12-31": 0, "2010-09-30": 0, "2010-06-30": 0, "2010-03-31": "", "2009-12-31": 0, "2009-09-30": 0, "2009-06-30": 0, "2009-03-31": "", "2008-12-31": 0, "2008-09-30": 0, "2008-06-30": 0, "2008-03-31": "", "2007-12-31": 0, "2007-09-30": 0, "2007-06-30": -33.799, "2007-03-31": "", "2006-12-31": 0, "2006-09-30": 0, "2006-06-30": 0, "2006-03-31": "", "2005-12-31": 25.153, "2005-09-30": 0, "2005-06-30": 0, "2005-03-31": ""}, "Net Change In Short-term Investments": {"2020-12-31": 0, "2020-09-30": 0, "2020-06-30": 0, "2020-03-31": "", "2019-12-31": 0, "2019-09-30": 0, "2019-06-30": 0, "2019-03-31": "", "2018-12-31": 0, "2018-09-30": 0, "2018-06-30": 0, "2018-03-31": "", "2017-12-31": 0, "2017-09-30": 0, "2017-06-30": 0, "2017-03-31": "", "2016-12-31": 0, "2016-09-30": 0, "2016-06-30": 0, "2016-03-31": "", "2015-12-31": 0, "2015-09-30": 0, "2015-06-30": 0, "2015-03-31": "", "2014-12-31": 0, "2014-09-30": 0, "2014-06-30": 0, "2014-03-31": "", "2013-12-31": 0, "2013-09-30": 0, "2013-06-30": 0, "2013-03-31": "", "2012-12-31": 0, "2012-09-30": 0, "2012-06-30": 0, "2012-03-31": "", "2011-12-31": 0, "2011-09-30": 0, "2011-06-30": 0, "2011-03-31": "", "2010-12-31": 0, "2010-09-30": 0, "2010-06-30": 0, "2010-03-31": "", "2009-12-31": 0, "2009-09-30": 0, "2009-06-30": 0, "2009-03-31": "", "2008-12-31": 0, "2008-09-30": 0, "2008-06-30": 0, "2008-03-31": "", "2007-12-31": 0, "2007-09-30": 0, "2007-06-30": 0, "2007-03-31": "", "2006-12-31": 0, "2006-09-30": 0, "2006-06-30": 0, "2006-03-31": "", "2005-12-31": 0, "2005-09-30": 0, "2005-06-30": 0, "2005-03-31": ""}, "Net Change In Long-Term Investments": {"2020-12-31": -424.5151, "2020-09-30": 18.6701, "2020-06-30": -112.506, "2020-03-31": "518.35100", "2019-12-31": 132.172, "2019-09-30": 481.274, "2019-06-30": 632.322, "2019-03-31": "83.25800", "2018-12-31": 36.6381, "2018-09-30": 135.215, "2018-06-30": 28.661, "2018-03-31": "-233.06900", "2017-12-31": -318.6591, "2017-09-30": -92.276, "2017-06-30": -131.825, "2017-03-31": "88.56600", "2016-12-31": 57.3519, "2016-09-30": -40.5799, "2016-06-30": 44.368, "2016-03-31": "68.78800", "2015-12-31": -39.9242, "2015-09-30": -193.8101, "2015-06-30": -165.1349, "2015-03-31": "48.76100", "2014-12-31": -149.2302, "2014-09-30": 74.563, "2014-06-30": -257.237, "2014-03-31": "-31.69000", "2013-12-31": -483.8621, "2013-09-30": -65.003, "2013-06-30": -76.587, "2013-03-31": "-45.04000", "2012-12-31": -515.083, "2012-09-30": -12.0761, "2012-06-30": 154.125, "2012-03-31": "265.29400", "2011-12-31": 474.737, "2011-09-30": 287.801, "2011-06-30": 182.138, "2011-03-31": "230.52700", "2010-12-31": -914.2231, "2010-09-30": 24.6189, "2010-06-30": -60.8559, "2010-03-31": "580.74400", "2009-12-31": -205.303, "2009-09-30": 117.228, "2009-06-30": -89.092, "2009-03-31": "-436.04300", "2008-12-31": -1405.438, "2008-09-30": -45.478, "2008-06-30": -33.546, "2008-03-31": "-23.68600", "2007-12-31": -18.542, "2007-09-30": -99.4409, "2007-06-30": 93.472, "2007-03-31": "-22.91400", "2006-12-31": 5.098, "2006-09-30": 105.522, "2006-06-30": 300.399, "2006-03-31": "859.90000", "2005-12-31": 302.105, "2005-09-30": 70.529, "2005-06-30": 58.885, "2005-03-31": "-78.03600"}, "Net Change In Investments - Total": {"2020-12-31": -424.5151, "2020-09-30": 18.6701, "2020-06-30": -112.506, "2020-03-31": "518.35100", "2019-12-31": 132.172, "2019-09-30": 481.274, "2019-06-30": 632.322, "2019-03-31": "83.25800", "2018-12-31": 36.6381, "2018-09-30": 135.215, "2018-06-30": 28.661, "2018-03-31": "-233.06900", "2017-12-31": -318.6591, "2017-09-30": -92.276, "2017-06-30": -131.825, "2017-03-31": "88.56600", "2016-12-31": 57.3519, "2016-09-30": -40.5799, "2016-06-30": 44.368, "2016-03-31": "68.78800", "2015-12-31": -39.9242, "2015-09-30": -193.8101, "2015-06-30": -165.1349, "2015-03-31": "48.76100", "2014-12-31": -149.2302, "2014-09-30": 74.563, "2014-06-30": -257.237, "2014-03-31": "-31.69000", "2013-12-31": -483.8621, "2013-09-30": -65.003, "2013-06-30": -76.587, "2013-03-31": "-45.04000", "2012-12-31": -515.083, "2012-09-30": -12.0761, "2012-06-30": 154.125, "2012-03-31": "265.29400", "2011-12-31": 474.737, "2011-09-30": 287.801, "2011-06-30": 182.138, "2011-03-31": "230.52700", "2010-12-31": -914.2231, "2010-09-30": 24.6189, "2010-06-30": -60.8559, "2010-03-31": "580.74400", "2009-12-31": -205.303, "2009-09-30": 117.228, "2009-06-30": -89.092, "2009-03-31": "-436.04300", "2008-12-31": -1405.438, "2008-09-30": -45.478, "2008-06-30": -33.546, "2008-03-31": "-23.68600", "2007-12-31": -18.542, "2007-09-30": -99.4409, "2007-06-30": 93.472, "2007-03-31": "-22.91400", "2006-12-31": 5.098, "2006-09-30": 105.522, "2006-06-30": 300.399, "2006-03-31": "859.90000", "2005-12-31": 302.105, "2005-09-30": 70.529, "2005-06-30": 58.885, "2005-03-31": "-78.03600"}, "Investing Activities - Other": {"2020-12-31": 2187.493, "2020-09-30": -257.004, "2020-06-30": -527.327, "2020-03-31": "-1403.16200", "2019-12-31": -79.285, "2019-09-30": 151.893, "2019-06-30": -35.57, "2019-03-31": "-232.41000", "2018-12-31": -10.899, "2018-09-30": 16.947, "2018-06-30": -181.004, "2018-03-31": "-166.97900", "2017-12-31": 119.894, "2017-09-30": -171.337, "2017-06-30": -737.054, "2017-03-31": "-107.13700", "2016-12-31": -222.714, "2016-09-30": -184.669, "2016-06-30": -747.451, "2016-03-31": "-523.55100", "2015-12-31": -202.888, "2015-09-30": -225.964, "2015-06-30": -331.353, "2015-03-31": "-370.00100", "2014-12-31": -438.573, "2014-09-30": -116.809, "2014-06-30": -603.44, "2014-03-31": "-545.79300", "2013-12-31": -310.72, "2013-09-30": 155.817, "2013-06-30": -201.438, "2013-03-31": "-158.67800", "2012-12-31": -439.992, "2012-09-30": -277.852, "2012-06-30": -481.454, "2012-03-31": "-242.71100", "2011-12-31": -551.279, "2011-09-30": -442.308, "2011-06-30": -427.922, "2011-03-31": "-149.58300", "2010-12-31": -213.865, "2010-09-30": 145.356, "2010-06-30": 582.093, "2010-03-31": "507.49700", "2009-12-31": 388.694, "2009-09-30": 440.498, "2009-06-30": 1127.433, "2009-03-31": "-294.43800", "2008-12-31": -64.701, "2008-09-30": -164.4611, "2008-06-30": -424.3459, "2008-03-31": "-289.53400", "2007-12-31": -415.184, "2007-09-30": -36.586, "2007-06-30": 43.123, "2007-03-31": "279.06500", "2006-12-31": 95.124, "2006-09-30": 116.983, "2006-06-30": 124.796, "2006-03-31": "-389.76800", "2005-12-31": -103.297, "2005-09-30": -61.742, "2005-06-30": -129.104, "2005-03-31": "-48.56700"}, "Cash Flow From Investing Activities": {"2020-12-31": 1572.625, "2020-09-30": -250.255, "2020-06-30": -394.863, "2020-03-31": "-927.50700", "2019-12-31": 35.815, "2019-09-30": 613.389, "2019-06-30": 1130.76, "2019-03-31": "-162.51800", "2018-12-31": 2.826, "2018-09-30": 133.153, "2018-06-30": -166.515, "2018-03-31": "-350.33600", "2017-12-31": -212.653, "2017-09-30": -277.249, "2017-06-30": -874.582, "2017-03-31": "-32.37400", "2016-12-31": -178.552, "2016-09-30": -234.479, "2016-06-30": -713.859, "2016-03-31": "-526.13300", "2015-12-31": -260.67, "2015-09-30": -430.32, "2015-06-30": -508.846, "2015-03-31": "-333.98200", "2014-12-31": -602.692, "2014-09-30": -58.388, "2014-06-30": -869.194, "2014-03-31": "-588.33100", "2013-12-31": -813.166, "2013-09-30": 73.223, "2013-06-30": -293.35, "2013-03-31": "-219.94100", "2012-12-31": -980.183, "2012-09-30": -315.73, "2012-06-30": -348.243, "2012-03-31": "10.43400", "2011-12-31": -103.878, "2011-09-30": -180.796, "2011-06-30": -261.651, "2011-03-31": "73.78800", "2010-12-31": -1147.026, "2010-09-30": 162.383, "2010-06-30": 516.243, "2010-03-31": "1085.17000", "2009-12-31": 174.35, "2009-09-30": 551.537, "2009-06-30": 1034.216, "2009-03-31": "-733.92000", "2008-12-31": -1478.598, "2008-09-30": -215.414, "2008-06-30": -468.82, "2008-03-31": "-319.82900", "2007-12-31": -443.721, "2007-09-30": -147.945, "2007-06-30": 92.59, "2007-03-31": "253.45500", "2006-12-31": 90.731, "2006-09-30": 219.654, "2006-06-30": 420.568, "2006-03-31": "468.95500", "2005-12-31": 230.586, "2005-09-30": -1.083, "2005-06-30": -78.468, "2005-03-31": "-131.02200"}, "Net Long-Term Debt": {"2020-12-31": 963.821, "2020-09-30": -950.231, "2020-06-30": -38.127, "2020-03-31": "24.53700", "2019-12-31": -251.622, "2019-09-30": -0.156, "2019-06-30": 618.229, "2019-03-31": "-629.53600", "2018-12-31": -254.0998, "2018-09-30": -1200.2011, "2018-06-30": 1691.965, "2018-03-31": "-250.00000", "2017-12-31": 249.997, "2017-09-30": -330.005, "2017-06-30": 714.996, "2017-03-31": "-0.00800", "2016-12-31": -0.011, "2016-09-30": -750.009, "2016-06-30": 649.992, "2016-03-31": "184.99000", "2015-12-31": -0.009, "2015-09-30": -500.009, "2015-06-30": -250.008, "2015-03-31": "-500.00900", "2014-12-31": 996.0221, "2014-09-30": -0.04, "2014-06-30": -0.009, "2014-03-31": "-155.00900", "2013-12-31": 2472.726, "2013-09-30": -0.046, "2013-06-30": -300.034, "2013-03-31": "-100.07600", "2012-12-31": -285.642, "2012-09-30": 154.727, "2012-06-30": -25.843, "2012-03-31": "-0.12500", "2011-12-31": -300.013, "2011-09-30": -6.749, "2011-06-30": -0.065, "2011-03-31": "69.22700", "2010-12-31": -300.057, "2010-09-30": -130.013, "2010-06-30": 199.721, "2010-03-31": "-310.01200", "2009-12-31": 192.505, "2009-09-30": -0.06, "2009-06-30": -200.012, "2009-03-31": "99.97000", "2008-12-31": 299.971, "2008-09-30": 125.81, "2008-06-30": -99.994, "2008-03-31": "-328.36000", "2007-12-31": -69.819, "2007-09-30": -0.011, "2007-06-30": 184.99, "2007-03-31": "-328.16000", "2006-12-31": -202.009, "2006-09-30": -201.8089, "2006-06-30": -423.2691, "2006-03-31": "-448.29100", "2005-12-31": -315.0231, "2005-09-30": -100.2299, "2005-06-30": 349.757, "2005-03-31": "699.96800"}, "Net Current Debt": {"2020-12-31": 804.655, "2020-09-30": 24.489, "2020-06-30": -504.827, "2020-03-31": "-324.31700", "2019-12-31": 661.669, "2019-09-30": 131.461, "2019-06-30": -867.134, "2019-03-31": "2.04300", "2018-12-31": 441.914, "2018-09-30": -11.366, "2018-06-30": -1520.788, "2018-03-31": "1124.86900", "2017-12-31": -388.335, "2017-09-30": -122.865, "2017-06-30": 106.615, "2017-03-31": "-11.16800", "2016-12-31": -148.058, "2016-09-30": -671.464, "2016-06-30": 494.149, "2016-03-31": "582.99200", "2015-12-31": -187.919, "2015-09-30": -573.201, "2015-06-30": 932.999, "2015-03-31": "-405.75100", "2014-12-31": -361.892, "2014-09-30": -906.991, "2014-06-30": 1089.265, "2014-03-31": "506.98000", "2013-12-31": -885.954, "2013-09-30": -1137.62, "2013-06-30": 994.948, "2013-03-31": "-557.38700", "2012-12-31": 573.654, "2012-09-30": -899.985, "2012-06-30": 717.051, "2012-03-31": "-578.26600", "2011-12-31": -17.291, "2011-09-30": -723.894, "2011-06-30": 707.865, "2011-03-31": "800.42300", "2010-12-31": 1208.119, "2010-09-30": 25.857, "2010-06-30": -62.158, "2010-03-31": "-651.28900", "2009-12-31": -290.741, "2009-09-30": -1195.368, "2009-06-30": -652.168, "2009-03-31": "-338.80600", "2008-12-31": -402.079, "2008-09-30": -817.447, "2008-06-30": 1070.938, "2008-03-31": "625.73700", "2007-12-31": 877.262, "2007-09-30": -66.846, "2007-06-30": 71.555, "2007-03-31": "290.13100", "2006-12-31": 37.703, "2006-09-30": -556.11, "2006-06-30": -36.858, "2006-03-31": "-68.35700", "2005-12-31": -304.488, "2005-09-30": -32.465, "2005-06-30": -2.653, "2005-03-31": "-112.60500"}, "Debt Issuance/Retirement Net - Total": {"2020-12-31": 1768.476, "2020-09-30": -925.7419, "2020-06-30": -542.9541, "2020-03-31": "-299.78000", "2019-12-31": 410.047, "2019-09-30": 131.305, "2019-06-30": -248.905, "2019-03-31": "-627.49300", "2018-12-31": 187.8142, "2018-09-30": -1211.5671, "2018-06-30": 171.177, "2018-03-31": "874.86900", "2017-12-31": -138.338, "2017-09-30": -452.87, "2017-06-30": 821.611, "2017-03-31": "-11.17600", "2016-12-31": -148.069, "2016-09-30": -1421.473, "2016-06-30": 1144.141, "2016-03-31": "767.98200", "2015-12-31": -187.928, "2015-09-30": -1073.21, "2015-06-30": 682.991, "2015-03-31": "-905.76000", "2014-12-31": 634.13, "2014-09-30": -907.031, "2014-06-30": 1089.256, "2014-03-31": "351.97100", "2013-12-31": 1586.7721, "2013-09-30": -1137.666, "2013-06-30": 694.914, "2013-03-31": "-657.46300", "2012-12-31": 288.012, "2012-09-30": -745.258, "2012-06-30": 691.208, "2012-03-31": "-578.39100", "2011-12-31": -317.3039, "2011-09-30": -730.643, "2011-06-30": 707.8, "2011-03-31": "869.65000", "2010-12-31": 908.062, "2010-09-30": -104.156, "2010-06-30": 137.563, "2010-03-31": "-961.30100", "2009-12-31": -98.236, "2009-09-30": -1195.428, "2009-06-30": -852.18, "2009-03-31": "-238.83600", "2008-12-31": -102.108, "2008-09-30": -691.637, "2008-06-30": 970.944, "2008-03-31": "297.37700", "2007-12-31": 807.4431, "2007-09-30": -66.857, "2007-06-30": 256.545, "2007-03-31": "-38.02900", "2006-12-31": -164.306, "2006-09-30": -757.919, "2006-06-30": -460.127, "2006-03-31": "-516.64800", "2005-12-31": -619.511, "2005-09-30": -132.6951, "2005-06-30": 347.1041, "2005-03-31": "587.36300"}, "Net Common Equity Issued/Repurchased": {"2020-12-31": 74.1, "2020-09-30": -0.366, "2020-06-30": 0.18, "2020-03-31": "-73.91400", "2019-12-31": -45.837, "2019-09-30": -58.995, "2019-06-30": -39.606, "2019-03-31": "-30.42200", "2018-12-31": -88.203, "2018-09-30": -117.417, "2018-06-30": 9.075, "2018-03-31": "-31.72000", "2017-12-31": 4.482, "2017-09-30": -35.684, "2017-06-30": 2.303, "2017-03-31": "10.19700", "2016-12-31": 13.168, "2016-09-30": 3.248, "2016-06-30": 0.845, "2016-03-31": "-20.59400", "2015-12-31": 4.597, "2015-09-30": 1.099, "2015-06-30": -55.927, "2015-03-31": "-27.86900", "2014-12-31": -100.067, "2014-09-30": -90.096, "2014-06-30": -30.448, "2014-03-31": "-42.19900", "2013-12-31": -30.055, "2013-09-30": -30.055, "2013-06-30": -30.114, "2013-03-31": "-33.12500", "2012-12-31": -30.102, "2012-09-30": -0.342, "2012-06-30": -30.097, "2012-03-31": "-1.11300", "2011-12-31": -0.019, "2011-09-30": -0.024, "2011-06-30": -0.009, "2011-03-31": "-0.60700", "2010-12-31": -0.017, "2010-09-30": -0.008, "2010-06-30": -0.447, "2010-03-31": "478.00000", "2009-12-31": -0.024, "2009-09-30": -0.003, "2009-06-30": 0.02, "2009-03-31": "-0.59200", "2008-12-31": 1.925, "2008-09-30": 1.815, "2008-06-30": 2.846, "2008-03-31": "2.76800", "2007-12-31": 2.443, "2007-09-30": 2.74, "2007-06-30": -63.978, "2007-03-31": "-53.39300", "2006-12-31": -53.143, "2006-09-30": -61.59, "2006-06-30": 2.644, "2006-03-31": "-124.23300", "2005-12-31": -27.479, "2005-09-30": 4.519, "2005-06-30": -65.577, "2005-03-31": "-7.57300"}, "Net Total Equity Issued/Repurchased": {"2020-12-31": -22.821, "2020-09-30": -0.574, "2020-06-30": 97.309, "2020-03-31": "-73.91400", "2019-12-31": -45.837, "2019-09-30": -58.995, "2019-06-30": -39.606, "2019-03-31": "-30.42200", "2018-12-31": -88.095, "2018-09-30": -20.102, "2018-06-30": -2.184, "2018-03-31": "-21.10700", "2017-12-31": 4.482, "2017-09-30": -35.684, "2017-06-30": 2.303, "2017-03-31": "10.19700", "2016-12-31": 13.168, "2016-09-30": 41.411, "2016-06-30": 0.689, "2016-03-31": "-21.68600", "2015-12-31": 4.597, "2015-09-30": 0.516, "2015-06-30": 6.287, "2015-03-31": "-27.86900", "2014-12-31": -88.33, "2014-09-30": -90.096, "2014-06-30": -30.602, "2014-03-31": "-43.00500", "2013-12-31": -21.759, "2013-09-30": -30.672, "2013-06-30": -30.114, "2013-03-31": "-33.12500", "2012-12-31": -30.102, "2012-09-30": -0.342, "2012-06-30": -30.097, "2012-03-31": "-1.11300", "2011-12-31": -0.019, "2011-09-30": -199.252, "2011-06-30": -262.509, "2011-03-31": "-0.60700", "2010-12-31": -0.017, "2010-09-30": -0.008, "2010-06-30": -0.447, "2010-03-31": "478.00000", "2009-12-31": -0.024, "2009-09-30": -0.003, "2009-06-30": 0.02, "2009-03-31": "-0.59200", "2008-12-31": 526.925, "2008-09-30": 1.815, "2008-06-30": 2.846, "2008-03-31": "2.76800", "2007-12-31": 2.443, "2007-09-30": 2.74, "2007-06-30": -63.978, "2007-03-31": "-53.39300", "2006-12-31": -53.143, "2006-09-30": -61.59, "2006-06-30": 2.644, "2006-03-31": "-124.23300", "2005-12-31": -27.479, "2005-09-30": 4.519, "2005-06-30": -65.577, "2005-03-31": "-7.57300"}, "Total Common And Preferred Stock Dividends Paid": {"2020-12-31": 97.308, "2020-09-30": -33.082, "2020-06-30": -32.033, "2020-03-31": "-32.19300", "2019-12-31": -32.356, "2019-09-30": -31.09, "2019-06-30": -31.576, "2019-03-31": "-31.98400", "2018-12-31": -31.795, "2018-09-30": -28.023, "2018-06-30": -28.436, "2018-03-31": "-28.04900", "2017-12-31": -23.698, "2017-09-30": -20.593, "2017-06-30": -20.775, "2017-03-31": "-20.69800", "2016-12-31": -20.561, "2016-09-30": -18.796, "2016-06-30": -18.794, "2016-03-31": "-18.60700", "2015-12-31": -18.999, "2015-09-30": -17.275, "2015-06-30": -16.773, "2015-03-31": "-16.50800", "2014-12-31": -16.636, "2014-09-30": -15.379, "2014-06-30": -15.814, "2014-03-31": "-15.88300", "2013-12-31": -16.041, "2013-09-30": -14.551, "2013-06-30": -14.774, "2013-03-31": "-14.78300", "2012-12-31": -14.925, "2012-09-30": -9.93, "2012-06-30": -9.944, "2012-03-31": "-10.03500", "2011-12-31": -3.046, "2011-09-30": -4.6, "2011-06-30": -5.244, "2011-03-31": "-8.30500", "2010-12-31": -8.3, "2010-09-30": -8.301, "2010-06-30": -8.299, "2010-03-31": "-8.29800", "2009-12-31": -12.982, "2009-09-30": -12.981, "2009-06-30": -12.985, "2009-03-31": "-47.65200", "2008-12-31": -40.979, "2008-09-30": -40.922, "2008-06-30": -40.871, "2008-03-31": "-39.57500", "2007-12-31": -39.298, "2007-09-30": -39.41, "2007-06-30": -39.651, "2007-03-31": "-37.45000", "2006-12-31": -37.898, "2006-09-30": -38.234, "2006-06-30": -38.387, "2006-03-31": "-36.71600", "2005-12-31": -36.883, "2005-09-30": -34.551, "2005-06-30": -35.051, "2005-03-31": "-32.48100"}, "Financial Activities - Other": {"2020-12-31": -3517.446, "2020-09-30": 173.684, "2020-06-30": 1899.797, "2020-03-31": "1443.96500", "2019-12-31": -642.744, "2019-09-30": -851.66, "2019-06-30": -984.008, "2019-03-31": "635.66400", "2018-12-31": 65.781, "2018-09-30": 1015.298, "2018-06-30": -9.288, "2018-03-31": "-801.31000", "2017-12-31": 452.511, "2017-09-30": 715.271, "2017-06-30": -209.855, "2017-03-31": "-60.41300", "2016-12-31": 140.736, "2016-09-30": 1454.862, "2016-06-30": -392.61, "2016-03-31": "-322.20500", "2015-12-31": 449.27, "2015-09-30": 1288.832, "2015-06-30": -582.029, "2015-03-31": "1088.08800", "2014-12-31": 562.246, "2014-09-30": 884.999, "2014-06-30": -193.668, "2014-03-31": "242.76000", "2013-12-31": -1069.133, "2013-09-30": 1205.472, "2013-06-30": -288.858, "2013-03-31": "481.42900", "2012-12-31": 489.273, "2012-09-30": 1343.721, "2012-06-30": -540.282, "2012-03-31": "562.72100", "2011-12-31": 308.245, "2011-09-30": 716.36, "2011-06-30": 42.407, "2011-03-31": "-1201.75000", "2010-12-31": -1579.467, "2010-09-30": -165.339, "2010-06-30": -526.588, "2010-03-31": "768.17400", "2009-12-31": 282.504, "2009-09-30": 125.718, "2009-06-30": 447.202, "2009-03-31": "718.39300", "2008-12-31": 909.282, "2008-09-30": 867.1, "2008-06-30": -503.012, "2008-03-31": "-91.56900", "2007-12-31": -174.587, "2007-09-30": 82.017, "2007-06-30": -205.751, "2007-03-31": "-333.42700", "2006-12-31": 108.546, "2006-09-30": 562.249, "2006-06-30": 30.13, "2006-03-31": "45.30500", "2005-12-31": 343.847, "2005-09-30": 82.394, "2005-06-30": -95.273, "2005-03-31": "-592.33500"}, "Cash Flow From Financial Activities": {"2020-12-31": -1674.484, "2020-09-30": -785.713, "2020-06-30": 1422.118, "2020-03-31": "1038.07900", "2019-12-31": -310.89, "2019-09-30": -810.439, "2019-06-30": -1304.096, "2019-03-31": "-54.23500", "2018-12-31": 133.705, "2018-09-30": -244.394, "2018-06-30": 131.269, "2018-03-31": "24.40300", "2017-12-31": 294.957, "2017-09-30": 206.124, "2017-06-30": 593.284, "2017-03-31": "-82.09000", "2016-12-31": -14.726, "2016-09-30": 56.004, "2016-06-30": 733.426, "2016-03-31": "405.48400", "2015-12-31": 246.94, "2015-09-30": 198.863, "2015-06-30": 90.476, "2015-03-31": "137.95100", "2014-12-31": 1091.41, "2014-09-30": -127.507, "2014-06-30": 849.172, "2014-03-31": "535.84300", "2013-12-31": 479.839, "2013-09-30": 22.583, "2013-06-30": 361.168, "2013-03-31": "-223.94200", "2012-12-31": 732.258, "2012-09-30": 588.191, "2012-06-30": 110.885, "2012-03-31": "-26.81800", "2011-12-31": -12.124, "2011-09-30": -218.135, "2011-06-30": 482.454, "2011-03-31": "-341.01200", "2010-12-31": -679.722, "2010-09-30": -277.804, "2010-06-30": -397.771, "2010-03-31": "276.57500", "2009-12-31": 171.262, "2009-09-30": -1082.694, "2009-06-30": -417.943, "2009-03-31": "431.31300", "2008-12-31": 1293.12, "2008-09-30": 136.356, "2008-06-30": 429.907, "2008-03-31": "169.00100", "2007-12-31": 596.001, "2007-09-30": -21.51, "2007-06-30": -52.835, "2007-03-31": "-462.29900", "2006-12-31": -146.801, "2006-09-30": -295.494, "2006-06-30": -465.74, "2006-03-31": "-632.29200", "2005-12-31": -340.026, "2005-09-30": -80.333, "2005-06-30": 151.203, "2005-03-31": "-45.02600"}, "Net Cash Flow": {"2020-12-31": -524.918, "2020-09-30": -899.029, "2020-06-30": 1333.459, "2020-03-31": "90.48800", "2019-12-31": -170.8, "2019-09-30": 202.465, "2019-06-30": -89.264, "2019-03-31": "-230.35500", "2018-12-31": 330.355, "2018-09-30": 74.968, "2018-06-30": 38.195, "2018-03-31": "-282.84000", "2017-12-31": 224.391, "2017-09-30": -74.282, "2017-06-30": -123.559, "2017-03-31": "47.23500", "2016-12-31": 31.926, "2016-09-30": 132.427, "2016-06-30": 102.472, "2016-03-31": "-98.27700", "2015-12-31": 63.471, "2015-09-30": -106.578, "2015-06-30": -330.555, "2015-03-31": "-184.72000", "2014-12-31": 557.515, "2014-09-30": -171.699, "2014-06-30": 22.829, "2014-03-31": "21.17700", "2013-12-31": -226.925, "2013-09-30": 274.201, "2013-06-30": 127.567, "2013-03-31": "-310.47100", "2012-12-31": -215.419, "2012-09-30": 354.682, "2012-06-30": -113.366, "2012-03-31": "95.38100", "2011-12-31": -48.877, "2011-09-30": -429.285, "2011-06-30": 295.608, "2011-03-31": "-69.01300", "2010-12-31": -1670.555, "2010-09-30": -10.696, "2010-06-30": 246.783, "2010-03-31": "1481.93800", "2009-12-31": 360.166, "2009-09-30": -50.54, "2009-06-30": 71.316, "2009-03-31": "-130.97800", "2008-12-31": -125.347, "2008-09-30": 34.803, "2008-06-30": 137.835, "2008-03-31": "-63.71200", "2007-12-31": 206.237, "2007-09-30": -81.532, "2007-06-30": 109.309, "2007-03-31": "-128.90100", "2006-12-31": 52.251, "2006-09-30": -35.751, "2006-06-30": 32.059, "2006-03-31": "-58.81800", "2005-12-31": -11.935, "2005-09-30": 36.457, "2005-06-30": 110.429, "2005-03-31": "-100.72800"}, "Stock-Based Compensation": {"2020-12-31": 0, "2020-09-30": 0, "2020-06-30": 0, "2020-03-31": "", "2019-12-31": 0, "2019-09-30": 0, "2019-06-30": 0, "2019-03-31": "", "2018-12-31": 0, "2018-09-30": 0, "2018-06-30": 0, "2018-03-31": "", "2017-12-31": 0, "2017-09-30": 0, "2017-06-30": 0, "2017-03-31": "", "2016-12-31": 0, "2016-09-30": 0, "2016-06-30": 0, "2016-03-31": "", "2015-12-31": 0, "2015-09-30": 0, "2015-06-30": 0, "2015-03-31": "", "2014-12-31": 0, "2014-09-30": 0, "2014-06-30": 0, "2014-03-31": "", "2013-12-31": 0, "2013-09-30": 0, "2013-06-30": 0, "2013-03-31": "", "2012-12-31": 0, "2012-09-30": 0, "2012-06-30": 0, "2012-03-31": "", "2011-12-31": 0, "2011-09-30": 0, "2011-06-30": 0, "2011-03-31": "", "2010-12-31": 0, "2010-09-30": 0, "2010-06-30": 0, "2010-03-31": "", "2009-12-31": 0, "2009-09-30": 0, "2009-06-30": 0, "2009-03-31": "", "2008-12-31": 0, "2008-09-30": 0, "2008-06-30": 0, "2008-03-31": "", "2007-12-31": 0, "2007-09-30": 0, "2007-06-30": 0, "2007-03-31": "", "2006-12-31": 0, "2006-09-30": 0, "2006-06-30": 0, "2006-03-31": "", "2005-12-31": 0, "2005-09-30": 0, "2005-06-30": 0, "2005-03-31": ""}, "Common Stock Dividends Paid": {"2020-12-31": 84.156, "2020-09-30": -27.875, "2020-06-30": -27.889, "2020-03-31": "-28.39200", "2019-12-31": -28.556, "2019-09-30": -27.289, "2019-06-30": -27.776, "2019-03-31": "-28.18300", "2018-12-31": -28.088, "2018-09-30": -25.614, "2018-06-30": -26.107, "2018-03-31": "-25.71000", "2017-12-31": -21.359, "2017-09-30": -18.254, "2017-06-30": -18.436, "2017-03-31": "-18.36800", "2016-12-31": -18.213, "2016-09-30": -16.608, "2016-06-30": -16.625, "2016-03-31": "-16.40900", "2015-12-31": -16.801, "2015-09-30": -15.091, "2015-06-30": -15.228, "2015-03-31": "-15.28000", "2014-12-31": -15.411, "2014-09-30": -14.124, "2014-06-30": -14.536, "2014-03-31": "-14.63900", "2013-12-31": -14.768, "2013-09-30": -13.266, "2013-06-30": -13.474, "2013-03-31": "-13.48300", "2012-12-31": -13.625, "2012-09-30": -8.63, "2012-06-30": -8.644, "2012-03-31": "-8.73500", "2011-12-31": -1.746, "2011-09-30": -1.744, "2011-06-30": -1.745, "2011-03-31": "-1.74200", "2010-12-31": -1.738, "2010-09-30": -1.738, "2010-06-30": -1.736, "2010-03-31": "-1.73600", "2009-12-31": -6.419, "2009-09-30": -6.419, "2009-06-30": -6.423, "2009-03-31": "-41.08900", "2008-12-31": -40.979, "2008-09-30": -40.922, "2008-06-30": -40.871, "2008-03-31": "-39.57500", "2007-12-31": -39.298, "2007-09-30": -39.41, "2007-06-30": -39.651, "2007-03-31": "-37.45000", "2006-12-31": -37.898, "2006-09-30": -38.234, "2006-06-30": -38.387, "2006-03-31": "-36.71600", "2005-12-31": -36.883, "2005-09-30": -34.551, "2005-06-30": -35.051, "2005-03-31": "-32.48100"}}, "financial ratios": {"Current Ratio": {"2019-12-31": "", "2018-12-31": "", "2017-12-31": "", "2016-12-31": "", "2015-12-31": "", "2014-12-31": "", "2013-12-31": "", "2012-12-31": "", "2011-12-31": "", "2010-12-31": "", "2009-12-31": "", "2008-12-31": "", "2007-12-31": "", "2006-12-31": "", "2005-12-31": ""}, "Long-term Debt / Capital": {"2019-12-31": "0.12290", "2018-12-31": "0.17380", "2017-12-31": "0.13320", "2016-12-31": "0.47190", "2015-12-31": "0.47670", "2014-12-31": "0.58390", "2013-12-31": "0.51640", "2012-12-31": "0.25690", "2011-12-31": "0.29110", "2010-12-31": "0.30920", "2009-12-31": "0.41640", "2008-12-31": "0.39290", "2007-12-31": "0.44460", "2006-12-31": "0.47980", "2005-12-31": "0.59020"}, "Debt/Equity Ratio": {"2019-12-31": "1.06970", "2018-12-31": "1.19740", "2017-12-31": "1.27920", "2016-12-31": "1.26320", "2015-12-31": "1.20660", "2014-12-31": "1.79830", "2013-12-31": "1.34010", "2012-12-31": "1.16420", "2011-12-31": "1.31610", "2010-12-31": "1.00070", "2009-12-31": "1.16150", "2008-12-31": "1.93480", "2007-12-31": "2.18550", "2006-12-31": "1.83200", "2005-12-31": "2.58700"}, "Gross Margin": {"2019-12-31": "", "2018-12-31": "", "2017-12-31": "", "2016-12-31": "", "2015-12-31": "", "2014-12-31": "", "2013-12-31": "", "2012-12-31": "", "2011-12-31": "", "2010-12-31": "", "2009-12-31": "", "2008-12-31": "", "2007-12-31": "", "2006-12-31": "", "2005-12-31": ""}, "Operating Margin": {"2019-12-31": "", "2018-12-31": "", "2017-12-31": "", "2016-12-31": "", "2015-12-31": "", "2014-12-31": "", "2013-12-31": "", "2012-12-31": "", "2011-12-31": "", "2010-12-31": "", "2009-12-31": "", "2008-12-31": "", "2007-12-31": "", "2006-12-31": "", "2005-12-31": ""}, "EBIT Margin": {"2019-12-31": "", "2018-12-31": "", "2017-12-31": "", "2016-12-31": "", "2015-12-31": "", "2014-12-31": "", "2013-12-31": "", "2012-12-31": "", "2011-12-31": "", "2010-12-31": "", "2009-12-31": "", "2008-12-31": "", "2007-12-31": "", "2006-12-31": "", "2005-12-31": ""}, "EBITDA Margin": {"2019-12-31": "", "2018-12-31": "", "2017-12-31": "", "2016-12-31": "", "2015-12-31": "", "2014-12-31": "", "2013-12-31": "", "2012-12-31": "", "2011-12-31": "", "2010-12-31": "", "2009-12-31": "", "2008-12-31": "", "2007-12-31": "", "2006-12-31": "", "2005-12-31": ""}, "Pre-Tax Profit Margin": {"2019-12-31": "33.86170", "2018-12-31": "33.46560", "2017-12-31": "32.32820", "2016-12-31": "29.04550", "2015-12-31": "27.86680", "2014-12-31": "28.88020", "2013-12-31": "28.24260", "2012-12-31": "27.38530", "2011-12-31": "21.99500", "2010-12-31": "-7.08320", "2009-12-31": "-87.36770", "2008-12-31": "28.50690", "2007-12-31": "43.93680", "2006-12-31": "47.54570", "2005-12-31": "49.44210"}, "Net Profit Margin": {"2019-12-31": "25.95480", "2018-12-31": "26.13280", "2017-12-31": "20.98650", "2016-12-31": "19.32740", "2015-12-31": "18.51730", "2014-12-31": "19.40800", "2013-12-31": "19.34910", "2012-12-31": "18.70170", "2011-12-31": "13.77410", "2010-12-31": "-5.24610", "2009-12-31": "-49.40140", "2008-12-31": "21.18680", "2007-12-31": "29.95040", "2006-12-31": "33.47220", "2005-12-31": "33.68970"}, "Asset Turnover": {"2019-12-31": "0.03710", "2018-12-31": "0.03670", "2017-12-31": "0.03440", "2016-12-31": "0.03400", "2015-12-31": "0.03490", "2014-12-31": "0.03560", "2013-12-31": "0.03920", "2012-12-31": "0.03960", "2011-12-31": "0.03800", "2010-12-31": "0.02660", "2009-12-31": "0.01430", "2008-12-31": "0.03220", "2007-12-31": "0.04420", "2006-12-31": "0.04530", "2005-12-31": "0.04300"}, "Inventory Turnover Ratio": {"2019-12-31": "", "2018-12-31": "", "2017-12-31": "", "2016-12-31": "", "2015-12-31": "", "2014-12-31": "", "2013-12-31": "", "2012-12-31": "", "2011-12-31": "", "2010-12-31": "", "2009-12-31": "", "2008-12-31": "", "2007-12-31": "", "2006-12-31": "", "2005-12-31": ""}, "Receiveable Turnover": {"2019-12-31": "", "2018-12-31": "", "2017-12-31": "", "2016-12-31": "", "2015-12-31": "", "2014-12-31": "", "2013-12-31": "", "2012-12-31": "", "2011-12-31": "", "2010-12-31": "", "2009-12-31": "", "2008-12-31": "", "2007-12-31": "", "2006-12-31": "", "2005-12-31": ""}, "Days Sales In Receivables": {"2019-12-31": "", "2018-12-31": "", "2017-12-31": "", "2016-12-31": "", "2015-12-31": "", "2014-12-31": "", "2013-12-31": "", "2012-12-31": "", "2011-12-31": "", "2010-12-31": "", "2009-12-31": "", "2008-12-31": "", "2007-12-31": "", "2006-12-31": "", "2005-12-31": ""}, "ROE - Return On Equity": {"2019-12-31": "8.91550", "2018-12-31": "9.46500", "2017-12-31": "7.44960", "2016-12-31": "6.83210", "2015-12-31": "6.68710", "2014-12-31": "6.95160", "2013-12-31": "6.66890", "2012-12-31": "6.22920", "2011-12-31": "4.98480", "2010-12-31": "-0.03240", "2009-12-31": "-5.91960", "2008-12-31": "7.11220", "2007-12-31": "12.26560", "2006-12-31": "14.10140", "2005-12-31": "13.77050"}, "Return On Tangible Equity": {"2019-12-31": "12.61590", "2018-12-31": "13.51640", "2017-12-31": "10.48190", "2016-12-31": "9.80530", "2015-12-31": "9.95980", "2014-12-31": "10.56330", "2013-12-31": "9.99610", "2012-12-31": "9.19670", "2011-12-31": "7.47430", "2010-12-31": "-0.04000", "2009-12-31": "-7.68120", "2008-12-31": "9.02170", "2007-12-31": "21.84130", "2006-12-31": "25.03860", "2005-12-31": "24.12770"}, "ROA - Return On Assets": {"2019-12-31": "1.00900", "2018-12-31": "0.99230", "2017-12-31": "0.75210", "2016-12-31": "0.68730", "2015-12-31": "0.67950", "2014-12-31": "0.71030", "2013-12-31": "0.77890", "2012-12-31": "0.76200", "2011-12-31": "0.63720", "2010-12-31": "-0.00390", "2009-12-31": "-0.57650", "2008-12-31": "0.69630", "2007-12-31": "1.32340", "2006-12-31": "1.51790", "2005-12-31": "1.44870"}, "ROI - Return On Investment": {"2019-12-31": "7.30830", "2018-12-31": "7.28860", "2017-12-31": "6.13870", "2016-12-31": "3.42170", "2015-12-31": "3.35450", "2014-12-31": "2.83060", "2013-12-31": "3.15610", "2012-12-31": "4.52900", "2011-12-31": "3.45540", "2010-12-31": "-0.01870", "2009-12-31": "-2.80990", "2008-12-31": "3.55520", "2007-12-31": "6.81260", "2006-12-31": "7.33550", "2005-12-31": "5.64310"}, "Book Value Per Share": {"2019-12-31": "24.95450", "2018-12-31": "22.99240", "2017-12-31": "21.18140", "2016-12-31": "20.32140", "2015-12-31": "19.42120", "2014-12-31": "18.47840", "2013-12-31": "17.61490", "2012-12-31": "17.24870", "2011-12-31": "16.41420", "2010-12-31": "18.16570", "2009-12-31": "21.32810", "2008-12-31": "22.45220", "2007-12-31": "18.29730", "2006-12-31": "17.42380", "2005-12-31": "17.13650"}, "Operating Cash Flow Per Share": {"2019-12-31": 0.6207, "2018-12-31": -0.0577, "2017-12-31": -1.2937, "2016-12-31": 2.277, "2015-12-31": 0.7393, "2014-12-31": -1.622, "2013-12-31": 0.8492, "2012-12-31": 0.2467, "2011-12-31": -1.1883, "2010-12-31": 2.0221, "2009-12-31": -2.4738, "2008-12-31": 1.157, "2007-12-31": -0.2101, "2006-12-31": -0.0092, "2005-12-31": 2.4891}, "Free Cash Flow Per Share": {"2019-12-31": 0.5921, "2018-12-31": -0.1374, "2017-12-31": -0.9093, "2016-12-31": 1.9471, "2015-12-31": 0.695, "2014-12-31": -1.532, "2013-12-31": 0.9279, "2012-12-31": 0.2016, "2011-12-31": -1.4283, "2010-12-31": 1.9983, "2009-12-31": -2.4058, "2008-12-31": 1.1819, "2007-12-31": -0.345, "2006-12-31": -0.0249, "2005-12-31": 2.3685}}, "financial ratios, quarterly": {"Current Ratio": {"2020-09-30": "", "2020-06-30": "", "2020-03-31": "", "2019-12-31": "", "2019-09-30": "", "2019-06-30": "", "2019-03-31": "", "2018-12-31": "", "2018-09-30": "", "2018-06-30": "", "2018-03-31": "", "2017-12-31": "", "2017-09-30": "", "2017-06-30": "", "2017-03-31": "", "2016-12-31": "", "2016-09-30": "", "2016-06-30": "", "2016-03-31": "", "2015-12-31": "", "2015-09-30": "", "2015-06-30": "", "2015-03-31": "", "2014-12-31": "", "2014-09-30": "", "2014-06-30": "", "2014-03-31": "", "2013-12-31": "", "2013-09-30": "", "2013-06-30": "", "2013-03-31": "", "2012-12-31": "", "2012-09-30": "", "2012-06-30": "", "2012-03-31": "", "2011-12-31": "", "2011-09-30": "", "2011-06-30": "", "2011-03-31": "", "2010-12-31": "", "2010-09-30": "", "2010-06-30": "", "2010-03-31": "", "2009-12-31": "", "2009-09-30": "", "2009-06-30": "", "2009-03-31": "", "2008-12-31": "", "2008-09-30": "", "2008-06-30": "", "2008-03-31": "", "2007-12-31": "", "2007-09-30": "", "2007-06-30": "", "2007-03-31": "", "2006-12-31": "", "2006-09-30": "", "2006-06-30": "", "2006-03-31": "", "2005-12-31": "", "2005-09-30": "", "2005-06-30": "", "2005-03-31": ""}, "Long-term Debt / Capital": {"2020-09-30": "0.11950", "2020-06-30": "0.12000", "2020-03-31": "0.12660", "2019-12-31": "0.12290", "2019-09-30": "0.16890", "2019-06-30": "0.16960", "2019-03-31": "0.17190", "2018-12-31": "0.17380", "2018-09-30": "0.17320", "2018-06-30": "0.11660", "2018-03-31": "0.46550", "2017-12-31": "0.13320", "2017-09-30": "0.49560", "2017-06-30": "0.50550", "2017-03-31": "0.46760", "2016-12-31": "0.47190", "2016-09-30": "0.47140", "2016-06-30": "0.53680", "2016-03-31": "0.48960", "2015-12-31": "0.47670", "2015-09-30": "0.47570", "2015-06-30": "0.52260", "2015-03-31": "0.54340", "2014-12-31": "0.58390", "2014-09-30": "0.50530", "2014-06-30": "0.50020", "2014-03-31": "0.50270", "2013-12-31": "0.51640", "2013-09-30": "0.17630", "2013-06-30": "0.17610", "2013-03-31": "0.23760", "2012-12-31": "0.25690", "2012-09-30": "0.30670", "2012-06-30": "0.28340", "2012-03-31": "0.28860", "2011-12-31": "0.29110", "2011-09-30": "0.34140", "2011-06-30": "0.33100", "2011-03-31": "0.31720", "2010-12-31": "0.30920", "2010-09-30": "0.34870", "2010-06-30": "0.36660", "2010-03-31": "0.34080", "2009-12-31": "0.41640", "2009-09-30": "0.37590", "2009-06-30": "0.38000", "2009-03-31": "0.40370", "2008-12-31": "0.39290", "2008-09-30": "0.39780", "2008-06-30": "0.37900", "2008-03-31": "0.39210", "2007-12-31": "0.44460", "2007-09-30": "0.45770", "2007-06-30": "0.46430", "2007-03-31": "0.43800", "2006-12-31": "0.47980", "2006-09-30": "0.50030", "2006-06-30": "0.52090", "2006-03-31": "0.56350", "2005-12-31": "0.59020", "2005-09-30": "0.63220", "2005-06-30": "0.64610", "2005-03-31": "0.62200"}, "Debt/Equity Ratio": {"2020-09-30": "0.60870", "2020-06-30": "0.84180", "2020-03-31": "1.03690", "2019-12-31": "1.06970", "2019-09-30": "0.96480", "2019-06-30": "0.93630", "2019-03-31": "1.03700", "2018-12-31": "1.19740", "2018-09-30": "1.17910", "2018-06-30": "1.50750", "2018-03-31": "1.47600", "2017-12-31": "1.27920", "2017-09-30": "1.32940", "2017-06-30": "1.47630", "2017-03-31": "1.23710", "2016-12-31": "1.26320", "2016-09-30": "1.31220", "2016-06-30": "1.81590", "2016-03-31": "1.45310", "2015-12-31": "1.20660", "2015-09-30": "1.26880", "2015-06-30": "1.65700", "2015-03-31": "1.43550", "2014-12-31": "1.79830", "2014-09-30": "1.53250", "2014-06-30": "1.81310", "2014-03-31": "1.45580", "2013-12-31": "1.34010", "2013-09-30": "0.79860", "2013-06-30": "1.19290", "2013-03-31": "0.93820", "2012-12-31": "1.16420", "2012-09-30": "1.06480", "2012-06-30": "1.33490", "2012-03-31": "1.07310", "2011-12-31": "1.31610", "2011-09-30": "1.40640", "2011-06-30": "1.58040", "2011-03-31": "1.26210", "2010-12-31": "1.00070", "2010-09-30": "0.70390", "2010-06-30": "0.73980", "2010-03-31": "0.69790", "2009-12-31": "1.16150", "2009-09-30": "1.12120", "2009-06-30": "1.55700", "2009-03-31": "1.83860", "2008-12-31": "1.93480", "2008-09-30": "2.39730", "2008-06-30": "2.70180", "2008-03-31": "2.26200", "2007-12-31": "2.18550", "2007-09-30": "1.86950", "2007-06-30": "1.95100", "2007-03-31": "1.82280", "2006-12-31": "1.83200", "2006-09-30": "1.88410", "2006-06-30": "2.21290", "2006-03-31": "2.44850", "2005-12-31": "2.58700", "2005-09-30": "3.06630", "2005-06-30": "3.20080", "2005-03-31": "3.01770"}, "Gross Margin": {"2020-09-30": "", "2020-06-30": "", "2020-03-31": "", "2019-12-31": "", "2019-09-30": "", "2019-06-30": "", "2019-03-31": "", "2018-12-31": "", "2018-09-30": "", "2018-06-30": "", "2018-03-31": "", "2017-12-31": "", "2017-09-30": "", "2017-06-30": "", "2017-03-31": "", "2016-12-31": "", "2016-09-30": "", "2016-06-30": "", "2016-03-31": "", "2015-12-31": "", "2015-09-30": "", "2015-06-30": "", "2015-03-31": "", "2014-12-31": "", "2014-09-30": "", "2014-06-30": "", "2014-03-31": "", "2013-12-31": "", "2013-09-30": "", "2013-06-30": "", "2013-03-31": "", "2012-12-31": "", "2012-09-30": "", "2012-06-30": "", "2012-03-31": "", "2011-12-31": "", "2011-09-30": "", "2011-06-30": "", "2011-03-31": "", "2010-12-31": "", "2010-09-30": "", "2010-06-30": "", "2010-03-31": "", "2009-12-31": "", "2009-09-30": "", "2009-06-30": "", "2009-03-31": "", "2008-12-31": "", "2008-09-30": "", "2008-06-30": "", "2008-03-31": "", "2007-12-31": "", "2007-09-30": "", "2007-06-30": "", "2007-03-31": "", "2006-12-31": "", "2006-09-30": "", "2006-06-30": "", "2006-03-31": "", "2005-12-31": "", "2005-09-30": "", "2005-06-30": "", "2005-03-31": ""}, "Operating Margin": {"2020-09-30": "", "2020-06-30": "", "2020-03-31": "", "2019-12-31": "", "2019-09-30": "", "2019-06-30": "", "2019-03-31": "", "2018-12-31": "", "2018-09-30": "", "2018-06-30": "", "2018-03-31": "", "2017-12-31": "", "2017-09-30": "", "2017-06-30": "", "2017-03-31": "", "2016-12-31": "", "2016-09-30": "", "2016-06-30": "", "2016-03-31": "", "2015-12-31": "", "2015-09-30": "", "2015-06-30": "", "2015-03-31": "", "2014-12-31": "", "2014-09-30": "", "2014-06-30": "", "2014-03-31": "", "2013-12-31": "", "2013-09-30": "", "2013-06-30": "", "2013-03-31": "", "2012-12-31": "", "2012-09-30": "", "2012-06-30": "", "2012-03-31": "", "2011-12-31": "", "2011-09-30": "", "2011-06-30": "", "2011-03-31": "", "2010-12-31": "", "2010-09-30": "", "2010-06-30": "", "2010-03-31": "", "2009-12-31": "", "2009-09-30": "", "2009-06-30": "", "2009-03-31": "", "2008-12-31": "", "2008-09-30": "", "2008-06-30": "", "2008-03-31": "", "2007-12-31": "", "2007-09-30": "", "2007-06-30": "", "2007-03-31": "", "2006-12-31": "", "2006-09-30": "", "2006-06-30": "", "2006-03-31": "", "2005-12-31": "", "2005-09-30": "", "2005-06-30": "", "2005-03-31": ""}, "EBIT Margin": {"2020-09-30": "", "2020-06-30": "", "2020-03-31": "", "2019-12-31": "", "2019-09-30": "", "2019-06-30": "", "2019-03-31": "", "2018-12-31": "", "2018-09-30": "", "2018-06-30": "", "2018-03-31": "", "2017-12-31": "", "2017-09-30": "", "2017-06-30": "", "2017-03-31": "", "2016-12-31": "", "2016-09-30": "", "2016-06-30": "", "2016-03-31": "", "2015-12-31": "", "2015-09-30": "", "2015-06-30": "", "2015-03-31": "", "2014-12-31": "", "2014-09-30": "", "2014-06-30": "", "2014-03-31": "", "2013-12-31": "", "2013-09-30": "", "2013-06-30": "", "2013-03-31": "", "2012-12-31": "", "2012-09-30": "", "2012-06-30": "", "2012-03-31": "", "2011-12-31": "", "2011-09-30": "", "2011-06-30": "", "2011-03-31": "", "2010-12-31": "", "2010-09-30": "", "2010-06-30": "", "2010-03-31": "", "2009-12-31": "", "2009-09-30": "", "2009-06-30": "", "2009-03-31": "", "2008-12-31": "", "2008-09-30": "", "2008-06-30": "", "2008-03-31": "", "2007-12-31": "", "2007-09-30": "", "2007-06-30": "", "2007-03-31": "", "2006-12-31": "", "2006-09-30": "", "2006-06-30": "", "2006-03-31": "", "2005-12-31": "", "2005-09-30": "", "2005-06-30": "", "2005-03-31": ""}, "EBITDA Margin": {"2020-09-30": "", "2020-06-30": "", "2020-03-31": "", "2019-12-31": "", "2019-09-30": "", "2019-06-30": "", "2019-03-31": "", "2018-12-31": "", "2018-09-30": "", "2018-06-30": "", "2018-03-31": "", "2017-12-31": "", "2017-09-30": "", "2017-06-30": "", "2017-03-31": "", "2016-12-31": "", "2016-09-30": "", "2016-06-30": "", "2016-03-31": "", "2015-12-31": "", "2015-09-30": "", "2015-06-30": "", "2015-03-31": "", "2014-12-31": "", "2014-09-30": "", "2014-06-30": "", "2014-03-31": "", "2013-12-31": "", "2013-09-30": "", "2013-06-30": "", "2013-03-31": "", "2012-12-31": "", "2012-09-30": "", "2012-06-30": "", "2012-03-31": "", "2011-12-31": "", "2011-09-30": "", "2011-06-30": "", "2011-03-31": "", "2010-12-31": "", "2010-09-30": "", "2010-06-30": "", "2010-03-31": "", "2009-12-31": "", "2009-09-30": "", "2009-06-30": "", "2009-03-31": "", "2008-12-31": "", "2008-09-30": "", "2008-06-30": "", "2008-03-31": "", "2007-12-31": "", "2007-09-30": "", "2007-06-30": "", "2007-03-31": "", "2006-12-31": "", "2006-09-30": "", "2006-06-30": "", "2006-03-31": "", "2005-12-31": "", "2005-09-30": "", "2005-06-30": "", "2005-03-31": ""}, "Pre-Tax Profit Margin": {"2020-09-30": "-6.00880", "2020-06-30": "52.15830", "2020-03-31": "22.58070", "2019-12-31": "30.52670", "2019-09-30": "34.16810", "2019-06-30": "34.39240", "2019-03-31": "36.26880", "2018-12-31": "37.08070", "2018-09-30": "34.62800", "2018-06-30": "32.97770", "2018-03-31": "29.07070", "2017-12-31": "33.08800", "2017-09-30": "34.53290", "2017-06-30": "30.64680", "2017-03-31": "30.82930", "2016-12-31": "30.47090", "2016-09-30": "30.64230", "2016-06-30": "28.79920", "2016-03-31": "26.02610", "2015-12-31": "24.93850", "2015-09-30": "29.26490", "2015-06-30": "28.71030", "2015-03-31": "28.43550", "2014-12-31": "28.14270", "2014-09-30": "30.29350", "2014-06-30": "28.83030", "2014-03-31": "28.19600", "2013-12-31": "25.58650", "2013-09-30": "28.87460", "2013-06-30": "29.47260", "2013-03-31": "29.08280", "2012-12-31": "26.18510", "2012-09-30": "28.27130", "2012-06-30": "27.88140", "2012-03-31": "27.17640", "2011-12-31": "22.61960", "2011-09-30": "26.89640", "2011-06-30": "22.02810", "2011-03-31": "15.76610", "2010-12-31": "3.51640", "2010-09-30": "8.85970", "2010-06-30": "-8.40380", "2010-03-31": "-49.00550", "2009-12-31": "220.73770", "2009-09-30": "11.32620", "2009-06-30": "-34.88420", "2009-03-31": "18.26470", "2008-12-31": "11.35910", "2008-09-30": "26.89730", "2008-06-30": "32.21020", "2008-03-31": "39.34760", "2007-12-31": "40.22720", "2007-09-30": "43.99020", "2007-06-30": "45.58640", "2007-03-31": "45.85740", "2006-12-31": "46.73170", "2006-09-30": "47.89210", "2006-06-30": "48.47080", "2006-03-31": "47.04840", "2005-12-31": "50.37260", "2005-09-30": "50.63150", "2005-06-30": "48.22860", "2005-03-31": "48.39760"}, "Net Profit Margin": {"2020-09-30": "18.63510", "2020-06-30": "37.71190", "2020-03-31": "16.93350", "2019-12-31": "23.30540", "2019-09-30": "26.06000", "2019-06-30": "26.82320", "2019-03-31": "27.55950", "2018-12-31": "28.05630", "2018-09-30": "26.57760", "2018-06-30": "27.41810", "2018-03-31": "22.35360", "2017-12-31": "17.67970", "2017-09-30": "23.12110", "2017-06-30": "21.75440", "2017-03-31": "21.48110", "2016-12-31": "20.61100", "2016-09-30": "20.20670", "2016-06-30": "19.16080", "2016-03-31": "17.15120", "2015-12-31": "16.51380", "2015-09-30": "19.48020", "2015-06-30": "19.29870", "2015-03-31": "18.69150", "2014-12-31": "19.80980", "2014-09-30": "19.85580", "2014-06-30": "19.10870", "2014-03-31": "18.82490", "2013-12-31": "19.30660", "2013-09-30": "19.10780", "2013-06-30": "19.47720", "2013-03-31": "19.49970", "2012-12-31": "19.77140", "2012-09-30": "19.06040", "2012-06-30": "18.25100", "2012-03-31": "17.73080", "2011-12-31": "18.00570", "2011-09-30": "15.60080", "2011-06-30": "12.80360", "2011-03-31": "7.92180", "2010-12-31": "4.06660", "2010-09-30": "4.02500", "2010-06-30": "-7.10120", "2010-03-31": "-33.11980", "2009-12-31": "137.12090", "2009-09-30": "5.43690", "2009-06-30": "-19.57210", "2009-03-31": "20.48480", "2008-12-31": "8.10970", "2008-09-30": "20.21580", "2008-06-30": "23.63740", "2008-03-31": "29.57380", "2007-12-31": "27.64230", "2007-09-30": "29.98450", "2007-06-30": "31.10510", "2007-03-31": "31.01230", "2006-12-31": "31.90200", "2006-09-30": "32.39230", "2006-06-30": "34.53570", "2006-03-31": "35.04080", "2005-12-31": "34.64580", "2005-09-30": "34.09160", "2005-06-30": "32.93850", "2005-03-31": "32.97240"}, "Asset Turnover": {"2020-09-30": "0.00620", "2020-06-30": "0.01080", "2020-03-31": "0.00730", "2019-12-31": "0.00900", "2019-09-30": "0.00940", "2019-06-30": "0.00910", "2019-03-31": "0.00890", "2018-12-31": "0.00910", "2018-09-30": "0.00930", "2018-06-30": "0.00940", "2018-03-31": "0.00900", "2017-12-31": "0.00890", "2017-09-30": "0.00900", "2017-06-30": "0.00850", "2017-03-31": "0.00860", "2016-12-31": "0.00880", "2016-09-30": "0.00870", "2016-06-30": "0.00840", "2016-03-31": "0.00830", "2015-12-31": "0.00850", "2015-09-30": "0.00880", "2015-06-30": "0.00910", "2015-03-31": "0.00900", "2014-12-31": "0.00890", "2014-09-30": "0.00960", "2014-06-30": "0.00920", "2014-03-31": "0.00940", "2013-12-31": "0.00990", "2013-09-30": "0.00980", "2013-06-30": "0.01010", "2013-03-31": "0.01020", "2012-12-31": "0.00980", "2012-09-30": "0.01040", "2012-06-30": "0.01040", "2012-03-31": "0.01060", "2011-12-31": "0.01010", "2011-09-30": "0.01000", "2011-06-30": "0.00910", "2011-03-31": "0.00910", "2010-12-31": "0.00750", "2010-09-30": "0.00760", "2010-06-30": "0.00630", "2010-03-31": "0.00440", "2009-12-31": "-0.00580", "2009-09-30": "0.00700", "2009-06-30": "0.00520", "2009-03-31": "0.00710", "2008-12-31": "0.00690", "2008-09-30": "0.00830", "2008-06-30": "0.00900", "2008-03-31": "0.01030", "2007-12-31": "0.01090", "2007-09-30": "0.01140", "2007-06-30": "0.01170", "2007-03-31": "0.01150", "2006-12-31": "0.01120", "2006-09-30": "0.01130", "2006-06-30": "0.01150", "2006-03-31": "0.01080", "2005-12-31": "0.01140", "2005-09-30": "0.01150", "2005-06-30": "0.01080", "2005-03-31": "0.01150"}, "Inventory Turnover Ratio": {"2020-09-30": "", "2020-06-30": "", "2020-03-31": "", "2019-12-31": "", "2019-09-30": "", "2019-06-30": "", "2019-03-31": "", "2018-12-31": "", "2018-09-30": "", "2018-06-30": "", "2018-03-31": "", "2017-12-31": "", "2017-09-30": "", "2017-06-30": "", "2017-03-31": "", "2016-12-31": "", "2016-09-30": "", "2016-06-30": "", "2016-03-31": "", "2015-12-31": "", "2015-09-30": "", "2015-06-30": "", "2015-03-31": "", "2014-12-31": "", "2014-09-30": "", "2014-06-30": "", "2014-03-31": "", "2013-12-31": "", "2013-09-30": "", "2013-06-30": "", "2013-03-31": "", "2012-12-31": "", "2012-09-30": "", "2012-06-30": "", "2012-03-31": "", "2011-12-31": "", "2011-09-30": "", "2011-06-30": "", "2011-03-31": "", "2010-12-31": "", "2010-09-30": "", "2010-06-30": "", "2010-03-31": "", "2009-12-31": "", "2009-09-30": "", "2009-06-30": "", "2009-03-31": "", "2008-12-31": "", "2008-09-30": "", "2008-06-30": "", "2008-03-31": "", "2007-12-31": "", "2007-09-30": "", "2007-06-30": "", "2007-03-31": "", "2006-12-31": "", "2006-09-30": "", "2006-06-30": "", "2006-03-31": "", "2005-12-31": "", "2005-09-30": "", "2005-06-30": "", "2005-03-31": ""}, "Receiveable Turnover": {"2020-09-30": "", "2020-06-30": "", "2020-03-31": "", "2019-12-31": "", "2019-09-30": "", "2019-06-30": "", "2019-03-31": "", "2018-12-31": "", "2018-09-30": "", "2018-06-30": "", "2018-03-31": "", "2017-12-31": "", "2017-09-30": "", "2017-06-30": "", "2017-03-31": "", "2016-12-31": "", "2016-09-30": "", "2016-06-30": "", "2016-03-31": "", "2015-12-31": "", "2015-09-30": "", "2015-06-30": "", "2015-03-31": "", "2014-12-31": "", "2014-09-30": "", "2014-06-30": "", "2014-03-31": "", "2013-12-31": "", "2013-09-30": "", "2013-06-30": "", "2013-03-31": "", "2012-12-31": "", "2012-09-30": "", "2012-06-30": "", "2012-03-31": "", "2011-12-31": "", "2011-09-30": "", "2011-06-30": "", "2011-03-31": "", "2010-12-31": "", "2010-09-30": "", "2010-06-30": "", "2010-03-31": "", "2009-12-31": "", "2009-09-30": "", "2009-06-30": "", "2009-03-31": "", "2008-12-31": "", "2008-09-30": "", "2008-06-30": "", "2008-03-31": "", "2007-12-31": "", "2007-09-30": "", "2007-06-30": "", "2007-03-31": "", "2006-12-31": "", "2006-09-30": "", "2006-06-30": "", "2006-03-31": "", "2005-12-31": "", "2005-09-30": "", "2005-06-30": "", "2005-03-31": ""}, "Days Sales In Receivables": {"2020-09-30": "", "2020-06-30": "", "2020-03-31": "", "2019-12-31": "", "2019-09-30": "", "2019-06-30": "", "2019-03-31": "", "2018-12-31": "", "2018-09-30": "", "2018-06-30": "", "2018-03-31": "", "2017-12-31": "", "2017-09-30": "", "2017-06-30": "", "2017-03-31": "", "2016-12-31": "", "2016-09-30": "", "2016-06-30": "", "2016-03-31": "", "2015-12-31": "", "2015-09-30": "", "2015-06-30": "", "2015-03-31": "", "2014-12-31": "", "2014-09-30": "", "2014-06-30": "", "2014-03-31": "", "2013-12-31": "", "2013-09-30": "", "2013-06-30": "", "2013-03-31": "", "2012-12-31": "", "2012-09-30": "", "2012-06-30": "", "2012-03-31": "", "2011-12-31": "", "2011-09-30": "", "2011-06-30": "", "2011-03-31": "", "2010-12-31": "", "2010-09-30": "", "2010-06-30": "", "2010-03-31": "", "2009-12-31": "", "2009-09-30": "", "2009-06-30": "", "2009-03-31": "", "2008-12-31": "", "2008-09-30": "", "2008-06-30": "", "2008-03-31": "", "2007-12-31": "", "2007-09-30": "", "2007-06-30": "", "2007-03-31": "", "2006-12-31": "", "2006-09-30": "", "2006-06-30": "", "2006-03-31": "", "2005-12-31": "", "2005-09-30": "", "2005-06-30": "", "2005-03-31": ""}, "ROE - Return On Equity": {"2020-09-30": "1.22470", "2020-06-30": "4.05160", "2020-03-31": "1.29710", "2019-12-31": "1.96710", "2019-09-30": "2.27450", "2019-06-30": "2.32390", "2019-03-31": "2.42200", "2018-12-31": "2.52500", "2018-09-30": "2.42720", "2018-06-30": "2.47010", "2018-03-31": "1.95490", "2017-12-31": "1.62500", "2017-09-30": "2.13560", "2017-06-30": "1.91260", "2017-03-31": "1.88520", "2016-12-31": "1.87060", "2016-09-30": "1.83220", "2016-06-30": "1.68700", "2016-03-31": "1.48610", "2015-12-31": "1.51960", "2015-09-30": "1.74540", "2015-06-30": "1.77550", "2015-03-31": "1.65360", "2014-12-31": "1.77840", "2014-09-30": "1.78760", "2014-06-30": "1.61610", "2014-03-31": "1.59160", "2013-12-31": "1.68790", "2013-09-30": "1.62510", "2013-06-30": "1.70200", "2013-03-31": "1.64940", "2012-12-31": "1.62290", "2012-09-30": "1.60690", "2012-06-30": "1.52180", "2012-03-31": "1.50240", "2011-12-31": "1.46740", "2011-09-30": "1.48310", "2011-06-30": "1.25430", "2011-03-31": "0.85290", "2010-12-31": "0.52970", "2010-09-30": "0.53230", "2010-06-30": "-0.10390", "2010-03-31": "-0.98890", "2009-12-31": "-7.77720", "2009-09-30": "0.66250", "2009-06-30": "-0.73350", "2009-03-31": "1.78890", "2008-12-31": "0.71180", "2008-09-30": "1.59750", "2008-06-30": "2.01200", "2008-03-31": "2.78980", "2007-12-31": "2.78110", "2007-09-30": "3.13120", "2007-06-30": "3.40190", "2007-03-31": "3.28220", "2006-12-31": "3.31780", "2006-09-30": "3.38660", "2006-06-30": "3.67270", "2006-03-31": "3.64000", "2005-12-31": "3.76950", "2005-09-30": "3.92880", "2005-06-30": "3.66700", "2005-03-31": "3.82550"}, "Return On Tangible Equity": {"2020-09-30": "1.60230", "2020-06-30": "5.32200", "2020-03-31": "1.87240", "2019-12-31": "2.78360", "2019-09-30": "3.22350", "2019-06-30": "3.30230", "2019-03-31": "3.43080", "2018-12-31": "3.60580", "2018-09-30": "3.46190", "2018-06-30": "3.63130", "2018-03-31": "2.87790", "2017-12-31": "2.28640", "2017-09-30": "3.01050", "2017-06-30": "2.70250", "2017-03-31": "2.68330", "2016-12-31": "2.68460", "2016-09-30": "2.62410", "2016-06-30": "2.47400", "2016-03-31": "2.19910", "2015-12-31": "2.26340", "2015-09-30": "2.59300", "2015-06-30": "2.66090", "2015-03-31": "2.54290", "2014-12-31": "2.70240", "2014-09-30": "2.68310", "2014-06-30": "2.40200", "2014-03-31": "2.37990", "2013-12-31": "2.53000", "2013-09-30": "2.44500", "2013-06-30": "2.55650", "2013-03-31": "2.44170", "2012-12-31": "2.39600", "2012-09-30": "2.36710", "2012-06-30": "2.26120", "2012-03-31": "2.23990", "2011-12-31": "2.20030", "2011-09-30": "2.23030", "2011-06-30": "1.72330", "2011-03-31": "1.04810", "2010-12-31": "0.65410", "2010-09-30": "0.65410", "2010-06-30": "-0.12840", "2010-03-31": "-1.22210", "2009-12-31": "-10.09170", "2009-09-30": "0.84000", "2009-06-30": "-0.93580", "2009-03-31": "2.25460", "2008-12-31": "0.90290", "2008-09-30": "2.80820", "2008-06-30": "3.55520", "2008-03-31": "4.87720", "2007-12-31": "4.95230", "2007-09-30": "5.66860", "2007-06-30": "6.32330", "2007-03-31": "5.75550", "2006-12-31": "5.89110", "2006-09-30": "5.97790", "2006-06-30": "6.51220", "2006-03-31": "6.52780", "2005-12-31": "6.60470", "2005-09-30": "6.39640", "2005-06-30": "6.03990", "2005-03-31": "6.32050"}, "ROA - Return On Assets": {"2020-09-30": "0.13030", "2020-06-30": "0.41890", "2020-03-31": "0.13520", "2019-12-31": "0.22260", "2019-09-30": "0.25570", "2019-06-30": "0.25440", "2019-03-31": "0.25720", "2018-12-31": "0.26470", "2018-09-30": "0.25660", "2018-06-30": "0.26500", "2018-03-31": "0.20820", "2017-12-31": "0.16410", "2017-09-30": "0.21620", "2017-06-30": "0.19480", "2017-03-31": "0.19330", "2016-12-31": "0.18820", "2016-09-30": "0.18460", "2016-06-30": "0.16910", "2016-03-31": "0.15090", "2015-12-31": "0.15440", "2015-09-30": "0.18000", "2015-06-30": "0.18170", "2015-03-31": "0.17240", "2014-12-31": "0.18170", "2014-09-30": "0.19570", "2014-06-30": "0.18020", "2014-03-31": "0.18220", "2013-12-31": "0.19710", "2013-09-30": "0.19270", "2013-06-30": "0.20280", "2013-03-31": "0.20360", "2012-12-31": "0.19850", "2012-09-30": "0.20400", "2012-06-30": "0.19620", "2012-03-31": "0.19450", "2011-12-31": "0.18760", "2011-09-30": "0.18870", "2011-06-30": "0.15590", "2011-03-31": "0.10640", "2010-12-31": "0.06430", "2010-09-30": "0.06350", "2010-06-30": "-0.01220", "2010-03-31": "-0.11420", "2009-12-31": "-0.75730", "2009-09-30": "0.06990", "2009-06-30": "-0.07220", "2009-03-31": "0.17550", "2008-12-31": "0.06970", "2008-09-30": "0.16800", "2008-06-30": "0.21230", "2008-03-31": "0.30340", "2007-12-31": "0.30010", "2007-09-30": "0.34260", "2007-06-30": "0.36370", "2007-03-31": "0.35790", "2006-12-31": "0.35710", "2006-09-30": "0.36740", "2006-06-30": "0.39540", "2006-03-31": "0.37970", "2005-12-31": "0.39660", "2005-09-30": "0.39070", "2005-06-30": "0.35660", "2005-03-31": "0.37790"}, "ROI - Return On Investment": {"2020-09-30": "0.98410", "2020-06-30": "3.25180", "2020-03-31": "1.05610", "2019-12-31": "1.61250", "2019-09-30": "1.76650", "2019-06-30": "1.80280", "2019-03-31": "1.87150", "2018-12-31": "1.94440", "2018-09-30": "1.87120", "2018-06-30": "2.08990", "2018-03-31": "0.99990", "2017-12-31": "1.33910", "2017-09-30": "1.02350", "2017-06-30": "0.89850", "2017-03-31": "0.95260", "2016-12-31": "0.93680", "2016-09-30": "0.91860", "2016-06-30": "0.75040", "2016-03-31": "0.72780", "2015-12-31": "0.76230", "2015-09-30": "0.87760", "2015-06-30": "0.81190", "2015-03-31": "0.73940", "2014-12-31": "0.72420", "2014-09-30": "0.86550", "2014-06-30": "0.79100", "2014-03-31": "0.77490", "2013-12-31": "0.79880", "2013-09-30": "1.30940", "2013-06-30": "1.37140", "2013-03-31": "1.23040", "2012-12-31": "1.17990", "2012-09-30": "1.09010", "2012-06-30": "1.06680", "2012-03-31": "1.04550", "2011-12-31": "1.01720", "2011-09-30": "0.95510", "2011-06-30": "0.76690", "2011-03-31": "0.48840", "2010-12-31": "0.30640", "2010-09-30": "0.29110", "2010-06-30": "-0.05530", "2010-03-31": "-0.54700", "2009-12-31": "-3.69170", "2009-09-30": "0.34130", "2009-06-30": "-0.37410", "2009-03-31": "0.87930", "2008-12-31": "0.35580", "2008-09-30": "0.96200", "2008-06-30": "1.24950", "2008-03-31": "1.69600", "2007-12-31": "1.54470", "2007-09-30": "1.69800", "2007-06-30": "1.82220", "2007-03-31": "1.84440", "2006-12-31": "1.72590", "2006-09-30": "1.69240", "2006-06-30": "1.75980", "2006-03-31": "1.58880", "2005-12-31": "1.54480", "2005-09-30": "1.44500", "2005-06-30": "1.29770", "2005-03-31": "1.44590"}, "Book Value Per Share": {"2020-09-30": "26.34570", "2020-06-30": "26.19820", "2020-03-31": "24.66310", "2019-12-31": "24.95450", "2019-09-30": "24.61440", "2019-06-30": "23.97480", "2019-03-31": "23.32970", "2018-12-31": "22.99240", "2018-09-30": "22.42880", "2018-06-30": "21.72730", "2018-03-31": "21.56260", "2017-12-31": "21.18140", "2017-09-30": "21.03230", "2017-06-30": "20.74450", "2017-03-31": "20.45610", "2016-12-31": "20.32140", "2016-09-30": "20.47770", "2016-06-30": "20.06240", "2016-03-31": "19.75240", "2015-12-31": "19.42120", "2015-09-30": "19.57090", "2015-06-30": "19.25200", "2015-03-31": "18.76800", "2014-12-31": "18.47840", "2014-09-30": "18.30520", "2014-06-30": "18.13670", "2014-03-31": "17.78190", "2013-12-31": "17.61490", "2013-09-30": "17.31990", "2013-06-30": "17.18790", "2013-03-31": "17.34660", "2012-12-31": "17.24870", "2012-09-30": "17.09430", "2012-06-30": "16.85470", "2012-03-31": "16.67910", "2011-12-31": "16.41420", "2011-09-30": "16.32950", "2011-06-30": "17.18970", "2011-03-31": "18.31620", "2010-12-31": "18.16570", "2010-09-30": "18.41770", "2010-06-30": "18.34380", "2010-03-31": "18.31860", "2009-12-31": "21.32810", "2009-09-30": "22.78140", "2009-06-30": "22.38500", "2009-03-31": "22.65890", "2008-12-31": "22.45220", "2008-09-30": "18.47290", "2008-06-30": "18.40780", "2008-03-31": "18.65490", "2007-12-31": "18.29730", "2007-09-30": "18.00930", "2007-06-30": "17.53650", "2007-03-31": "17.50950", "2006-12-31": "17.42380", "2006-09-30": "17.41580", "2006-06-30": "17.18020", "2006-03-31": "16.96320", "2005-12-31": "17.13650", "2005-09-30": "16.09980", "2005-06-30": "15.78520", "2005-03-31": "15.60770"}, "Operating Cash Flow Per Share": {"2020-09-30": 0.8934, "2020-06-30": 1.9973, "2020-03-31": "-0.12910", "2019-12-31": 0.6159, "2019-09-30": 2.4998, "2019-06-30": 0.5128, "2019-03-31": "-0.08220", "2018-12-31": 1.1736, "2018-09-30": 1.08, "2018-06-30": 0.4131, "2018-03-31": "0.25890", "2017-12-31": 0.9157, "2017-09-30": -0.0026, "2017-06-30": 1.0193, "2017-03-31": "1.05090", "2016-12-31": 1.502, "2016-09-30": 2.0709, "2016-06-30": 0.5544, "2016-03-31": "0.14970", "2015-12-31": 0.5046, "2015-09-30": 0.8394, "2015-06-30": 0.5812, "2015-03-31": "0.07480", "2014-12-31": 0.4281, "2014-09-30": 0.1082, "2014-06-30": 0.2702, "2014-03-31": "0.45420", "2013-12-31": 0.6369, "2013-09-30": 1.0874, "2013-06-30": 0.3662, "2013-03-31": "0.79220", "2012-12-31": 0.1824, "2012-09-30": 0.4871, "2012-06-30": 0.7211, "2012-03-31": "0.64290", "2011-12-31": 0.3875, "2011-09-30": -0.1759, "2011-06-30": 0.4309, "2011-03-31": "1.14430", "2010-12-31": 0.9332, "2010-09-30": 0.6048, "2010-06-30": 0.7124, "2010-03-31": "0.72470", "2009-12-31": 0.1139, "2009-09-30": 3.7589, "2009-06-30": -4.2623, "2009-03-31": "1.34250", "2008-12-31": 0.4671, "2008-09-30": 0.8968, "2008-06-30": 1.3812, "2008-03-31": "0.68170", "2007-12-31": 0.4127, "2007-09-30": 0.696, "2007-06-30": 0.5428, "2007-03-31": "0.61830", "2006-12-31": 0.8068, "2006-09-30": 0.3111, "2006-06-30": 0.5958, "2006-03-31": "0.76620", "2005-12-31": 0.7041, "2005-09-30": 0.9187, "2005-06-30": 0.2929, "2005-03-31": "0.57340"}, "Free Cash Flow Per Share": {"2020-09-30": 0.816, "2020-06-30": 1.9208, "2020-03-31": "-0.20000", "2019-12-31": 0.5134, "2019-09-30": 2.3728, "2019-06-30": 0.4065, "2019-03-31": "-0.16300", "2018-12-31": 1.0341, "2018-09-30": 0.9695, "2018-06-30": 0.3345, "2018-03-31": "0.19950", "2017-12-31": 0.8226, "2017-09-30": -0.0928, "2017-06-30": 0.9826, "2017-03-31": "0.96260", "2016-12-31": 1.414, "2016-09-30": 2.011, "2016-06-30": 0.4826, "2016-03-31": "-0.32330", "2015-12-31": 0.3873, "2015-09-30": 0.7675, "2015-06-30": 0.4998, "2015-03-31": "-0.01740", "2014-12-31": 0.3358, "2014-09-30": 0.0024, "2014-06-30": 0.2167, "2014-03-31": "0.38730", "2013-12-31": 0.5254, "2013-09-30": 0.9796, "2013-06-30": 0.2733, "2013-03-31": "0.69590", "2012-12-31": 0.0379, "2012-09-30": 0.3357, "2012-06-30": 0.5997, "2012-03-31": "0.57300", "2011-12-31": 0.2298, "2011-09-30": -0.3274, "2011-06-30": 0.3393, "2011-03-31": "1.10300", "2010-12-31": 0.8216, "2010-09-30": 0.5609, "2010-06-30": 0.6843, "2010-03-31": "0.70620", "2009-12-31": 0.0432, "2009-09-30": 3.7105, "2009-06-30": -4.2946, "2009-03-31": "1.31560", "2008-12-31": 0.4011, "2008-09-30": 0.8536, "2008-06-30": 1.2958, "2008-03-31": "0.63000", "2007-12-31": 0.3357, "2007-09-30": 0.602, "2007-06-30": 0.4635, "2007-03-31": "0.59740", "2006-12-31": 0.7358, "2006-09-30": 0.2893, "2006-06-30": 0.5609, "2006-03-31": "0.75760", "2005-12-31": 0.6494, "2005-09-30": 0.888, "2005-06-30": 0.2623, "2005-03-31": "0.56880"}}, "revenue": {"Associated Banc-Corp Annual Revenue (Millions of US $)": {"2020": "$1,427", "2019": "$1,553", "2018": "$1,510", "2017": "$1,219", "2016": "$1,144", "2015": "$1,083", "2014": "$1,028", "2013": "$1,022", "2012": "$1,032", "2011": "$1,015", "2010": "$1,142", "2009": "$1,332", "2008": "$1,412", "2007": "$1,620", "2006": "$1,575", "2005": "$1,385"}, "Associated Banc-Corp Quarterly Revenue (Millions of US $)": {"2020-12-31": "$297", "2020-09-30": "$289", "2020-06-30": "$479", "2020-03-31": "$362", "2019-12-31": "$362", "2019-09-30": "$392", "2019-06-30": "$402", "2019-03-31": "$397", "2018-12-31": "$390", "2018-09-30": "$384", "2018-06-30": "$384", "2018-03-31": "$352", "2017-12-31": "$315", "2017-09-30": "$318", "2017-06-30": "$300", "2017-03-31": "$287", "2016-12-31": "$294", "2016-09-30": "$295", "2016-06-30": "$279", "2016-03-31": "$277", "2015-12-31": "$274", "2015-09-30": "$270", "2015-06-30": "$272", "2015-03-31": "$266", "2014-12-31": "$261", "2014-09-30": "$261", "2014-06-30": "$254", "2014-03-31": "$252", "2013-12-31": "$257", "2013-09-30": "$247", "2013-06-30": "$261", "2013-03-31": "$257", "2012-12-31": "$258", "2012-09-30": "$260", "2012-06-30": "$255", "2012-03-31": "$259", "2011-12-31": "$252", "2011-09-30": "$254", "2011-06-30": "$250", "2011-03-31": "$259", "2010-12-31": "$264", "2010-09-30": "$278", "2010-06-30": "$286", "2010-03-31": "$314", "2009-12-31": "$315", "2009-09-30": "$314", "2009-06-30": "$352", "2009-03-31": "$351", "2008-12-31": "$320", "2008-09-30": "$347", "2008-06-30": "$366", "2008-03-31": "$379", "2007-12-31": "$405", "2007-09-30": "$410", "2007-06-30": "$409", "2007-03-31": "$397", "2006-12-31": "$398", "2006-09-30": "$398", "2006-06-30": "$399", "2006-03-31": "$381", "2005-12-31": "$386", "2005-09-30": "$350", "2005-06-30": "$327", "2005-03-31": "$323"}}, "gross-profit": {"Associated Banc-Corp Annual Gross Profit (Millions of US $)": {"2020": "$1,277", "2019": "$1,216", "2018": "$1,235", "2017": "$1,074", "2016": "$1,060", "2015": "$1,006", "2014": "$972", "2013": "$959", "2012": "$939", "2011": "$886", "2010": "$969", "2009": "$1,077", "2008": "$982", "2007": "$989", "2006": "$965", "2005": "$963"}, "Associated Banc-Corp Quarterly Gross Profit (Millions of US $)": {"2020-12-31": "$274", "2020-09-30": "$258", "2020-06-30": "$444", "2020-03-31": "$301", "2019-12-31": "$293", "2019-09-30": "$307", "2019-06-30": "$309", "2019-03-31": "$307", "2018-12-31": "$308", "2018-09-30": "$308", "2018-06-30": "$319", "2018-03-31": "$300", "2017-12-31": "$272", "2017-09-30": "$276", "2017-06-30": "$266", "2017-03-31": "$260", "2016-12-31": "$272", "2016-09-30": "$274", "2016-06-30": "$259", "2016-03-31": "$255", "2015-12-31": "$254", "2015-09-30": "$251", "2015-06-30": "$253", "2015-03-31": "$248", "2014-12-31": "$245", "2014-09-30": "$248", "2014-06-30": "$241", "2014-03-31": "$238", "2013-12-31": "$243", "2013-09-30": "$231", "2013-06-30": "$244", "2013-03-31": "$240", "2012-12-31": "$239", "2012-09-30": "$237", "2012-06-30": "$230", "2012-03-31": "$233", "2011-12-31": "$222", "2011-09-30": "$222", "2011-06-30": "$216", "2011-03-31": "$226", "2010-12-31": "$225", "2010-09-30": "$236", "2010-06-30": "$241", "2010-03-31": "$267", "2009-12-31": "$263", "2009-09-30": "$255", "2009-06-30": "$281", "2009-03-31": "$278", "2008-12-31": "$233", "2008-09-30": "$242", "2008-06-30": "$259", "2008-03-31": "$248", "2007-12-31": "$250", "2007-09-30": "$248", "2007-06-30": "$249", "2007-03-31": "$242", "2006-12-31": "$241", "2006-09-30": "$241", "2006-06-30": "$246", "2006-03-31": "$238", "2005-12-31": "$257", "2005-09-30": "$241", "2005-06-30": "$228", "2005-03-31": "$237"}}, "operating-income": {"Associated Banc-Corp Annual Operating Income (Millions of US $)": {"2020": "$329", "2019": "$414", "2018": "$442", "2017": "$339", "2016": "$288", "2015": "$270", "2014": "$276", "2013": "$268", "2012": "$254", "2011": "$183", "2010": "$-41", "2009": "$-285", "2008": "$222", "2007": "$419", "2006": "$450", "2005": "$470"}, "Associated Banc-Corp Quarterly Operating Income (Millions of US $)": {"2020-12-31": "$84", "2020-09-30": "$-13", "2020-06-30": "$200", "2020-03-31": "$58", "2019-12-31": "$91", "2019-09-30": "$106", "2019-06-30": "$107", "2019-03-31": "$110", "2018-12-31": "$113", "2018-09-30": "$111", "2018-06-30": "$111", "2018-03-31": "$108", "2017-12-31": "$90", "2017-09-30": "$94", "2017-06-30": "$78", "2017-03-31": "$77", "2016-12-31": "$78", "2016-09-30": "$77", "2016-06-30": "$71", "2016-03-31": "$61", "2015-12-31": "$58", "2015-09-30": "$71", "2015-06-30": "$71", "2015-03-31": "$69", "2014-12-31": "$67", "2014-09-30": "$75", "2014-06-30": "$68", "2014-03-31": "$66", "2013-12-31": "$62", "2013-09-30": "$67", "2013-06-30": "$70", "2013-03-31": "$69", "2012-12-31": "$70", "2012-09-30": "$67", "2012-06-30": "$64", "2012-03-31": "$63", "2011-12-31": "$50", "2011-09-30": "$59", "2011-06-30": "$44", "2011-03-31": "$31", "2010-12-31": "$6", "2010-09-30": "$15", "2010-06-30": "$-12", "2010-03-31": "$-50", "2009-12-31": "$-291", "2009-09-30": "$18", "2009-06-30": "$-44", "2009-03-31": "$32", "2008-12-31": "$19", "2008-09-30": "$50", "2008-06-30": "$65", "2008-03-31": "$88", "2007-12-31": "$102", "2007-09-30": "$105", "2007-06-30": "$111", "2007-03-31": "$109", "2006-12-31": "$113", "2006-09-30": "$114", "2006-06-30": "$117", "2006-03-31": "$110", "2005-12-31": "$127", "2005-09-30": "$120", "2005-06-30": "$108", "2005-03-31": "$114"}}, "ebitda": {"Associated Banc-Corp Annual EBITDA (Millions of US $)": {"2019": "$", "2018": "$", "2017": "$", "2016": "$", "2015": "$", "2014": "$", "2013": "$", "2012": "$", "2011": "$", "2010": "$", "2009": "$", "2008": "$", "2007": "$", "2006": "$", "2005": "$"}, "Associated Banc-Corp Quarterly EBITDA (Millions of US $)": {"2020-09-30": "", "2020-06-30": "", "2020-03-31": "", "2019-12-31": "", "2019-09-30": "", "2019-06-30": "", "2019-03-31": "", "2018-12-31": "", "2018-09-30": "", "2018-06-30": "", "2018-03-31": "", "2017-12-31": "", "2017-09-30": "", "2017-06-30": "", "2017-03-31": "", "2016-12-31": "", "2016-09-30": "", "2016-06-30": "", "2016-03-31": "", "2015-12-31": "", "2015-09-30": "", "2015-06-30": "", "2015-03-31": "", "2014-12-31": "", "2014-09-30": "", "2014-06-30": "", "2014-03-31": "", "2013-12-31": "", "2013-09-30": "", "2013-06-30": "", "2013-03-31": "", "2012-12-31": "", "2012-09-30": "", "2012-06-30": "", "2012-03-31": "", "2011-12-31": "", "2011-09-30": "", "2011-06-30": "", "2011-03-31": "", "2010-12-31": "", "2010-09-30": "", "2010-06-30": "", "2010-03-31": "", "2009-12-31": "", "2009-09-30": "", "2009-06-30": "", "2009-03-31": "", "2008-12-31": "", "2008-09-30": "", "2008-06-30": "", "2008-03-31": "", "2007-12-31": "", "2007-09-30": "", "2007-06-30": "", "2007-03-31": "", "2006-12-31": "", "2006-09-30": "", "2006-06-30": "", "2006-03-31": "", "2005-12-31": "", "2005-09-30": "", "2005-06-30": "", "2005-03-31": ""}}, "net-income": {"Associated Banc-Corp Annual Net Income (Millions of US $)": {"2020": "$288", "2019": "$312", "2018": "$323", "2017": "$220", "2016": "$191", "2015": "$179", "2014": "$186", "2013": "$184", "2012": "$174", "2011": "$115", "2010": "$-30", "2009": "$-161", "2008": "$165", "2007": "$286", "2006": "$317", "2005": "$320"}, "Associated Banc-Corp Quarterly Net Income (Millions of US $)": {"2020-12-31": "$62", "2020-09-30": "$40", "2020-06-30": "$145", "2020-03-31": "$42", "2019-12-31": "$68", "2019-09-30": "$80", "2019-06-30": "$81", "2019-03-31": "$83", "2018-12-31": "$86", "2018-09-30": "$83", "2018-06-30": "$86", "2018-03-31": "$67", "2017-12-31": "$48", "2017-09-30": "$63", "2017-06-30": "$55", "2017-03-31": "$54", "2016-12-31": "$53", "2016-09-30": "$51", "2016-06-30": "$47", "2016-03-31": "$40", "2015-12-31": "$39", "2015-09-30": "$47", "2015-06-30": "$48", "2015-03-31": "$45", "2014-12-31": "$48", "2014-09-30": "$49", "2014-06-30": "$45", "2014-03-31": "$44", "2013-12-31": "$46", "2013-09-30": "$44", "2013-06-30": "$47", "2013-03-31": "$46", "2012-12-31": "$45", "2012-09-30": "$45", "2012-06-30": "$42", "2012-03-31": "$41", "2011-12-31": "$40", "2011-09-30": "$34", "2011-06-30": "$26", "2011-03-31": "$15", "2010-12-31": "$7", "2010-09-30": "$7", "2010-06-30": "$-10", "2010-03-31": "$-34", "2009-12-31": "$-181", "2009-09-30": "$9", "2009-06-30": "$-25", "2009-03-31": "$35", "2008-12-31": "$14", "2008-09-30": "$38", "2008-06-30": "$47", "2008-03-31": "$66", "2007-12-31": "$65", "2007-09-30": "$72", "2007-06-30": "$76", "2007-03-31": "$73", "2006-12-31": "$75", "2006-09-30": "$77", "2006-06-30": "$84", "2006-03-31": "$82", "2005-12-31": "$88", "2005-09-30": "$81", "2005-06-30": "$74", "2005-03-31": "$77"}}, "eps-earnings-per-share-diluted": {"Associated Banc-Corp Annual EPS": {"2020": "$1.86", "2019": "$1.91", "2018": "$1.89", "2017": "$1.42", "2016": "$1.26", "2015": "$1.19", "2014": "$1.16", "2013": "$1.10", "2012": "$1.00", "2011": "$0.66", "2010": "$-0.18", "2009": "$-1.26", "2008": "$1.29", "2007": "$2.22", "2006": "$2.38", "2005": "$2.43"}, "Associated Banc-Corp Quarterly EPS": {"2020-12-31": "$0.40", "2020-09-30": "$0.26", "2020-06-30": "$0.94", "2020-03-31": "$0.27", "2019-12-31": "$0.43", "2019-09-30": "$0.49", "2019-06-30": "$0.49", "2019-03-31": "$0.50", "2018-12-31": "$0.51", "2018-09-30": "$0.48", "2018-06-30": "$0.50", "2018-03-31": "$0.40", "2017-12-31": "$0.30", "2017-09-30": "$0.41", "2017-06-30": "$0.36", "2017-03-31": "$0.35", "2016-12-31": "$0.34", "2016-09-30": "$0.34", "2016-06-30": "$0.31", "2016-03-31": "$0.27", "2015-12-31": "$0.27", "2015-09-30": "$0.31", "2015-06-30": "$0.31", "2015-03-31": "$0.30", "2014-12-31": "$0.30", "2014-09-30": "$0.31", "2014-06-30": "$0.28", "2014-03-31": "$0.27", "2013-12-31": "$0.28", "2013-09-30": "$0.27", "2013-06-30": "$0.28", "2013-03-31": "$0.27", "2012-12-31": "$0.26", "2012-09-30": "$0.26", "2012-06-30": "$0.24", "2012-03-31": "$0.24", "2011-12-31": "$0.22", "2011-09-30": "$0.20", "2011-06-30": "$0.15", "2011-03-31": "$0.09", "2010-12-31": "$0.04", "2010-09-30": "$0.04", "2010-06-30": "$-0.06", "2010-03-31": "$-0.20", "2009-12-31": "$-1.42", "2009-09-30": "$0.07", "2009-06-30": "$-0.19", "2009-03-31": "$0.28", "2008-12-31": "$0.10", "2008-09-30": "$0.30", "2008-06-30": "$0.37", "2008-03-31": "$0.52", "2007-12-31": "$0.50", "2007-09-30": "$0.56", "2007-06-30": "$0.59", "2007-03-31": "$0.57", "2006-12-31": "$0.57", "2006-09-30": "$0.58", "2006-06-30": "$0.63", "2006-03-31": "$0.60", "2005-12-31": "$0.64", "2005-09-30": "$0.63", "2005-06-30": "$0.57", "2005-03-31": "$0.59"}}, "shares-outstanding": {"Associated Banc-Corp Annual Shares Outstanding (Millions of Shares)": {"2020": "154", "2019": "162", "2018": "170", "2017": "154", "2016": "150", "2015": "151", "2014": "158", "2013": "166", "2012": "172", "2011": "173", "2010": "171", "2009": "128", "2008": "128", "2007": "128", "2006": "133", "2005": "132"}, "Associated Banc-Corp Quarterly Shares Outstanding (Millions of Shares)": {"2020-12-31": "153", "2020-09-30": "153", "2020-06-30": "153", "2020-03-31": "156", "2019-12-31": "162", "2019-09-30": "160", "2019-06-30": "164", "2019-03-31": "165", "2018-12-31": "170", "2018-09-30": "173", "2018-06-30": "173", "2018-03-31": "166", "2017-12-31": "154", "2017-09-30": "153", "2017-06-30": "154", "2017-03-31": "154", "2016-12-31": "150", "2016-09-30": "150", "2016-06-30": "150", "2016-03-31": "149", "2015-12-31": "151", "2015-09-30": "150", "2015-06-30": "151", "2015-03-31": "151", "2014-12-31": "158", "2014-09-30": "157", "2014-06-30": "161", "2014-03-31": "162", "2013-12-31": "166", "2013-09-30": "165", "2013-06-30": "167", "2013-03-31": "168", "2012-12-31": "172", "2012-09-30": "172", "2012-06-30": "173", "2012-03-31": "174", "2011-12-31": "173", "2011-09-30": "173", "2011-06-30": "173", "2011-03-31": "173", "2010-12-31": "171", "2010-09-30": "173", "2010-06-30": "173", "2010-03-31": "166", "2009-12-31": "128", "2009-09-30": "128", "2009-06-30": "128", "2009-03-31": "128", "2008-12-31": "128", "2008-09-30": "128", "2008-06-30": "128", "2008-03-31": "128", "2007-12-31": "128", "2007-09-30": "128", "2007-06-30": "129", "2007-03-31": "129", "2006-12-31": "133", "2006-09-30": "133", "2006-06-30": "133", "2006-03-31": "136", "2005-12-31": "132", "2005-09-30": "129", "2005-06-30": "130", "2005-03-31": "131"}}, "total-assets": {"Associated Banc-Corp Annual Total Assets (Millions of US $)": {"2019": "$32,386", "2018": "$33,615", "2017": "$30,484", "2016": "$29,139", "2015": "$27,712", "2014": "$26,822", "2013": "$24,227", "2012": "$23,488", "2011": "$21,924", "2010": "$21,786", "2009": "$22,874", "2008": "$24,192", "2007": "$21,592", "2006": "$20,861", "2005": "$22,100"}, "Associated Banc-Corp Quarterly Total Assets (Millions of US $)": {"2020-09-30": "$34,699", "2020-06-30": "$35,501", "2020-03-31": "$33,908", "2019-12-31": "$32,386", "2019-09-30": "$32,596", "2019-06-30": "$33,273", "2019-03-31": "$33,701", "2018-12-31": "$33,615", "2018-09-30": "$33,489", "2018-06-30": "$33,653", "2018-03-31": "$33,367", "2017-12-31": "$30,484", "2017-09-30": "$30,065", "2017-06-30": "$29,769", "2017-03-31": "$29,110", "2016-12-31": "$29,139", "2016-09-30": "$29,153", "2016-06-30": "$29,039", "2016-03-31": "$28,179", "2015-12-31": "$27,712", "2015-09-30": "$27,467", "2015-06-30": "$27,185", "2015-03-31": "$27,069", "2014-12-31": "$26,822", "2014-09-30": "$25,654", "2014-06-30": "$25,728", "2014-03-31": "$24,806", "2013-12-31": "$24,227", "2013-09-30": "$23,689", "2013-06-30": "$23,617", "2013-03-31": "$23,278", "2012-12-31": "$23,488", "2012-09-30": "$22,738", "2012-06-30": "$22,081", "2012-03-31": "$21,914", "2011-12-31": "$21,924", "2011-09-30": "$21,903", "2011-06-30": "$22,048", "2011-03-31": "$21,474", "2010-12-31": "$21,786", "2010-09-30": "$22,525", "2010-06-30": "$22,760", "2010-03-31": "$23,108", "2009-12-31": "$22,874", "2009-09-30": "$22,882", "2009-06-30": "$24,014", "2009-03-31": "$24,350", "2008-12-31": "$24,192", "2008-09-30": "$22,487", "2008-06-30": "$22,303", "2008-03-31": "$21,904", "2007-12-31": "$21,592", "2007-09-30": "$20,940", "2007-06-30": "$20,849", "2007-03-31": "$20,507", "2006-12-31": "$20,861", "2006-09-30": "$20,927", "2006-06-30": "$21,128", "2006-03-31": "$21,519", "2005-12-31": "$22,100", "2005-09-30": "$20,742", "2005-06-30": "$20,754", "2005-03-31": "$20,502"}}, "cash-on-hand": {"Associated Banc-Corp Annual Cash on Hand (Millions of US $)": {"2019": "$589", "2018": "$877", "2017": "$786", "2016": "$695", "2015": "$506", "2014": "$1,067", "2013": "$646", "2012": "$809", "2011": "$690", "2010": "$868", "2009": "$821", "2008": "$571", "2007": "$587", "2006": "$482", "2005": "$492"}, "Associated Banc-Corp Quarterly Cash on Hand (Millions of US $)": {"2020-09-30": "$1,114", "2020-06-30": "$2,013", "2020-03-31": "$679", "2019-12-31": "$589", "2019-09-30": "$760", "2019-06-30": "$557", "2019-03-31": "$724", "2018-12-31": "$877", "2018-09-30": "$687", "2018-06-30": "$604", "2018-03-31": "$536", "2017-12-31": "$786", "2017-09-30": "$540", "2017-06-30": "$614", "2017-03-31": "$739", "2016-12-31": "$695", "2016-09-30": "$671", "2016-06-30": "$555", "2016-03-31": "$428", "2015-12-31": "$506", "2015-09-30": "$454", "2015-06-30": "$552", "2015-03-31": "$890", "2014-12-31": "$1,067", "2014-09-30": "$509", "2014-06-30": "$687", "2014-03-31": "$664", "2013-12-31": "$646", "2013-09-30": "$879", "2013-06-30": "$605", "2013-03-31": "$492", "2012-12-31": "$809", "2012-09-30": "$1,029", "2012-06-30": "$672", "2012-03-31": "$712", "2011-12-31": "$690", "2011-09-30": "$665", "2011-06-30": "$1,095", "2011-03-31": "$799", "2010-12-31": "$868", "2010-09-30": "$2,539", "2010-06-30": "$2,549", "2010-03-31": "$2,303", "2009-12-31": "$821", "2009-09-30": "$461", "2009-06-30": "$511", "2009-03-31": "$440", "2008-12-31": "$571", "2008-09-30": "$696", "2008-06-30": "$661", "2008-03-31": "$523", "2007-12-31": "$587", "2007-09-30": "$381", "2007-06-30": "$462", "2007-03-31": "$353", "2006-12-31": "$482", "2006-09-30": "$430", "2006-06-30": "$466", "2006-03-31": "$433", "2005-12-31": "$492", "2005-09-30": "$504", "2005-06-30": "$468", "2005-03-31": "$357"}}, "long-term-debt": {"Associated Banc-Corp Annual Long Term Debt (Millions of US $)": {"2019": "$3,730", "2018": "$4,370", "2017": "$3,681", "2016": "$2,762", "2015": "$2,676", "2014": "$3,930", "2013": "$3,087", "2012": "$1,015", "2011": "$1,177", "2010": "$1,414", "2009": "$1,954", "2008": "$1,862", "2007": "$1,865", "2006": "$2,071", "2005": "$3,348"}, "Associated Banc-Corp Quarterly Long Term Debt (Millions of US $)": {"2020-09-30": "$2,256", "2020-06-30": "$3,206", "2020-03-31": "$3,764", "2019-12-31": "$3,730", "2019-09-30": "$3,675", "2019-06-30": "$3,539", "2019-03-31": "$3,741", "2018-12-31": "$4,370", "2018-09-30": "$4,128", "2018-06-30": "$5,295", "2018-03-31": "$3,233", "2017-12-31": "$3,681", "2017-09-30": "$3,147", "2017-06-30": "$3,262", "2017-03-31": "$2,762", "2016-12-31": "$2,762", "2016-09-30": "$2,762", "2016-06-30": "$3,511", "2016-03-31": "$2,861", "2015-12-31": "$2,676", "2015-09-30": "$2,680", "2015-06-30": "$3,180", "2015-03-31": "$3,430", "2014-12-31": "$3,930", "2014-09-30": "$2,932", "2014-06-30": "$2,932", "2014-03-31": "$2,932", "2013-12-31": "$3,087", "2013-09-30": "$615", "2013-06-30": "$615", "2013-03-31": "$915", "2012-12-31": "$1,015", "2012-09-30": "$1,305", "2012-06-30": "$1,151", "2012-03-31": "$1,177", "2011-12-31": "$1,177", "2011-09-30": "$1,477", "2011-06-30": "$1,484", "2011-03-31": "$1,484", "2010-12-31": "$1,414", "2010-09-30": "$1,714", "2010-06-30": "$1,844", "2010-03-31": "$1,644", "2009-12-31": "$1,954", "2009-09-30": "$1,762", "2009-06-30": "$1,762", "2009-03-31": "$1,962", "2008-12-31": "$1,862", "2008-09-30": "$1,562", "2008-06-30": "$1,436", "2008-03-31": "$1,536", "2007-12-31": "$1,865", "2007-09-30": "$1,934", "2007-06-30": "$1,932", "2007-03-31": "$1,743", "2006-12-31": "$2,071", "2006-09-30": "$2,273", "2006-06-30": "$2,473", "2006-03-31": "$2,898", "2005-12-31": "$3,348", "2005-09-30": "$3,545", "2005-06-30": "$3,685", "2005-03-31": "$3,333"}}, "total-liabilities": {"Associated Banc-Corp Annual Total Liabilities (Millions of US $)": {"2019": "$28,464", "2018": "$29,834", "2017": "$27,246", "2016": "$26,048", "2015": "$24,775", "2014": "$24,022", "2013": "$21,336", "2012": "$20,551", "2011": "$19,058", "2010": "$18,627", "2009": "$20,136", "2008": "$21,316", "2007": "$19,262", "2006": "$18,616", "2005": "$19,775"}, "Associated Banc-Corp Quarterly Total Liabilities (Millions of US $)": {"2020-09-30": "$30,653", "2020-06-30": "$31,477", "2020-03-31": "$30,118", "2019-12-31": "$28,464", "2019-09-30": "$28,676", "2019-06-30": "$29,373", "2019-03-31": "$29,865", "2018-12-31": "$29,834", "2018-09-30": "$29,692", "2018-06-30": "$29,882", "2018-03-31": "$29,654", "2017-12-31": "$27,246", "2017-09-30": "$26,861", "2017-06-30": "$26,578", "2017-03-31": "$25,965", "2016-12-31": "$26,048", "2016-09-30": "$26,056", "2016-06-30": "$26,009", "2016-03-31": "$25,196", "2015-12-31": "$24,775", "2015-09-30": "$24,513", "2015-06-30": "$24,281", "2015-03-31": "$24,187", "2014-12-31": "$24,022", "2014-09-30": "$22,784", "2014-06-30": "$22,798", "2014-03-31": "$21,905", "2013-12-31": "$21,336", "2013-09-30": "$20,816", "2013-06-30": "$20,740", "2013-03-31": "$20,342", "2012-12-31": "$20,551", "2012-09-30": "$19,788", "2012-06-30": "$19,171", "2012-03-31": "$19,013", "2011-12-31": "$19,058", "2011-09-30": "$19,052", "2011-06-30": "$19,049", "2011-03-31": "$18,279", "2010-12-31": "$18,627", "2010-09-30": "$19,324", "2010-06-30": "$19,574", "2010-03-31": "$19,927", "2009-12-31": "$20,136", "2009-09-30": "$19,957", "2009-06-30": "$21,140", "2009-03-31": "$21,453", "2008-12-31": "$21,316", "2008-09-30": "$20,123", "2008-06-30": "$19,949", "2008-03-31": "$19,521", "2007-12-31": "$19,262", "2007-09-30": "$18,649", "2007-06-30": "$18,620", "2007-03-31": "$18,271", "2006-12-31": "$18,616", "2006-09-30": "$18,656", "2006-06-30": "$18,853", "2006-03-31": "$19,274", "2005-12-31": "$19,775", "2005-09-30": "$18,679", "2005-06-30": "$18,735", "2005-03-31": "$18,477"}}, "total-share-holder-equity": {"Associated Banc-Corp Annual Share Holder Equity (Millions of US $)": {"2019": "$3,922", "2018": "$3,781", "2017": "$3,237", "2016": "$3,091", "2015": "$2,937", "2014": "$2,800", "2013": "$2,891", "2012": "$2,936", "2011": "$2,866", "2010": "$3,159", "2009": "$2,739", "2008": "$2,877", "2007": "$2,330", "2006": "$2,245", "2005": "$2,325"}, "Associated Banc-Corp Quarterly Share Holder Equity (Millions of US $)": {"2020-09-30": "$4,045", "2020-06-30": "$4,024", "2020-03-31": "$3,790", "2019-12-31": "$3,922", "2019-09-30": "$3,921", "2019-06-30": "$3,900", "2019-03-31": "$3,836", "2018-12-31": "$3,781", "2018-09-30": "$3,797", "2018-06-30": "$3,770", "2018-03-31": "$3,713", "2017-12-31": "$3,237", "2017-09-30": "$3,204", "2017-06-30": "$3,192", "2017-03-31": "$3,145", "2016-12-31": "$3,091", "2016-09-30": "$3,097", "2016-06-30": "$3,030", "2016-03-31": "$2,982", "2015-12-31": "$2,937", "2015-09-30": "$2,954", "2015-06-30": "$2,904", "2015-03-31": "$2,882", "2014-12-31": "$2,800", "2014-09-30": "$2,870", "2014-06-30": "$2,930", "2014-03-31": "$2,901", "2013-12-31": "$2,891", "2013-09-30": "$2,872", "2013-06-30": "$2,877", "2013-03-31": "$2,936", "2012-12-31": "$2,936", "2012-09-30": "$2,950", "2012-06-30": "$2,910", "2012-03-31": "$2,901", "2011-12-31": "$2,866", "2011-09-30": "$2,851", "2011-06-30": "$2,999", "2011-03-31": "$3,195", "2010-12-31": "$3,159", "2010-09-30": "$3,201", "2010-06-30": "$3,186", "2010-03-31": "$3,181", "2009-12-31": "$2,739", "2009-09-30": "$2,925", "2009-06-30": "$2,874", "2009-03-31": "$2,897", "2008-12-31": "$2,877", "2008-09-30": "$2,364", "2008-06-30": "$2,354", "2008-03-31": "$2,382", "2007-12-31": "$2,330", "2007-09-30": "$2,291", "2007-06-30": "$2,229", "2007-03-31": "$2,236", "2006-12-31": "$2,245", "2006-09-30": "$2,270", "2006-06-30": "$2,275", "2006-03-31": "$2,245", "2005-12-31": "$2,325", "2005-09-30": "$2,063", "2005-06-30": "$2,018", "2005-03-31": "$2,025"}}, "profit-margins": {"current": "21.5%"}, "gross margin": {"2020-12-31": "89.49%", "2020-09-30": "86.86%", "2020-06-30": "84.33%", "2020-03-31": "79.71%", "2019-12-31": "78.30%", "2019-09-30": "77.86%", "2019-06-30": "78.32%", "2019-03-31": "79.87%", "2018-12-31": "81.79%", "2018-09-30": "83.55%", "2018-06-30": "85.24%", "2018-03-31": "86.69%", "2017-12-31": "88.03%", "2017-09-30": "89.57%", "2017-06-30": "91.16%", "2017-03-31": "92.21%", "2016-12-31": "92.58%", "2016-09-30": "92.62%", "2016-06-30": "92.64%", "2016-03-31": "92.68%", "2015-12-31": "92.98%", "2015-09-30": "93.26%", "2015-06-30": "93.77%", "2015-03-31": "94.24%", "2014-12-31": "94.55%", "2014-09-30": "94.73%", "2014-06-30": "94.36%", "2014-03-31": "94.00%", "2013-12-31": "93.74%", "2013-09-30": "93.26%", "2013-06-30": "92.66%", "2013-03-31": "91.84%", "2012-12-31": "90.99%", "2012-09-30": "89.86%", "2012-06-30": "88.92%", "2012-03-31": "87.98%", "2011-12-31": "87.29%", "2011-09-30": "86.56%", "2011-06-30": "85.92%", "2011-03-31": "85.37%", "2010-12-31": "84.85%", "2010-09-30": "84.41%", "2010-06-30": "83.48%", "2010-03-31": "82.32%", "2009-12-31": "80.86%", "2009-09-30": "78.31%", "2009-06-30": "75.47%", "2009-03-31": "73.12%", "2008-12-31": "69.55%", "2008-09-30": "66.73%", "2008-06-30": "64.42%", "2008-03-31": "62.07%", "2007-12-31": "61.01%", "2007-09-30": "60.72%", "2007-06-30": "60.74%", "2007-03-31": "60.93%", "2006-12-31": "61.29%", "2006-09-30": "62.79%", "2006-06-30": "64.78%", "2006-03-31": "66.76%", "2005-12-31": "69.48%"}, "operating margin": {"2020-12-31": "23.06%", "2020-09-30": "22.52%", "2020-06-30": "28.53%", "2020-03-31": "23.85%", "2019-12-31": "26.66%", "2019-09-30": "27.58%", "2019-06-30": "28.04%", "2019-03-31": "28.62%", "2018-12-31": "29.34%", "2018-09-30": "29.27%", "2018-06-30": "29.44%", "2018-03-31": "28.79%", "2017-12-31": "27.79%", "2017-09-30": "27.27%", "2017-06-30": "26.36%", "2017-03-31": "26.23%", "2016-12-31": "25.07%", "2016-09-30": "23.73%", "2016-06-30": "23.73%", "2016-03-31": "23.88%", "2015-12-31": "24.86%", "2015-09-30": "26.01%", "2015-06-30": "26.60%", "2015-03-31": "26.78%", "2014-12-31": "26.85%", "2014-09-30": "26.46%", "2014-06-30": "26.04%", "2014-03-31": "26.06%", "2013-12-31": "26.22%", "2013-09-30": "26.98%", "2013-06-30": "26.64%", "2013-03-31": "26.21%", "2012-12-31": "25.58%", "2012-09-30": "23.78%", "2012-06-30": "23.14%", "2012-03-31": "21.28%", "2011-12-31": "18.13%", "2011-09-30": "13.63%", "2011-06-30": "9.13%", "2011-03-31": "3.68%", "2010-12-31": "-3.59%", "2010-09-30": "-28.33%", "2010-06-30": "-27.26%", "2010-03-31": "-28.34%", "2009-12-31": "-21.40%", "2009-09-30": "1.87%", "2009-06-30": "4.16%", "2009-03-31": "11.99%", "2008-12-31": "15.72%", "2008-09-30": "20.37%", "2008-06-30": "23.08%", "2008-03-31": "25.33%", "2007-12-31": "26.34%", "2007-09-30": "27.14%", "2007-06-30": "27.90%", "2007-03-31": "28.45%", "2006-12-31": "28.81%", "2006-09-30": "29.92%", "2006-06-30": "31.27%", "2006-03-31": "32.20%", "2005-12-31": "33.84%"}, "ebitda margin": {"2020-09-30": "0.00%", "2020-06-30": "0.00%", "2020-03-31": "0.00%", "2019-12-31": "0.00%", "2019-09-30": "0.00%", "2019-06-30": "0.00%", "2019-03-31": "0.00%", "2018-12-31": "0.00%", "2018-09-30": "0.00%", "2018-06-30": "0.00%", "2018-03-31": "0.00%", "2017-12-31": "0.00%", "2017-09-30": "0.00%", "2017-06-30": "0.00%", "2017-03-31": "0.00%", "2016-12-31": "0.00%", "2016-09-30": "0.00%", "2016-06-30": "0.00%", "2016-03-31": "0.00%", "2015-12-31": "0.00%", "2015-09-30": "0.00%", "2015-06-30": "0.00%", "2015-03-31": "0.00%", "2014-12-31": "0.00%", "2014-09-30": "0.00%", "2014-06-30": "0.00%", "2014-03-31": "0.00%", "2013-12-31": "0.00%", "2013-09-30": "0.00%", "2013-06-30": "0.00%", "2013-03-31": "0.00%", "2012-12-31": "0.00%", "2012-09-30": "0.00%", "2012-06-30": "0.00%", "2012-03-31": "0.00%", "2011-12-31": "0.00%", "2011-09-30": "0.00%", "2011-06-30": "0.00%", "2011-03-31": "0.00%", "2010-12-31": "0.00%", "2010-09-30": "0.00%", "2010-06-30": "0.00%", "2010-03-31": "0.00%", "2009-12-31": "0.00%", "2009-09-30": "0.00%", "2009-06-30": "0.00%", "2009-03-31": "0.00%", "2008-12-31": "0.00%", "2008-09-30": "0.00%", "2008-06-30": "0.00%", "2008-03-31": "0.00%", "2007-12-31": "0.00%", "2007-09-30": "0.00%", "2007-06-30": "0.00%", "2007-03-31": "0.00%", "2006-12-31": "0.00%", "2006-09-30": "0.00%", "2006-06-30": "0.00%", "2006-03-31": "0.00%", "2005-12-31": "0.00%"}, "pre tax profit margin": {"2020-12-31": "22.92%", "2020-09-30": "22.25%", "2020-06-30": "28.15%", "2020-03-31": "23.25%", "2019-12-31": "26.14%", "2019-09-30": "27.26%", "2019-06-30": "27.65%", "2019-03-31": "27.97%", "2018-12-31": "27.35%", "2018-09-30": "27.11%", "2018-06-30": "27.39%", "2018-03-31": "27.16%", "2017-12-31": "27.79%", "2017-09-30": "27.27%", "2017-06-30": "26.36%", "2017-03-31": "26.23%", "2016-12-31": "25.07%", "2016-09-30": "23.73%", "2016-06-30": "23.73%", "2016-03-31": "23.88%", "2015-12-31": "24.86%", "2015-09-30": "26.01%", "2015-06-30": "26.60%", "2015-03-31": "26.78%", "2014-12-31": "26.85%", "2014-09-30": "26.46%", "2014-06-30": "26.04%", "2014-03-31": "26.06%", "2013-12-31": "26.22%", "2013-09-30": "26.00%", "2013-06-30": "25.68%", "2013-03-31": "25.24%", "2012-12-31": "24.61%", "2012-09-30": "23.78%", "2012-06-30": "23.14%", "2012-03-31": "21.28%", "2011-12-31": "18.13%", "2011-09-30": "13.63%", "2011-06-30": "9.13%", "2011-03-31": "3.68%", "2010-12-31": "-3.59%", "2010-09-30": "-28.33%", "2010-06-30": "-27.26%", "2010-03-31": "-28.34%", "2009-12-31": "-21.40%", "2009-09-30": "1.87%", "2009-06-30": "4.16%", "2009-03-31": "11.99%", "2008-12-31": "15.72%", "2008-09-30": "19.84%", "2008-06-30": "22.56%", "2008-03-31": "24.83%", "2007-12-31": "25.85%", "2007-09-30": "26.89%", "2007-06-30": "27.65%", "2007-03-31": "28.20%", "2006-12-31": "28.55%", "2006-09-30": "29.92%", "2006-06-30": "31.27%", "2006-03-31": "32.20%", "2005-12-31": "33.84%"}, "net profit margin": {"2020-12-31": "20.25%", "2020-09-30": "19.77%", "2020-06-30": "21.00%", "2020-03-31": "17.85%", "2019-12-31": "20.09%", "2019-09-30": "20.87%", "2019-06-30": "21.17%", "2019-03-31": "21.74%", "2018-12-31": "21.32%", "2018-09-30": "19.79%", "2018-06-30": "19.28%", "2018-03-31": "18.13%", "2017-12-31": "18.03%", "2017-09-30": "18.77%", "2017-06-30": "18.11%", "2017-03-31": "17.75%", "2016-12-31": "16.68%", "2016-09-30": "15.73%", "2016-06-30": "15.73%", "2016-03-31": "15.92%", "2015-12-31": "16.54%", "2015-09-30": "17.59%", "2015-06-30": "17.92%", "2015-03-31": "17.95%", "2014-12-31": "18.09%", "2014-09-30": "17.97%", "2014-06-30": "17.72%", "2014-03-31": "17.80%", "2013-12-31": "17.91%", "2013-09-30": "17.79%", "2013-06-30": "17.66%", "2013-03-31": "17.28%", "2012-12-31": "16.76%", "2012-09-30": "16.37%", "2012-06-30": "15.39%", "2012-03-31": "13.89%", "2011-12-31": "11.33%", "2011-09-30": "7.98%", "2011-06-30": "5.23%", "2011-03-31": "1.75%", "2010-12-31": "-2.63%", "2010-09-30": "-18.27%", "2010-06-30": "-17.58%", "2010-03-31": "-17.84%", "2009-12-31": "-12.16%", "2009-09-30": "2.47%", "2009-06-30": "4.53%", "2009-03-31": "9.68%", "2008-12-31": "11.69%", "2008-09-30": "14.43%", "2008-06-30": "16.03%", "2008-03-31": "17.40%", "2007-12-31": "17.64%", "2007-09-30": "18.34%", "2007-06-30": "18.79%", "2007-03-31": "19.41%", "2006-12-31": "20.18%", "2006-09-30": "21.16%", "2006-06-30": "22.10%", "2006-03-31": "22.51%", "2005-12-31": "23.09%"}, "pe ratio": {"current": "16.25", "2021-02-05": "13.04", "2020-12-31": "11.60", "2020-09-30": "6.56", "2020-06-30": "6.26", "2020-03-31": "7.33", "2019-12-31": "10.99", "2019-09-30": "9.62", "2019-06-30": "10.00", "2019-03-31": "9.96", "2018-12-31": "9.65", "2018-09-30": "14.08", "2018-06-30": "15.34", "2018-03-31": "15.20", "2017-12-31": "15.98", "2017-09-30": "14.86", "2017-06-30": "16.14", "2017-03-31": "16.13", "2016-12-31": "17.28", "2016-09-30": "14.43", "2016-06-30": "12.89", "2016-03-31": "13.41", "2015-12-31": "13.57", "2015-09-30": "12.52", "2015-06-30": "14.04", "2015-03-31": "13.14", "2014-12-31": "13.43", "2014-09-30": "12.82", "2014-06-30": "13.72", "2014-03-31": "13.63", "2013-12-31": "13.06", "2013-09-30": "11.78", "2013-06-30": "11.88", "2013-03-31": "11.99", "2012-12-31": "10.61", "2012-09-30": "10.91", "2012-06-30": "11.61", "2012-03-31": "13.58", "2011-12-31": "13.25", "2011-09-30": "15.38", "2011-06-30": "34.46", "2011-03-31": "107.01", "2010-12-31": "0.00", "2010-09-30": "0.00", "2010-06-30": "0.00", "2010-03-31": "0.00", "2009-12-31": "0.00", "2009-09-30": "33.27", "2009-06-30": "19.58", "2009-03-31": "11.38", "2008-12-31": "12.31", "2008-09-30": "8.83", "2008-06-30": "7.28", "2008-03-31": "8.94", "2007-12-31": "8.78", "2007-09-30": "9.25", "2007-06-30": "10.01", "2007-03-31": "10.01", "2006-12-31": "10.17"}, "price sales": {"2021-02-05": "2.07", "2020-12-31": "1.84", "2020-09-30": "1.30", "2020-06-30": "1.32", "2020-03-31": "1.30", "2019-12-31": "2.20", "2019-09-30": "1.99", "2019-06-30": "2.11", "2019-03-31": "2.17", "2018-12-31": "2.06", "2018-09-30": "2.77", "2018-06-30": "2.94", "2018-03-31": "2.75", "2017-12-31": "2.88", "2017-09-30": "2.77", "2017-06-30": "2.90", "2017-03-31": "2.82", "2016-12-31": "2.85", "2016-09-30": "2.29", "2016-06-30": "2.04", "2016-03-31": "2.14", "2015-12-31": "2.25", "2015-09-30": "2.19", "2015-06-30": "2.51", "2015-03-31": "2.37", "2014-12-31": "2.44", "2014-09-30": "2.30", "2014-06-30": "2.44", "2014-03-31": "2.44", "2013-12-31": "2.34", "2013-09-30": "2.09", "2013-06-30": "2.08", "2013-03-31": "2.06", "2012-12-31": "1.78", "2012-09-30": "1.79", "2012-06-30": "1.80", "2012-03-31": "1.90", "2011-12-31": "1.52", "2011-09-30": "1.24", "2011-06-30": "1.81", "2011-03-31": "1.87", "2010-12-31": "1.79", "2010-09-30": "1.37", "2010-06-30": "1.15", "2010-03-31": "1.14", "2009-12-31": "0.83", "2009-09-30": "0.86", "2009-06-30": "0.91", "2009-03-31": "1.11", "2008-12-31": "1.45", "2008-09-30": "1.28", "2008-06-30": "1.17", "2008-03-31": "1.56", "2007-12-31": "1.55", "2007-09-30": "1.70", "2007-06-30": "1.89", "2007-03-31": "1.95", "2006-12-31": "2.06"}, "price book": {"current": "0.79", "2021-02-05": "0.73", "2020-09-30": "0.47", "2020-06-30": "0.51", "2020-03-31": "0.50", "2019-12-31": "0.84", "2019-09-30": "0.78", "2019-06-30": "0.83", "2019-03-31": "0.85", "2018-12-31": "0.79", "2018-09-30": "1.06", "2018-06-30": "1.14", "2018-03-31": "1.04", "2017-12-31": "1.08", "2017-09-30": "1.03", "2017-06-30": "1.08", "2017-03-31": "1.06", "2016-12-31": "1.07", "2016-09-30": "0.84", "2016-06-30": "0.75", "2016-03-31": "0.79", "2015-12-31": "0.83", "2015-09-30": "0.79", "2015-06-30": "0.90", "2015-03-31": "0.84", "2014-12-31": "0.85", "2014-09-30": "0.80", "2014-06-30": "0.83", "2014-03-31": "0.84", "2013-12-31": "0.82", "2013-09-30": "0.73", "2013-06-30": "0.74", "2013-03-31": "0.71", "2012-12-31": "0.62", "2012-09-30": "0.62", "2012-06-30": "0.63", "2012-03-31": "0.67", "2011-12-31": "0.54", "2011-09-30": "0.45", "2011-06-30": "0.64", "2011-03-31": "0.64", "2010-12-31": "0.66", "2010-09-30": "0.57", "2010-06-30": "0.53", "2010-03-31": "0.59", "2009-12-31": "0.41", "2009-09-30": "0.39", "2009-06-30": "0.44", "2009-03-31": "0.53", "2008-12-31": "0.71", "2008-09-30": "0.81", "2008-06-30": "0.78", "2008-03-31": "1.04", "2007-12-31": "1.07", "2007-09-30": "1.18", "2007-06-30": "1.32", "2007-03-31": "1.34", "2006-12-31": "1.39", "2006-09-30": "1.28", "2006-06-30": "1.25", "2006-03-31": "1.35"}, "price fcf": {"2021-02-05": "", "2020-09-30": "$3.05", "2020-06-30": "$4.61", "2020-03-31": "$3.09", "2019-12-31": "$3.13", "2019-09-30": "$3.65", "2019-06-30": "$2.25", "2019-03-31": "$2.18", "2018-12-31": "$2.54", "2018-09-30": "$2.33", "2018-06-30": "$1.26", "2018-03-31": "$1.91", "2017-12-31": "$2.68", "2017-09-30": "$3.27", "2017-06-30": "$5.37", "2017-03-31": "$4.87", "2016-12-31": "$3.58", "2016-09-30": "$2.56", "2016-06-30": "$1.31", "2016-03-31": "$1.33", "2015-12-31": "$1.64", "2015-09-30": "$1.59", "2015-06-30": "$0.82", "2015-03-31": "$0.54", "2014-12-31": "$0.94", "2014-09-30": "$1.13", "2014-06-30": "$2.11", "2014-03-31": "$2.17", "2013-12-31": "$2.47", "2013-09-30": "$1.99", "2013-06-30": "$1.34", "2013-03-31": "$1.67", "2012-12-31": "$1.55", "2012-09-30": "$1.74", "2012-06-30": "$1.08", "2012-03-31": "$0.81", "2011-12-31": "$1.34", "2011-09-30": "$1.94", "2011-06-30": "$2.82", "2011-03-31": "$3.17", "2010-12-31": "$2.77", "2010-09-30": "$1.99", "2010-06-30": "$5.14", "2010-03-31": "$0.17", "2009-12-31": "$0.77", "2009-09-30": "$1.13", "2009-06-30": "$-1.72", "2009-03-31": "$3.87", "2008-12-31": "$3.18", "2008-09-30": "$3.12", "2008-06-30": "$2.86", "2008-03-31": "$2.03", "2007-12-31": "$2.00", "2007-09-30": "$2.40", "2007-06-30": "$2.09", "2007-03-31": "$2.18", "2006-12-31": "$2.34"}, "net worth": {"value": "$2.94B"}, "current ratio": {"2020-12-31": "0.92", "2020-09-30": "0.95", "2020-06-30": "0.98", "2020-03-31": "0.96", "2019-12-31": "0.95", "2019-09-30": "0.94", "2019-06-30": "0.92", "2019-03-31": "0.91", "2018-12-31": "0.93", "2018-09-30": "0.92", "2018-06-30": "0.96", "2018-03-31": "0.88", "2017-12-31": "0.91", "2017-09-30": "0.90", "2017-06-30": "0.91", "2017-03-31": "0.89", "2016-12-31": "0.88", "2016-09-30": "0.88", "2016-06-30": "0.91", "2016-03-31": "0.87", "2015-12-31": "0.86", "2015-09-30": "0.86", "2015-06-30": "0.89", "2015-03-31": "0.90", "2014-12-31": "0.92", "2014-09-30": "0.88", "2014-06-30": "0.88", "2014-03-31": "0.89", "2013-12-31": "0.90", "2013-09-30": "0.81", "2013-06-30": "0.81", "2013-03-31": "0.82", "2012-12-31": "0.83", "2012-09-30": "0.86", "2012-06-30": "0.84", "2012-03-31": "0.83", "2011-12-31": "0.82", "2011-09-30": "0.80", "2011-06-30": "0.79", "2011-03-31": "0.78", "2010-12-31": "0.76", "2010-09-30": "0.83", "2010-06-30": "0.84", "2010-03-31": "0.84", "2009-12-31": "0.80", "2009-09-30": "0.82", "2009-06-30": "0.82", "2009-03-31": "0.84", "2008-12-31": "0.86", "2008-09-30": "0.90", "2008-06-30": "0.90", "2008-03-31": "0.90", "2007-12-31": "0.92", "2007-09-30": "0.92", "2007-06-30": "0.93", "2007-03-31": "0.91", "2006-12-31": "0.94", "2006-09-30": "0.95", "2006-06-30": "0.96", "2006-03-31": "0.97", "2005-12-31": "0.95", "2005-09-30": "0.96", "2005-06-30": "0.96", "2005-03-31": "0.94"}, "quick ratio": {"2020-12-31": "0.00", "2020-09-30": "0.00", "2020-06-30": "0.00", "2020-03-31": "0.00", "2019-12-31": "0.00", "2019-09-30": "0.00", "2019-06-30": "0.00", "2019-03-31": "0.00", "2018-12-31": "0.00", "2018-09-30": "0.00", "2018-06-30": "0.00", "2018-03-31": "0.00", "2017-12-31": "0.00", "2017-09-30": "0.00", "2017-06-30": "0.00", "2017-03-31": "0.00", "2016-12-31": "0.00", "2016-09-30": "0.00", "2016-06-30": "0.00", "2016-03-31": "0.00", "2015-12-31": "0.00", "2015-09-30": "0.00", "2015-06-30": "0.00", "2015-03-31": "0.00", "2014-12-31": "0.00", "2014-09-30": "0.00", "2014-06-30": "0.00", "2014-03-31": "0.00", "2013-12-31": "0.00", "2013-09-30": "0.00", "2013-06-30": "0.00", "2013-03-31": "0.00", "2012-12-31": "0.00", "2012-09-30": "0.00", "2012-06-30": "0.00", "2012-03-31": "0.00", "2011-12-31": "0.00", "2011-09-30": "0.00", "2011-06-30": "0.00", "2011-03-31": "0.00", "2010-12-31": "0.00", "2010-09-30": "0.00", "2010-06-30": "0.00", "2010-03-31": "0.00", "2009-12-31": "0.00", "2009-09-30": "0.00", "2009-06-30": "0.00", "2009-03-31": "0.00", "2008-12-31": "0.00", "2008-09-30": "0.00", "2008-06-30": "0.00", "2008-03-31": "0.00", "2007-12-31": "0.00", "2007-09-30": "0.00", "2007-06-30": "0.00", "2007-03-31": "0.00", "2006-12-31": "0.00", "2006-09-30": "0.00", "2006-06-30": "0.00", "2006-03-31": "0.00", "2005-12-31": "0.00", "2005-09-30": "0.00", "2005-06-30": "0.00", "2005-03-31": "0.00"}, "debt equity ratio": {"current": "0.58", "2020-12-31": "7.17", "2020-09-30": "7.58", "2020-06-30": "7.82", "2020-03-31": "7.95", "2019-12-31": "7.26", "2019-09-30": "7.31", "2019-06-30": "7.53", "2019-03-31": "7.79", "2018-12-31": "7.89", "2018-09-30": "7.82", "2018-06-30": "7.93", "2018-03-31": "7.99", "2017-12-31": "8.42", "2017-09-30": "8.39", "2017-06-30": "8.33", "2017-03-31": "8.26", "2016-12-31": "8.43", "2016-09-30": "8.41", "2016-06-30": "8.58", "2016-03-31": "8.45", "2015-12-31": "8.44", "2015-09-30": "8.30", "2015-06-30": "8.36", "2015-03-31": "8.39", "2014-12-31": "8.58", "2014-09-30": "7.94", "2014-06-30": "7.78", "2014-03-31": "7.55", "2013-12-31": "7.38", "2013-09-30": "7.25", "2013-06-30": "7.21", "2013-03-31": "6.93", "2012-12-31": "7.00", "2012-09-30": "6.71", "2012-06-30": "6.59", "2012-03-31": "6.55", "2011-12-31": "6.65", "2011-09-30": "6.68", "2011-06-30": "6.35", "2011-03-31": "5.72", "2010-12-31": "5.90", "2010-09-30": "6.04", "2010-06-30": "6.14", "2010-03-31": "6.27", "2009-12-31": "7.35", "2009-09-30": "6.82", "2009-06-30": "7.36", "2009-03-31": "7.41", "2008-12-31": "7.41", "2008-09-30": "8.51", "2008-06-30": "8.48", "2008-03-31": "8.19", "2007-12-31": "8.27", "2007-09-30": "8.14", "2007-06-30": "8.35", "2007-03-31": "8.17", "2006-12-31": "8.29", "2006-09-30": "8.22", "2006-06-30": "8.29", "2006-03-31": "8.59", "2005-12-31": "8.51", "2005-09-30": "9.06", "2005-06-30": "9.28", "2005-03-31": "9.12"}, "return on equity": {"2020-12-31": "7.25%", "2020-09-30": "7.48%", "2020-06-30": "8.56%", "2020-03-31": "6.98%", "2019-12-31": "8.01%", "2019-09-30": "8.55%", "2019-06-30": "8.70%", "2019-03-31": "8.90%", "2018-12-31": "8.55%", "2018-09-30": "7.83%", "2018-06-30": "7.58%", "2018-03-31": "6.98%", "2017-12-31": "6.89%", "2017-09-30": "7.12%", "2017-06-30": "6.80%", "2017-03-31": "6.63%", "2016-12-31": "6.26%", "2016-09-30": "5.88%", "2016-06-30": "5.81%", "2016-03-31": "5.91%", "2015-12-31": "6.13%", "2015-09-30": "6.52%", "2015-06-30": "6.63%", "2015-03-31": "6.51%", "2014-12-31": "6.47%", "2014-09-30": "6.35%", "2014-06-30": "6.18%", "2014-03-31": "6.27%", "2013-12-31": "6.32%", "2013-09-30": "6.26%", "2013-06-30": "6.26%", "2013-03-31": "6.07%", "2012-12-31": "5.92%", "2012-09-30": "5.78%", "2012-06-30": "5.45%", "2012-03-31": "4.85%", "2011-12-31": "3.86%", "2011-09-30": "2.69%", "2011-06-30": "1.75%", "2011-03-31": "0.60%", "2010-12-31": "-0.94%", "2010-09-30": "-7.09%", "2010-06-30": "-7.18%", "2010-03-31": "-7.88%", "2009-12-31": "-5.67%", "2009-09-30": "1.14%", "2009-06-30": "2.25%", "2009-03-31": "5.11%", "2008-12-31": "6.62%", "2008-09-30": "9.16%", "2008-06-30": "10.69%", "2008-03-31": "12.09%", "2007-12-31": "12.59%", "2007-09-30": "13.15%", "2007-06-30": "13.41%", "2007-03-31": "13.69%", "2006-12-31": "14.08%", "2006-09-30": "14.53%", "2006-06-30": "15.04%", "2006-03-31": "15.03%", "2005-12-31": "15.18%"}, "return on assets": {"2020-12-31": "0.84%", "2020-09-30": "0.86%", "2020-06-30": "1.00%", "2020-03-31": "0.82%", "2019-12-31": "0.95%", "2019-09-30": "0.99%", "2019-06-30": "0.99%", "2019-03-31": "1.01%", "2018-12-31": "0.96%", "2018-09-30": "0.87%", "2018-06-30": "0.83%", "2018-03-31": "0.75%", "2017-12-31": "0.74%", "2017-09-30": "0.76%", "2017-06-30": "0.73%", "2017-03-31": "0.70%", "2016-12-31": "0.66%", "2016-09-30": "0.62%", "2016-06-30": "0.62%", "2016-03-31": "0.63%", "2015-12-31": "0.65%", "2015-09-30": "0.69%", "2015-06-30": "0.71%", "2015-03-31": "0.71%", "2014-12-31": "0.72%", "2014-09-30": "0.73%", "2014-06-30": "0.73%", "2014-03-31": "0.75%", "2013-12-31": "0.77%", "2013-09-30": "0.77%", "2013-06-30": "0.79%", "2013-03-31": "0.78%", "2012-12-31": "0.77%", "2012-09-30": "0.76%", "2012-06-30": "0.72%", "2012-03-31": "0.64%", "2011-12-31": "0.53%", "2011-09-30": "0.38%", "2011-06-30": "0.25%", "2011-03-31": "0.09%", "2010-12-31": "-0.13%", "2010-09-30": "-0.96%", "2010-06-30": "-0.94%", "2010-03-31": "-0.99%", "2009-12-31": "-0.69%", "2009-09-30": "0.14%", "2009-06-30": "0.26%", "2009-03-31": "0.57%", "2008-12-31": "0.73%", "2008-09-30": "0.98%", "2008-06-30": "1.15%", "2008-03-31": "1.31%", "2007-12-31": "1.36%", "2007-09-30": "1.42%", "2007-06-30": "1.45%", "2007-03-31": "1.48%", "2006-12-31": "1.51%", "2006-09-30": "1.55%", "2006-06-30": "1.57%", "2006-03-31": "1.53%", "2005-12-31": "1.52%"}, "return on investments": {"2020-12-31": "4.81%", "2020-09-30": "4.68%", "2020-06-30": "6.06%", "2020-03-31": "4.79%", "2019-12-31": "5.47%", "2019-09-30": "5.67%", "2019-06-30": "5.67%", "2019-03-31": "5.44%", "2018-12-31": "5.52%", "2018-09-30": "5.44%", "2018-06-30": "5.51%", "2018-03-31": "5.55%", "2017-12-31": "5.29%", "2017-09-30": "5.32%", "2017-06-30": "5.15%", "2017-03-31": "5.02%", "2016-12-31": "4.76%", "2016-09-30": "4.48%", "2016-06-30": "4.42%", "2016-03-31": "4.51%", "2015-12-31": "4.55%", "2015-09-30": "4.49%", "2015-06-30": "4.53%", "2015-03-31": "4.52%", "2014-12-31": "4.56%", "2014-09-30": "4.62%", "2014-06-30": "4.97%", "2014-03-31": "5.64%", "2013-12-31": "6.38%", "2013-09-30": "7.47%", "2013-06-30": "7.10%", "2013-03-31": "6.70%", "2012-12-31": "6.46%", "2012-09-30": "5.94%", "2012-06-30": "5.72%", "2012-03-31": "5.10%", "2011-12-31": "4.20%", "2011-09-30": "3.10%", "2011-06-30": "2.06%", "2011-03-31": "0.83%", "2010-12-31": "-0.85%", "2010-09-30": "-6.95%", "2010-06-30": "-6.97%", "2010-03-31": "-7.79%", "2009-12-31": "-6.04%", "2009-09-30": "0.53%", "2009-06-30": "1.26%", "2009-03-31": "3.84%", "2008-12-31": "5.42%", "2008-09-30": "7.71%", "2008-06-30": "8.93%", "2008-03-31": "9.84%", "2007-12-31": "10.31%", "2007-09-30": "10.50%", "2007-06-30": "10.52%", "2007-03-31": "10.30%", "2006-12-31": "9.68%", "2006-09-30": "9.31%", "2006-06-30": "8.96%", "2006-03-31": "8.41%", "2005-12-31": "8.40%"}, "return on tangible equity": {"2020-09-30": "11.08%", "2020-06-30": "12.86%", "2020-03-31": "10.64%", "2019-12-31": "12.16%", "2019-09-30": "13.01%", "2019-06-30": "13.27%", "2019-03-31": "13.61%", "2018-12-31": "13.12%", "2018-09-30": "11.91%", "2018-06-30": "11.46%", "2018-03-31": "10.47%", "2017-12-31": "10.25%", "2017-09-30": "10.66%", "2017-06-30": "10.22%", "2017-03-31": "10.03%", "2016-12-31": "9.54%", "2016-09-30": "9.01%", "2016-06-30": "8.97%", "2016-03-31": "9.17%", "2015-12-31": "9.56%", "2015-09-30": "10.16%", "2015-06-30": "10.32%", "2015-03-31": "10.05%", "2014-12-31": "9.91%", "2014-09-30": "9.70%", "2014-06-30": "9.44%", "2014-03-31": "9.62%", "2013-12-31": "9.67%", "2013-09-30": "9.55%", "2013-06-30": "9.48%", "2013-03-31": "9.17%", "2012-12-31": "8.96%", "2012-09-30": "8.79%", "2012-06-30": "8.33%", "2012-03-31": "7.40%", "2011-12-31": "5.82%", "2011-09-30": "4.01%", "2011-06-30": "2.59%", "2011-03-31": "0.88%", "2010-12-31": "-1.39%", "2010-09-30": "-10.60%", "2010-06-30": "-10.87%", "2010-03-31": "-12.11%", "2009-12-31": "-8.79%", "2009-09-30": "1.76%", "2009-06-30": "3.56%", "2009-03-31": "8.32%", "2008-12-31": "11.17%", "2008-09-30": "16.16%", "2008-06-30": "18.98%", "2008-03-31": "21.73%", "2007-12-31": "22.66%", "2007-09-30": "23.66%", "2007-06-30": "23.96%", "2007-03-31": "24.19%", "2006-12-31": "25.01%", "2006-09-30": "25.72%", "2006-06-30": "26.13%", "2006-03-31": "25.64%", "2005-12-31": "25.37%"}, "dividend yield history": {"last payout": "$0.72", "last yield": "3.76%"}}