{"ticker": "AGO", "price": {"title": "Assured Guaranty Historical Annual Stock Price Data", "value": 37.63, "historical": {"2020": {"Average Stock Price": "29.9362", "Year Open": "49.0800", "Year High": "49.2900", "Year Low": "19.0700", "Year Close": "31.4900", "Annual % Change": "-35.76%"}, "2019": {"Average Stock Price": "44.4340", "Year Open": "38.4100", "Year High": "50.5100", "Year Low": "37.8800", "Year Close": "49.0200", "Annual % Change": "28.06%"}, "2018": {"Average Stock Price": "37.8261", "Year Open": "34.0300", "Year High": "42.7200", "Year Low": "33.0100", "Year Close": "38.2800", "Annual % Change": "13.02%"}, "2017": {"Average Stock Price": "39.5386", "Year Open": "38.9500", "Year High": "45.3800", "Year Low": "33.6500", "Year Close": "33.8700", "Annual % Change": "-10.33%"}, "2016": {"Average Stock Price": "27.7418", "Year Open": "26.1100", "Year High": "38.8600", "Year Low": "22.0400", "Year Close": "37.7700", "Annual % Change": "42.91%"}, "2015": {"Average Stock Price": "26.4172", "Year Open": "26.3700", "Year High": "29.5200", "Year Low": "23.6200", "Year Close": "26.4300", "Annual % Change": "1.69%"}, "2014": {"Average Stock Price": "23.9542", "Year Open": "23.2700", "Year High": "26.6500", "Year Low": "20.7300", "Year Close": "25.9900", "Annual % Change": "10.17%"}, "2013": {"Average Stock Price": "20.7686", "Year Open": "14.7000", "Year High": "24.6500", "Year Low": "14.6000", "Year Close": "23.5900", "Annual % Change": "65.78%"}, "2012": {"Average Stock Price": "14.2514", "Year Open": "13.4400", "Year High": "18.9800", "Year Low": "11.2600", "Year Close": "14.2300", "Annual % Change": "8.30%"}, "2011": {"Average Stock Price": "14.1672", "Year Open": "18.7700", "Year High": "19.7500", "Year Low": "9.1700", "Year Close": "13.1400", "Annual % Change": "-25.76%"}, "2010": {"Average Stock Price": "18.7083", "Year Open": "22.6200", "Year High": "24.6200", "Year Low": "13.1300", "Year Close": "17.7000", "Annual % Change": "-18.66%"}, "2009": {"Average Stock Price": "14.0705", "Year Open": "11.2900", "Year High": "25.9100", "Year Low": "2.9500", "Year Close": "21.7600", "Annual % Change": "90.88%"}, "2008": {"Average Stock Price": "18.3037", "Year Open": "25.6900", "Year High": "27.0500", "Year Low": "6.1200", "Year Close": "11.4000", "Annual % Change": "-57.05%"}, "2007": {"Average Stock Price": "26.6083", "Year Open": "26.9600", "Year High": "30.7400", "Year Low": "15.3700", "Year Close": "26.5400", "Annual % Change": "-0.23%"}, "2006": {"Average Stock Price": "25.5391", "Year Open": "25.3000", "Year High": "27.3900", "Year Low": "24.0800", "Year Close": "26.6000", "Annual % Change": "4.77%"}, "2005": {"Average Stock Price": "21.5034", "Year Open": "19.6100", "Year High": "26.5500", "Year Low": "17.3600", "Year Close": "25.3900", "Annual % Change": "29.08%"}, "2004": {"Average Stock Price": "17.0736", "Year Open": "18.0000", "Year High": "19.6700", "Year Low": "14.9600", "Year Close": "19.6700", "Annual % Change": "0.00%"}}}, "market cap": {"value": "$3.04B"}, "income statement": {"Revenue": {"2019-12-31": "963.00000", "2018-12-31": "1001.00000", "2017-12-31": "1739.00000", "2016-12-31": "1677.00000", "2015-12-31": "2207.00000", "2014-12-31": "1994.00000", "2013-12-31": "1608.00000", "2012-12-31": "954.00000", "2011-12-31": "1805.00000", "2010-12-31": "1313.00000", "2009-12-31": "917.15900", "2008-12-31": "553.18800", "2007-12-31": "-301.60300", "2006-12-31": "340.37100", "2005-12-31": "294.53400"}, "Cost Of Goods Sold": {"2019-12-31": "93.00000", "2018-12-31": "64.00000", "2017-12-31": "388.00000", "2016-12-31": "295.00000", "2015-12-31": "424.00000", "2014-12-31": "126.00000", "2013-12-31": "154.00000", "2012-12-31": "504.00000", "2011-12-31": "448.00000", "2010-12-31": "412.00000", "2009-12-31": "393.80000", "2008-12-31": "265.76200", "2007-12-31": "5.77800", "2006-12-31": "66.05900", "2005-12-31": "-11.35300"}, "Gross Profit": {"2019-12-31": "870.00000", "2018-12-31": "937.00000", "2017-12-31": "1351.00000", "2016-12-31": "1382.00000", "2015-12-31": "1783.00000", "2014-12-31": "1868.00000", "2013-12-31": "1454.00000", "2012-12-31": "450.00000", "2011-12-31": "1357.00000", "2010-12-31": "901.00000", "2009-12-31": "523.35900", "2008-12-31": "287.42600", "2007-12-31": "-307.38100", "2006-12-31": "274.31200", "2005-12-31": "305.88700"}, "Research And Development Expenses": {"2019-12-31": "", "2018-12-31": "", "2017-12-31": "", "2016-12-31": "", "2015-12-31": "", "2014-12-31": "", "2013-12-31": "", "2012-12-31": "", "2011-12-31": "", "2010-12-31": "", "2009-12-31": "", "2008-12-31": "", "2007-12-31": "", "2006-12-31": "", "2005-12-31": ""}, "SG&A Expenses": {"2019-12-31": "196.00000", "2018-12-31": "168.00000", "2017-12-31": "162.00000", "2016-12-31": "18.00000", "2015-12-31": "20.00000", "2014-12-31": "25.00000", "2013-12-31": "12.00000", "2012-12-31": "14.00000", "2011-12-31": "17.00000", "2010-12-31": "22.00000", "2009-12-31": "53.89900", "2008-12-31": "61.24900", "2007-12-31": "43.15000", "2006-12-31": "", "2005-12-31": ""}, "Other Operating Income Or Expenses": {"2019-12-31": "-125.00000", "2018-12-31": "-96.00000", "2017-12-31": "-101.00000", "2016-12-31": "-245.00000", "2015-12-31": "-231.00000", "2014-12-31": "-220.00000", "2013-12-31": "-218.00000", "2012-12-31": "-212.00000", "2011-12-31": "-212.00000", "2010-12-31": "-238.00000", "2009-12-31": "-174.16500", "2008-12-31": "-90.56300", "2007-12-31": "-88.96500", "2006-12-31": "-68.01900", "2005-12-31": "-59.01500"}, "Operating Expenses": {"2019-12-31": "414.00000", "2018-12-31": "328.00000", "2017-12-31": "651.00000", "2016-12-31": "558.00000", "2015-12-31": "675.00000", "2014-12-31": "371.00000", "2013-12-31": "384.00000", "2012-12-31": "730.00000", "2011-12-31": "677.00000", "2010-12-31": "679.00000", "2009-12-31": "737.44400", "2008-12-31": "417.57400", "2007-12-31": "137.89300", "2006-12-31": "134.07800", "2005-12-31": "47.66200"}, "Operating Income": {"2019-12-31": "549.00000", "2018-12-31": "673.00000", "2017-12-31": "1088.00000", "2016-12-31": "1119.00000", "2015-12-31": "1532.00000", "2014-12-31": "1623.00000", "2013-12-31": "1224.00000", "2012-12-31": "224.00000", "2011-12-31": "1128.00000", "2010-12-31": "634.00000", "2009-12-31": "179.71500", "2008-12-31": "135.61400", "2007-12-31": "-439.49600", "2006-12-31": "206.29300", "2005-12-31": "246.87200"}, "Total Non-Operating Income/Expense": {"2019-12-31": "-85.00000", "2018-12-31": "-93.00000", "2017-12-31": "-97.00000", "2016-12-31": "-102.00000", "2015-12-31": "-101.00000", "2014-12-31": "-92.00000", "2013-12-31": "-82.00000", "2012-12-31": "-92.00000", "2011-12-31": "-99.00000", "2010-12-31": "-100.00000", "2009-12-31": "-62.78300", "2008-12-31": "-23.28300", "2007-12-31": "-23.52900", "2006-12-31": "-16.31900", "2005-12-31": "-17.25100"}, "Pre-Tax Income": {"2019-12-31": "464.00000", "2018-12-31": "580.00000", "2017-12-31": "991.00000", "2016-12-31": "1017.00000", "2015-12-31": "1431.00000", "2014-12-31": "1531.00000", "2013-12-31": "1142.00000", "2012-12-31": "132.00000", "2011-12-31": "1029.00000", "2010-12-31": "534.00000", "2009-12-31": "116.93200", "2008-12-31": "112.33100", "2007-12-31": "-463.02500", "2006-12-31": "189.97400", "2005-12-31": "229.62100"}, "Income Taxes": {"2019-12-31": "63.00000", "2018-12-31": "59.00000", "2017-12-31": "261.00000", "2016-12-31": "136.00000", "2015-12-31": "375.00000", "2014-12-31": "443.00000", "2013-12-31": "334.00000", "2012-12-31": "22.00000", "2011-12-31": "256.00000", "2010-12-31": "50.00000", "2009-12-31": "32.11000", "2008-12-31": "43.44800", "2007-12-31": "-159.75300", "2006-12-31": "30.24000", "2005-12-31": "41.17300"}, "Income After Taxes": {"2019-12-31": "401.00000", "2018-12-31": "521.00000", "2017-12-31": "730.00000", "2016-12-31": "881.00000", "2015-12-31": "1056.00000", "2014-12-31": "1088.00000", "2013-12-31": "808.00000", "2012-12-31": "110.00000", "2011-12-31": "773.00000", "2010-12-31": "484.00000", "2009-12-31": "84.82200", "2008-12-31": "68.88300", "2007-12-31": "-303.27200", "2006-12-31": "159.73400", "2005-12-31": "188.44800"}, "Other Income": {"2019-12-31": "", "2018-12-31": "", "2017-12-31": "", "2016-12-31": "", "2015-12-31": "", "2014-12-31": "", "2013-12-31": "", "2012-12-31": "", "2011-12-31": "", "2010-12-31": "", "2009-12-31": "", "2008-12-31": "", "2007-12-31": "", "2006-12-31": "", "2005-12-31": ""}, "Income From Continuous Operations": {"2019-12-31": "401.00000", "2018-12-31": "521.00000", "2017-12-31": "730.00000", "2016-12-31": "881.00000", "2015-12-31": "1056.00000", "2014-12-31": "1088.00000", "2013-12-31": "808.00000", "2012-12-31": "110.00000", "2011-12-31": "773.00000", "2010-12-31": "484.00000", "2009-12-31": "84.82200", "2008-12-31": "68.88300", "2007-12-31": "-303.27200", "2006-12-31": "159.73400", "2005-12-31": "188.44800"}, "Income From Discontinued Operations": {"2019-12-31": "", "2018-12-31": "", "2017-12-31": "", "2016-12-31": "", "2015-12-31": "", "2014-12-31": "", "2013-12-31": "", "2012-12-31": "", "2011-12-31": "", "2010-12-31": "", "2009-12-31": "", "2008-12-31": "", "2007-12-31": "", "2006-12-31": "", "2005-12-31": ""}, "Net Income": {"2019-12-31": "402.00000", "2018-12-31": "521.00000", "2017-12-31": "730.00000", "2016-12-31": "881.00000", "2015-12-31": "1056.00000", "2014-12-31": "1088.00000", "2013-12-31": "807.00000", "2012-12-31": "110.00000", "2011-12-31": "773.00000", "2010-12-31": "484.00000", "2009-12-31": "85.70000", "2008-12-31": "68.30000", "2007-12-31": "-297.89400", "2006-12-31": "159.73400", "2005-12-31": "188.44800"}, "EBITDA": {"2019-12-31": "514.00000", "2018-12-31": "642.00000", "2017-12-31": "1042.00000", "2016-12-31": "1085.00000", "2015-12-31": "1507.00000", "2014-12-31": "1607.00000", "2013-12-31": "1216.00000", "2012-12-31": "232.00000", "2011-12-31": "1151.00000", "2010-12-31": "680.00000", "2009-12-31": "201.71200", "2008-12-31": "138.01100", "2007-12-31": "-436.84700", "2006-12-31": "212.36800", "2005-12-31": "253.89800"}, "EBIT": {"2019-12-31": "549.00000", "2018-12-31": "673.00000", "2017-12-31": "1088.00000", "2016-12-31": "1119.00000", "2015-12-31": "1532.00000", "2014-12-31": "1623.00000", "2013-12-31": "1224.00000", "2012-12-31": "224.00000", "2011-12-31": "1128.00000", "2010-12-31": "634.00000", "2009-12-31": "179.71500", "2008-12-31": "135.61400", "2007-12-31": "-439.49600", "2006-12-31": "206.29300", "2005-12-31": "246.87200"}, "Basic Shares Outstanding": {"2019-12-31": "99.30000", "2018-12-31": "110.00000", "2017-12-31": "120.60000", "2016-12-31": "133.00000", "2015-12-31": "148.10000", "2014-12-31": "172.60000", "2013-12-31": "186.60000", "2012-12-31": "189.20000", "2011-12-31": "183.40000", "2010-12-31": "184.00000", "2009-12-31": "126.50000", "2008-12-31": "88.00000", "2007-12-31": "68.02900", "2006-12-31": "73.26000", "2005-12-31": "73.97800"}, "Shares Outstanding": {"2019-12-31": "100.20000", "2018-12-31": "111.30000", "2017-12-31": "122.30000", "2016-12-31": "134.10000", "2015-12-31": "149.00000", "2014-12-31": "173.60000", "2013-12-31": "187.60000", "2012-12-31": "190.70000", "2011-12-31": "185.50000", "2010-12-31": "188.90000", "2009-12-31": "129.10000", "2008-12-31": "88.40000", "2007-12-31": "68.02900", "2006-12-31": "74.24800", "2005-12-31": "74.48700"}, "Basic EPS": {"2019-12-31": "4.04000", "2018-12-31": "4.73000", "2017-12-31": "6.05000", "2016-12-31": "6.61000", "2015-12-31": "7.12000", "2014-12-31": "6.30000", "2013-12-31": "4.32000", "2012-12-31": "0.58000", "2011-12-31": "4.21000", "2010-12-31": "2.63000", "2009-12-31": "0.68000", "2008-12-31": "0.78000", "2007-12-31": "-4.38000", "2006-12-31": "2.18000", "2005-12-31": "2.55000"}, "EPS - Earnings Per Share": {"2019-12-31": "4.00000", "2018-12-31": "4.68000", "2017-12-31": "5.96000", "2016-12-31": "6.56000", "2015-12-31": "7.08000", "2014-12-31": "6.26000", "2013-12-31": "4.30000", "2012-12-31": "0.57000", "2011-12-31": "4.16000", "2010-12-31": "2.56000", "2009-12-31": "0.66000", "2008-12-31": "0.77000", "2007-12-31": "-4.38000", "2006-12-31": "2.15000", "2005-12-31": "2.53000"}}, "income statement, quarterly": {"Revenue": {"2020-09-30": "268.00000", "2020-06-30": "372.00000", "2020-03-31": "96.00000", "2019-12-31": "296.00000", "2019-09-30": "206.00000", "2019-06-30": "266.00000", "2019-03-31": "195.00000", "2018-12-31": "213.00000", "2018-09-30": "275.00000", "2018-06-30": "220.00000", "2018-03-31": "293.00000", "2017-12-31": "281.00000", "2017-09-30": "623.00000", "2017-06-30": "308.00000", "2017-03-31": "527.00000", "2016-12-31": "470.00000", "2016-09-30": "566.00000", "2016-06-30": "396.00000", "2016-03-31": "245.00000", "2015-12-31": "775.00000", "2015-09-30": "368.00000", "2015-06-30": "695.00000", "2015-03-31": "369.00000", "2014-12-31": "921.00000", "2014-09-30": "525.00000", "2014-06-30": "353.00000", "2014-03-31": "195.00000", "2013-12-31": "649.00000", "2013-09-30": "670.00000", "2013-06-30": "465.00000", "2013-03-31": "-176.00000", "2012-12-31": "223.00000", "2012-09-30": "338.00000", "2012-06-30": "755.00000", "2012-03-31": "-362.00000", "2011-12-31": "64.79300", "2011-09-30": "1345.00000", "2011-06-30": "116.29400", "2011-03-31": "278.91300", "2010-12-31": "-149.43800", "2010-09-30": "347.47100", "2010-06-30": "447.68500", "2010-03-31": "667.28200", "2009-12-31": "559.79400", "2009-09-30": "283.79900", "2009-06-30": "-169.50000", "2009-03-31": "243.06600", "2008-12-31": "-179.90200", "2008-09-30": "29.81000", "2008-06-30": "842.71400", "2008-03-31": "-139.43400", "2007-12-31": "-309.05200", "2007-09-30": "-134.28200", "2007-06-30": "65.61700", "2007-03-31": "76.11400", "2006-12-31": "107.98400", "2006-09-30": "78.90100", "2006-06-30": "80.17000", "2006-03-31": "73.31600", "2005-12-31": "77.72600", "2005-09-30": "79.53400", "2005-06-30": "60.90600", "2005-03-31": "76.36800"}, "Cost Of Goods Sold": {"2020-09-30": "73.00000", "2020-06-30": "37.00000", "2020-03-31": "20.00000", "2019-12-31": "18.00000", "2019-09-30": "30.00000", "2019-06-30": "-1.00000", "2019-03-31": "46.00000", "2018-12-31": "21.00000", "2018-09-30": "17.00000", "2018-06-30": "44.00000", "2018-03-31": "-18.00000", "2017-12-31": "34.00000", "2017-09-30": "223.00000", "2017-06-30": "72.00000", "2017-03-31": "59.00000", "2016-12-31": "112.00000", "2016-09-30": "-9.00000", "2016-06-30": "102.00000", "2016-03-31": "90.00000", "2015-12-31": "106.00000", "2015-09-30": "112.00000", "2015-06-30": "188.00000", "2015-03-31": "18.00000", "2014-12-31": "72.00000", "2014-09-30": "-44.00000", "2014-06-30": "57.00000", "2014-03-31": "46.00000", "2013-12-31": "85.00000", "2013-09-30": "55.00000", "2013-06-30": "62.00000", "2013-03-31": "-48.00000", "2012-12-31": "58.00000", "2012-09-30": "86.00000", "2012-06-30": "118.00000", "2012-03-31": "242.00000", "2011-12-31": "134.66700", "2011-09-30": "215.00000", "2011-06-30": "123.91300", "2011-03-31": "-25.58000", "2010-12-31": "99.57100", "2010-09-30": "110.77200", "2010-06-30": "71.15600", "2010-03-31": "130.50100", "2009-12-31": "142.69100", "2009-09-30": "133.32500", "2009-06-30": "38.03000", "2009-03-31": "79.75400", "2008-12-31": "89.19900", "2008-09-30": "81.09800", "2008-06-30": "50.97200", "2008-03-31": "68.20100", "2007-12-31": "13.94700", "2007-09-30": "13.52000", "2007-06-30": "1.97700", "2007-03-31": "8.45000", "2006-12-31": "33.97100", "2006-09-30": "13.88500", "2006-06-30": "6.49200", "2006-03-31": "11.71100", "2005-12-31": "16.66400", "2005-09-30": "14.25100", "2005-06-30": "-44.07500", "2005-03-31": "1.80700"}, "Gross Profit": {"2020-09-30": "195.00000", "2020-06-30": "335.00000", "2020-03-31": "76.00000", "2019-12-31": "278.00000", "2019-09-30": "176.00000", "2019-06-30": "267.00000", "2019-03-31": "149.00000", "2018-12-31": "192.00000", "2018-09-30": "258.00000", "2018-06-30": "176.00000", "2018-03-31": "311.00000", "2017-12-31": "247.00000", "2017-09-30": "400.00000", "2017-06-30": "236.00000", "2017-03-31": "468.00000", "2016-12-31": "358.00000", "2016-09-30": "575.00000", "2016-06-30": "294.00000", "2016-03-31": "155.00000", "2015-12-31": "669.00000", "2015-09-30": "256.00000", "2015-06-30": "507.00000", "2015-03-31": "351.00000", "2014-12-31": "849.00000", "2014-09-30": "569.00000", "2014-06-30": "296.00000", "2014-03-31": "149.00000", "2013-12-31": "564.00000", "2013-09-30": "615.00000", "2013-06-30": "403.00000", "2013-03-31": "-128.00000", "2012-12-31": "165.00000", "2012-09-30": "252.00000", "2012-06-30": "637.00000", "2012-03-31": "-604.00000", "2011-12-31": "-69.87400", "2011-09-30": "1130.00000", "2011-06-30": "-7.61900", "2011-03-31": "304.49300", "2010-12-31": "-249.00900", "2010-09-30": "236.69900", "2010-06-30": "376.52900", "2010-03-31": "536.78100", "2009-12-31": "417.10300", "2009-09-30": "150.47400", "2009-06-30": "-207.53000", "2009-03-31": "163.31200", "2008-12-31": "-269.10100", "2008-09-30": "-51.28800", "2008-06-30": "791.74200", "2008-03-31": "-207.63500", "2007-12-31": "-322.99900", "2007-09-30": "-147.80200", "2007-06-30": "63.64000", "2007-03-31": "67.66400", "2006-12-31": "74.01300", "2006-09-30": "65.01600", "2006-06-30": "73.67800", "2006-03-31": "61.60500", "2005-12-31": "61.06200", "2005-09-30": "65.28300", "2005-06-30": "104.98100", "2005-03-31": "74.56100"}, "Research And Development Expenses": {"2020-09-30": "", "2020-06-30": "", "2020-03-31": "", "2019-12-31": "", "2019-09-30": "", "2019-06-30": "", "2019-03-31": "", "2018-12-31": "", "2018-09-30": "", "2018-06-30": "", "2018-03-31": "", "2017-12-31": "", "2017-09-30": "", "2017-06-30": "", "2017-03-31": "", "2016-12-31": "", "2016-09-30": "", "2016-06-30": "", "2016-03-31": "", "2015-12-31": "", "2015-09-30": "", "2015-06-30": "", "2015-03-31": "", "2014-12-31": "", "2014-09-30": "", "2014-06-30": "", "2014-03-31": "", "2013-12-31": "", "2013-09-30": "", "2013-06-30": "", "2013-03-31": "", "2012-12-31": "", "2012-09-30": "", "2012-06-30": "", "2012-03-31": "", "2011-12-31": "", "2011-09-30": "", "2011-06-30": "", "2011-03-31": "", "2010-12-31": "", "2010-09-30": "", "2010-06-30": "", "2010-03-31": "", "2009-12-31": "", "2009-09-30": "", "2009-06-30": "", "2009-03-31": "", "2008-12-31": "", "2008-09-30": "", "2008-06-30": "", "2008-03-31": "", "2007-12-31": "", "2007-09-30": "", "2007-06-30": "", "2007-03-31": "", "2006-12-31": "", "2006-09-30": "", "2006-06-30": "", "2006-03-31": "", "2005-12-31": "", "2005-09-30": "", "2005-06-30": "", "2005-03-31": ""}, "SG&A Expenses": {"2020-09-30": "61.00000", "2020-06-30": "50.00000", "2020-03-31": "67.00000", "2019-12-31": "65.00000", "2019-09-30": "41.00000", "2019-06-30": "43.00000", "2019-03-31": "47.00000", "2018-12-31": "4.00000", "2018-09-30": "3.00000", "2018-06-30": "4.00000", "2018-03-31": "5.00000", "2017-12-31": "6.00000", "2017-09-30": "5.00000", "2017-06-30": "4.00000", "2017-03-31": "4.00000", "2016-12-31": "5.00000", "2016-09-30": "4.00000", "2016-06-30": "5.00000", "2016-03-31": "4.00000", "2015-12-31": "5.00000", "2015-09-30": "5.00000", "2015-06-30": "6.00000", "2015-03-31": "4.00000", "2014-12-31": "18.00000", "2014-09-30": "4.00000", "2014-06-30": "3.00000", "2014-03-31": "", "2013-12-31": "4.00000", "2013-09-30": "4.00000", "2013-06-30": "1.00000", "2013-03-31": "3.00000", "2012-12-31": "", "2012-09-30": "4.00000", "2012-06-30": "5.00000", "2012-03-31": "5.00000", "2011-12-31": "3.52800", "2011-09-30": "4.00000", "2011-06-30": "5.81000", "2011-03-31": "3.66200", "2010-12-31": "-1.13200", "2010-09-30": "8.02300", "2010-06-30": "6.93600", "2010-03-31": "8.17300", "2009-12-31": "12.62200", "2009-09-30": "1.30800", "2009-06-30": "16.54800", "2009-03-31": "23.42100", "2008-12-31": "41.95300", "2008-09-30": "19.29600", "2008-06-30": "", "2008-03-31": "", "2007-12-31": "", "2007-09-30": "", "2007-06-30": "", "2007-03-31": "", "2006-12-31": "", "2006-09-30": "", "2006-06-30": "", "2006-03-31": "", "2005-12-31": "", "2005-09-30": "", "2005-06-30": "", "2005-03-31": ""}, "Other Operating Income Or Expenses": {"2020-09-30": "-41.00000", "2020-06-30": "-42.00000", "2020-03-31": "-45.00000", "2019-12-31": "-54.00000", "2019-09-30": "-27.00000", "2019-06-30": "-21.00000", "2019-03-31": "-23.00000", "2018-12-31": "22.00000", "2018-09-30": "-56.00000", "2018-06-30": "-62.00000", "2018-03-31": "", "2017-12-31": "82.00000", "2017-09-30": "-58.00000", "2017-06-30": "-57.00000", "2017-03-31": "-68.00000", "2016-12-31": "-57.00000", "2016-09-30": "-65.00000", "2016-06-30": "-63.00000", "2016-03-31": "-60.00000", "2015-12-31": "-55.00000", "2015-09-30": "-54.00000", "2015-06-30": "-66.00000", "2015-03-31": "-56.00000", "2014-12-31": "-110.00000", "2014-09-30": "-50.00000", "2014-06-30": "", "2014-03-31": "-60.00000", "2013-12-31": "-52.00000", "2013-09-30": "-54.00000", "2013-06-30": "-52.00000", "2013-03-31": "-60.00000", "2012-12-31": "-49.00000", "2012-09-30": "-48.00000", "2012-06-30": "-53.00000", "2012-03-31": "-62.00000", "2011-12-31": "-49.86800", "2011-09-30": "-46.00000", "2011-06-30": "-53.24900", "2011-03-31": "-62.88300", "2010-12-31": "-75.82100", "2010-09-30": "-52.13900", "2010-06-30": "-47.50700", "2010-03-31": "-62.53300", "2009-12-31": "-51.04400", "2009-09-30": "-67.23600", "2009-06-30": "-26.53300", "2009-03-31": "-29.35200", "2008-12-31": "-20.65100", "2008-09-30": "-21.60900", "2008-06-30": "-19.66500", "2008-03-31": "-28.63800", "2007-12-31": "-29.57800", "2007-09-30": "-19.85300", "2007-06-30": "-18.83100", "2007-03-31": "-20.70300", "2006-12-31": "-18.75900", "2006-09-30": "-16.49500", "2006-06-30": "-15.61500", "2006-03-31": "-17.15000", "2005-12-31": "-15.05900", "2005-09-30": "-14.96100", "2005-06-30": "-14.48700", "2005-03-31": "-14.50800"}, "Operating Expenses": {"2020-09-30": "175.00000", "2020-06-30": "129.00000", "2020-03-31": "132.00000", "2019-12-31": "137.00000", "2019-09-30": "98.00000", "2019-06-30": "63.00000", "2019-03-31": "116.00000", "2018-12-31": "155.00000", "2018-09-30": "76.00000", "2018-06-30": "110.00000", "2018-03-31": "-13.00000", "2017-12-31": "101.00000", "2017-09-30": "286.00000", "2017-06-30": "133.00000", "2017-03-31": "131.00000", "2016-12-31": "174.00000", "2016-09-30": "60.00000", "2016-06-30": "170.00000", "2016-03-31": "154.00000", "2015-12-31": "166.00000", "2015-09-30": "171.00000", "2015-06-30": "260.00000", "2015-03-31": "78.00000", "2014-12-31": "195.00000", "2014-09-30": "10.00000", "2014-06-30": "60.00000", "2014-03-31": "106.00000", "2013-12-31": "141.00000", "2013-09-30": "113.00000", "2013-06-30": "115.00000", "2013-03-31": "15.00000", "2012-12-31": "107.00000", "2012-09-30": "138.00000", "2012-06-30": "176.00000", "2012-03-31": "309.00000", "2011-12-31": "188.06300", "2011-09-30": "265.00000", "2011-06-30": "182.97200", "2011-03-31": "40.96500", "2010-12-31": "174.48800", "2010-09-30": "170.93400", "2010-06-30": "128.35000", "2010-03-31": "205.22800", "2009-12-31": "241.75800", "2009-09-30": "253.20200", "2009-06-30": "105.33600", "2009-03-31": "137.14800", "2008-12-31": "128.09500", "2008-09-30": "122.00300", "2008-06-30": "70.63700", "2008-03-31": "96.83900", "2007-12-31": "54.55900", "2007-09-30": "33.37300", "2007-06-30": "20.80800", "2007-03-31": "29.15300", "2006-12-31": "52.73000", "2006-09-30": "30.38000", "2006-06-30": "22.10700", "2006-03-31": "28.86100", "2005-12-31": "31.72300", "2005-09-30": "29.21200", "2005-06-30": "-29.58800", "2005-03-31": "16.31500"}, "Operating Income": {"2020-09-30": "93.00000", "2020-06-30": "243.00000", "2020-03-31": "-36.00000", "2019-12-31": "159.00000", "2019-09-30": "108.00000", "2019-06-30": "203.00000", "2019-03-31": "79.00000", "2018-12-31": "58.00000", "2018-09-30": "199.00000", "2018-06-30": "110.00000", "2018-03-31": "306.00000", "2017-12-31": "180.00000", "2017-09-30": "337.00000", "2017-06-30": "175.00000", "2017-03-31": "396.00000", "2016-12-31": "296.00000", "2016-09-30": "506.00000", "2016-06-30": "226.00000", "2016-03-31": "91.00000", "2015-12-31": "609.00000", "2015-09-30": "197.00000", "2015-06-30": "435.00000", "2015-03-31": "291.00000", "2014-12-31": "726.00000", "2014-09-30": "515.00000", "2014-06-30": "293.00000", "2014-03-31": "89.00000", "2013-12-31": "508.00000", "2013-09-30": "557.00000", "2013-06-30": "350.00000", "2013-03-31": "-191.00000", "2012-12-31": "116.00000", "2012-09-30": "200.00000", "2012-06-30": "579.00000", "2012-03-31": "-671.00000", "2011-12-31": "-123.27000", "2011-09-30": "1080.00000", "2011-06-30": "-66.67800", "2011-03-31": "237.94800", "2010-12-31": "-323.92600", "2010-09-30": "176.53700", "2010-06-30": "319.33500", "2010-03-31": "462.05400", "2009-12-31": "318.03600", "2009-09-30": "30.59700", "2009-06-30": "-274.83600", "2009-03-31": "105.91800", "2008-12-31": "-307.99700", "2008-09-30": "-92.19300", "2008-06-30": "772.07700", "2008-03-31": "-236.27300", "2007-12-31": "-363.61100", "2007-09-30": "-167.65500", "2007-06-30": "44.80900", "2007-03-31": "46.96100", "2006-12-31": "55.25400", "2006-09-30": "48.52100", "2006-06-30": "58.06300", "2006-03-31": "44.45500", "2005-12-31": "46.00300", "2005-09-30": "50.32200", "2005-06-30": "90.49400", "2005-03-31": "60.05300"}, "Total Non-Operating Income/Expense": {"2020-09-30": "-14.00000", "2020-06-30": "-21.00000", "2020-03-31": "-26.00000", "2019-12-31": "-21.00000", "2019-09-30": "-22.00000", "2019-06-30": "-21.00000", "2019-03-31": "-21.00000", "2018-12-31": "43.00000", "2018-09-30": "-24.00000", "2018-06-30": "-23.00000", "2018-03-31": "-89.00000", "2017-12-31": "-24.00000", "2017-09-30": "-24.00000", "2017-06-30": "-25.00000", "2017-03-31": "-24.00000", "2016-12-31": "-25.00000", "2016-09-30": "-26.00000", "2016-06-30": "-25.00000", "2016-03-31": "-26.00000", "2015-12-31": "-25.00000", "2015-09-30": "-25.00000", "2015-06-30": "-26.00000", "2015-03-31": "-25.00000", "2014-12-31": "30.00000", "2014-09-30": "-27.00000", "2014-06-30": "-75.00000", "2014-03-31": "-20.00000", "2013-12-31": "-19.00000", "2013-09-30": "-21.00000", "2013-06-30": "-21.00000", "2013-03-31": "-21.00000", "2012-12-31": "-21.00000", "2012-09-30": "-21.00000", "2012-06-30": "-25.00000", "2012-03-31": "-25.00000", "2011-12-31": "-24.54400", "2011-09-30": "-25.00000", "2011-06-30": "-24.69600", "2011-03-31": "-24.76000", "2010-12-31": "-25.14900", "2010-09-30": "-24.88600", "2010-06-30": "-24.83100", "2010-03-31": "-25.13400", "2009-12-31": "8.20500", "2009-09-30": "-58.68300", "2009-06-30": "-6.48400", "2009-03-31": "-5.82100", "2008-12-31": "-1.84700", "2008-09-30": "-7.34500", "2008-06-30": "-7.53500", "2008-03-31": "-6.55600", "2007-12-31": "-3.94800", "2007-09-30": "-6.47600", "2007-06-30": "-6.47100", "2007-03-31": "-6.63400", "2006-12-31": "-4.29600", "2006-09-30": "-3.97500", "2006-06-30": "-4.05900", "2006-03-31": "-3.98900", "2005-12-31": "-3.99400", "2005-09-30": "-4.06300", "2005-06-30": "-5.89800", "2005-03-31": "-3.29600"}, "Pre-Tax Income": {"2020-09-30": "79.00000", "2020-06-30": "222.00000", "2020-03-31": "-62.00000", "2019-12-31": "138.00000", "2019-09-30": "86.00000", "2019-06-30": "182.00000", "2019-03-31": "58.00000", "2018-12-31": "101.00000", "2018-09-30": "175.00000", "2018-06-30": "87.00000", "2018-03-31": "217.00000", "2017-12-31": "156.00000", "2017-09-30": "313.00000", "2017-06-30": "150.00000", "2017-03-31": "372.00000", "2016-12-31": "271.00000", "2016-09-30": "480.00000", "2016-06-30": "201.00000", "2016-03-31": "65.00000", "2015-12-31": "584.00000", "2015-09-30": "172.00000", "2015-06-30": "409.00000", "2015-03-31": "266.00000", "2014-12-31": "756.00000", "2014-09-30": "488.00000", "2014-06-30": "218.00000", "2014-03-31": "69.00000", "2013-12-31": "489.00000", "2013-09-30": "536.00000", "2013-06-30": "329.00000", "2013-03-31": "-212.00000", "2012-12-31": "95.00000", "2012-09-30": "179.00000", "2012-06-30": "554.00000", "2012-03-31": "-696.00000", "2011-12-31": "-147.81400", "2011-09-30": "1055.00000", "2011-06-30": "-91.37400", "2011-03-31": "213.18800", "2010-12-31": "-349.07500", "2010-09-30": "151.65100", "2010-06-30": "294.50400", "2010-03-31": "436.92000", "2009-12-31": "326.24100", "2009-09-30": "-28.08600", "2009-06-30": "-281.32000", "2009-03-31": "100.09700", "2008-12-31": "-309.84400", "2008-09-30": "-99.53800", "2008-06-30": "764.54200", "2008-03-31": "-242.82900", "2007-12-31": "-367.55900", "2007-09-30": "-174.13100", "2007-06-30": "38.33800", "2007-03-31": "40.32700", "2006-12-31": "50.95800", "2006-09-30": "44.54600", "2006-06-30": "54.00400", "2006-03-31": "40.46600", "2005-12-31": "42.00900", "2005-09-30": "46.25900", "2005-06-30": "84.59600", "2005-03-31": "56.75700"}, "Income Taxes": {"2020-09-30": "-10.00000", "2020-06-30": "34.00000", "2020-03-31": "-4.00000", "2019-12-31": "2.00000", "2019-09-30": "17.00000", "2019-06-30": "40.00000", "2019-03-31": "4.00000", "2018-12-31": "13.00000", "2018-09-30": "14.00000", "2018-06-30": "12.00000", "2018-03-31": "20.00000", "2017-12-31": "104.00000", "2017-09-30": "105.00000", "2017-06-30": "-3.00000", "2017-03-31": "55.00000", "2016-12-31": "74.00000", "2016-09-30": "1.00000", "2016-06-30": "55.00000", "2016-03-31": "6.00000", "2015-12-31": "155.00000", "2015-09-30": "43.00000", "2015-06-30": "112.00000", "2015-03-31": "65.00000", "2014-12-31": "224.00000", "2014-09-30": "133.00000", "2014-06-30": "59.00000", "2014-03-31": "27.00000", "2013-12-31": "140.00000", "2013-09-30": "152.00000", "2013-06-30": "110.00000", "2013-03-31": "-68.00000", "2012-12-31": "21.00000", "2012-09-30": "37.00000", "2012-06-30": "177.00000", "2012-03-31": "-213.00000", "2011-12-31": "-63.66300", "2011-09-30": "294.00000", "2011-06-30": "-48.26900", "2011-03-31": "73.93200", "2010-12-31": "-142.96300", "2010-09-30": "-12.94800", "2010-06-30": "90.96600", "2010-03-31": "114.94500", "2009-12-31": "116.60300", "2009-09-30": "12.21500", "2009-06-30": "-111.31600", "2009-03-31": "14.60800", "2008-12-31": "-66.06000", "2008-09-30": "-36.19800", "2008-06-30": "219.32600", "2008-03-31": "-73.62000", "2007-12-31": "-107.48900", "2007-09-30": "-59.17300", "2007-06-30": "5.53300", "2007-03-31": "1.37600", "2006-12-31": "8.52200", "2006-09-30": "6.64400", "2006-06-30": "9.49000", "2006-03-31": "5.58400", "2005-12-31": "3.84400", "2005-09-30": "7.07400", "2005-06-30": "17.84600", "2005-03-31": "12.40900"}, "Income After Taxes": {"2020-09-30": "89.00000", "2020-06-30": "188.00000", "2020-03-31": "-58.00000", "2019-12-31": "136.00000", "2019-09-30": "69.00000", "2019-06-30": "142.00000", "2019-03-31": "54.00000", "2018-12-31": "88.00000", "2018-09-30": "161.00000", "2018-06-30": "75.00000", "2018-03-31": "197.00000", "2017-12-31": "52.00000", "2017-09-30": "208.00000", "2017-06-30": "153.00000", "2017-03-31": "317.00000", "2016-12-31": "197.00000", "2016-09-30": "479.00000", "2016-06-30": "146.00000", "2016-03-31": "59.00000", "2015-12-31": "429.00000", "2015-09-30": "129.00000", "2015-06-30": "297.00000", "2015-03-31": "201.00000", "2014-12-31": "532.00000", "2014-09-30": "355.00000", "2014-06-30": "159.00000", "2014-03-31": "42.00000", "2013-12-31": "349.00000", "2013-09-30": "384.00000", "2013-06-30": "219.00000", "2013-03-31": "-144.00000", "2012-12-31": "74.00000", "2012-09-30": "142.00000", "2012-06-30": "377.00000", "2012-03-31": "-483.00000", "2011-12-31": "-84.15100", "2011-09-30": "761.00000", "2011-06-30": "-43.10500", "2011-03-31": "139.25600", "2010-12-31": "-206.11200", "2010-09-30": "164.59900", "2010-06-30": "203.53800", "2010-03-31": "321.97500", "2009-12-31": "209.63800", "2009-09-30": "-40.30100", "2009-06-30": "-170.00400", "2009-03-31": "85.48900", "2008-12-31": "-243.78400", "2008-09-30": "-63.34000", "2008-06-30": "545.21600", "2008-03-31": "-169.20900", "2007-12-31": "-260.07000", "2007-09-30": "-114.95800", "2007-06-30": "32.80500", "2007-03-31": "38.95100", "2006-12-31": "42.43600", "2006-09-30": "37.90200", "2006-06-30": "44.51400", "2006-03-31": "34.88200", "2005-12-31": "38.16500", "2005-09-30": "39.18500", "2005-06-30": "66.75000", "2005-03-31": "44.34800"}, "Other Income": {"2020-09-30": "", "2020-06-30": "", "2020-03-31": "", "2019-12-31": "", "2019-09-30": "", "2019-06-30": "", "2019-03-31": "", "2018-12-31": "", "2018-09-30": "", "2018-06-30": "", "2018-03-31": "", "2017-12-31": "", "2017-09-30": "", "2017-06-30": "", "2017-03-31": "", "2016-12-31": "", "2016-09-30": "", "2016-06-30": "", "2016-03-31": "", "2015-12-31": "", "2015-09-30": "", "2015-06-30": "", "2015-03-31": "", "2014-12-31": "", "2014-09-30": "", "2014-06-30": "", "2014-03-31": "", "2013-12-31": "", "2013-09-30": "", "2013-06-30": "", "2013-03-31": "", "2012-12-31": "", "2012-09-30": "", "2012-06-30": "", "2012-03-31": "", "2011-12-31": "", "2011-09-30": "", "2011-06-30": "", "2011-03-31": "", "2010-12-31": "", "2010-09-30": "", "2010-06-30": "", "2010-03-31": "", "2009-12-31": "", "2009-09-30": "", "2009-06-30": "", "2009-03-31": "", "2008-12-31": "", "2008-09-30": "", "2008-06-30": "", "2008-03-31": "", "2007-12-31": "", "2007-09-30": "", "2007-06-30": "", "2007-03-31": "", "2006-12-31": "", "2006-09-30": "", "2006-06-30": "", "2006-03-31": "", "2005-12-31": "", "2005-09-30": "", "2005-06-30": "", "2005-03-31": ""}, "Income From Continuous Operations": {"2020-09-30": "89.00000", "2020-06-30": "188.00000", "2020-03-31": "-58.00000", "2019-12-31": "136.00000", "2019-09-30": "69.00000", "2019-06-30": "142.00000", "2019-03-31": "54.00000", "2018-12-31": "88.00000", "2018-09-30": "161.00000", "2018-06-30": "75.00000", "2018-03-31": "197.00000", "2017-12-31": "52.00000", "2017-09-30": "208.00000", "2017-06-30": "153.00000", "2017-03-31": "317.00000", "2016-12-31": "197.00000", "2016-09-30": "479.00000", "2016-06-30": "146.00000", "2016-03-31": "59.00000", "2015-12-31": "429.00000", "2015-09-30": "129.00000", "2015-06-30": "297.00000", "2015-03-31": "201.00000", "2014-12-31": "532.00000", "2014-09-30": "355.00000", "2014-06-30": "159.00000", "2014-03-31": "42.00000", "2013-12-31": "349.00000", "2013-09-30": "384.00000", "2013-06-30": "219.00000", "2013-03-31": "-144.00000", "2012-12-31": "74.00000", "2012-09-30": "142.00000", "2012-06-30": "377.00000", "2012-03-31": "-483.00000", "2011-12-31": "-84.15100", "2011-09-30": "761.00000", "2011-06-30": "-43.10500", "2011-03-31": "139.25600", "2010-12-31": "-206.11200", "2010-09-30": "164.59900", "2010-06-30": "203.53800", "2010-03-31": "321.97500", "2009-12-31": "209.63800", "2009-09-30": "-40.30100", "2009-06-30": "-170.00400", "2009-03-31": "85.48900", "2008-12-31": "-243.78400", "2008-09-30": "-63.34000", "2008-06-30": "545.21600", "2008-03-31": "-169.20900", "2007-12-31": "-260.07000", "2007-09-30": "-114.95800", "2007-06-30": "32.80500", "2007-03-31": "38.95100", "2006-12-31": "42.43600", "2006-09-30": "37.90200", "2006-06-30": "44.51400", "2006-03-31": "34.88200", "2005-12-31": "38.16500", "2005-09-30": "39.18500", "2005-06-30": "66.75000", "2005-03-31": "44.34800"}, "Income From Discontinued Operations": {"2020-09-30": "", "2020-06-30": "", "2020-03-31": "", "2019-12-31": "", "2019-09-30": "", "2019-06-30": "", "2019-03-31": "", "2018-12-31": "", "2018-09-30": "", "2018-06-30": "", "2018-03-31": "", "2017-12-31": "", "2017-09-30": "", "2017-06-30": "", "2017-03-31": "", "2016-12-31": "", "2016-09-30": "", "2016-06-30": "", "2016-03-31": "", "2015-12-31": "", "2015-09-30": "", "2015-06-30": "", "2015-03-31": "", "2014-12-31": "", "2014-09-30": "", "2014-06-30": "", "2014-03-31": "", "2013-12-31": "", "2013-09-30": "", "2013-06-30": "", "2013-03-31": "", "2012-12-31": "", "2012-09-30": "", "2012-06-30": "", "2012-03-31": "", "2011-12-31": "", "2011-09-30": "", "2011-06-30": "", "2011-03-31": "", "2010-12-31": "", "2010-09-30": "", "2010-06-30": "", "2010-03-31": "", "2009-12-31": "", "2009-09-30": "", "2009-06-30": "", "2009-03-31": "", "2008-12-31": "", "2008-09-30": "", "2008-06-30": "", "2008-03-31": "", "2007-12-31": "", "2007-09-30": "", "2007-06-30": "", "2007-03-31": "", "2006-12-31": "", "2006-09-30": "", "2006-06-30": "", "2006-03-31": "", "2005-12-31": "", "2005-09-30": "", "2005-06-30": "", "2005-03-31": ""}, "Net Income": {"2020-09-30": "86.00000", "2020-06-30": "183.00000", "2020-03-31": "-55.00000", "2019-12-31": "137.00000", "2019-09-30": "69.00000", "2019-06-30": "142.00000", "2019-03-31": "54.00000", "2018-12-31": "88.00000", "2018-09-30": "161.00000", "2018-06-30": "75.00000", "2018-03-31": "197.00000", "2017-12-31": "52.00000", "2017-09-30": "208.00000", "2017-06-30": "153.00000", "2017-03-31": "317.00000", "2016-12-31": "198.00000", "2016-09-30": "478.00000", "2016-06-30": "146.00000", "2016-03-31": "59.00000", "2015-12-31": "429.00000", "2015-09-30": "129.00000", "2015-06-30": "297.00000", "2015-03-31": "201.00000", "2014-12-31": "533.00000", "2014-09-30": "354.00000", "2014-06-30": "159.00000", "2014-03-31": "42.00000", "2013-12-31": "348.00000", "2013-09-30": "384.00000", "2013-06-30": "219.00000", "2013-03-31": "-144.00000", "2012-12-31": "74.00000", "2012-09-30": "142.00000", "2012-06-30": "377.00000", "2012-03-31": "-483.00000", "2011-12-31": "-83.95100", "2011-09-30": "761.00000", "2011-06-30": "-43.10500", "2011-03-31": "139.05600", "2010-12-31": "-206.11200", "2010-09-30": "164.59900", "2010-06-30": "203.53800", "2010-03-31": "321.97500", "2009-12-31": "205.11500", "2009-09-30": "-34.90000", "2009-06-30": "-170.00400", "2009-03-31": "85.48900", "2008-12-31": "-241.79000", "2008-09-30": "-63.34000", "2008-06-30": "540.50800", "2008-03-31": "-167.07800", "2007-12-31": "-254.69200", "2007-09-30": "-114.95800", "2007-06-30": "32.80500", "2007-03-31": "38.95100", "2006-12-31": "42.43600", "2006-09-30": "37.90200", "2006-06-30": "44.51400", "2006-03-31": "34.88200", "2005-12-31": "38.16500", "2005-09-30": "39.18500", "2005-06-30": "66.75000", "2005-03-31": "44.34800"}, "EBITDA": {"2020-09-30": "93.00000", "2020-06-30": "243.00000", "2020-03-31": "-36.00000", "2019-12-31": "159.00000", "2019-09-30": "108.00000", "2019-06-30": "203.00000", "2019-03-31": "79.00000", "2018-12-31": "58.00000", "2018-09-30": "199.00000", "2018-06-30": "110.00000", "2018-03-31": "306.00000", "2017-12-31": "180.00000", "2017-09-30": "337.00000", "2017-06-30": "175.00000", "2017-03-31": "396.00000", "2016-12-31": "296.00000", "2016-09-30": "506.00000", "2016-06-30": "226.00000", "2016-03-31": "91.00000", "2015-12-31": "609.00000", "2015-09-30": "197.00000", "2015-06-30": "435.00000", "2015-03-31": "291.00000", "2014-12-31": "726.00000", "2014-09-30": "515.00000", "2014-06-30": "293.00000", "2014-03-31": "89.00000", "2013-12-31": "508.00000", "2013-09-30": "557.00000", "2013-06-30": "350.00000", "2013-03-31": "-191.00000", "2012-12-31": "116.00000", "2012-09-30": "200.00000", "2012-06-30": "579.00000", "2012-03-31": "-671.00000", "2011-12-31": "-123.27000", "2011-09-30": "1080.00000", "2011-06-30": "-66.67800", "2011-03-31": "237.94800", "2010-12-31": "-323.92600", "2010-09-30": "176.53700", "2010-06-30": "319.33500", "2010-03-31": "462.05400", "2009-12-31": "318.03600", "2009-09-30": "30.59700", "2009-06-30": "-274.83600", "2009-03-31": "98.81200", "2008-12-31": "-308.00000", "2008-09-30": "-92.08800", "2008-06-30": "773.19400", "2008-03-31": "-235.09500", "2007-12-31": "-363.24300", "2007-09-30": "-166.80000", "2007-06-30": "45.96800", "2007-03-31": "47.22800", "2006-12-31": "56.99600", "2006-09-30": "49.93800", "2006-06-30": "59.45800", "2006-03-31": "45.97600", "2005-12-31": "47.82300", "2005-09-30": "52.06800", "2005-06-30": "92.28100", "2005-03-31": "61.72600"}, "EBIT": {"2020-09-30": "93.00000", "2020-06-30": "243.00000", "2020-03-31": "-36.00000", "2019-12-31": "159.00000", "2019-09-30": "108.00000", "2019-06-30": "203.00000", "2019-03-31": "79.00000", "2018-12-31": "58.00000", "2018-09-30": "199.00000", "2018-06-30": "110.00000", "2018-03-31": "306.00000", "2017-12-31": "180.00000", "2017-09-30": "337.00000", "2017-06-30": "175.00000", "2017-03-31": "396.00000", "2016-12-31": "296.00000", "2016-09-30": "506.00000", "2016-06-30": "226.00000", "2016-03-31": "91.00000", "2015-12-31": "609.00000", "2015-09-30": "197.00000", "2015-06-30": "435.00000", "2015-03-31": "291.00000", "2014-12-31": "726.00000", "2014-09-30": "515.00000", "2014-06-30": "293.00000", "2014-03-31": "89.00000", "2013-12-31": "508.00000", "2013-09-30": "557.00000", "2013-06-30": "350.00000", "2013-03-31": "-191.00000", "2012-12-31": "116.00000", "2012-09-30": "200.00000", "2012-06-30": "579.00000", "2012-03-31": "-671.00000", "2011-12-31": "-123.27000", "2011-09-30": "1080.00000", "2011-06-30": "-66.67800", "2011-03-31": "237.94800", "2010-12-31": "-323.92600", "2010-09-30": "176.53700", "2010-06-30": "319.33500", "2010-03-31": "462.05400", "2009-12-31": "318.03600", "2009-09-30": "30.59700", "2009-06-30": "-274.83600", "2009-03-31": "105.91800", "2008-12-31": "-307.99690", "2008-09-30": "-92.19300", "2008-06-30": "772.07700", "2008-03-31": "-236.27300", "2007-12-31": "-363.61100", "2007-09-30": "-167.65500", "2007-06-30": "44.80900", "2007-03-31": "46.96100", "2006-12-31": "55.25400", "2006-09-30": "48.52100", "2006-06-30": "58.06300", "2006-03-31": "44.45500", "2005-12-31": "46.00300", "2005-09-30": "50.32200", "2005-06-30": "90.49400", "2005-03-31": "60.05300"}, "Basic Shares Outstanding": {"2020-09-30": "83.20000", "2020-06-30": "86.50000", "2020-03-31": "92.60000", "2019-12-31": "99.30000", "2019-09-30": "98.20000", "2019-06-30": "101.20000", "2019-03-31": "103.00000", "2018-12-31": "110.00000", "2018-09-30": "108.00000", "2018-06-30": "111.70000", "2018-03-31": "115.20000", "2017-12-31": "120.60000", "2017-09-30": "118.70000", "2017-06-30": "121.30000", "2017-03-31": "125.30000", "2016-12-31": "133.00000", "2016-09-30": "131.90000", "2016-06-30": "134.00000", "2016-03-31": "136.20000", "2015-12-31": "148.10000", "2015-09-30": "145.80000", "2015-06-30": "150.60000", "2015-03-31": "155.80000", "2014-12-31": "172.60000", "2014-09-30": "168.80000", "2014-06-30": "178.40000", "2014-03-31": "182.10000", "2013-12-31": "186.60000", "2013-09-30": "182.90000", "2013-06-30": "187.80000", "2013-03-31": "193.90000", "2012-12-31": "189.20000", "2012-09-30": "194.00000", "2012-06-30": "186.30000", "2012-03-31": "182.40000", "2011-12-31": "183.40000", "2011-09-30": "183.20000", "2011-06-30": "184.20000", "2011-03-31": "183.90000", "2010-12-31": "184.00000", "2010-09-30": "183.70000", "2010-06-30": "184.10000", "2010-03-31": "184.30000", "2009-12-31": "126.50000", "2009-09-30": "156.30000", "2009-06-30": "93.05800", "2009-03-31": "90.81100", "2008-12-31": "88.00000", "2008-09-30": "90.93000", "2008-06-30": "89.91400", "2008-03-31": "80.04400", "2007-12-31": "68.02900", "2007-09-30": "67.77300", "2007-06-30": "67.77900", "2007-03-31": "67.60100", "2006-12-31": "73.26000", "2006-09-30": "73.18700", "2006-06-30": "73.63300", "2006-03-31": "73.76800", "2005-12-31": "73.97800", "2005-09-30": "73.86800", "2005-06-30": "73.81300", "2005-03-31": "74.45800"}, "Shares Outstanding": {"2020-09-30": "83.20000", "2020-06-30": "87.00000", "2020-03-31": "92.60000", "2019-12-31": "100.20000", "2019-09-30": "98.20000", "2019-06-30": "101.90000", "2019-03-31": "104.00000", "2018-12-31": "111.30000", "2018-09-30": "109.30000", "2018-06-30": "112.90000", "2018-03-31": "116.60000", "2017-12-31": "122.30000", "2017-09-30": "120.70000", "2017-06-30": "122.70000", "2017-03-31": "127.10000", "2016-12-31": "134.10000", "2016-09-30": "132.80000", "2016-06-30": "134.80000", "2016-03-31": "137.00000", "2015-12-31": "149.00000", "2015-09-30": "146.50000", "2015-06-30": "151.60000", "2015-03-31": "156.80000", "2014-12-31": "173.60000", "2014-09-30": "169.70000", "2014-06-30": "179.50000", "2014-03-31": "183.10000", "2013-12-31": "187.60000", "2013-09-30": "183.90000", "2013-06-30": "188.80000", "2013-03-31": "193.90000", "2012-12-31": "190.70000", "2012-09-30": "194.70000", "2012-06-30": "187.00000", "2012-03-31": "182.40000", "2011-12-31": "185.50000", "2011-09-30": "184.00000", "2011-06-30": "184.20000", "2011-03-31": "187.10000", "2010-12-31": "188.90000", "2010-09-30": "187.30000", "2010-06-30": "188.80000", "2010-03-31": "190.60000", "2009-12-31": "129.10000", "2009-09-30": "156.30000", "2009-06-30": "93.05800", "2009-03-31": "91.17500", "2008-12-31": "88.40000", "2008-09-30": "90.93000", "2008-06-30": "89.91400", "2008-03-31": "80.04400", "2007-12-31": "68.02900", "2007-09-30": "67.77300", "2007-06-30": "69.19700", "2007-03-31": "68.79500", "2006-12-31": "74.24800", "2006-09-30": "74.16900", "2006-06-30": "74.44200", "2006-03-31": "74.85300", "2005-12-31": "74.48700", "2005-09-30": "74.45100", "2005-06-30": "74.09400", "2005-03-31": "74.90300"}, "Basic EPS": {"2020-09-30": "1.03000", "2020-06-30": "2.11000", "2020-03-31": "-0.59000", "2019-12-31": "1.41000", "2019-09-30": "0.71000", "2019-06-30": "1.40000", "2019-03-31": "0.52000", "2018-12-31": "0.87000", "2018-09-30": "1.48000", "2018-06-30": "0.67000", "2018-03-31": "1.71000", "2017-12-31": "0.51000", "2017-09-30": "1.75000", "2017-06-30": "1.26000", "2017-03-31": "2.53000", "2016-12-31": "1.46000", "2016-09-30": "3.63000", "2016-06-30": "1.09000", "2016-03-31": "0.43000", "2015-12-31": "2.98000", "2015-09-30": "0.88000", "2015-06-30": "1.97000", "2015-03-31": "1.29000", "2014-12-31": "3.08000", "2014-09-30": "2.10000", "2014-06-30": "0.89000", "2014-03-31": "0.23000", "2013-12-31": "1.79000", "2013-09-30": "2.10000", "2013-06-30": "1.17000", "2013-03-31": "-0.74000", "2012-12-31": "0.48000", "2012-09-30": "0.73000", "2012-06-30": "2.02000", "2012-03-31": "-2.65000", "2011-12-31": "-0.47000", "2011-09-30": "4.15000", "2011-06-30": "-0.23000", "2011-03-31": "0.76000", "2010-12-31": "-1.10000", "2010-09-30": "0.89000", "2010-06-30": "1.10000", "2010-03-31": "1.74000", "2009-12-31": "1.78000", "2009-09-30": "-0.22000", "2009-06-30": "-1.82000", "2009-03-31": "0.94000", "2008-12-31": "-2.45000", "2008-09-30": "-0.69000", "2008-06-30": "6.01000", "2008-03-31": "-2.09000", "2007-12-31": "-3.74000", "2007-09-30": "-1.70000", "2007-06-30": "0.48000", "2007-03-31": "0.58000", "2006-12-31": "0.59000", "2006-09-30": "0.52000", "2006-06-30": "0.60000", "2006-03-31": "0.47000", "2005-12-31": "0.52000", "2005-09-30": "0.53000", "2005-06-30": "0.90000", "2005-03-31": "0.60000"}, "EPS - Earnings Per Share": {"2020-09-30": "1.02000", "2020-06-30": "2.10000", "2020-03-31": "-0.59000", "2019-12-31": "1.39000", "2019-09-30": "0.70000", "2019-06-30": "1.39000", "2019-03-31": "0.52000", "2018-12-31": "0.86000", "2018-09-30": "1.47000", "2018-06-30": "0.67000", "2018-03-31": "1.68000", "2017-12-31": "0.51000", "2017-09-30": "1.72000", "2017-06-30": "1.24000", "2017-03-31": "2.49000", "2016-12-31": "1.44000", "2016-09-30": "3.60000", "2016-06-30": "1.09000", "2016-03-31": "0.43000", "2015-12-31": "2.96000", "2015-09-30": "0.88000", "2015-06-30": "1.96000", "2015-03-31": "1.28000", "2014-12-31": "3.05000", "2014-09-30": "2.09000", "2014-06-30": "0.89000", "2014-03-31": "0.23000", "2013-12-31": "1.79000", "2013-09-30": "2.09000", "2013-06-30": "1.16000", "2013-03-31": "-0.74000", "2012-12-31": "0.48000", "2012-09-30": "0.73000", "2012-06-30": "2.01000", "2012-03-31": "-2.65000", "2011-12-31": "-0.48000", "2011-09-30": "4.13000", "2011-06-30": "-0.23000", "2011-03-31": "0.74000", "2010-12-31": "-1.09000", "2010-09-30": "0.88000", "2010-06-30": "1.08000", "2010-03-31": "1.69000", "2009-12-31": "1.77000", "2009-09-30": "-0.22000", "2009-06-30": "-1.82000", "2009-03-31": "0.93000", "2008-12-31": "-2.41000", "2008-09-30": "-0.69000", "2008-06-30": "5.96000", "2008-03-31": "-2.09000", "2007-12-31": "-3.72000", "2007-09-30": "-1.70000", "2007-06-30": "0.47000", "2007-03-31": "0.57000", "2006-12-31": "0.57000", "2006-09-30": "0.51000", "2006-06-30": "0.60000", "2006-03-31": "0.47000", "2005-12-31": "0.51000", "2005-09-30": "0.53000", "2005-06-30": "0.90000", "2005-03-31": "0.59000"}}, "balance sheet": {"Cash On Hand": {"2019-12-31": "169.00000", "2018-12-31": "104.00000", "2017-12-31": "144.00000", "2016-12-31": "118.00000", "2015-12-31": "166.00000", "2014-12-31": "75.00000", "2013-12-31": "184.00000", "2012-12-31": "138.00000", "2011-12-31": "215.00000", "2010-12-31": "108.38900", "2009-12-31": "44.13300", "2008-12-31": "12.30500", "2007-12-31": "8.04800", "2006-12-31": "4.78500", "2005-12-31": "6.19000"}, "Receivables": {"2019-12-31": "1286.00000", "2018-12-31": "904.00000", "2017-12-31": "915.00000", "2016-12-31": "668.00000", "2015-12-31": "802.00000", "2014-12-31": "807.00000", "2013-12-31": "912.00000", "2012-12-31": "1063.00000", "2011-12-31": "1148.00000", "2010-12-31": "1189.84200", "2009-12-31": "1432.35400", "2008-12-31": "15.96500", "2007-12-31": "50.18100", "2006-12-31": "59.95400", "2005-12-31": "60.84400"}, "Inventory": {"2019-12-31": "", "2018-12-31": "", "2017-12-31": "", "2016-12-31": "", "2015-12-31": "", "2014-12-31": "", "2013-12-31": "", "2012-12-31": "", "2011-12-31": "", "2010-12-31": "", "2009-12-31": "", "2008-12-31": "", "2007-12-31": "", "2006-12-31": "", "2005-12-31": ""}, "Pre-Paid Expenses": {"2019-12-31": "", "2018-12-31": "", "2017-12-31": "", "2016-12-31": "", "2015-12-31": "", "2014-12-31": "", "2013-12-31": "", "2012-12-31": "", "2011-12-31": "", "2010-12-31": "", "2009-12-31": "", "2008-12-31": "", "2007-12-31": "", "2006-12-31": "", "2005-12-31": ""}, "Other Current Assets": {"2019-12-31": "", "2018-12-31": "", "2017-12-31": "", "2016-12-31": "", "2015-12-31": "", "2014-12-31": "", "2013-12-31": "", "2012-12-31": "", "2011-12-31": "", "2010-12-31": "", "2009-12-31": "", "2008-12-31": "", "2007-12-31": "", "2006-12-31": "", "2005-12-31": ""}, "Total Current Assets": {"2019-12-31": "1455.00000", "2018-12-31": "1008.00000", "2017-12-31": "1059.00000", "2016-12-31": "786.00000", "2015-12-31": "968.00000", "2014-12-31": "882.00000", "2013-12-31": "1096.00000", "2012-12-31": "1201.00000", "2011-12-31": "1363.00000", "2010-12-31": "1298.23100", "2009-12-31": "1476.48700", "2008-12-31": "28.27000", "2007-12-31": "58.22900", "2006-12-31": "64.73900", "2005-12-31": "67.03400"}, "Property, Plant, And Equipment": {"2019-12-31": "", "2018-12-31": "", "2017-12-31": "", "2016-12-31": "", "2015-12-31": "", "2014-12-31": "", "2013-12-31": "", "2012-12-31": "", "2011-12-31": "", "2010-12-31": "", "2009-12-31": "", "2008-12-31": "", "2007-12-31": "", "2006-12-31": "", "2005-12-31": ""}, "Long-Term Investments": {"2019-12-31": "10240.00000", "2018-12-31": "10873.00000", "2017-12-31": "11395.00000", "2016-12-31": "10985.00000", "2015-12-31": "11192.00000", "2014-12-31": "11384.00000", "2013-12-31": "10785.00000", "2012-12-31": "11085.00000", "2011-12-31": "11099.00000", "2010-12-31": "10740.89000", "2009-12-31": "10968.43000", "2008-12-31": "3631.33400", "2007-12-31": "3166.39500", "2006-12-31": "2489.33000", "2005-12-31": "2272.49900"}, "Goodwill And Intangible Assets": {"2019-12-31": "216.00000", "2018-12-31": "24.00000", "2017-12-31": "", "2016-12-31": "", "2015-12-31": "", "2014-12-31": "", "2013-12-31": "", "2012-12-31": "", "2011-12-31": "", "2010-12-31": "", "2009-12-31": "", "2008-12-31": "85.41700", "2007-12-31": "85.41700", "2006-12-31": "85.41700", "2005-12-31": "85.41700"}, "Other Long-Term Assets": {"2019-12-31": "2304.00000", "2018-12-31": "1593.00000", "2017-12-31": "1878.00000", "2016-12-31": "1777.00000", "2015-12-31": "1994.00000", "2014-12-31": "2272.00000", "2013-12-31": "3594.00000", "2012-12-31": "4119.00000", "2011-12-31": "4311.00000", "2010-12-31": "6303.87200", "2009-12-31": "2957.61100", "2008-12-31": "392.95200", "2007-12-31": "46.03200", "2006-12-31": "78.82500", "2005-12-31": "77.93300"}, "Total Long-Term Assets": {"2019-12-31": "12871.00000", "2018-12-31": "12595.00000", "2017-12-31": "13374.00000", "2016-12-31": "13365.00000", "2015-12-31": "13576.00000", "2014-12-31": "14037.00000", "2013-12-31": "15191.00000", "2012-12-31": "16041.00000", "2011-12-31": "16346.00000", "2010-12-31": "18543.69000", "2009-12-31": "15326.21000", "2008-12-31": "4527.43700", "2007-12-31": "3704.70500", "2006-12-31": "2870.60100", "2005-12-31": "2629.29100"}, "Total Assets": {"2019-12-31": "14326.00000", "2018-12-31": "13603.00000", "2017-12-31": "14433.00000", "2016-12-31": "14151.00000", "2015-12-31": "14544.00000", "2014-12-31": "14919.00000", "2013-12-31": "16287.00000", "2012-12-31": "17242.00000", "2011-12-31": "17709.00000", "2010-12-31": "19841.92000", "2009-12-31": "16802.69000", "2008-12-31": "4555.70700", "2007-12-31": "3762.93400", "2006-12-31": "2935.34000", "2005-12-31": "2696.32500"}, "Total Current Liabilities": {"2019-12-31": "3736.00000", "2018-12-31": "3512.00000", "2017-12-31": "3475.00000", "2016-12-31": "3575.00000", "2015-12-31": "4047.00000", "2014-12-31": "4368.00000", "2013-12-31": "4743.00000", "2012-12-31": "5426.00000", "2011-12-31": "6134.00000", "2010-12-31": "7247.32500", "2009-12-31": "8615.39200", "2008-12-31": "1251.67100", "2007-12-31": "1063.68300", "2006-12-31": "836.38790", "2005-12-31": "754.12490"}, "Long Term Debt": {"2019-12-31": "1235.00000", "2018-12-31": "1233.00000", "2017-12-31": "1292.00000", "2016-12-31": "1306.00000", "2015-12-31": "1300.00000", "2014-12-31": "1297.00000", "2013-12-31": "816.00000", "2012-12-31": "836.00000", "2011-12-31": "1038.00000", "2010-12-31": "1052.93600", "2009-12-31": "1066.41300", "2008-12-31": "347.21000", "2007-12-31": "347.14600", "2006-12-31": "347.08300", "2005-12-31": "197.34400"}, "Other Non-Current Liabilities": {"2019-12-31": "2703.00000", "2018-12-31": "2303.00000", "2017-12-31": "2827.00000", "2016-12-31": "2766.00000", "2015-12-31": "3134.00000", "2014-12-31": "3491.00000", "2013-12-31": "5569.00000", "2012-12-31": "5986.00000", "2011-12-31": "5885.00000", "2010-12-31": "7715.18400", "2009-12-31": "3446.26800", "2008-12-31": "1030.60400", "2007-12-31": "684.90000", "2006-12-31": "54.00600", "2005-12-31": "56.71400"}, "Total Long Term Liabilities": {"2019-12-31": "3945.00000", "2018-12-31": "3536.00000", "2017-12-31": "4119.00000", "2016-12-31": "4072.00000", "2015-12-31": "4434.00000", "2014-12-31": "4793.00000", "2013-12-31": "6429.00000", "2012-12-31": "6822.00000", "2011-12-31": "6923.00000", "2010-12-31": "8861.14100", "2009-12-31": "4667.14300", "2008-12-31": "1377.81400", "2007-12-31": "1032.68100", "2006-12-31": "448.19100", "2005-12-31": "280.68700"}, "Total Liabilities": {"2019-12-31": "7681.00000", "2018-12-31": "7048.00000", "2017-12-31": "7594.00000", "2016-12-31": "7647.00000", "2015-12-31": "8481.00000", "2014-12-31": "9161.00000", "2013-12-31": "11172.00000", "2012-12-31": "12248.00000", "2011-12-31": "13057.00000", "2010-12-31": "16108.46000", "2009-12-31": "13282.53000", "2008-12-31": "2629.48500", "2007-12-31": "2096.36400", "2006-12-31": "1284.57900", "2005-12-31": "1034.81200"}, "Common Stock Net": {"2019-12-31": "1.00000", "2018-12-31": "1.00000", "2017-12-31": "1.00000", "2016-12-31": "1.00000", "2015-12-31": "1.00000", "2014-12-31": "2.00000", "2013-12-31": "2.00000", "2012-12-31": "2.00000", "2011-12-31": "2.00000", "2010-12-31": "1.83700", "2009-12-31": "1.84200", "2008-12-31": "0.91000", "2007-12-31": "0.79900", "2006-12-31": "0.67500", "2005-12-31": "0.74800"}, "Retained Earnings (Accumulated Deficit)": {"2019-12-31": "6295.00000", "2018-12-31": "6374.00000", "2017-12-31": "5892.00000", "2016-12-31": "5289.00000", "2015-12-31": "4478.00000", "2014-12-31": "3494.00000", "2013-12-31": "2482.00000", "2012-12-31": "1749.00000", "2011-12-31": "1708.00000", "2010-12-31": "1032.44500", "2009-12-31": "789.86900", "2008-12-31": "638.05500", "2007-12-31": "585.25600", "2006-12-31": "896.94700", "2005-12-31": "747.69100"}, "Comprehensive Income": {"2019-12-31": "342.00000", "2018-12-31": "93.00000", "2017-12-31": "372.00000", "2016-12-31": "149.00000", "2015-12-31": "237.00000", "2014-12-31": "370.00000", "2013-12-31": "160.00000", "2012-12-31": "515.00000", "2011-12-31": "368.00000", "2010-12-31": "111.74900", "2009-12-31": "141.81400", "2008-12-31": "2.88700", "2007-12-31": "56.62900", "2006-12-31": "41.88300", "2005-12-31": "45.83200"}, "Other Share Holders Equity": {"2019-12-31": "", "2018-12-31": "", "2017-12-31": "", "2016-12-31": "", "2015-12-31": "", "2014-12-31": "", "2013-12-31": "", "2012-12-31": "", "2011-12-31": "", "2010-12-31": "", "2009-12-31": "", "2008-12-31": "", "2007-12-31": "", "2006-12-31": "", "2005-12-31": ""}, "Share Holder Equity": {"2019-12-31": "6645.00000", "2018-12-31": "6555.00000", "2017-12-31": "6839.00000", "2016-12-31": "6504.00000", "2015-12-31": "6063.00000", "2014-12-31": "5758.00000", "2013-12-31": "5115.00000", "2012-12-31": "4994.00000", "2011-12-31": "4652.00000", "2010-12-31": "3733.45400", "2009-12-31": "3520.15900", "2008-12-31": "1926.22200", "2007-12-31": "1666.57000", "2006-12-31": "1650.76100", "2005-12-31": "1661.51300"}, "Total Liabilities And Share Holders Equity": {"2019-12-31": "14326.00000", "2018-12-31": "13603.00000", "2017-12-31": "14433.00000", "2016-12-31": "14151.00000", "2015-12-31": "14544.00000", "2014-12-31": "14919.00000", "2013-12-31": "16287.00000", "2012-12-31": "17242.00000", "2011-12-31": "17709.00000", "2010-12-31": "19841.92000", "2009-12-31": "16802.69000", "2008-12-31": "4555.70700", "2007-12-31": "3762.93400", "2006-12-31": "2935.34000", "2005-12-31": "2696.32500"}}, "balance sheet, quarterly": {"Cash On Hand": {"2020-09-30": "223.00000", "2020-06-30": "293.00000", "2020-03-31": "139.00000", "2019-12-31": "169.00000", "2019-09-30": "229.00000", "2019-06-30": "190.00000", "2019-03-31": "123.00000", "2018-12-31": "104.00000", "2018-09-30": "82.00000", "2018-06-30": "185.00000", "2018-03-31": "114.00000", "2017-12-31": "144.00000", "2017-09-30": "72.00000", "2017-06-30": "200.00000", "2017-03-31": "147.00000", "2016-12-31": "118.00000", "2016-09-30": "98.00000", "2016-06-30": "190.00000", "2016-03-31": "112.00000", "2015-12-31": "166.00000", "2015-09-30": "66.00000", "2015-06-30": "75.00000", "2015-03-31": "885.00000", "2014-12-31": "75.00000", "2014-09-30": "82.00000", "2014-06-30": "106.00000", "2014-03-31": "219.00000", "2013-12-31": "184.00000", "2013-09-30": "106.00000", "2013-06-30": "143.00000", "2013-03-31": "125.00000", "2012-12-31": "138.00000", "2012-09-30": "133.00000", "2012-06-30": "175.34700", "2012-03-31": "182.00300", "2011-12-31": "215.00000", "2011-09-30": "173.26000", "2011-06-30": "159.17000", "2011-03-31": "95.86600", "2010-12-31": "108.38900", "2010-09-30": "87.40000", "2010-06-30": "97.21200", "2010-03-31": "90.47200", "2009-12-31": "44.13300", "2009-09-30": "260.48400", "2009-06-30": "8.50700", "2009-03-31": "19.32800", "2008-12-31": "12.30500", "2008-09-30": "7.86400", "2008-06-30": "10.12400", "2008-03-31": "8.37800", "2007-12-31": "8.04800", "2007-09-30": "25.22200", "2007-06-30": "23.74300", "2007-03-31": "5.71400", "2006-12-31": "4.78500", "2006-09-30": "15.65600", "2006-06-30": "29.19700", "2006-03-31": "3.74600", "2005-12-31": "6.19000", "2005-09-30": "7.06500", "2005-06-30": "4.74800", "2005-03-31": "21.72300"}, "Receivables": {"2020-09-30": "1321.00000", "2020-06-30": "1294.00000", "2020-03-31": "1233.00000", "2019-12-31": "1286.00000", "2019-09-30": "844.00000", "2019-06-30": "866.00000", "2019-03-31": "897.00000", "2018-12-31": "904.00000", "2018-09-30": "916.00000", "2018-06-30": "932.00000", "2018-03-31": "944.00000", "2017-12-31": "915.00000", "2017-09-30": "1033.00000", "2017-06-30": "994.00000", "2017-03-31": "950.00000", "2016-12-31": "668.00000", "2016-09-30": "695.00000", "2016-06-30": "705.00000", "2016-03-31": "745.00000", "2015-12-31": "802.00000", "2015-09-30": "765.00000", "2015-06-30": "791.00000", "2015-03-31": "777.00000", "2014-12-31": "807.00000", "2014-09-30": "857.00000", "2014-06-30": "908.00000", "2014-03-31": "900.00000", "2013-12-31": "912.00000", "2013-09-30": "965.00000", "2013-06-30": "975.00000", "2013-03-31": "1012.00000", "2012-12-31": "1063.00000", "2012-09-30": "1078.00000", "2012-06-30": "1197.75000", "2012-03-31": "1221.88700", "2011-12-31": "1148.00000", "2011-09-30": "1238.75000", "2011-06-30": "1273.45500", "2011-03-31": "1296.24500", "2010-12-31": "1189.84200", "2010-09-30": "1340.57000", "2010-06-30": "1330.29800", "2010-03-31": "1389.41600", "2009-12-31": "1432.35400", "2009-09-30": "2673.01000", "2009-06-30": "806.89700", "2009-03-31": "779.83200", "2008-12-31": "15.96500", "2008-09-30": "135.25700", "2008-06-30": "53.77600", "2008-03-31": "49.72200", "2007-12-31": "50.18100", "2007-09-30": "72.80600", "2007-06-30": "60.16200", "2007-03-31": "56.29700", "2006-12-31": "59.95400", "2006-09-30": "58.48600", "2006-06-30": "83.21100", "2006-03-31": "55.58700", "2005-12-31": "60.84400", "2005-09-30": "153.48300", "2005-06-30": "218.33700", "2005-03-31": "175.34400"}, "Inventory": {"2020-09-30": "", "2020-06-30": "", "2020-03-31": "", "2019-12-31": "", "2019-09-30": "", "2019-06-30": "", "2019-03-31": "", "2018-12-31": "", "2018-09-30": "", "2018-06-30": "", "2018-03-31": "", "2017-12-31": "", "2017-09-30": "", "2017-06-30": "", "2017-03-31": "", "2016-12-31": "", "2016-09-30": "", "2016-06-30": "", "2016-03-31": "", "2015-12-31": "", "2015-09-30": "", "2015-06-30": "", "2015-03-31": "", "2014-12-31": "", "2014-09-30": "", "2014-06-30": "", "2014-03-31": "", "2013-12-31": "", "2013-09-30": "", "2013-06-30": "", "2013-03-31": "", "2012-12-31": "", "2012-09-30": "", "2012-06-30": "", "2012-03-31": "", "2011-12-31": "", "2011-09-30": "", "2011-06-30": "", "2011-03-31": "", "2010-12-31": "", "2010-09-30": "", "2010-06-30": "", "2010-03-31": "", "2009-12-31": "", "2009-09-30": "", "2009-06-30": "", "2009-03-31": "", "2008-12-31": "", "2008-09-30": "", "2008-06-30": "", "2008-03-31": "", "2007-12-31": "", "2007-09-30": "", "2007-06-30": "", "2007-03-31": "", "2006-12-31": "", "2006-09-30": "", "2006-06-30": "", "2006-03-31": "", "2005-12-31": "", "2005-09-30": "", "2005-06-30": "", "2005-03-31": ""}, "Pre-Paid Expenses": {"2020-09-30": "", "2020-06-30": "", "2020-03-31": "", "2019-12-31": "", "2019-09-30": "", "2019-06-30": "", "2019-03-31": "", "2018-12-31": "", "2018-09-30": "", "2018-06-30": "", "2018-03-31": "", "2017-12-31": "", "2017-09-30": "", "2017-06-30": "", "2017-03-31": "", "2016-12-31": "", "2016-09-30": "", "2016-06-30": "", "2016-03-31": "", "2015-12-31": "", "2015-09-30": "", "2015-06-30": "", "2015-03-31": "", "2014-12-31": "", "2014-09-30": "", "2014-06-30": "", "2014-03-31": "", "2013-12-31": "", "2013-09-30": "", "2013-06-30": "", "2013-03-31": "", "2012-12-31": "", "2012-09-30": "", "2012-06-30": "", "2012-03-31": "", "2011-12-31": "", "2011-09-30": "", "2011-06-30": "", "2011-03-31": "", "2010-12-31": "", "2010-09-30": "", "2010-06-30": "", "2010-03-31": "", "2009-12-31": "", "2009-09-30": "", "2009-06-30": "", "2009-03-31": "", "2008-12-31": "", "2008-09-30": "", "2008-06-30": "", "2008-03-31": "", "2007-12-31": "", "2007-09-30": "", "2007-06-30": "", "2007-03-31": "", "2006-12-31": "", "2006-09-30": "", "2006-06-30": "", "2006-03-31": "", "2005-12-31": "", "2005-09-30": "", "2005-06-30": "", "2005-03-31": ""}, "Other Current Assets": {"2020-09-30": "", "2020-06-30": "", "2020-03-31": "", "2019-12-31": "", "2019-09-30": "", "2019-06-30": "", "2019-03-31": "", "2018-12-31": "", "2018-09-30": "", "2018-06-30": "", "2018-03-31": "", "2017-12-31": "", "2017-09-30": "", "2017-06-30": "", "2017-03-31": "", "2016-12-31": "", "2016-09-30": "", "2016-06-30": "", "2016-03-31": "", "2015-12-31": "", "2015-09-30": "", "2015-06-30": "", "2015-03-31": "", "2014-12-31": "", "2014-09-30": "", "2014-06-30": "", "2014-03-31": "", "2013-12-31": "", "2013-09-30": "", "2013-06-30": "", "2013-03-31": "", "2012-12-31": "", "2012-09-30": "", "2012-06-30": "", "2012-03-31": "", "2011-12-31": "", "2011-09-30": "", "2011-06-30": "", "2011-03-31": "", "2010-12-31": "", "2010-09-30": "", "2010-06-30": "", "2010-03-31": "", "2009-12-31": "", "2009-09-30": "", "2009-06-30": "", "2009-03-31": "", "2008-12-31": "", "2008-09-30": "", "2008-06-30": "", "2008-03-31": "", "2007-12-31": "", "2007-09-30": "", "2007-06-30": "", "2007-03-31": "", "2006-12-31": "", "2006-09-30": "", "2006-06-30": "", "2006-03-31": "", "2005-12-31": "", "2005-09-30": "", "2005-06-30": "", "2005-03-31": ""}, "Total Current Assets": {"2020-09-30": "1544.00000", "2020-06-30": "1587.00000", "2020-03-31": "1372.00000", "2019-12-31": "1455.00000", "2019-09-30": "1073.00000", "2019-06-30": "1056.00000", "2019-03-31": "1020.00000", "2018-12-31": "1008.00000", "2018-09-30": "998.00000", "2018-06-30": "1117.00000", "2018-03-31": "1058.00000", "2017-12-31": "1059.00000", "2017-09-30": "1105.00000", "2017-06-30": "1194.00000", "2017-03-31": "1097.00000", "2016-12-31": "786.00000", "2016-09-30": "793.00000", "2016-06-30": "895.00000", "2016-03-31": "857.00000", "2015-12-31": "968.00000", "2015-09-30": "831.00000", "2015-06-30": "866.00000", "2015-03-31": "1662.00000", "2014-12-31": "882.00000", "2014-09-30": "939.00000", "2014-06-30": "1014.00000", "2014-03-31": "1119.00000", "2013-12-31": "1096.00000", "2013-09-30": "1071.00000", "2013-06-30": "1118.00000", "2013-03-31": "1137.00000", "2012-12-31": "1201.00000", "2012-09-30": "1211.00000", "2012-06-30": "1373.09700", "2012-03-31": "1403.89000", "2011-12-31": "1363.00000", "2011-09-30": "1412.01000", "2011-06-30": "1432.62500", "2011-03-31": "1392.11100", "2010-12-31": "1298.23100", "2010-09-30": "1427.97000", "2010-06-30": "1427.51000", "2010-03-31": "1479.88800", "2009-12-31": "1476.48700", "2009-09-30": "2933.49400", "2009-06-30": "815.40410", "2009-03-31": "799.16000", "2008-12-31": "28.27000", "2008-09-30": "143.12100", "2008-06-30": "63.90000", "2008-03-31": "58.10000", "2007-12-31": "58.22900", "2007-09-30": "98.02800", "2007-06-30": "83.90500", "2007-03-31": "62.01100", "2006-12-31": "64.73900", "2006-09-30": "74.14200", "2006-06-30": "112.40800", "2006-03-31": "59.33300", "2005-12-31": "67.03400", "2005-09-30": "160.54800", "2005-06-30": "223.08500", "2005-03-31": "197.06700"}, "Property, Plant, And Equipment": {"2020-09-30": "", "2020-06-30": "", "2020-03-31": "", "2019-12-31": "", "2019-09-30": "", "2019-06-30": "", "2019-03-31": "", "2018-12-31": "", "2018-09-30": "", "2018-06-30": "", "2018-03-31": "", "2017-12-31": "", "2017-09-30": "", "2017-06-30": "", "2017-03-31": "", "2016-12-31": "", "2016-09-30": "", "2016-06-30": "", "2016-03-31": "", "2015-12-31": "", "2015-09-30": "", "2015-06-30": "", "2015-03-31": "", "2014-12-31": "", "2014-09-30": "", "2014-06-30": "", "2014-03-31": "", "2013-12-31": "", "2013-09-30": "", "2013-06-30": "", "2013-03-31": "", "2012-12-31": "", "2012-09-30": "", "2012-06-30": "", "2012-03-31": "", "2011-12-31": "", "2011-09-30": "", "2011-06-30": "", "2011-03-31": "", "2010-12-31": "", "2010-09-30": "", "2010-06-30": "", "2010-03-31": "", "2009-12-31": "", "2009-09-30": "", "2009-06-30": "", "2009-03-31": "", "2008-12-31": "", "2008-09-30": "", "2008-06-30": "", "2008-03-31": "", "2007-12-31": "", "2007-09-30": "", "2007-06-30": "", "2007-03-31": "", "2006-12-31": "", "2006-09-30": "", "2006-06-30": "", "2006-03-31": "", "2005-12-31": "", "2005-09-30": "", "2005-06-30": "", "2005-03-31": ""}, "Long-Term Investments": {"2020-09-30": "9527.00000", "2020-06-30": "9573.00000", "2020-03-31": "9622.00000", "2019-12-31": "10240.00000", "2019-09-30": "10476.00000", "2019-06-30": "10793.00000", "2019-03-31": "10777.00000", "2018-12-31": "10873.00000", "2018-09-30": "11025.00000", "2018-06-30": "11238.00000", "2018-03-31": "11151.00000", "2017-12-31": "11395.00000", "2017-09-30": "11591.00000", "2017-06-30": "11271.00000", "2017-03-31": "11341.00000", "2016-12-31": "10985.00000", "2016-09-30": "11445.00000", "2016-06-30": "10715.00000", "2016-03-31": "11214.00000", "2015-12-31": "11192.00000", "2015-09-30": "11343.00000", "2015-06-30": "11631.00000", "2015-03-31": "10314.00000", "2014-12-31": "11384.00000", "2014-09-30": "11449.00000", "2014-06-30": "11635.00000", "2014-03-31": "10948.00000", "2013-12-31": "10785.00000", "2013-09-30": "10760.00000", "2013-06-30": "10637.00000", "2013-03-31": "10862.00000", "2012-12-31": "11085.00000", "2012-09-30": "11087.00000", "2012-06-30": "11321.75000", "2012-03-31": "11312.20000", "2011-12-31": "11099.00000", "2011-09-30": "11262.48000", "2011-06-30": "11186.69000", "2011-03-31": "10505.11000", "2010-12-31": "10740.89000", "2010-09-30": "10698.80000", "2010-06-30": "10525.84000", "2010-03-31": "10486.91000", "2009-12-31": "10968.43000", "2009-09-30": "9979.50600", "2009-06-30": "4625.86200", "2009-03-31": "3898.05000", "2008-12-31": "3631.33400", "2008-09-30": "3599.70500", "2008-06-30": "3737.39700", "2008-03-31": "3337.54900", "2007-12-31": "3166.39500", "2007-09-30": "2639.67300", "2007-06-30": "2511.53600", "2007-03-31": "2511.98700", "2006-12-31": "2489.33000", "2006-09-30": "2402.01000", "2006-06-30": "2262.54000", "2006-03-31": "2270.86300", "2005-12-31": "2272.49900", "2005-09-30": "2278.01400", "2005-06-30": "2219.39600", "2005-03-31": "2170.05700"}, "Goodwill And Intangible Assets": {"2020-09-30": "206.00000", "2020-06-30": "209.00000", "2020-03-31": "212.00000", "2019-12-31": "216.00000", "2019-09-30": "", "2019-06-30": "", "2019-03-31": "", "2018-12-31": "24.00000", "2018-09-30": "", "2018-06-30": "", "2018-03-31": "", "2017-12-31": "", "2017-09-30": "", "2017-06-30": "", "2017-03-31": "", "2016-12-31": "", "2016-09-30": "", "2016-06-30": "", "2016-03-31": "", "2015-12-31": "", "2015-09-30": "", "2015-06-30": "", "2015-03-31": "", "2014-12-31": "", "2014-09-30": "", "2014-06-30": "", "2014-03-31": "", "2013-12-31": "", "2013-09-30": "", "2013-06-30": "", "2013-03-31": "", "2012-12-31": "", "2012-09-30": "", "2012-06-30": "", "2012-03-31": "", "2011-12-31": "", "2011-09-30": "", "2011-06-30": "", "2011-03-31": "", "2010-12-31": "", "2010-09-30": "", "2010-06-30": "", "2010-03-31": "", "2009-12-31": "", "2009-09-30": "", "2009-06-30": "85.41700", "2009-03-31": "85.41700", "2008-12-31": "85.41700", "2008-09-30": "85.41700", "2008-06-30": "85.41700", "2008-03-31": "85.41700", "2007-12-31": "85.41700", "2007-09-30": "85.41700", "2007-06-30": "85.41700", "2007-03-31": "85.41700", "2006-12-31": "85.41700", "2006-09-30": "85.41700", "2006-06-30": "85.41700", "2006-03-31": "85.41700", "2005-12-31": "85.41700", "2005-09-30": "85.41700", "2005-06-30": "85.41700", "2005-03-31": "85.41700"}, "Other Long-Term Assets": {"2020-09-30": "3300.00000", "2020-06-30": "3295.00000", "2020-03-31": "2426.00000", "2019-12-31": "2304.00000", "2019-09-30": "1711.00000", "2019-06-30": "1626.00000", "2019-03-31": "1650.00000", "2018-12-31": "1593.00000", "2018-09-30": "1613.00000", "2018-06-30": "1675.00000", "2018-03-31": "1710.00000", "2017-12-31": "1878.00000", "2017-09-30": "1713.00000", "2017-06-30": "1692.00000", "2017-03-31": "1693.00000", "2016-12-31": "1777.00000", "2016-09-30": "1864.00000", "2016-06-30": "2137.00000", "2016-03-31": "1990.00000", "2015-12-31": "1994.00000", "2015-09-30": "2316.00000", "2015-06-30": "2424.00000", "2015-03-31": "2363.00000", "2014-12-31": "2272.00000", "2014-09-30": "2387.00000", "2014-06-30": "2348.00000", "2014-03-31": "2280.00000", "2013-12-31": "3594.00000", "2013-09-30": "3631.00000", "2013-06-30": "3878.00000", "2013-03-31": "4312.00000", "2012-12-31": "4119.00000", "2012-09-30": "4409.00000", "2012-06-30": "4437.78300", "2012-03-31": "4627.90200", "2011-12-31": "4311.00000", "2011-09-30": "4823.32000", "2011-06-30": "5375.23100", "2011-03-31": "6371.44700", "2010-12-31": "6303.87200", "2010-09-30": "5151.05300", "2010-06-30": "4312.34400", "2010-03-31": "4045.57000", "2009-12-31": "2957.61100", "2009-09-30": "1952.41300", "2009-06-30": "385.86000", "2009-03-31": "305.61600", "2008-12-31": "392.95200", "2008-09-30": "240.00300", "2008-06-30": "323.84200", "2008-03-31": "70.81700", "2007-12-31": "46.03200", "2007-09-30": "47.26800", "2007-06-30": "66.82000", "2007-03-31": "73.23100", "2006-12-31": "78.82500", "2006-09-30": "73.09600", "2006-06-30": "69.76600", "2006-03-31": "66.48300", "2005-12-31": "77.93300", "2005-09-30": "52.72900", "2005-06-30": "55.47200", "2005-03-31": "64.93800"}, "Total Long-Term Assets": {"2020-09-30": "13151.00000", "2020-06-30": "13193.00000", "2020-03-31": "12373.00000", "2019-12-31": "12871.00000", "2019-09-30": "12294.00000", "2019-06-30": "12525.00000", "2019-03-31": "12531.00000", "2018-12-31": "12595.00000", "2018-09-30": "12741.00000", "2018-06-30": "13015.00000", "2018-03-31": "12961.00000", "2017-12-31": "13374.00000", "2017-09-30": "13544.00000", "2017-06-30": "13461.00000", "2017-03-31": "13578.00000", "2016-12-31": "13365.00000", "2016-09-30": "13876.00000", "2016-06-30": "13197.00000", "2016-03-31": "13595.00000", "2015-12-31": "13576.00000", "2015-09-30": "14203.00000", "2015-06-30": "14613.00000", "2015-03-31": "13015.00000", "2014-12-31": "14037.00000", "2014-09-30": "14430.00000", "2014-06-30": "14676.00000", "2014-03-31": "13987.00000", "2013-12-31": "15191.00000", "2013-09-30": "15283.00000", "2013-06-30": "15490.00000", "2013-03-31": "16162.00000", "2012-12-31": "16041.00000", "2012-09-30": "16352.00000", "2012-06-30": "16701.37000", "2012-03-31": "17100.92000", "2011-12-31": "16346.00000", "2011-09-30": "16992.98000", "2011-06-30": "17806.24000", "2011-03-31": "18117.07000", "2010-12-31": "18543.69000", "2010-09-30": "16943.16000", "2010-06-30": "16161.08000", "2010-03-31": "15908.57000", "2009-12-31": "15326.21000", "2009-09-30": "13269.14000", "2009-06-30": "5680.33400", "2009-03-31": "4789.16800", "2008-12-31": "4527.43700", "2008-09-30": "4299.56300", "2008-06-30": "4463.68800", "2008-03-31": "4003.93200", "2007-12-31": "3704.70500", "2007-09-30": "3039.57600", "2007-06-30": "2888.58600", "2007-03-31": "2891.04800", "2006-12-31": "2870.60100", "2006-09-30": "2770.70700", "2006-06-30": "2623.03000", "2006-03-31": "2618.66000", "2005-12-31": "2629.29100", "2005-09-30": "2606.19400", "2005-06-30": "2548.47900", "2005-03-31": "2512.61100"}, "Total Assets": {"2020-09-30": "14695.00000", "2020-06-30": "14780.00000", "2020-03-31": "13745.00000", "2019-12-31": "14326.00000", "2019-09-30": "13367.00000", "2019-06-30": "13581.00000", "2019-03-31": "13551.00000", "2018-12-31": "13603.00000", "2018-09-30": "13739.00000", "2018-06-30": "14132.00000", "2018-03-31": "14019.00000", "2017-12-31": "14433.00000", "2017-09-30": "14649.00000", "2017-06-30": "14655.00000", "2017-03-31": "14675.00000", "2016-12-31": "14151.00000", "2016-09-30": "14669.00000", "2016-06-30": "14092.00000", "2016-03-31": "14452.00000", "2015-12-31": "14544.00000", "2015-09-30": "15034.00000", "2015-06-30": "15479.00000", "2015-03-31": "14677.00000", "2014-12-31": "14919.00000", "2014-09-30": "15369.00000", "2014-06-30": "15690.00000", "2014-03-31": "15106.00000", "2013-12-31": "16287.00000", "2013-09-30": "16354.00000", "2013-06-30": "16608.00000", "2013-03-31": "17299.00000", "2012-12-31": "17242.00000", "2012-09-30": "17563.00000", "2012-06-30": "18074.46000", "2012-03-31": "18504.81000", "2011-12-31": "17709.00000", "2011-09-30": "18404.99000", "2011-06-30": "19238.86000", "2011-03-31": "19509.18000", "2010-12-31": "19841.92000", "2010-09-30": "18371.13000", "2010-06-30": "17588.59000", "2010-03-31": "17388.45000", "2009-12-31": "16802.69000", "2009-09-30": "16202.63000", "2009-06-30": "6495.73900", "2009-03-31": "5588.32800", "2008-12-31": "4555.70700", "2008-09-30": "4442.68400", "2008-06-30": "4527.58800", "2008-03-31": "4062.03200", "2007-12-31": "3762.93400", "2007-09-30": "3137.60400", "2007-06-30": "2972.49100", "2007-03-31": "2953.05900", "2006-12-31": "2935.34000", "2006-09-30": "2844.84900", "2006-06-30": "2735.43800", "2006-03-31": "2677.99300", "2005-12-31": "2696.32500", "2005-09-30": "2766.74200", "2005-06-30": "2771.56400", "2005-03-31": "2709.67800"}, "Total Current Liabilities": {"2020-09-30": "3762.00000", "2020-06-30": "3742.00000", "2020-03-31": "4756.00000", "2019-12-31": "3736.00000", "2019-09-30": "4341.00000", "2019-06-30": "3387.00000", "2019-03-31": "3437.00000", "2018-12-31": "3512.00000", "2018-09-30": "3538.00000", "2018-06-30": "3635.00000", "2018-03-31": "3395.00000", "2017-12-31": "3475.00000", "2017-09-30": "3642.00000", "2017-06-30": "3802.00000", "2017-03-31": "3879.00000", "2016-12-31": "3575.00000", "2016-09-30": "4830.00000", "2016-06-30": "3673.00000", "2016-03-31": "3868.00000", "2015-12-31": "4047.00000", "2015-09-30": "4173.00000", "2015-06-30": "4455.00000", "2015-03-31": "4201.00000", "2014-12-31": "4368.00000", "2014-09-30": "4411.00000", "2014-06-30": "4569.00000", "2014-03-31": "5305.00000", "2013-12-31": "4743.00000", "2013-09-30": "4836.00000", "2013-06-30": "5000.00000", "2013-03-31": "5175.00000", "2012-12-31": "5426.00000", "2012-09-30": "6111.00000", "2012-06-30": "5770.05600", "2012-03-31": "6043.39600", "2011-12-31": "6134.00000", "2011-09-30": "6285.39700", "2011-06-30": "6491.23700", "2011-03-31": "6905.43400", "2010-12-31": "7247.32500", "2010-09-30": "8101.09400", "2010-06-30": "8307.79900", "2010-03-31": "8267.61200", "2009-12-31": "8615.39200", "2009-09-30": "9060.90800", "2009-06-30": "2496.97800", "2009-03-31": "2437.25300", "2008-12-31": "1251.67100", "2008-09-30": "1468.04200", "2008-06-30": "1458.96900", "2008-03-31": "1236.18900", "2007-12-31": "1063.68300", "2007-09-30": "1128.23300", "2007-06-30": "866.15500", "2007-03-31": "835.59100", "2006-12-31": "836.38790", "2006-09-30": "796.63600", "2006-06-30": "786.28090", "2006-03-31": "728.77300", "2005-12-31": "754.12490", "2005-09-30": "849.44600", "2005-06-30": "857.55700", "2005-03-31": "892.43900"}, "Long Term Debt": {"2020-09-30": "1223.00000", "2020-06-30": "1222.00000", "2020-03-31": "1221.00000", "2019-12-31": "1235.00000", "2019-09-30": "1234.00000", "2019-06-30": "1233.00000", "2019-03-31": "1232.00000", "2018-12-31": "1233.00000", "2018-09-30": "1249.00000", "2018-06-30": "1264.00000", "2018-03-31": "1281.00000", "2017-12-31": "1292.00000", "2017-09-30": "1292.00000", "2017-06-30": "1294.00000", "2017-03-31": "1307.00000", "2016-12-31": "1306.00000", "2016-09-30": "1304.00000", "2016-06-30": "1303.00000", "2016-03-31": "1302.00000", "2015-12-31": "1300.00000", "2015-09-30": "1306.00000", "2015-06-30": "1305.00000", "2015-03-31": "1304.00000", "2014-12-31": "1297.00000", "2014-09-30": "1303.00000", "2014-06-30": "1311.00000", "2014-03-31": "812.00000", "2013-12-31": "816.00000", "2013-09-30": "819.00000", "2013-06-30": "827.00000", "2013-03-31": "832.00000", "2012-12-31": "836.00000", "2012-09-30": "840.00000", "2012-06-30": "846.35400", "2012-03-31": "1034.66700", "2011-12-31": "1038.00000", "2011-09-30": "1041.65300", "2011-06-30": "1046.38200", "2011-03-31": "1049.70800", "2010-12-31": "1052.93600", "2010-09-30": "1055.87600", "2010-06-30": "1059.26000", "2010-03-31": "1061.89600", "2009-12-31": "1066.41300", "2009-09-30": "1071.06400", "2009-06-30": "516.97400", "2009-03-31": "347.22600", "2008-12-31": "347.21000", "2008-09-30": "347.19400", "2008-06-30": "347.17700", "2008-03-31": "347.16100", "2007-12-31": "347.14600", "2007-09-30": "347.12900", "2007-06-30": "347.11400", "2007-03-31": "347.09900", "2006-12-31": "347.08300", "2006-09-30": "197.36700", "2006-06-30": "197.35900", "2006-03-31": "197.35200", "2005-12-31": "197.34400", "2005-09-30": "197.33700", "2005-06-30": "197.33000", "2005-03-31": "197.32300"}, "Other Non-Current Liabilities": {"2020-09-30": "3093.00000", "2020-06-30": "3307.00000", "2020-03-31": "1495.00000", "2019-12-31": "2703.00000", "2019-09-30": "1140.00000", "2019-06-30": "2239.00000", "2019-03-31": "2213.00000", "2018-12-31": "2303.00000", "2018-09-30": "2369.00000", "2018-06-30": "2599.00000", "2018-03-31": "2559.00000", "2017-12-31": "2827.00000", "2017-09-30": "2837.00000", "2017-06-30": "2713.00000", "2017-03-31": "2789.00000", "2016-12-31": "2766.00000", "2016-09-30": "1869.00000", "2016-06-30": "2847.00000", "2016-03-31": "3169.00000", "2015-12-31": "3134.00000", "2015-09-30": "3736.00000", "2015-06-30": "3913.00000", "2015-03-31": "3386.00000", "2014-12-31": "3491.00000", "2014-09-30": "4261.00000", "2014-06-30": "4556.00000", "2014-03-31": "3754.00000", "2013-12-31": "5569.00000", "2013-09-30": "5865.00000", "2013-06-30": "6297.00000", "2013-03-31": "6568.00000", "2012-12-31": "5986.00000", "2012-09-30": "5660.00000", "2012-06-30": "6733.98800", "2012-03-31": "7244.23200", "2011-12-31": "5885.00000", "2011-09-30": "6311.23000", "2011-06-30": "7751.26000", "2011-03-31": "7659.54500", "2010-12-31": "7715.18400", "2010-09-30": "5024.93500", "2010-06-30": "4352.96600", "2010-03-31": "4439.91100", "2009-12-31": "3446.26800", "2009-09-30": "3273.52600", "2009-06-30": "1126.86800", "2009-03-31": "773.67800", "2008-12-31": "1030.60400", "2008-09-30": "537.50000", "2008-06-30": "479.04700", "2008-03-31": "975.70700", "2007-12-31": "684.90000", "2007-09-30": "53.44300", "2007-06-30": "46.96000", "2007-03-31": "48.46200", "2006-12-31": "54.00600", "2006-09-30": "49.10000", "2006-06-30": "44.69200", "2006-03-31": "53.06100", "2005-12-31": "56.71400", "2005-09-30": "56.21900", "2005-06-30": "50.54500", "2005-03-31": "42.41800"}, "Total Long Term Liabilities": {"2020-09-30": "4337.00000", "2020-06-30": "4549.00000", "2020-03-31": "2724.00000", "2019-12-31": "3945.00000", "2019-09-30": "2374.00000", "2019-06-30": "3472.00000", "2019-03-31": "3445.00000", "2018-12-31": "3536.00000", "2018-09-30": "3618.00000", "2018-06-30": "3863.00000", "2018-03-31": "3840.00000", "2017-12-31": "4119.00000", "2017-09-30": "4129.00000", "2017-06-30": "4103.00000", "2017-03-31": "4159.00000", "2016-12-31": "4072.00000", "2016-09-30": "3199.00000", "2016-06-30": "4169.00000", "2016-03-31": "4471.00000", "2015-12-31": "4434.00000", "2015-09-30": "5042.00000", "2015-06-30": "5218.00000", "2015-03-31": "4690.00000", "2014-12-31": "4793.00000", "2014-09-30": "5604.00000", "2014-06-30": "5879.00000", "2014-03-31": "4592.00000", "2013-12-31": "6429.00000", "2013-09-30": "6684.00000", "2013-06-30": "7124.00000", "2013-03-31": "7400.00000", "2012-12-31": "6822.00000", "2012-09-30": "6500.00000", "2012-06-30": "7580.34200", "2012-03-31": "8278.89800", "2011-12-31": "6923.00000", "2011-09-30": "7352.88300", "2011-06-30": "8797.64200", "2011-03-31": "8709.25300", "2010-12-31": "8861.14100", "2010-09-30": "6080.81100", "2010-06-30": "5412.22700", "2010-03-31": "5501.80700", "2009-12-31": "4667.14300", "2009-09-30": "4344.59000", "2009-06-30": "1643.84200", "2009-03-31": "1125.48200", "2008-12-31": "1377.81400", "2008-09-30": "884.69400", "2008-06-30": "826.22400", "2008-03-31": "1333.17300", "2007-12-31": "1032.68100", "2007-09-30": "405.02000", "2007-06-30": "411.55300", "2007-03-31": "423.17200", "2006-12-31": "448.19100", "2006-09-30": "291.32200", "2006-06-30": "266.37900", "2006-03-31": "275.80300", "2005-12-31": "280.68700", "2005-09-30": "283.65200", "2005-06-30": "294.49900", "2005-03-31": "279.56900"}, "Total Liabilities": {"2020-09-30": "8099.00000", "2020-06-30": "8291.00000", "2020-03-31": "7480.00000", "2019-12-31": "7681.00000", "2019-09-30": "6715.00000", "2019-06-30": "6859.00000", "2019-03-31": "6882.00000", "2018-12-31": "7048.00000", "2018-09-30": "7156.00000", "2018-06-30": "7498.00000", "2018-03-31": "7235.00000", "2017-12-31": "7594.00000", "2017-09-30": "7771.00000", "2017-06-30": "7905.00000", "2017-03-31": "8038.00000", "2016-12-31": "7647.00000", "2016-09-30": "8029.00000", "2016-06-30": "7842.00000", "2016-03-31": "8339.00000", "2015-12-31": "8481.00000", "2015-09-30": "9215.00000", "2015-06-30": "9673.00000", "2015-03-31": "8891.00000", "2014-12-31": "9161.00000", "2014-09-30": "10015.00000", "2014-06-30": "10448.00000", "2014-03-31": "9897.00000", "2013-12-31": "11172.00000", "2013-09-30": "11520.00000", "2013-06-30": "12124.00000", "2013-03-31": "12575.00000", "2012-12-31": "12248.00000", "2012-09-30": "12611.00000", "2012-06-30": "13350.40000", "2012-03-31": "14322.29000", "2011-12-31": "13057.00000", "2011-09-30": "13638.28000", "2011-06-30": "15288.88000", "2011-03-31": "15614.69000", "2010-12-31": "16108.46000", "2010-09-30": "14181.91000", "2010-06-30": "13720.03000", "2010-03-31": "13769.42000", "2009-12-31": "13282.53000", "2009-09-30": "13405.50000", "2009-06-30": "4140.82000", "2009-03-31": "3562.73500", "2008-12-31": "2629.48500", "2008-09-30": "2352.73600", "2008-06-30": "2285.19300", "2008-03-31": "2569.36200", "2007-12-31": "2096.36400", "2007-09-30": "1533.25300", "2007-06-30": "1277.70800", "2007-03-31": "1258.76300", "2006-12-31": "1284.57900", "2006-09-30": "1087.95800", "2006-06-30": "1052.66000", "2006-03-31": "1004.57600", "2005-12-31": "1034.81200", "2005-09-30": "1133.09800", "2005-06-30": "1152.05600", "2005-03-31": "1172.00800"}, "Common Stock Net": {"2020-09-30": "1.00000", "2020-06-30": "1.00000", "2020-03-31": "1.00000", "2019-12-31": "1.00000", "2019-09-30": "1.00000", "2019-06-30": "1.00000", "2019-03-31": "1.00000", "2018-12-31": "1.00000", "2018-09-30": "1.00000", "2018-06-30": "1.00000", "2018-03-31": "1.00000", "2017-12-31": "1.00000", "2017-09-30": "1.00000", "2017-06-30": "1.00000", "2017-03-31": "1.00000", "2016-12-31": "1.00000", "2016-09-30": "1.00000", "2016-06-30": "1.00000", "2016-03-31": "1.00000", "2015-12-31": "1.00000", "2015-09-30": "1.00000", "2015-06-30": "1.00000", "2015-03-31": "2.00000", "2014-12-31": "2.00000", "2014-09-30": "2.00000", "2014-06-30": "2.00000", "2014-03-31": "2.00000", "2013-12-31": "2.00000", "2013-09-30": "2.00000", "2013-06-30": "2.00000", "2013-03-31": "2.00000", "2012-12-31": "2.00000", "2012-09-30": "2.00000", "2012-06-30": "1.93900", "2012-03-31": "1.82500", "2011-12-31": "2.00000", "2011-09-30": "1.82200", "2011-06-30": "1.84200", "2011-03-31": "1.84000", "2010-12-31": "1.83700", "2010-09-30": "1.83700", "2010-06-30": "1.83700", "2010-03-31": "1.84300", "2009-12-31": "1.84200", "2009-09-30": "1.56600", "2009-06-30": "1.34400", "2009-03-31": "0.90100", "2008-12-31": "0.91000", "2008-09-30": "0.90900", "2008-06-30": "0.90900", "2008-03-31": "0.80100", "2007-12-31": "0.79900", "2007-09-30": "0.67700", "2007-06-30": "0.67800", "2007-03-31": "0.67700", "2006-12-31": "0.67500", "2006-09-30": "0.73100", "2006-06-30": "0.73200", "2006-03-31": "0.73800", "2005-12-31": "0.74800", "2005-09-30": "0.74900", "2005-06-30": "0.74900", "2005-03-31": "0.75200"}, "Retained Earnings (Accumulated Deficit)": {"2020-09-30": "6143.00000", "2020-06-30": "6109.00000", "2020-03-31": "6100.00000", "2019-12-31": "6295.00000", "2019-09-30": "6331.00000", "2019-06-30": "6425.00000", "2019-03-31": "6406.00000", "2018-12-31": "6374.00000", "2018-09-30": "6303.00000", "2018-06-30": "6159.00000", "2018-03-31": "6102.00000", "2017-12-31": "5892.00000", "2017-09-30": "5913.00000", "2017-06-30": "5722.00000", "2017-03-31": "5588.00000", "2016-12-31": "5289.00000", "2016-09-30": "5110.00000", "2016-06-30": "4648.00000", "2016-03-31": "4519.00000", "2015-12-31": "4478.00000", "2015-09-30": "4066.00000", "2015-06-30": "3955.00000", "2015-03-31": "3676.00000", "2014-12-31": "3494.00000", "2014-09-30": "2979.00000", "2014-06-30": "2643.00000", "2014-03-31": "2504.00000", "2013-12-31": "2482.00000", "2013-09-30": "2151.00000", "2013-06-30": "1786.00000", "2013-03-31": "1586.00000", "2012-12-31": "1749.00000", "2012-09-30": "1693.00000", "2012-06-30": "1568.39700", "2012-03-31": "1208.38000", "2011-12-31": "1708.00000", "2011-09-30": "1866.66400", "2011-06-30": "1149.89800", "2011-03-31": "1215.91200", "2010-12-31": "1032.44500", "2010-09-30": "1264.66000", "2010-06-30": "1092.12900", "2010-03-31": "885.34400", "2009-12-31": "789.86900", "2009-09-30": "580.23900", "2009-06-30": "622.36900", "2009-03-31": "738.83100", "2008-12-31": "638.05500", "2008-09-30": "885.97800", "2008-06-30": "953.46000", "2008-03-31": "412.38400", "2007-12-31": "585.25600", "2007-09-30": "848.08300", "2007-06-30": "965.80300", "2007-03-31": "935.72600", "2006-12-31": "896.94700", "2006-09-30": "857.12100", "2006-06-30": "821.82600", "2006-03-31": "779.93900", "2005-12-31": "747.69100", "2005-09-30": "711.77000", "2005-06-30": "674.83200", "2005-03-31": "610.32900"}, "Comprehensive Income": {"2020-09-30": "404.00000", "2020-06-30": "333.00000", "2020-03-31": "138.00000", "2019-12-31": "342.00000", "2019-09-30": "319.00000", "2019-06-30": "295.00000", "2019-03-31": "261.00000", "2018-12-31": "93.00000", "2018-09-30": "78.00000", "2018-06-30": "152.00000", "2018-03-31": "214.00000", "2017-12-31": "372.00000", "2017-09-30": "326.00000", "2017-06-30": "315.00000", "2017-03-31": "206.00000", "2016-12-31": "149.00000", "2016-09-30": "358.00000", "2016-06-30": "383.00000", "2016-03-31": "319.00000", "2015-12-31": "237.00000", "2015-09-30": "273.00000", "2015-06-30": "239.00000", "2015-03-31": "370.00000", "2014-12-31": "370.00000", "2014-09-30": "333.00000", "2014-06-30": "332.00000", "2014-03-31": "264.00000", "2013-12-31": "160.00000", "2013-09-30": "206.00000", "2013-06-30": "209.00000", "2013-03-31": "447.00000", "2012-12-31": "515.00000", "2012-09-30": "531.00000", "2012-06-30": "429.34200", "2012-03-31": "398.38700", "2011-12-31": "368.00000", "2011-09-30": "327.06100", "2011-06-30": "205.59100", "2011-03-31": "85.54200", "2010-12-31": "111.74900", "2010-09-30": "337.53000", "2010-06-30": "191.33000", "2010-03-31": "140.39400", "2009-12-31": "141.81400", "2009-09-30": "209.01300", "2009-06-30": "-2.79100", "2009-03-31": "1.76800", "2008-12-31": "2.88700", "2008-09-30": "-78.89700", "2008-06-30": "8.84400", "2008-03-31": "51.59000", "2007-12-31": "56.62900", "2007-09-30": "34.58800", "2007-06-30": "9.00500", "2007-03-31": "41.34300", "2006-12-31": "41.88300", "2006-09-30": "42.79600", "2006-06-30": "4.96200", "2006-03-31": "22.32500", "2005-12-31": "45.83200", "2005-09-30": "52.94300", "2005-06-30": "77.49400", "2005-03-31": "56.71600"}, "Other Share Holders Equity": {"2020-09-30": "", "2020-06-30": "", "2020-03-31": "", "2019-12-31": "", "2019-09-30": "", "2019-06-30": "", "2019-03-31": "", "2018-12-31": "", "2018-09-30": "", "2018-06-30": "", "2018-03-31": "", "2017-12-31": "", "2017-09-30": "", "2017-06-30": "", "2017-03-31": "", "2016-12-31": "", "2016-09-30": "", "2016-06-30": "", "2016-03-31": "", "2015-12-31": "", "2015-09-30": "", "2015-06-30": "", "2015-03-31": "", "2014-12-31": "", "2014-09-30": "", "2014-06-30": "", "2014-03-31": "", "2013-12-31": "", "2013-09-30": "", "2013-06-30": "", "2013-03-31": "", "2012-12-31": "", "2012-09-30": "", "2012-06-30": "", "2012-03-31": "", "2011-12-31": "", "2011-09-30": "", "2011-06-30": "", "2011-03-31": "", "2010-12-31": "", "2010-09-30": "", "2010-06-30": "", "2010-03-31": "", "2009-12-31": "", "2009-09-30": "", "2009-06-30": "", "2009-03-31": "", "2008-12-31": "", "2008-09-30": "", "2008-06-30": "", "2008-03-31": "", "2007-12-31": "", "2007-09-30": "", "2007-06-30": "", "2007-03-31": "", "2006-12-31": "", "2006-09-30": "", "2006-06-30": "", "2006-03-31": "", "2005-12-31": "", "2005-09-30": "", "2005-06-30": "", "2005-03-31": ""}, "Share Holder Equity": {"2020-09-30": "6596.00000", "2020-06-30": "6489.00000", "2020-03-31": "6265.00000", "2019-12-31": "6645.00000", "2019-09-30": "6652.00000", "2019-06-30": "6722.00000", "2019-03-31": "6669.00000", "2018-12-31": "6555.00000", "2018-09-30": "6583.00000", "2018-06-30": "6634.00000", "2018-03-31": "6784.00000", "2017-12-31": "6839.00000", "2017-09-30": "6878.00000", "2017-06-30": "6750.00000", "2017-03-31": "6637.00000", "2016-12-31": "6504.00000", "2016-09-30": "6640.00000", "2016-06-30": "6250.00000", "2016-03-31": "6113.00000", "2015-12-31": "6063.00000", "2015-09-30": "5819.00000", "2015-06-30": "5806.00000", "2015-03-31": "5786.00000", "2014-12-31": "5758.00000", "2014-09-30": "5354.00000", "2014-06-30": "5242.00000", "2014-03-31": "5209.00000", "2013-12-31": "5115.00000", "2013-09-30": "4834.00000", "2013-06-30": "4484.00000", "2013-03-31": "4724.00000", "2012-12-31": "4994.00000", "2012-09-30": "4952.00000", "2012-06-30": "4724.06600", "2012-03-31": "4182.51800", "2011-12-31": "4652.00000", "2011-09-30": "4766.71500", "2011-06-30": "3949.98500", "2011-03-31": "3894.49100", "2010-12-31": "3733.45400", "2010-09-30": "4189.22300", "2010-06-30": "3868.56500", "2010-03-31": "3619.03500", "2009-12-31": "3520.15900", "2009-09-30": "2797.13200", "2009-06-30": "2354.91900", "2009-03-31": "2025.59300", "2008-12-31": "1926.22200", "2008-09-30": "2089.94800", "2008-06-30": "2242.39500", "2008-03-31": "1492.67000", "2007-12-31": "1666.57000", "2007-09-30": "1604.35100", "2007-06-30": "1694.78300", "2007-03-31": "1694.29600", "2006-12-31": "1650.76100", "2006-09-30": "1756.89100", "2006-06-30": "1682.77800", "2006-03-31": "1673.41700", "2005-12-31": "1661.51300", "2005-09-30": "1633.64400", "2005-06-30": "1619.50800", "2005-03-31": "1537.67000"}, "Total Liabilities And Share Holders Equity": {"2020-09-30": "14695.00000", "2020-06-30": "14780.00000", "2020-03-31": "13745.00000", "2019-12-31": "14326.00000", "2019-09-30": "13367.00000", "2019-06-30": "13581.00000", "2019-03-31": "13551.00000", "2018-12-31": "13603.00000", "2018-09-30": "13739.00000", "2018-06-30": "14132.00000", "2018-03-31": "14019.00000", "2017-12-31": "14433.00000", "2017-09-30": "14649.00000", "2017-06-30": "14655.00000", "2017-03-31": "14675.00000", "2016-12-31": "14151.00000", "2016-09-30": "14669.00000", "2016-06-30": "14092.00000", "2016-03-31": "14452.00000", "2015-12-31": "14544.00000", "2015-09-30": "15034.00000", "2015-06-30": "15479.00000", "2015-03-31": "14677.00000", "2014-12-31": "14919.00000", "2014-09-30": "15369.00000", "2014-06-30": "15690.00000", "2014-03-31": "15106.00000", "2013-12-31": "16287.00000", "2013-09-30": "16354.00000", "2013-06-30": "16608.00000", "2013-03-31": "17299.00000", "2012-12-31": "17242.00000", "2012-09-30": "17563.00000", "2012-06-30": "18074.46000", "2012-03-31": "18504.81000", "2011-12-31": "17709.00000", "2011-09-30": "18404.99000", "2011-06-30": "19238.86000", "2011-03-31": "19509.18000", "2010-12-31": "19841.92000", "2010-09-30": "18371.13000", "2010-06-30": "17588.59000", "2010-03-31": "17388.45000", "2009-12-31": "16802.69000", "2009-09-30": "16202.63000", "2009-06-30": "6495.73900", "2009-03-31": "5588.32800", "2008-12-31": "4555.70700", "2008-09-30": "4442.68400", "2008-06-30": "4527.58800", "2008-03-31": "4062.03200", "2007-12-31": "3762.93400", "2007-09-30": "3137.60400", "2007-06-30": "2972.49100", "2007-03-31": "2953.05900", "2006-12-31": "2935.34000", "2006-09-30": "2844.84900", "2006-06-30": "2735.43800", "2006-03-31": "2677.99300", "2005-12-31": "2696.32500", "2005-09-30": "2766.74200", "2005-06-30": "2771.56400", "2005-03-31": "2709.67800"}}, "cash flow statement": {"Net Income/Loss": {"2019-12-31": "401.00000", "2018-12-31": "521.00000", "2017-12-31": "730.00000", "2016-12-31": "881.00000", "2015-12-31": "1056.00000", "2014-12-31": "1088.00000", "2013-12-31": "808.00000", "2012-12-31": "110.00000", "2011-12-31": "773.00000", "2010-12-31": "484.00000", "2009-12-31": "84.82200", "2008-12-31": "68.88300", "2007-12-31": "-303.27200", "2006-12-31": "159.73400", "2005-12-31": "188.44800"}, "Total Depreciation And Amortization - Cash Flow": {"2019-12-31": "-35.00000", "2018-12-31": "-31.00000", "2017-12-31": "-46.00000", "2016-12-31": "-34.00000", "2015-12-31": "-25.00000", "2014-12-31": "-16.00000", "2013-12-31": "-8.00000", "2012-12-31": "8.00000", "2011-12-31": "23.00000", "2010-12-31": "46.00000", "2009-12-31": "21.99700", "2008-12-31": "2.39700", "2007-12-31": "2.64900", "2006-12-31": "6.07500", "2005-12-31": "7.02600"}, "Other Non-Cash Items": {"2019-12-31": "-175.00000", "2018-12-31": "142.00000", "2017-12-31": "178.00000", "2016-12-31": "-172.00000", "2015-12-31": "-643.00000", "2014-12-31": "-281.00000", "2013-12-31": "11.00000", "2012-12-31": "418.00000", "2011-12-31": "-174.00000", "2010-12-31": "251.00000", "2009-12-31": "327.16900", "2008-12-31": "48.46500", "2007-12-31": "512.64900", "2006-12-31": "17.04800", "2005-12-31": "4.57400"}, "Total Non-Cash Items": {"2019-12-31": "-210.00000", "2018-12-31": "111.00000", "2017-12-31": "132.00000", "2016-12-31": "-206.00000", "2015-12-31": "-668.00000", "2014-12-31": "-297.00000", "2013-12-31": "3.00000", "2012-12-31": "426.00000", "2011-12-31": "-151.00000", "2010-12-31": "297.00000", "2009-12-31": "349.16600", "2008-12-31": "50.86200", "2007-12-31": "515.29800", "2006-12-31": "23.12300", "2005-12-31": "11.60000"}, "Change In Accounts Receivable": {"2019-12-31": "-368.00000", "2018-12-31": "52.00000", "2017-12-31": "21.00000", "2016-12-31": "150.00000", "2015-12-31": "71.00000", "2014-12-31": "177.00000", "2013-12-31": "195.00000", "2012-12-31": "189.00000", "2011-12-31": "240.00000", "2010-12-31": "632.00000", "2009-12-31": "322.72600", "2008-12-31": "6.73300", "2007-12-31": "-14.02300", "2006-12-31": "-1.02400", "2005-12-31": "10.53400"}, "Change In Inventories": {"2019-12-31": "", "2018-12-31": "", "2017-12-31": "", "2016-12-31": "", "2015-12-31": "", "2014-12-31": "", "2013-12-31": "", "2012-12-31": "", "2011-12-31": "", "2010-12-31": "", "2009-12-31": "", "2008-12-31": "", "2007-12-31": "", "2006-12-31": "", "2005-12-31": ""}, "Change In Accounts Payable": {"2019-12-31": "", "2018-12-31": "", "2017-12-31": "", "2016-12-31": "", "2015-12-31": "", "2014-12-31": "", "2013-12-31": "", "2012-12-31": "", "2011-12-31": "", "2010-12-31": "", "2009-12-31": "", "2008-12-31": "", "2007-12-31": "", "2006-12-31": "", "2005-12-31": ""}, "Change In Assets/Liabilities": {"2019-12-31": "-332.00000", "2018-12-31": "-201.00000", "2017-12-31": "-441.00000", "2016-12-31": "-949.00000", "2015-12-31": "-497.00000", "2014-12-31": "-317.00000", "2013-12-31": "-779.00000", "2012-12-31": "-996.00000", "2011-12-31": "8.00000", "2010-12-31": "-1190.00000", "2009-12-31": "-682.48000", "2008-12-31": "341.00500", "2007-12-31": "221.02500", "2006-12-31": "68.29200", "2005-12-31": "-48.25400"}, "Total Change In Assets/Liabilities": {"2019-12-31": "-700.00000", "2018-12-31": "-149.00000", "2017-12-31": "-420.00000", "2016-12-31": "-772.00000", "2015-12-31": "-471.00000", "2014-12-31": "-185.00000", "2013-12-31": "-554.00000", "2012-12-31": "-678.00000", "2011-12-31": "66.00000", "2010-12-31": "-645.00000", "2009-12-31": "-183.88100", "2008-12-31": "325.69200", "2007-12-31": "200.65600", "2006-12-31": "77.63900", "2005-12-31": "-36.16100"}, "Cash Flow From Operating Activities": {"2019-12-31": "-509.00000", "2018-12-31": "462.00000", "2017-12-31": "433.00000", "2016-12-31": "-132.00000", "2015-12-31": "-71.00000", "2014-12-31": "577.00000", "2013-12-31": "244.00000", "2012-12-31": "-165.00000", "2011-12-31": "676.00000", "2010-12-31": "129.00000", "2009-12-31": "279.17000", "2008-12-31": "426.98900", "2007-12-31": "385.85000", "2006-12-31": "261.57400", "2005-12-31": "177.35700"}, "Net Change In Property, Plant, And Equipment": {"2019-12-31": "", "2018-12-31": "", "2017-12-31": "", "2016-12-31": "", "2015-12-31": "", "2014-12-31": "", "2013-12-31": "", "2012-12-31": "", "2011-12-31": "", "2010-12-31": "", "2009-12-31": "", "2008-12-31": "", "2007-12-31": "", "2006-12-31": "", "2005-12-31": ""}, "Net Change In Intangible Assets": {"2019-12-31": "", "2018-12-31": "", "2017-12-31": "", "2016-12-31": "", "2015-12-31": "", "2014-12-31": "", "2013-12-31": "", "2012-12-31": "", "2011-12-31": "", "2010-12-31": "", "2009-12-31": "", "2008-12-31": "", "2007-12-31": "", "2006-12-31": "", "2005-12-31": ""}, "Net Acquisitions/Divestitures": {"2019-12-31": "-145.00000", "2018-12-31": "", "2017-12-31": "95.00000", "2016-12-31": "-435.00000", "2015-12-31": "-800.00000", "2014-12-31": "", "2013-12-31": "", "2012-12-31": "-91.00000", "2011-12-31": "", "2010-12-31": "", "2009-12-31": "-458.99800", "2008-12-31": "", "2007-12-31": "", "2006-12-31": "", "2005-12-31": ""}, "Net Change In Short-term Investments": {"2019-12-31": "-534.00000", "2018-12-31": "-97.00000", "2017-12-31": "74.00000", "2016-12-31": "17.00000", "2015-12-31": "897.00000", "2014-12-31": "158.00000", "2013-12-31": "-87.00000", "2012-12-31": "29.00000", "2011-12-31": "320.00000", "2010-12-31": "613.00000", "2009-12-31": "-397.10000", "2008-12-31": "78.53500", "2007-12-31": "-421.11200", "2006-12-31": "-18.69300", "2005-12-31": "60.01100"}, "Net Change In Long-Term Investments": {"2019-12-31": "1661.00000", "2018-12-31": "279.00000", "2017-12-31": "34.00000", "2016-12-31": "874.00000", "2015-12-31": "428.00000", "2014-12-31": "-673.00000", "2013-12-31": "26.00000", "2012-12-31": "368.00000", "2011-12-31": "-538.00000", "2010-12-31": "-404.00000", "2009-12-31": "-550.47290", "2008-12-31": "-728.15010", "2007-12-31": "-243.27690", "2006-12-31": "-209.76800", "2005-12-31": "-215.11200"}, "Net Change In Investments - Total": {"2019-12-31": "1127.00000", "2018-12-31": "182.00000", "2017-12-31": "108.00000", "2016-12-31": "891.00000", "2015-12-31": "1325.00000", "2014-12-31": "-515.00000", "2013-12-31": "-61.00000", "2012-12-31": "397.00000", "2011-12-31": "-218.00000", "2010-12-31": "209.00000", "2009-12-31": "-947.57290", "2008-12-31": "-649.61510", "2007-12-31": "-664.38890", "2006-12-31": "-228.46100", "2005-12-31": "-155.10100"}, "Investing Activities - Other": {"2019-12-31": "187.00000", "2018-12-31": "115.00000", "2017-12-31": "142.00000", "2016-12-31": "620.00000", "2015-12-31": "469.00000", "2014-12-31": "419.00000", "2013-12-31": "742.00000", "2012-12-31": "637.00000", "2011-12-31": "779.00000", "2010-12-31": "444.00000", "2009-12-31": "9.35000", "2008-12-31": "", "2007-12-31": "", "2006-12-31": "", "2005-12-31": ""}, "Cash Flow From Investing Activities": {"2019-12-31": "1169.00000", "2018-12-31": "297.00000", "2017-12-31": "345.00000", "2016-12-31": "1076.00000", "2015-12-31": "994.00000", "2014-12-31": "-96.00000", "2013-12-31": "681.00000", "2012-12-31": "943.00000", "2011-12-31": "561.00000", "2010-12-31": "653.00000", "2009-12-31": "-1397.22100", "2008-12-31": "-649.61500", "2007-12-31": "-664.38900", "2006-12-31": "-228.46100", "2005-12-31": "-155.10100"}, "Net Long-Term Debt": {"2019-12-31": "172.00000", "2018-12-31": "-101.00000", "2017-12-31": "-30.00000", "2016-12-31": "-2.00000", "2015-12-31": "-4.00000", "2014-12-31": "476.00000", "2013-12-31": "-27.00000", "2012-12-31": "-209.00000", "2011-12-31": "-22.00000", "2010-12-31": "-21.00000", "2009-12-31": "-14.82300", "2008-12-31": "", "2007-12-31": "", "2006-12-31": "147.70800", "2005-12-31": ""}, "Net Current Debt": {"2019-12-31": "", "2018-12-31": "", "2017-12-31": "", "2016-12-31": "", "2015-12-31": "", "2014-12-31": "", "2013-12-31": "", "2012-12-31": "", "2011-12-31": "", "2010-12-31": "", "2009-12-31": "", "2008-12-31": "", "2007-12-31": "", "2006-12-31": "", "2005-12-31": ""}, "Debt Issuance/Retirement Net - Total": {"2019-12-31": "172.00000", "2018-12-31": "-101.00000", "2017-12-31": "-30.00000", "2016-12-31": "-2.00000", "2015-12-31": "-4.00000", "2014-12-31": "476.00000", "2013-12-31": "-27.00000", "2012-12-31": "-209.00000", "2011-12-31": "-22.00000", "2010-12-31": "-21.00000", "2009-12-31": "-14.82300", "2008-12-31": "", "2007-12-31": "", "2006-12-31": "147.70800", "2005-12-31": ""}, "Net Common Equity Issued/Repurchased": {"2019-12-31": "-500.00000", "2018-12-31": "-500.00000", "2017-12-31": "-501.00000", "2016-12-31": "-296.00000", "2015-12-31": "-557.00000", "2014-12-31": "-589.00000", "2013-12-31": "-265.00000", "2012-12-31": "146.00000", "2011-12-31": "-24.00000", "2010-12-31": "-12.00000", "2009-12-31": "1185.72500", "2008-12-31": "245.33500", "2007-12-31": "292.71000", "2006-12-31": "-170.98600", "2005-12-31": "-22.92500"}, "Net Total Equity Issued/Repurchased": {"2019-12-31": "-500.00000", "2018-12-31": "-500.00000", "2017-12-31": "-501.00000", "2016-12-31": "-296.00000", "2015-12-31": "-557.00000", "2014-12-31": "-589.00000", "2013-12-31": "-265.00000", "2012-12-31": "146.00000", "2011-12-31": "-24.00000", "2010-12-31": "-12.00000", "2009-12-31": "1185.72500", "2008-12-31": "245.33500", "2007-12-31": "292.71000", "2006-12-31": "-170.98600", "2005-12-31": "-22.92500"}, "Total Common And Preferred Stock Dividends Paid": {"2019-12-31": "-60.00000", "2018-12-31": "-71.00000", "2017-12-31": "-70.00000", "2016-12-31": "-69.00000", "2015-12-31": "-72.00000", "2014-12-31": "-76.00000", "2013-12-31": "-75.00000", "2012-12-31": "-69.00000", "2011-12-31": "-33.00000", "2010-12-31": "-33.00000", "2009-12-31": "-22.33200", "2008-12-31": "-16.01500", "2007-12-31": "-11.03200", "2006-12-31": "-10.45800", "2005-12-31": "-9.01200"}, "Financial Activities - Other": {"2019-12-31": "-196.00000", "2018-12-31": "-123.00000", "2017-12-31": "-165.00000", "2016-12-31": "-611.00000", "2015-12-31": "-214.00000", "2014-12-31": "-396.00000", "2013-12-31": "-511.00000", "2012-12-31": "-724.00000", "2011-12-31": "-1053.00000", "2010-12-31": "-651.00000", "2009-12-31": "-0.01600", "2008-12-31": "0.01600", "2007-12-31": "-0.24200", "2006-12-31": "-1.33000", "2005-12-31": ""}, "Cash Flow From Financial Activities": {"2019-12-31": "-584.00000", "2018-12-31": "-795.00000", "2017-12-31": "-766.00000", "2016-12-31": "-978.00000", "2015-12-31": "-847.00000", "2014-12-31": "-585.00000", "2013-12-31": "-878.00000", "2012-12-31": "-856.00000", "2011-12-31": "-1132.00000", "2010-12-31": "-717.00000", "2009-12-31": "1148.55400", "2008-12-31": "229.33600", "2007-12-31": "281.43600", "2006-12-31": "-35.06600", "2005-12-31": "-31.93700"}, "Net Cash Flow": {"2019-12-31": "79.00000", "2018-12-31": "-40.00000", "2017-12-31": "17.00000", "2016-12-31": "-39.00000", "2015-12-31": "72.00000", "2014-12-31": "-109.00000", "2013-12-31": "46.00000", "2012-12-31": "-77.00000", "2011-12-31": "107.00000", "2010-12-31": "64.00000", "2009-12-31": "31.82800", "2008-12-31": "4.25700", "2007-12-31": "3.26300", "2006-12-31": "-1.40500", "2005-12-31": "-10.78800"}, "Stock-Based Compensation": {"2019-12-31": "", "2018-12-31": "", "2017-12-31": "", "2016-12-31": "", "2015-12-31": "", "2014-12-31": "", "2013-12-31": "", "2012-12-31": "", "2011-12-31": "", "2010-12-31": "", "2009-12-31": "", "2008-12-31": "", "2007-12-31": "", "2006-12-31": "", "2005-12-31": ""}, "Common Stock Dividends Paid": {"2019-12-31": "-60.00000", "2018-12-31": "-71.00000", "2017-12-31": "-70.00000", "2016-12-31": "-69.00000", "2015-12-31": "-72.00000", "2014-12-31": "-76.00000", "2013-12-31": "-75.00000", "2012-12-31": "-69.00000", "2011-12-31": "-33.00000", "2010-12-31": "-33.00000", "2009-12-31": "-22.33200", "2008-12-31": "-16.01500", "2007-12-31": "-11.03200", "2006-12-31": "-10.45800", "2005-12-31": "-9.01200"}}, "cash flow statement, quarterly": {"Net Income/Loss": {"2020-09-30": 0, "2020-06-30": 0, "2020-03-31": "0.00000", "2019-12-31": 401, "2019-09-30": 0, "2019-06-30": 0, "2019-03-31": "0.00000", "2018-12-31": 521, "2018-09-30": 0, "2018-06-30": 0, "2018-03-31": "0.00000", "2017-12-31": 730, "2017-09-30": 0, "2017-06-30": 0, "2017-03-31": "0.00000", "2016-12-31": 881, "2016-09-30": 0, "2016-06-30": 0, "2016-03-31": "0.00000", "2015-12-31": 1056, "2015-09-30": 0, "2015-06-30": 0, "2015-03-31": "0.00000", "2014-12-31": 1088, "2014-09-30": 0, "2014-06-30": 0, "2014-03-31": "0.00000", "2013-12-31": 808, "2013-09-30": 0, "2013-06-30": 0, "2013-03-31": "0.00000", "2012-12-31": 110, "2012-09-30": 0, "2012-06-30": 0, "2012-03-31": "0.00000", "2011-12-31": 773, "2011-09-30": 0, "2011-06-30": 0, "2011-03-31": "0.00000", "2010-12-31": 484, "2010-09-30": 0, "2010-06-30": 0, "2010-03-31": "0.00000", "2009-12-31": 84.822, "2009-09-30": 0, "2009-06-30": -85.489, "2009-03-31": "85.48900", "2008-12-31": -243.784, "2008-09-30": -63.34, "2008-06-30": 545.216, "2008-03-31": "-169.20900", "2007-12-31": -260.07, "2007-09-30": -114.958, "2007-06-30": 32.805, "2007-03-31": "38.95100", "2006-12-31": 42.436, "2006-09-30": 37.902, "2006-06-30": 44.514, "2006-03-31": "34.88200", "2005-12-31": 38.165, "2005-09-30": 39.185, "2005-06-30": 66.75, "2005-03-31": "44.34800"}, "Total Depreciation And Amortization - Cash Flow": {"2020-09-30": 0, "2020-06-30": 0, "2020-03-31": "", "2019-12-31": -35, "2019-09-30": 0, "2019-06-30": 0, "2019-03-31": "", "2018-12-31": -31, "2018-09-30": 0, "2018-06-30": 0, "2018-03-31": "", "2017-12-31": -46, "2017-09-30": 0, "2017-06-30": 0, "2017-03-31": "", "2016-12-31": -34, "2016-09-30": 0, "2016-06-30": 0, "2016-03-31": "", "2015-12-31": -25, "2015-09-30": 0, "2015-06-30": 0, "2015-03-31": "", "2014-12-31": -16, "2014-09-30": 0, "2014-06-30": 0, "2014-03-31": "", "2013-12-31": -8, "2013-09-30": 0, "2013-06-30": 0, "2013-03-31": "", "2012-12-31": 8, "2012-09-30": 0, "2012-06-30": 0, "2012-03-31": "", "2011-12-31": 23, "2011-09-30": 0, "2011-06-30": 0, "2011-03-31": "", "2010-12-31": 46, "2010-09-30": 0, "2010-06-30": 0, "2010-03-31": "", "2009-12-31": 21.997, "2009-09-30": 0, "2009-06-30": 7.106, "2009-03-31": "-7.10600", "2008-12-31": -0.003, "2008-09-30": 0.105, "2008-06-30": 1.117, "2008-03-31": "1.17800", "2007-12-31": 0.368, "2007-09-30": 0.855, "2007-06-30": 1.159, "2007-03-31": "0.26700", "2006-12-31": 1.742, "2006-09-30": 1.417, "2006-06-30": 1.395, "2006-03-31": "1.52100", "2005-12-31": 1.82, "2005-09-30": 1.746, "2005-06-30": 1.787, "2005-03-31": "1.67300"}, "Other Non-Cash Items": {"2020-09-30": 0, "2020-06-30": 0, "2020-03-31": "", "2019-12-31": -175, "2019-09-30": 0, "2019-06-30": 0, "2019-03-31": "", "2018-12-31": 142, "2018-09-30": 0, "2018-06-30": 0, "2018-03-31": "", "2017-12-31": 178, "2017-09-30": 0, "2017-06-30": 0, "2017-03-31": "", "2016-12-31": -172, "2016-09-30": 0, "2016-06-30": 0, "2016-03-31": "", "2015-12-31": -643, "2015-09-30": 0, "2015-06-30": 0, "2015-03-31": "", "2014-12-31": -281, "2014-09-30": 0, "2014-06-30": 0, "2014-03-31": "", "2013-12-31": 11, "2013-09-30": 0, "2013-06-30": 0, "2013-03-31": "", "2012-12-31": 418, "2012-09-30": 0, "2012-06-30": 0, "2012-03-31": "", "2011-12-31": -174, "2011-09-30": 0, "2011-06-30": 0, "2011-03-31": "", "2010-12-31": 251, "2010-09-30": 0, "2010-06-30": 0, "2010-03-31": "", "2009-12-31": 327.169, "2009-09-30": 0, "2009-06-30": 21.71, "2009-03-31": "-21.71000", "2008-12-31": 268.545, "2008-09-30": 109.146, "2008-06-30": -503.587, "2008-03-31": "174.36100", "2007-12-31": 306.112, "2007-09-30": 164.57, "2007-06-30": 27.783, "2007-03-31": "14.18400", "2006-12-31": -8.123, "2006-09-30": 14.811, "2006-06-30": 2.549, "2006-03-31": "7.81100", "2005-12-31": 5.01, "2005-09-30": 7.396, "2005-06-30": -15.847, "2005-03-31": "8.01500"}, "Total Non-Cash Items": {"2020-09-30": 0, "2020-06-30": 0, "2020-03-31": "", "2019-12-31": -210, "2019-09-30": 0, "2019-06-30": 0, "2019-03-31": "", "2018-12-31": 111, "2018-09-30": 0, "2018-06-30": 0, "2018-03-31": "", "2017-12-31": 132, "2017-09-30": 0, "2017-06-30": 0, "2017-03-31": "", "2016-12-31": -206, "2016-09-30": 0, "2016-06-30": 0, "2016-03-31": "", "2015-12-31": -668, "2015-09-30": 0, "2015-06-30": 0, "2015-03-31": "", "2014-12-31": -297, "2014-09-30": 0, "2014-06-30": 0, "2014-03-31": "", "2013-12-31": 3, "2013-09-30": 0, "2013-06-30": 0, "2013-03-31": "", "2012-12-31": 426, "2012-09-30": 0, "2012-06-30": 0, "2012-03-31": "", "2011-12-31": -151, "2011-09-30": 0, "2011-06-30": 0, "2011-03-31": "", "2010-12-31": 297, "2010-09-30": 0, "2010-06-30": 0, "2010-03-31": "", "2009-12-31": 349.166, "2009-09-30": 0, "2009-06-30": 28.816, "2009-03-31": "-28.81600", "2008-12-31": 268.542, "2008-09-30": 109.251, "2008-06-30": -502.47, "2008-03-31": "175.53900", "2007-12-31": 306.48, "2007-09-30": 165.425, "2007-06-30": 28.942, "2007-03-31": "14.45100", "2006-12-31": -6.381, "2006-09-30": 16.228, "2006-06-30": 3.944, "2006-03-31": "9.33200", "2005-12-31": 6.83, "2005-09-30": 9.142, "2005-06-30": -14.06, "2005-03-31": "9.68800"}, "Change In Accounts Receivable": {"2020-09-30": 0, "2020-06-30": 0, "2020-03-31": "", "2019-12-31": -368, "2019-09-30": 0, "2019-06-30": 0, "2019-03-31": "", "2018-12-31": 52, "2018-09-30": 0, "2018-06-30": 0, "2018-03-31": "", "2017-12-31": 21, "2017-09-30": 0, "2017-06-30": 0, "2017-03-31": "", "2016-12-31": 150, "2016-09-30": 0, "2016-06-30": 0, "2016-03-31": "", "2015-12-31": 71, "2015-09-30": 0, "2015-06-30": 0, "2015-03-31": "", "2014-12-31": 177, "2014-09-30": 0, "2014-06-30": 0, "2014-03-31": "", "2013-12-31": 195, "2013-09-30": 0, "2013-06-30": 0, "2013-03-31": "", "2012-12-31": 189, "2012-09-30": 0, "2012-06-30": 0, "2012-03-31": "", "2011-12-31": 240, "2011-09-30": 0, "2011-06-30": 0, "2011-03-31": "", "2010-12-31": 632, "2010-09-30": 0, "2010-06-30": 0, "2010-03-31": "", "2009-12-31": 322.726, "2009-09-30": 0, "2009-06-30": 4.12, "2009-03-31": "-4.12000", "2008-12-31": 37.201, "2008-09-30": -25.309, "2008-06-30": -5.068, "2008-03-31": "-0.09100", "2007-12-31": -9.585, "2007-09-30": -5.603, "2007-06-30": -4.244, "2007-03-31": "5.40900", "2006-12-31": -4.277, "2006-09-30": 12.388, "2006-06-30": -14.296, "2006-03-31": "5.16100", "2005-12-31": 0.774, "2005-09-30": -3.953, "2005-06-30": 14.702, "2005-03-31": "-0.98900"}, "Change In Inventories": {"2020-09-30": 0, "2020-06-30": 0, "2020-03-31": "", "2019-12-31": 0, "2019-09-30": 0, "2019-06-30": 0, "2019-03-31": "", "2018-12-31": 0, "2018-09-30": 0, "2018-06-30": 0, "2018-03-31": "", "2017-12-31": 0, "2017-09-30": 0, "2017-06-30": 0, "2017-03-31": "", "2016-12-31": 0, "2016-09-30": 0, "2016-06-30": 0, "2016-03-31": "", "2015-12-31": 0, "2015-09-30": 0, "2015-06-30": 0, "2015-03-31": "", "2014-12-31": 0, "2014-09-30": 0, "2014-06-30": 0, "2014-03-31": "", "2013-12-31": 0, "2013-09-30": 0, "2013-06-30": 0, "2013-03-31": "", "2012-12-31": 0, "2012-09-30": 0, "2012-06-30": 0, "2012-03-31": "", "2011-12-31": 0, "2011-09-30": 0, "2011-06-30": 0, "2011-03-31": "", "2010-12-31": 0, "2010-09-30": 0, "2010-06-30": 0, "2010-03-31": "", "2009-12-31": 0, "2009-09-30": 0, "2009-06-30": 0, "2009-03-31": "", "2008-12-31": 0, "2008-09-30": 0, "2008-06-30": 0, "2008-03-31": "", "2007-12-31": 0, "2007-09-30": 0, "2007-06-30": 0, "2007-03-31": "", "2006-12-31": 0, "2006-09-30": 0, "2006-06-30": 0, "2006-03-31": "", "2005-12-31": 0, "2005-09-30": 0, "2005-06-30": 0, "2005-03-31": ""}, "Change In Accounts Payable": {"2020-09-30": 0, "2020-06-30": 0, "2020-03-31": "", "2019-12-31": 0, "2019-09-30": 0, "2019-06-30": 0, "2019-03-31": "", "2018-12-31": 0, "2018-09-30": 0, "2018-06-30": 0, "2018-03-31": "", "2017-12-31": 0, "2017-09-30": 0, "2017-06-30": 0, "2017-03-31": "", "2016-12-31": 0, "2016-09-30": 0, "2016-06-30": 0, "2016-03-31": "", "2015-12-31": 0, "2015-09-30": 0, "2015-06-30": 0, "2015-03-31": "", "2014-12-31": 0, "2014-09-30": 0, "2014-06-30": 0, "2014-03-31": "", "2013-12-31": 0, "2013-09-30": 0, "2013-06-30": 0, "2013-03-31": "", "2012-12-31": 0, "2012-09-30": 0, "2012-06-30": 0, "2012-03-31": "", "2011-12-31": 0, "2011-09-30": 0, "2011-06-30": 0, "2011-03-31": "", "2010-12-31": 0, "2010-09-30": 0, "2010-06-30": 0, "2010-03-31": "", "2009-12-31": 0, "2009-09-30": 0, "2009-06-30": 0, "2009-03-31": "", "2008-12-31": 0, "2008-09-30": 0, "2008-06-30": 0, "2008-03-31": "", "2007-12-31": 0, "2007-09-30": 0, "2007-06-30": 0, "2007-03-31": "", "2006-12-31": 0, "2006-09-30": 0, "2006-06-30": 0, "2006-03-31": "", "2005-12-31": 0, "2005-09-30": 0, "2005-06-30": 0, "2005-03-31": ""}, "Change In Assets/Liabilities": {"2020-09-30": 0, "2020-06-30": 0, "2020-03-31": "", "2019-12-31": -332, "2019-09-30": 0, "2019-06-30": 0, "2019-03-31": "", "2018-12-31": -201, "2018-09-30": 0, "2018-06-30": 0, "2018-03-31": "", "2017-12-31": -441, "2017-09-30": 0, "2017-06-30": 0, "2017-03-31": "", "2016-12-31": -949, "2016-09-30": 0, "2016-06-30": 0, "2016-03-31": "", "2015-12-31": -497, "2015-09-30": 0, "2015-06-30": 0, "2015-03-31": "", "2014-12-31": -317, "2014-09-30": 0, "2014-06-30": 0, "2014-03-31": "", "2013-12-31": -779, "2013-09-30": 0, "2013-06-30": 0, "2013-03-31": "", "2012-12-31": -996, "2012-09-30": 0, "2012-06-30": 0, "2012-03-31": "", "2011-12-31": 8, "2011-09-30": 0, "2011-06-30": 0, "2011-03-31": "", "2010-12-31": -1190, "2010-09-30": 0, "2010-06-30": 0, "2010-03-31": "", "2009-12-31": -682.48, "2009-09-30": 0, "2009-06-30": -110.886, "2009-03-31": "110.88600", "2008-12-31": 4.734, "2008-09-30": 37.4981, "2008-06-30": 158.4269, "2008-03-31": "140.34600", "2007-12-31": 171.459, "2007-09-30": 41.08, "2007-06-30": 20.996, "2007-03-31": "-12.51000", "2006-12-31": 31.16, "2006-09-30": 14.631, "2006-06-30": 41.327, "2006-03-31": "-18.82600", "2005-12-31": -20.379, "2005-09-30": 57.064, "2005-06-30": -86.89, "2005-03-31": "1.95100"}, "Total Change In Assets/Liabilities": {"2020-09-30": 0, "2020-06-30": 0, "2020-03-31": "", "2019-12-31": -700, "2019-09-30": 0, "2019-06-30": 0, "2019-03-31": "", "2018-12-31": -149, "2018-09-30": 0, "2018-06-30": 0, "2018-03-31": "", "2017-12-31": -420, "2017-09-30": 0, "2017-06-30": 0, "2017-03-31": "", "2016-12-31": -772, "2016-09-30": 0, "2016-06-30": 0, "2016-03-31": "", "2015-12-31": -471, "2015-09-30": 0, "2015-06-30": 0, "2015-03-31": "", "2014-12-31": -185, "2014-09-30": 0, "2014-06-30": 0, "2014-03-31": "", "2013-12-31": -554, "2013-09-30": 0, "2013-06-30": 0, "2013-03-31": "", "2012-12-31": -678, "2012-09-30": 0, "2012-06-30": 0, "2012-03-31": "", "2011-12-31": 66, "2011-09-30": 0, "2011-06-30": 0, "2011-03-31": "", "2010-12-31": -645, "2010-09-30": 0, "2010-06-30": 0, "2010-03-31": "", "2009-12-31": -183.881, "2009-09-30": 0, "2009-06-30": -132.771, "2009-03-31": "132.77100", "2008-12-31": 39.805, "2008-09-30": -4.3549, "2008-06-30": 140.3169, "2008-03-31": "149.92500", "2007-12-31": 158.134, "2007-09-30": 40.061, "2007-06-30": 10.157, "2007-03-31": "-7.69600", "2006-12-31": 41.102, "2006-09-30": 27.81, "2006-06-30": 22.488, "2006-03-31": "-13.76100", "2005-12-31": -35.003, "2005-09-30": 37.097, "2005-06-30": -40.234, "2005-03-31": "1.97900"}, "Cash Flow From Operating Activities": {"2020-09-30": -219, "2020-06-30": -281, "2020-03-31": "-164.00000", "2019-12-31": -144, "2019-09-30": -167, "2019-06-30": 134, "2019-03-31": "-332.00000", "2018-12-31": 110, "2018-09-30": -92, "2018-06-30": 417, "2018-03-31": "27.00000", "2017-12-31": 79, "2017-09-30": 156, "2017-06-30": 96, "2017-03-31": "102.00000", "2016-12-31": 57, "2016-09-30": -142, "2016-06-30": 43, "2016-03-31": "-90.00000", "2015-12-31": -32, "2015-09-30": -144, "2015-06-30": 82, "2015-03-31": "23.00000", "2014-12-31": 230, "2014-09-30": 125, "2014-06-30": 121, "2014-03-31": "101.00000", "2013-12-31": 98, "2013-09-30": 24, "2013-06-30": 136, "2013-03-31": "-14.00000", "2012-12-31": 58, "2012-09-30": -385, "2012-06-30": 87, "2012-03-31": "75.00000", "2011-12-31": 75, "2011-09-30": -30.946, "2011-06-30": 754.089, "2011-03-31": "-122.14300", "2010-12-31": 233.267, "2010-09-30": 145.322, "2010-06-30": -12.999, "2010-03-31": "-236.59000", "2009-12-31": -14.409, "2009-09-30": 90.799, "2009-06-30": 35.763, "2009-03-31": "167.01700", "2008-12-31": 57.068, "2008-09-30": 38.559, "2008-06-30": 182.317, "2008-03-31": "149.04500", "2007-12-31": 198.482, "2007-09-30": 95.826, "2007-06-30": 61.539, "2007-03-31": "30.00300", "2006-12-31": 81.413, "2006-09-30": 89.545, "2006-06-30": 70.289, "2006-03-31": "20.32700", "2005-12-31": 12.183, "2005-09-30": 94.608, "2005-06-30": 13.385, "2005-03-31": "57.18100"}, "Net Change In Property, Plant, And Equipment": {"2020-09-30": 0, "2020-06-30": 0, "2020-03-31": "", "2019-12-31": 0, "2019-09-30": 0, "2019-06-30": 0, "2019-03-31": "", "2018-12-31": 0, "2018-09-30": 0, "2018-06-30": 0, "2018-03-31": "", "2017-12-31": 0, "2017-09-30": 0, "2017-06-30": 0, "2017-03-31": "", "2016-12-31": 0, "2016-09-30": 0, "2016-06-30": 0, "2016-03-31": "", "2015-12-31": 0, "2015-09-30": 0, "2015-06-30": 0, "2015-03-31": "", "2014-12-31": 0, "2014-09-30": 0, "2014-06-30": 0, "2014-03-31": "", "2013-12-31": 0, "2013-09-30": 0, "2013-06-30": 0, "2013-03-31": "", "2012-12-31": 0, "2012-09-30": 0, "2012-06-30": 0, "2012-03-31": "", "2011-12-31": 0, "2011-09-30": 0, "2011-06-30": 0, "2011-03-31": "", "2010-12-31": 0, "2010-09-30": 0, "2010-06-30": 0, "2010-03-31": "", "2009-12-31": 0, "2009-09-30": 0, "2009-06-30": 0, "2009-03-31": "", "2008-12-31": 0, "2008-09-30": 0, "2008-06-30": 0, "2008-03-31": "", "2007-12-31": 0, "2007-09-30": 0, "2007-06-30": 0, "2007-03-31": "", "2006-12-31": 0, "2006-09-30": 0, "2006-06-30": 0, "2006-03-31": "", "2005-12-31": 0, "2005-09-30": 0, "2005-06-30": 0, "2005-03-31": ""}, "Net Change In Intangible Assets": {"2020-09-30": 0, "2020-06-30": 0, "2020-03-31": "", "2019-12-31": 0, "2019-09-30": 0, "2019-06-30": 0, "2019-03-31": "", "2018-12-31": 0, "2018-09-30": 0, "2018-06-30": 0, "2018-03-31": "", "2017-12-31": 0, "2017-09-30": 0, "2017-06-30": 0, "2017-03-31": "", "2016-12-31": 0, "2016-09-30": 0, "2016-06-30": 0, "2016-03-31": "", "2015-12-31": 0, "2015-09-30": 0, "2015-06-30": 0, "2015-03-31": "", "2014-12-31": 0, "2014-09-30": 0, "2014-06-30": 0, "2014-03-31": "", "2013-12-31": 0, "2013-09-30": 0, "2013-06-30": 0, "2013-03-31": "", "2012-12-31": 0, "2012-09-30": 0, "2012-06-30": 0, "2012-03-31": "", "2011-12-31": 0, "2011-09-30": 0, "2011-06-30": 0, "2011-03-31": "", "2010-12-31": 0, "2010-09-30": 0, "2010-06-30": 0, "2010-03-31": "", "2009-12-31": 0, "2009-09-30": 0, "2009-06-30": 0, "2009-03-31": "", "2008-12-31": 0, "2008-09-30": 0, "2008-06-30": 0, "2008-03-31": "", "2007-12-31": 0, "2007-09-30": 0, "2007-06-30": 0, "2007-03-31": "", "2006-12-31": 0, "2006-09-30": 0, "2006-06-30": 0, "2006-03-31": "", "2005-12-31": 0, "2005-09-30": 0, "2005-06-30": 0, "2005-03-31": ""}, "Net Acquisitions/Divestitures": {"2020-09-30": 0, "2020-06-30": 0, "2020-03-31": "", "2019-12-31": -145, "2019-09-30": 0, "2019-06-30": 0, "2019-03-31": "", "2018-12-31": 0, "2018-09-30": 0, "2018-06-30": 0, "2018-03-31": "", "2017-12-31": 0, "2017-09-30": 0, "2017-06-30": 0, "2017-03-31": "95.00000", "2016-12-31": 0, "2016-09-30": -435, "2016-06-30": 0, "2016-03-31": "", "2015-12-31": 0, "2015-09-30": 0, "2015-06-30": -800, "2015-03-31": "", "2014-12-31": 0, "2014-09-30": 0, "2014-06-30": 0, "2014-03-31": "", "2013-12-31": 0, "2013-09-30": 0, "2013-06-30": 0, "2013-03-31": "", "2012-12-31": 0, "2012-09-30": 0, "2012-06-30": -91, "2012-03-31": "", "2011-12-31": 0, "2011-09-30": 0, "2011-06-30": 0, "2011-03-31": "", "2010-12-31": 0, "2010-09-30": 0, "2010-06-30": 0, "2010-03-31": "", "2009-12-31": 0, "2009-09-30": -458.998, "2009-06-30": 0, "2009-03-31": "", "2008-12-31": 0, "2008-09-30": 0, "2008-06-30": 0, "2008-03-31": "", "2007-12-31": 0, "2007-09-30": 0, "2007-06-30": 0, "2007-03-31": "", "2006-12-31": 0, "2006-09-30": 0, "2006-06-30": 0, "2006-03-31": "", "2005-12-31": 0, "2005-09-30": 0, "2005-06-30": 0, "2005-03-31": ""}, "Net Change In Short-term Investments": {"2020-09-30": -32, "2020-06-30": 113, "2020-03-31": "335.00000", "2019-12-31": -122, "2019-09-30": 10, "2019-06-30": -409, "2019-03-31": "-13.00000", "2018-12-31": -6, "2018-09-30": 213, "2018-06-30": -188, "2018-03-31": "-116.00000", "2017-12-31": 314, "2017-09-30": -260, "2017-06-30": 8, "2017-03-31": "12.00000", "2016-12-31": -63, "2016-09-30": 270, "2016-06-30": -127, "2016-03-31": "-63.00000", "2015-12-31": 146, "2015-09-30": 369, "2015-06-30": -38, "2015-03-31": "420.00000", "2014-12-31": 69, "2014-09-30": 140, "2014-06-30": -235, "2014-03-31": "184.00000", "2013-12-31": -131, "2013-09-30": 170, "2013-06-30": -214, "2013-03-31": "88.00000", "2012-12-31": -253, "2012-09-30": 390, "2012-06-30": 35, "2012-03-31": "-143.00000", "2011-12-31": 138, "2011-09-30": 231.901, "2011-06-30": -292.197, "2011-03-31": "242.29600", "2010-12-31": -118.216, "2010-09-30": 454.575, "2010-06-30": 30.64, "2010-03-31": "246.00100", "2009-12-31": -176.275, "2009-09-30": 472.812, "2009-06-30": -554.015, "2009-03-31": "-139.62200", "2008-12-31": -107.155, "2008-09-30": 167.883, "2008-06-30": -44.335, "2008-03-31": "62.14200", "2007-12-31": -403.27, "2007-09-30": -89.241, "2007-06-30": 33.677, "2007-03-31": "37.72200", "2006-12-31": 35.185, "2006-09-30": 1.141, "2006-06-30": -35.781, "2006-03-31": "-19.23800", "2005-12-31": -53.012, "2005-09-30": 58.292, "2005-06-30": -57.578, "2005-03-31": "112.30900"}, "Net Change In Long-Term Investments": {"2020-09-30": 193, "2020-06-30": 215, "2020-03-31": "26.00000", "2019-12-31": 344, "2019-09-30": 365, "2019-06-30": 473, "2019-03-31": "479.00000", "2018-12-31": 103, "2018-09-30": -70, "2018-06-30": 23, "2018-03-31": "223.00000", "2017-12-31": -253, "2017-09-30": 190, "2017-06-30": 26, "2017-03-31": "71.00000", "2016-12-31": 164, "2016-09-30": -164, "2016-06-30": 707, "2016-03-31": "167.00000", "2015-12-31": -82, "2015-09-30": -110, "2015-06-30": 72, "2015-03-31": "548.00000", "2014-12-31": -150, "2014-09-30": -7, "2014-06-30": -302, "2014-03-31": "-214.00000", "2013-12-31": 134, "2013-09-30": -199, "2013-06-30": 135, "2013-03-31": "-44.00000", "2012-12-31": 249, "2012-09-30": 2, "2012-06-30": 58, "2012-03-31": "59.00000", "2011-12-31": -102, "2011-09-30": -97.985, "2011-06-30": -309.8, "2011-03-31": "-28.21500", "2010-12-31": -40.531, "2010-09-30": -466.46, "2010-06-30": 67.955, "2010-03-31": "35.03600", "2009-12-31": -587.9338, "2009-09-30": 154.8189, "2009-06-30": -105.899, "2009-03-31": "-11.45900", "2008-12-31": 60.5629, "2008-09-30": -204.111, "2008-06-30": -380.04, "2008-03-31": "-204.56200", "2007-12-31": -108.2039, "2007-09-30": 0.42, "2007-06-30": -73.062, "2007-03-31": "-62.43100", "2006-12-31": -124.192, "2006-09-30": -99.007, "2006-06-30": 13.918, "2006-03-31": "-0.48700", "2005-12-31": 44.995, "2005-09-30": -147.764, "2005-06-30": 35.337, "2005-03-31": "-147.68000"}, "Net Change In Investments - Total": {"2020-09-30": 161, "2020-06-30": 328, "2020-03-31": "361.00000", "2019-12-31": 222, "2019-09-30": 375, "2019-06-30": 64, "2019-03-31": "466.00000", "2018-12-31": 97, "2018-09-30": 143, "2018-06-30": -165, "2018-03-31": "107.00000", "2017-12-31": 61, "2017-09-30": -70, "2017-06-30": 34, "2017-03-31": "83.00000", "2016-12-31": 101, "2016-09-30": 106, "2016-06-30": 580, "2016-03-31": "104.00000", "2015-12-31": 64, "2015-09-30": 259, "2015-06-30": 34, "2015-03-31": "968.00000", "2014-12-31": -81, "2014-09-30": 133, "2014-06-30": -537, "2014-03-31": "-30.00000", "2013-12-31": 3, "2013-09-30": -29, "2013-06-30": -79, "2013-03-31": "44.00000", "2012-12-31": -4, "2012-09-30": 392, "2012-06-30": 93, "2012-03-31": "-84.00000", "2011-12-31": 36, "2011-09-30": 133.916, "2011-06-30": -601.997, "2011-03-31": "214.08100", "2010-12-31": -158.747, "2010-09-30": -11.885, "2010-06-30": 98.595, "2010-03-31": "281.03700", "2009-12-31": -764.2088, "2009-09-30": 627.6309, "2009-06-30": -659.914, "2009-03-31": "-151.08100", "2008-12-31": -46.5921, "2008-09-30": -36.228, "2008-06-30": -424.375, "2008-03-31": "-142.42000", "2007-12-31": -511.4739, "2007-09-30": -88.821, "2007-06-30": -39.385, "2007-03-31": "-24.70900", "2006-12-31": -89.007, "2006-09-30": -97.866, "2006-06-30": -21.863, "2006-03-31": "-19.72500", "2005-12-31": -8.017, "2005-09-30": -89.472, "2005-06-30": -22.241, "2005-03-31": "-35.37100"}, "Investing Activities - Other": {"2020-09-30": 12, "2020-06-30": 16, "2020-03-31": "28.00000", "2019-12-31": 22, "2019-09-30": 64, "2019-06-30": 75, "2019-03-31": "26.00000", "2018-12-31": 6, "2018-09-30": 65, "2018-06-30": 25, "2018-03-31": "19.00000", "2017-12-31": 52, "2017-09-30": -59, "2017-06-30": 116, "2017-03-31": "33.00000", "2016-12-31": 42, "2016-09-30": 34, "2016-06-30": 476, "2016-03-31": "68.00000", "2015-12-31": 296, "2015-09-30": 76, "2015-06-30": 64, "2015-03-31": "33.00000", "2014-12-31": 64, "2014-09-30": 17, "2014-06-30": 33, "2014-03-31": "305.00000", "2013-12-31": 108, "2013-09-30": 127, "2013-06-30": 314, "2013-03-31": "193.00000", "2012-12-31": 145, "2012-09-30": 137, "2012-06-30": 164, "2012-03-31": "191.00000", "2011-12-31": 167, "2011-09-30": 179.327, "2011-06-30": 265.927, "2011-03-31": "166.74600", "2010-12-31": 104.656, "2010-09-30": 113.698, "2010-06-30": 160.092, "2010-03-31": "65.55400", "2009-12-31": 1.333, "2009-09-30": 8.017, "2009-06-30": 0, "2009-03-31": "", "2008-12-31": 0, "2008-09-30": 0, "2008-06-30": 0, "2008-03-31": "", "2007-12-31": 0, "2007-09-30": 0, "2007-06-30": 0, "2007-03-31": "", "2006-12-31": 0, "2006-09-30": 0, "2006-06-30": 0, "2006-03-31": "", "2005-12-31": 0, "2005-09-30": 0, "2005-06-30": 0, "2005-03-31": ""}, "Cash Flow From Investing Activities": {"2020-09-30": 173, "2020-06-30": 344, "2020-03-31": "389.00000", "2019-12-31": 99, "2019-09-30": 439, "2019-06-30": 139, "2019-03-31": "492.00000", "2018-12-31": 103, "2018-09-30": 208, "2018-06-30": -140, "2018-03-31": "126.00000", "2017-12-31": 113, "2017-09-30": -129, "2017-06-30": 150, "2017-03-31": "211.00000", "2016-12-31": 143, "2016-09-30": -295, "2016-06-30": 1056, "2016-03-31": "172.00000", "2015-12-31": 360, "2015-09-30": 335, "2015-06-30": -702, "2015-03-31": "1001.00000", "2014-12-31": -17, "2014-09-30": 150, "2014-06-30": -504, "2014-03-31": "275.00000", "2013-12-31": 111, "2013-09-30": 98, "2013-06-30": 235, "2013-03-31": "237.00000", "2012-12-31": 141, "2012-09-30": 529, "2012-06-30": 166, "2012-03-31": "107.00000", "2011-12-31": 203, "2011-09-30": 313.243, "2011-06-30": -336.07, "2011-03-31": "380.82700", "2010-12-31": -54.091, "2010-09-30": 101.813, "2010-06-30": 258.687, "2010-03-31": "346.59100", "2009-12-31": -762.876, "2009-09-30": 176.65, "2009-06-30": -659.914, "2009-03-31": "-151.08100", "2008-12-31": -46.592, "2008-09-30": -36.228, "2008-06-30": -424.375, "2008-03-31": "-142.42000", "2007-12-31": -511.474, "2007-09-30": -88.821, "2007-06-30": -39.385, "2007-03-31": "-24.70900", "2006-12-31": -89.007, "2006-09-30": -97.866, "2006-06-30": -21.863, "2006-03-31": "-19.72500", "2005-12-31": -8.017, "2005-09-30": -89.472, "2005-06-30": -22.241, "2005-03-31": "-35.37100"}, "Net Long-Term Debt": {"2020-09-30": 46, "2020-06-30": 361, "2020-03-31": "-21.00000", "2019-12-31": 176, "2019-09-30": 0, "2019-06-30": -1, "2019-03-31": "-3.00000", "2018-12-31": -28, "2018-09-30": -49, "2018-06-30": -5, "2018-03-31": "-19.00000", "2017-12-31": -1, "2017-09-30": -23, "2017-06-30": -5, "2017-03-31": "-1.00000", "2016-12-31": 0, "2016-09-30": -1, "2016-06-30": -1, "2016-03-31": "", "2015-12-31": -1, "2015-09-30": -1, "2015-06-30": -1, "2015-03-31": "-1.00000", "2014-12-31": -1, "2014-09-30": -12, "2014-06-30": 495, "2014-03-31": "-6.00000", "2013-12-31": -5, "2013-09-30": -9, "2013-06-30": -7, "2013-03-31": "-6.00000", "2012-12-31": -5, "2012-09-30": -8, "2012-06-30": -191, "2012-03-31": "-5.00000", "2011-12-31": -5, "2011-09-30": -6.706, "2011-06-30": -5.199, "2011-03-31": "-5.09500", "2010-12-31": -4.91, "2010-09-30": -5.24, "2010-06-30": -4.487, "2010-03-31": "-6.36300", "2009-12-31": -6.492, "2009-09-30": -8.331, "2009-06-30": 0, "2009-03-31": "", "2008-12-31": 0, "2008-09-30": 0, "2008-06-30": 0, "2008-03-31": "", "2007-12-31": 0, "2007-09-30": 0, "2007-06-30": 0, "2007-03-31": "", "2006-12-31": 149.708, "2006-09-30": 0, "2006-06-30": -2, "2006-03-31": "", "2005-12-31": 0, "2005-09-30": 0, "2005-06-30": 0, "2005-03-31": ""}, "Net Current Debt": {"2020-09-30": 0, "2020-06-30": 0, "2020-03-31": "", "2019-12-31": 0, "2019-09-30": 0, "2019-06-30": 0, "2019-03-31": "", "2018-12-31": 0, "2018-09-30": 0, "2018-06-30": 0, "2018-03-31": "", "2017-12-31": 0, "2017-09-30": 0, "2017-06-30": 0, "2017-03-31": "", "2016-12-31": 0, "2016-09-30": 0, "2016-06-30": 0, "2016-03-31": "", "2015-12-31": 0, "2015-09-30": 0, "2015-06-30": 0, "2015-03-31": "", "2014-12-31": 0, "2014-09-30": 0, "2014-06-30": 0, "2014-03-31": "", "2013-12-31": 0, "2013-09-30": 0, "2013-06-30": 0, "2013-03-31": "", "2012-12-31": 0, "2012-09-30": 0, "2012-06-30": 0, "2012-03-31": "", "2011-12-31": 0, "2011-09-30": 0, "2011-06-30": 0, "2011-03-31": "", "2010-12-31": 0, "2010-09-30": 0, "2010-06-30": 0, "2010-03-31": "", "2009-12-31": 0, "2009-09-30": 0, "2009-06-30": 0, "2009-03-31": "", "2008-12-31": 0, "2008-09-30": 0, "2008-06-30": 0, "2008-03-31": "", "2007-12-31": 0, "2007-09-30": 0, "2007-06-30": 0, "2007-03-31": "", "2006-12-31": 0, "2006-09-30": 0, "2006-06-30": 0, "2006-03-31": "", "2005-12-31": 0, "2005-09-30": 0, "2005-06-30": 0, "2005-03-31": ""}, "Debt Issuance/Retirement Net - Total": {"2020-09-30": 46, "2020-06-30": 361, "2020-03-31": "-21.00000", "2019-12-31": 176, "2019-09-30": 0, "2019-06-30": -1, "2019-03-31": "-3.00000", "2018-12-31": -28, "2018-09-30": -49, "2018-06-30": -5, "2018-03-31": "-19.00000", "2017-12-31": -1, "2017-09-30": -23, "2017-06-30": -5, "2017-03-31": "-1.00000", "2016-12-31": 0, "2016-09-30": -1, "2016-06-30": -1, "2016-03-31": "", "2015-12-31": -1, "2015-09-30": -1, "2015-06-30": -1, "2015-03-31": "-1.00000", "2014-12-31": -1, "2014-09-30": -12, "2014-06-30": 495, "2014-03-31": "-6.00000", "2013-12-31": -5, "2013-09-30": -9, "2013-06-30": -7, "2013-03-31": "-6.00000", "2012-12-31": -5, "2012-09-30": -8, "2012-06-30": -191, "2012-03-31": "-5.00000", "2011-12-31": -5, "2011-09-30": -6.706, "2011-06-30": -5.199, "2011-03-31": "-5.09500", "2010-12-31": -4.91, "2010-09-30": -5.24, "2010-06-30": -4.487, "2010-03-31": "-6.36300", "2009-12-31": -6.492, "2009-09-30": -8.331, "2009-06-30": 0, "2009-03-31": "", "2008-12-31": 0, "2008-09-30": 0, "2008-06-30": 0, "2008-03-31": "", "2007-12-31": 0, "2007-09-30": 0, "2007-06-30": 0, "2007-03-31": "", "2006-12-31": 149.708, "2006-09-30": 0, "2006-06-30": -2, "2006-03-31": "", "2005-12-31": 0, "2005-09-30": 0, "2005-06-30": 0, "2005-03-31": ""}, "Net Common Equity Issued/Repurchased": {"2020-09-30": -40, "2020-06-30": -164, "2020-03-31": "-116.00000", "2019-12-31": -160, "2019-09-30": -150, "2019-06-30": -110, "2019-03-31": "-80.00000", "2018-12-31": -120, "2018-09-30": -118, "2018-06-30": -151, "2018-03-31": "-111.00000", "2017-12-31": -62, "2017-09-30": -79, "2017-06-30": -134, "2017-03-31": "-226.00000", "2016-12-31": -110, "2016-09-30": -50, "2016-06-30": -60, "2016-03-31": "-76.00000", "2015-12-31": -135, "2015-09-30": -135, "2015-06-30": -130, "2015-03-31": "-157.00000", "2014-12-31": -150, "2014-09-30": -228, "2014-06-30": -176, "2014-03-31": "-35.00000", "2013-12-31": -6, "2013-09-30": -14, "2013-06-30": -204, "2013-03-31": "-41.00000", "2012-12-31": 0, "2012-09-30": -1, "2012-06-30": 150, "2012-03-31": "-3.00000", "2011-12-31": 2, "2011-09-30": -23.348, "2011-06-30": -0.34, "2011-03-31": "-2.31200", "2010-12-31": 0.78, "2010-09-30": -0.09, "2010-06-30": -10.107, "2010-03-31": "-2.58300", "2009-12-31": 573.929, "2009-09-30": -0.217, "2009-06-30": 616.631, "2009-03-31": "-4.61800", "2008-12-31": 0.028, "2008-09-30": 0.162, "2008-06-30": 247.407, "2008-03-31": "-2.26200", "2007-12-31": 298.966, "2007-09-30": -3.069, "2007-06-30": -1.743, "2007-03-31": "-1.44400", "2006-12-31": -148.742, "2006-09-30": -2.744, "2006-06-30": -19.064, "2006-03-31": "-0.43600", "2005-12-31": -2.742, "2005-09-30": 0.107, "2005-06-30": -5.55, "2005-03-31": "-14.74000"}, "Net Total Equity Issued/Repurchased": {"2020-09-30": -40, "2020-06-30": -164, "2020-03-31": "-116.00000", "2019-12-31": -160, "2019-09-30": -150, "2019-06-30": -110, "2019-03-31": "-80.00000", "2018-12-31": -120, "2018-09-30": -118, "2018-06-30": -151, "2018-03-31": "-111.00000", "2017-12-31": -62, "2017-09-30": -79, "2017-06-30": -134, "2017-03-31": "-226.00000", "2016-12-31": -110, "2016-09-30": -50, "2016-06-30": -60, "2016-03-31": "-76.00000", "2015-12-31": -135, "2015-09-30": -135, "2015-06-30": -130, "2015-03-31": "-157.00000", "2014-12-31": -150, "2014-09-30": -228, "2014-06-30": -176, "2014-03-31": "-35.00000", "2013-12-31": -6, "2013-09-30": -14, "2013-06-30": -204, "2013-03-31": "-41.00000", "2012-12-31": 0, "2012-09-30": -1, "2012-06-30": 150, "2012-03-31": "-3.00000", "2011-12-31": 2, "2011-09-30": -23.348, "2011-06-30": -0.34, "2011-03-31": "-2.31200", "2010-12-31": 0.78, "2010-09-30": -0.09, "2010-06-30": -10.107, "2010-03-31": "-2.58300", "2009-12-31": 573.929, "2009-09-30": -0.217, "2009-06-30": 616.631, "2009-03-31": "-4.61800", "2008-12-31": 0.028, "2008-09-30": 0.162, "2008-06-30": 247.407, "2008-03-31": "-2.26200", "2007-12-31": 298.966, "2007-09-30": -3.069, "2007-06-30": -1.743, "2007-03-31": "-1.44400", "2006-12-31": -148.742, "2006-09-30": -2.744, "2006-06-30": -19.064, "2006-03-31": "-0.43600", "2005-12-31": -2.742, "2005-09-30": 0.107, "2005-06-30": -5.55, "2005-03-31": "-14.74000"}, "Total Common And Preferred Stock Dividends Paid": {"2020-09-30": -16, "2020-06-30": 10, "2020-03-31": "3.00000", "2019-12-31": -4, "2019-09-30": -17, "2019-06-30": -19, "2019-03-31": "-20.00000", "2018-12-31": -16, "2018-09-30": -18, "2018-06-30": -19, "2018-03-31": "-18.00000", "2017-12-31": -17, "2017-09-30": -17, "2017-06-30": -17, "2017-03-31": "-19.00000", "2016-12-31": -17, "2016-09-30": -17, "2016-06-30": -17, "2016-03-31": "-18.00000", "2015-12-31": -17, "2015-09-30": -18, "2015-06-30": -18, "2015-03-31": "-19.00000", "2014-12-31": -18, "2014-09-30": -18, "2014-06-30": -20, "2014-03-31": "-20.00000", "2013-12-31": -18, "2013-09-30": -19, "2013-06-30": -19, "2013-03-31": "-19.00000", "2012-12-31": -18, "2012-09-30": -18, "2012-06-30": -17, "2012-03-31": "-16.00000", "2011-12-31": -8, "2011-09-30": -8.423, "2011-06-30": -8.291, "2011-03-31": "-8.28600", "2010-12-31": -8.111, "2010-09-30": -8.276, "2010-06-30": -8.308, "2010-03-31": "-8.30500", "2009-12-31": -7.065, "2009-09-30": -7.068, "2009-06-30": -4.077, "2009-03-31": "-4.12200", "2008-12-31": -4.123, "2008-09-30": -4.123, "2008-06-30": -4.122, "2008-03-31": "-3.64700", "2007-12-31": -2.753, "2007-09-30": -2.756, "2007-06-30": -2.763, "2007-03-31": "-2.76000", "2006-12-31": -2.6, "2006-09-30": -2.605, "2006-06-30": -2.621, "2006-03-31": "-2.63200", "2005-12-31": -2.244, "2005-09-30": -2.247, "2005-06-30": -2.247, "2005-03-31": "-2.27400"}, "Financial Activities - Other": {"2020-09-30": -11, "2020-06-30": -18, "2020-03-31": "-46.00000", "2019-12-31": -18, "2019-09-30": -68, "2019-06-30": -71, "2019-03-31": "-39.00000", "2018-12-31": -25, "2018-09-30": -37, "2018-06-30": -28, "2018-03-31": "-33.00000", "2017-12-31": -41, "2017-09-30": -38, "2017-06-30": -38, "2017-03-31": "-48.00000", "2016-12-31": -44, "2016-09-30": -36, "2016-06-30": -489, "2016-03-31": "-42.00000", "2015-12-31": -92, "2015-09-30": -44, "2015-06-30": -43, "2015-03-31": "-35.00000", "2014-12-31": -48, "2014-09-30": -37, "2014-06-30": -30, "2014-03-31": "-281.00000", "2013-12-31": -102, "2013-09-30": -120, "2013-06-30": -122, "2013-03-31": "-167.00000", "2012-12-31": -171, "2012-09-30": -164, "2012-06-30": -196, "2012-03-31": "-193.00000", "2011-12-31": -223, "2011-09-30": -236.706, "2011-06-30": -351.676, "2011-03-31": "-241.61800", "2010-12-31": -153.704, "2010-09-30": -237.929, "2010-06-30": -213.21, "2010-03-31": "-46.15700", "2009-12-31": -0.016, "2009-09-30": 0, "2009-06-30": 0, "2009-03-31": "", "2008-12-31": 0, "2008-09-30": 0.006, "2008-06-30": 0.439, "2008-03-31": "-0.42900", "2007-12-31": 0.041, "2007-09-30": 0.005, "2007-06-30": 0.041, "2007-03-31": "-0.32900", "2006-12-31": -1.477, "2006-09-30": 0.147, "2006-06-30": 0, "2006-03-31": "", "2005-12-31": 0, "2005-09-30": 0, "2005-06-30": 0, "2005-03-31": ""}, "Cash Flow From Financial Activities": {"2020-09-30": -21, "2020-06-30": 189, "2020-03-31": "-180.00000", "2019-12-31": -6, "2019-09-30": -235, "2019-06-30": -201, "2019-03-31": "-142.00000", "2018-12-31": -189, "2018-09-30": -222, "2018-06-30": -203, "2018-03-31": "-181.00000", "2017-12-31": -121, "2017-09-30": -157, "2017-06-30": -194, "2017-03-31": "-294.00000", "2016-12-31": -171, "2016-09-30": -104, "2016-06-30": -567, "2016-03-31": "-136.00000", "2015-12-31": -245, "2015-09-30": -198, "2015-06-30": -192, "2015-03-31": "-212.00000", "2014-12-31": -217, "2014-09-30": -295, "2014-06-30": 269, "2014-03-31": "-342.00000", "2013-12-31": -131, "2013-09-30": -162, "2013-06-30": -352, "2013-03-31": "-233.00000", "2012-12-31": -194, "2012-09-30": -191, "2012-06-30": -254, "2012-03-31": "-217.00000", "2011-12-31": -234, "2011-09-30": -275.183, "2011-06-30": -365.506, "2011-03-31": "-257.31100", "2010-12-31": -165.945, "2010-09-30": -251.535, "2010-06-30": -236.112, "2010-03-31": "-63.40800", "2009-12-31": 560.356, "2009-09-30": -15.616, "2009-06-30": 612.554, "2009-03-31": "-8.74000", "2008-12-31": -4.095, "2008-09-30": -3.955, "2008-06-30": 243.724, "2008-03-31": "-6.33800", "2007-12-31": 296.254, "2007-09-30": -5.82, "2007-06-30": -4.465, "2007-03-31": "-4.53300", "2006-12-31": -3.111, "2006-09-30": -5.202, "2006-06-30": -23.685, "2006-03-31": "-3.06800", "2005-12-31": -4.986, "2005-09-30": -2.14, "2005-06-30": -7.797, "2005-03-31": "-17.01400"}, "Net Cash Flow": {"2020-09-30": -67, "2020-06-30": 252, "2020-03-31": "38.00000", "2019-12-31": -46, "2019-09-30": 35, "2019-06-30": 71, "2019-03-31": "19.00000", "2018-12-31": 22, "2018-09-30": -107, "2018-06-30": 72, "2018-03-31": "-27.00000", "2017-12-31": 72, "2017-09-30": -129, "2017-06-30": 53, "2017-03-31": "21.00000", "2016-12-31": 28, "2016-09-30": -542, "2016-06-30": 529, "2016-03-31": "-54.00000", "2015-12-31": 81, "2015-09-30": -9, "2015-06-30": -810, "2015-03-31": "810.00000", "2014-12-31": -7, "2014-09-30": -24, "2014-06-30": -113, "2014-03-31": "35.00000", "2013-12-31": 78, "2013-09-30": -37, "2013-06-30": 18, "2013-03-31": "-13.00000", "2012-12-31": 5, "2012-09-30": -42, "2012-06-30": -7, "2012-03-31": "-33.00000", "2011-12-31": 42, "2011-09-30": 7.899, "2011-06-30": 53.903, "2011-03-31": "3.19800", "2010-12-31": 13.727, "2010-09-30": -2.806, "2010-06-30": 6.74, "2010-03-31": "46.33900", "2009-12-31": -216.351, "2009-09-30": 251.977, "2009-06-30": -10.821, "2009-03-31": "7.02300", "2008-12-31": 4.441, "2008-09-30": -2.26, "2008-06-30": 1.746, "2008-03-31": "0.33000", "2007-12-31": -17.174, "2007-09-30": 1.479, "2007-06-30": 18.029, "2007-03-31": "0.92900", "2006-12-31": -10.871, "2006-09-30": -13.541, "2006-06-30": 25.451, "2006-03-31": "-2.44400", "2005-12-31": -0.875, "2005-09-30": 2.317, "2005-06-30": -16.975, "2005-03-31": "4.74500"}, "Stock-Based Compensation": {"2020-09-30": 0, "2020-06-30": 0, "2020-03-31": "", "2019-12-31": 0, "2019-09-30": 0, "2019-06-30": 0, "2019-03-31": "", "2018-12-31": 0, "2018-09-30": 0, "2018-06-30": 0, "2018-03-31": "", "2017-12-31": 0, "2017-09-30": 0, "2017-06-30": 0, "2017-03-31": "", "2016-12-31": 0, "2016-09-30": 0, "2016-06-30": 0, "2016-03-31": "", "2015-12-31": 0, "2015-09-30": 0, "2015-06-30": 0, "2015-03-31": "", "2014-12-31": 0, "2014-09-30": 0, "2014-06-30": 0, "2014-03-31": "", "2013-12-31": 0, "2013-09-30": 0, "2013-06-30": 0, "2013-03-31": "", "2012-12-31": 0, "2012-09-30": 0, "2012-06-30": 0, "2012-03-31": "", "2011-12-31": 0, "2011-09-30": 0, "2011-06-30": 0, "2011-03-31": "", "2010-12-31": 0, "2010-09-30": 0, "2010-06-30": 0, "2010-03-31": "", "2009-12-31": 0, "2009-09-30": 0, "2009-06-30": 0, "2009-03-31": "", "2008-12-31": 0, "2008-09-30": 0, "2008-06-30": 0, "2008-03-31": "", "2007-12-31": 0, "2007-09-30": 0, "2007-06-30": 0, "2007-03-31": "", "2006-12-31": 0, "2006-09-30": 0, "2006-06-30": 0, "2006-03-31": "", "2005-12-31": 0, "2005-09-30": 0, "2005-06-30": 0, "2005-03-31": ""}, "Common Stock Dividends Paid": {"2020-09-30": -16, "2020-06-30": 10, "2020-03-31": "3.00000", "2019-12-31": -4, "2019-09-30": -17, "2019-06-30": -19, "2019-03-31": "-20.00000", "2018-12-31": -16, "2018-09-30": -18, "2018-06-30": -19, "2018-03-31": "-18.00000", "2017-12-31": -17, "2017-09-30": -17, "2017-06-30": -17, "2017-03-31": "-19.00000", "2016-12-31": -17, "2016-09-30": -17, "2016-06-30": -17, "2016-03-31": "-18.00000", "2015-12-31": -17, "2015-09-30": -18, "2015-06-30": -18, "2015-03-31": "-19.00000", "2014-12-31": -18, "2014-09-30": -18, "2014-06-30": -20, "2014-03-31": "-20.00000", "2013-12-31": -18, "2013-09-30": -19, "2013-06-30": -19, "2013-03-31": "-19.00000", "2012-12-31": -18, "2012-09-30": -18, "2012-06-30": -17, "2012-03-31": "-16.00000", "2011-12-31": -8, "2011-09-30": -8.423, "2011-06-30": -8.291, "2011-03-31": "-8.28600", "2010-12-31": -8.111, "2010-09-30": -8.276, "2010-06-30": -8.308, "2010-03-31": "-8.30500", "2009-12-31": -7.065, "2009-09-30": -7.068, "2009-06-30": -4.077, "2009-03-31": "-4.12200", "2008-12-31": -4.123, "2008-09-30": -4.123, "2008-06-30": -4.122, "2008-03-31": "-3.64700", "2007-12-31": -2.753, "2007-09-30": -2.756, "2007-06-30": -2.763, "2007-03-31": "-2.76000", "2006-12-31": -2.6, "2006-09-30": -2.605, "2006-06-30": -2.621, "2006-03-31": "-2.63200", "2005-12-31": -2.244, "2005-09-30": -2.247, "2005-06-30": -2.247, "2005-03-31": "-2.27400"}}, "financial ratios": {"Current Ratio": {"2019-12-31": "", "2018-12-31": "", "2017-12-31": "", "2016-12-31": "", "2015-12-31": "", "2014-12-31": "", "2013-12-31": "", "2012-12-31": "", "2011-12-31": "", "2010-12-31": "", "2009-12-31": "", "2008-12-31": "", "2007-12-31": "", "2006-12-31": "", "2005-12-31": ""}, "Long-term Debt / Capital": {"2019-12-31": "0.15670", "2018-12-31": "0.15830", "2017-12-31": "0.15890", "2016-12-31": "0.16720", "2015-12-31": "0.17660", "2014-12-31": "0.18380", "2013-12-31": "0.13760", "2012-12-31": "0.14340", "2011-12-31": "0.18240", "2010-12-31": "0.22000", "2009-12-31": "0.23250", "2008-12-31": "0.15270", "2007-12-31": "0.17240", "2006-12-31": "0.17370", "2005-12-31": "0.10620"}, "Debt/Equity Ratio": {"2019-12-31": "0.18590", "2018-12-31": "0.18810", "2017-12-31": "0.18890", "2016-12-31": "0.20080", "2015-12-31": "0.21440", "2014-12-31": "0.22530", "2013-12-31": "0.15950", "2012-12-31": "0.16740", "2011-12-31": "0.22310", "2010-12-31": "0.28200", "2009-12-31": "0.30290", "2008-12-31": "0.18030", "2007-12-31": "0.20830", "2006-12-31": "0.21030", "2005-12-31": "0.11880"}, "Gross Margin": {"2019-12-31": "", "2018-12-31": "", "2017-12-31": "", "2016-12-31": "", "2015-12-31": "", "2014-12-31": "", "2013-12-31": "", "2012-12-31": "", "2011-12-31": "", "2010-12-31": "", "2009-12-31": "", "2008-12-31": "", "2007-12-31": "", "2006-12-31": "", "2005-12-31": ""}, "Operating Margin": {"2019-12-31": "57.00940", "2018-12-31": "67.23280", "2017-12-31": "62.56470", "2016-12-31": "66.72630", "2015-12-31": "69.41550", "2014-12-31": "81.39420", "2013-12-31": "76.11940", "2012-12-31": "23.48010", "2011-12-31": "62.49310", "2010-12-31": "48.28640", "2009-12-31": "19.59480", "2008-12-31": "24.51500", "2007-12-31": "145.72000", "2006-12-31": "60.60830", "2005-12-31": "83.81780"}, "EBIT Margin": {"2019-12-31": "57.00940", "2018-12-31": "67.23280", "2017-12-31": "62.56470", "2016-12-31": "66.72630", "2015-12-31": "69.41550", "2014-12-31": "81.39420", "2013-12-31": "76.11940", "2012-12-31": "23.48010", "2011-12-31": "62.49310", "2010-12-31": "48.28640", "2009-12-31": "19.59480", "2008-12-31": "24.51500", "2007-12-31": "145.72000", "2006-12-31": "60.60830", "2005-12-31": "83.81780"}, "EBITDA Margin": {"2019-12-31": "53.37490", "2018-12-31": "64.13590", "2017-12-31": "59.91950", "2016-12-31": "64.69890", "2015-12-31": "68.28270", "2014-12-31": "80.59180", "2013-12-31": "75.62190", "2012-12-31": "24.31870", "2011-12-31": "63.76730", "2010-12-31": "51.78980", "2009-12-31": "21.99310", "2008-12-31": "24.94830", "2007-12-31": "144.84170", "2006-12-31": "62.39310", "2005-12-31": "86.20330"}, "Pre-Tax Profit Margin": {"2019-12-31": "48.18280", "2018-12-31": "57.94210", "2017-12-31": "56.98680", "2016-12-31": "60.64400", "2015-12-31": "64.83920", "2014-12-31": "76.78030", "2013-12-31": "71.01990", "2012-12-31": "13.83650", "2011-12-31": "57.00830", "2010-12-31": "40.67020", "2009-12-31": "12.74940", "2008-12-31": "20.30610", "2007-12-31": "153.52130", "2006-12-31": "55.81380", "2005-12-31": "77.96080"}, "Net Profit Margin": {"2019-12-31": "41.74460", "2018-12-31": "52.04800", "2017-12-31": "41.97820", "2016-12-31": "52.53430", "2015-12-31": "47.84780", "2014-12-31": "54.56370", "2013-12-31": "50.18660", "2012-12-31": "11.53040", "2011-12-31": "42.82550", "2010-12-31": "36.86220", "2009-12-31": "9.34410", "2008-12-31": "12.34660", "2007-12-31": "98.77020", "2006-12-31": "46.92940", "2005-12-31": "63.98180"}, "Asset Turnover": {"2019-12-31": "0.06720", "2018-12-31": "0.07360", "2017-12-31": "0.12050", "2016-12-31": "0.11850", "2015-12-31": "0.15170", "2014-12-31": "0.13370", "2013-12-31": "0.09870", "2012-12-31": "0.05530", "2011-12-31": "0.10190", "2010-12-31": "0.06620", "2009-12-31": "0.05460", "2008-12-31": "0.12140", "2007-12-31": "-0.08020", "2006-12-31": "0.11600", "2005-12-31": "0.10920"}, "Inventory Turnover Ratio": {"2019-12-31": "", "2018-12-31": "", "2017-12-31": "", "2016-12-31": "", "2015-12-31": "", "2014-12-31": "", "2013-12-31": "", "2012-12-31": "", "2011-12-31": "", "2010-12-31": "", "2009-12-31": "", "2008-12-31": "", "2007-12-31": "", "2006-12-31": "", "2005-12-31": ""}, "Receiveable Turnover": {"2019-12-31": "", "2018-12-31": "", "2017-12-31": "", "2016-12-31": "", "2015-12-31": "", "2014-12-31": "", "2013-12-31": "", "2012-12-31": "", "2011-12-31": "", "2010-12-31": "", "2009-12-31": "", "2008-12-31": "", "2007-12-31": "", "2006-12-31": "", "2005-12-31": ""}, "Days Sales In Receivables": {"2019-12-31": "", "2018-12-31": "", "2017-12-31": "", "2016-12-31": "", "2015-12-31": "", "2014-12-31": "", "2013-12-31": "", "2012-12-31": "", "2011-12-31": "", "2010-12-31": "", "2009-12-31": "", "2008-12-31": "", "2007-12-31": "", "2006-12-31": "", "2005-12-31": ""}, "ROE - Return On Equity": {"2019-12-31": "6.03460", "2018-12-31": "7.94810", "2017-12-31": "10.67410", "2016-12-31": "13.54550", "2015-12-31": "17.41710", "2014-12-31": "18.89550", "2013-12-31": "15.79670", "2012-12-31": "2.20260", "2011-12-31": "16.61650", "2010-12-31": "12.96390", "2009-12-31": "2.40960", "2008-12-31": "3.57610", "2007-12-31": "-18.19740", "2006-12-31": "9.67640", "2005-12-31": "11.34200"}, "Return On Tangible Equity": {"2019-12-31": "6.23740", "2018-12-31": "7.97730", "2017-12-31": "10.67410", "2016-12-31": "13.54550", "2015-12-31": "17.41710", "2014-12-31": "18.89550", "2013-12-31": "15.79670", "2012-12-31": "2.20260", "2011-12-31": "16.61650", "2010-12-31": "12.96390", "2009-12-31": "2.40960", "2008-12-31": "3.74200", "2007-12-31": "-19.18040", "2006-12-31": "10.20440", "2005-12-31": "11.95660"}, "ROA - Return On Assets": {"2019-12-31": "2.79910", "2018-12-31": "3.83000", "2017-12-31": "5.05790", "2016-12-31": "6.22570", "2015-12-31": "7.26070", "2014-12-31": "7.29270", "2013-12-31": "4.96100", "2012-12-31": "0.63800", "2011-12-31": "4.36500", "2010-12-31": "2.43930", "2009-12-31": "0.50480", "2008-12-31": "1.51200", "2007-12-31": "-8.05950", "2006-12-31": "5.44180", "2005-12-31": "6.98910"}, "ROI - Return On Investment": {"2019-12-31": "5.08880", "2018-12-31": "6.68980", "2017-12-31": "8.97800", "2016-12-31": "11.28040", "2015-12-31": "14.34200", "2014-12-31": "15.42170", "2013-12-31": "13.62330", "2012-12-31": "1.88680", "2011-12-31": "13.58520", "2010-12-31": "10.11200", "2009-12-31": "1.84940", "2008-12-31": "3.02990", "2007-12-31": "-15.06030", "2006-12-31": "7.99530", "2005-12-31": "10.13780"}, "Book Value Per Share": {"2019-12-31": "71.24100", "2018-12-31": "63.22770", "2017-12-31": "58.94620", "2016-12-31": "50.81730", "2015-12-31": "43.95740", "2014-12-31": "36.37240", "2013-12-31": "28.07690", "2012-12-31": "25.74190", "2011-12-31": "25.52730", "2010-12-31": "20.31870", "2009-12-31": "19.11440", "2008-12-31": "21.17750", "2007-12-31": "20.84540", "2006-12-31": "24.44340", "2005-12-31": "22.22400"}, "Operating Cash Flow Per Share": {"2019-12-31": -9.2307, "2018-12-31": 0.6104, "2017-12-31": 4.5248, "2016-12-31": -0.5078, "2015-12-31": -3.8002, "2014-12-31": 2.0231, "2013-12-31": 2.1658, "2012-12-31": -4.5094, "2011-12-31": 2.9613, "2010-12-31": -1.4795, "2009-12-31": -2.6678, "2008-12-31": -0.8416, "2007-12-31": 2.1488, "2006-12-31": 1.142, "2005-12-31": 2.381}, "Free Cash Flow Per Share": {"2019-12-31": -9.2307, "2018-12-31": 0.6104, "2017-12-31": 4.5248, "2016-12-31": -0.5078, "2015-12-31": -3.8002, "2014-12-31": 2.0231, "2013-12-31": 2.1658, "2012-12-31": -4.5094, "2011-12-31": 2.9613, "2010-12-31": -1.4795, "2009-12-31": -2.6678, "2008-12-31": -0.8416, "2007-12-31": 2.1488, "2006-12-31": 1.142, "2005-12-31": 2.381}}, "financial ratios, quarterly": {"Current Ratio": {"2020-09-30": "", "2020-06-30": "", "2020-03-31": "", "2019-12-31": "", "2019-09-30": "", "2019-06-30": "", "2019-03-31": "", "2018-12-31": "", "2018-09-30": "", "2018-06-30": "", "2018-03-31": "", "2017-12-31": "", "2017-09-30": "", "2017-06-30": "", "2017-03-31": "", "2016-12-31": "", "2016-09-30": "", "2016-06-30": "", "2016-03-31": "", "2015-12-31": "", "2015-09-30": "", "2015-06-30": "", "2015-03-31": "", "2014-12-31": "", "2014-09-30": "", "2014-06-30": "", "2014-03-31": "", "2013-12-31": "", "2013-09-30": "", "2013-06-30": "", "2013-03-31": "", "2012-12-31": "", "2012-09-30": "", "2012-06-30": "", "2012-03-31": "", "2011-12-31": "", "2011-09-30": "", "2011-06-30": "", "2011-03-31": "", "2010-12-31": "", "2010-09-30": "", "2010-06-30": "", "2010-03-31": "", "2009-12-31": "", "2009-09-30": "", "2009-06-30": "", "2009-03-31": "", "2008-12-31": "", "2008-09-30": "", "2008-06-30": "", "2008-03-31": "", "2007-12-31": "", "2007-09-30": "", "2007-06-30": "", "2007-03-31": "", "2006-12-31": "", "2006-09-30": "", "2006-06-30": "", "2006-03-31": "", "2005-12-31": "", "2005-09-30": "", "2005-06-30": "", "2005-03-31": ""}, "Long-term Debt / Capital": {"2020-09-30": "0.15640", "2020-06-30": "0.15850", "2020-03-31": "0.16310", "2019-12-31": "0.15670", "2019-09-30": "0.15650", "2019-06-30": "0.15500", "2019-03-31": "0.15590", "2018-12-31": "0.15830", "2018-09-30": "0.15950", "2018-06-30": "0.16000", "2018-03-31": "0.15880", "2017-12-31": "0.15890", "2017-09-30": "0.15810", "2017-06-30": "0.16090", "2017-03-31": "0.16450", "2016-12-31": "0.16720", "2016-09-30": "0.16410", "2016-06-30": "0.17250", "2016-03-31": "0.17560", "2015-12-31": "0.17660", "2015-09-30": "0.18330", "2015-06-30": "0.18350", "2015-03-31": "0.18390", "2014-12-31": "0.18380", "2014-09-30": "0.19570", "2014-06-30": "0.20010", "2014-03-31": "0.13490", "2013-12-31": "0.13760", "2013-09-30": "0.14490", "2013-06-30": "0.15570", "2013-03-31": "0.14970", "2012-12-31": "0.14340", "2012-09-30": "0.14500", "2012-06-30": "0.15190", "2012-03-31": "0.19830", "2011-12-31": "0.18240", "2011-09-30": "0.17930", "2011-06-30": "0.20940", "2011-03-31": "0.21230", "2010-12-31": "0.22000", "2010-09-30": "0.20130", "2010-06-30": "0.21500", "2010-03-31": "0.22690", "2009-12-31": "0.23250", "2009-09-30": "0.27690", "2009-06-30": "0.18000", "2009-03-31": "0.14630", "2008-12-31": "0.15270", "2008-09-30": "0.14250", "2008-06-30": "0.13410", "2008-03-31": "0.18870", "2007-12-31": "0.17240", "2007-09-30": "0.17790", "2007-06-30": "0.17000", "2007-03-31": "0.17000", "2006-12-31": "0.17370", "2006-09-30": "0.10100", "2006-06-30": "0.10500", "2006-03-31": "0.10550", "2005-12-31": "0.10620", "2005-09-30": "0.10780", "2005-06-30": "0.10860", "2005-03-31": "0.11370"}, "Debt/Equity Ratio": {"2020-09-30": "0.18540", "2020-06-30": "0.18830", "2020-03-31": "0.19490", "2019-12-31": "0.18590", "2019-09-30": "0.18550", "2019-06-30": "0.18340", "2019-03-31": "0.18470", "2018-12-31": "0.18810", "2018-09-30": "0.18970", "2018-06-30": "0.19050", "2018-03-31": "0.18880", "2017-12-31": "0.18890", "2017-09-30": "0.18780", "2017-06-30": "0.19170", "2017-03-31": "0.19690", "2016-12-31": "0.20080", "2016-09-30": "0.19640", "2016-06-30": "0.20850", "2016-03-31": "0.21300", "2015-12-31": "0.21440", "2015-09-30": "0.22440", "2015-06-30": "0.22480", "2015-03-31": "0.22540", "2014-12-31": "0.22530", "2014-09-30": "0.24340", "2014-06-30": "0.25010", "2014-03-31": "0.15590", "2013-12-31": "0.15950", "2013-09-30": "0.16940", "2013-06-30": "0.18440", "2013-03-31": "0.17610", "2012-12-31": "0.16740", "2012-09-30": "0.16960", "2012-06-30": "0.17920", "2012-03-31": "0.24740", "2011-12-31": "0.22310", "2011-09-30": "0.21850", "2011-06-30": "0.26490", "2011-03-31": "0.26950", "2010-12-31": "0.28200", "2010-09-30": "0.25200", "2010-06-30": "0.27380", "2010-03-31": "0.29340", "2009-12-31": "0.30290", "2009-09-30": "0.38290", "2009-06-30": "0.21950", "2009-03-31": "0.17140", "2008-12-31": "0.18030", "2008-09-30": "0.16610", "2008-06-30": "0.15480", "2008-03-31": "0.23260", "2007-12-31": "0.20830", "2007-09-30": "0.21640", "2007-06-30": "0.20480", "2007-03-31": "0.20490", "2006-12-31": "0.21030", "2006-09-30": "0.11230", "2006-06-30": "0.11730", "2006-03-31": "0.11790", "2005-12-31": "0.11880", "2005-09-30": "0.12080", "2005-06-30": "0.12180", "2005-03-31": "0.12830"}, "Gross Margin": {"2020-09-30": "", "2020-06-30": "", "2020-03-31": "", "2019-12-31": "", "2019-09-30": "", "2019-06-30": "", "2019-03-31": "", "2018-12-31": "", "2018-09-30": "", "2018-06-30": "", "2018-03-31": "", "2017-12-31": "", "2017-09-30": "", "2017-06-30": "", "2017-03-31": "", "2016-12-31": "", "2016-09-30": "", "2016-06-30": "", "2016-03-31": "", "2015-12-31": "", "2015-09-30": "", "2015-06-30": "", "2015-03-31": "", "2014-12-31": "", "2014-09-30": "", "2014-06-30": "", "2014-03-31": "", "2013-12-31": "", "2013-09-30": "", "2013-06-30": "", "2013-03-31": "", "2012-12-31": "", "2012-09-30": "", "2012-06-30": "", "2012-03-31": "", "2011-12-31": "", "2011-09-30": "", "2011-06-30": "", "2011-03-31": "", "2010-12-31": "", "2010-09-30": "", "2010-06-30": "", "2010-03-31": "", "2009-12-31": "", "2009-09-30": "", "2009-06-30": "", "2009-03-31": "", "2008-12-31": "", "2008-09-30": "", "2008-06-30": "", "2008-03-31": "", "2007-12-31": "", "2007-09-30": "", "2007-06-30": "", "2007-03-31": "", "2006-12-31": "", "2006-09-30": "", "2006-06-30": "", "2006-03-31": "", "2005-12-31": "", "2005-09-30": "", "2005-06-30": "", "2005-03-31": ""}, "Operating Margin": {"2020-09-30": "34.70150", "2020-06-30": "65.32260", "2020-03-31": "-37.50000", "2019-12-31": "53.71620", "2019-09-30": "52.42720", "2019-06-30": "76.31580", "2019-03-31": "40.51280", "2018-12-31": "27.23010", "2018-09-30": "72.36360", "2018-06-30": "50.00000", "2018-03-31": "104.43690", "2017-12-31": "64.05690", "2017-09-30": "54.09310", "2017-06-30": "56.81820", "2017-03-31": "75.14230", "2016-12-31": "62.97870", "2016-09-30": "89.39930", "2016-06-30": "57.07070", "2016-03-31": "37.14290", "2015-12-31": "78.58070", "2015-09-30": "53.53260", "2015-06-30": "62.58990", "2015-03-31": "78.86180", "2014-12-31": "78.82740", "2014-09-30": "98.09520", "2014-06-30": "83.00280", "2014-03-31": "45.64100", "2013-12-31": "78.27430", "2013-09-30": "83.13430", "2013-06-30": "75.26880", "2013-03-31": "108.52270", "2012-12-31": "52.01790", "2012-09-30": "59.17160", "2012-06-30": "76.68870", "2012-03-31": "185.35910", "2011-12-31": "-190.25200", "2011-09-30": "80.29740", "2011-06-30": "-57.33570", "2011-03-31": "85.31260", "2010-12-31": "216.76280", "2010-09-30": "50.80630", "2010-06-30": "71.33030", "2010-03-31": "69.24420", "2009-12-31": "56.81300", "2009-09-30": "10.78120", "2009-06-30": "162.14510", "2009-03-31": "43.57580", "2008-12-31": "171.20270", "2008-09-30": "-309.26870", "2008-06-30": "91.61790", "2008-03-31": "169.45150", "2007-12-31": "117.65370", "2007-09-30": "124.85290", "2007-06-30": "68.28870", "2007-03-31": "61.69820", "2006-12-31": "51.16870", "2006-09-30": "61.49610", "2006-06-30": "72.42490", "2006-03-31": "60.63480", "2005-12-31": "59.18610", "2005-09-30": "63.27110", "2005-06-30": "148.57980", "2005-03-31": "78.63630"}, "EBIT Margin": {"2020-09-30": "34.70150", "2020-06-30": "65.32260", "2020-03-31": "-37.50000", "2019-12-31": "53.71620", "2019-09-30": "52.42720", "2019-06-30": "76.31580", "2019-03-31": "40.51280", "2018-12-31": "27.23010", "2018-09-30": "72.36360", "2018-06-30": "50.00000", "2018-03-31": "104.43690", "2017-12-31": "64.05690", "2017-09-30": "54.09310", "2017-06-30": "56.81820", "2017-03-31": "75.14230", "2016-12-31": "62.97870", "2016-09-30": "89.39930", "2016-06-30": "57.07070", "2016-03-31": "37.14290", "2015-12-31": "78.58070", "2015-09-30": "53.53260", "2015-06-30": "62.58990", "2015-03-31": "78.86180", "2014-12-31": "78.82740", "2014-09-30": "98.09520", "2014-06-30": "83.00280", "2014-03-31": "45.64100", "2013-12-31": "78.27430", "2013-09-30": "83.13430", "2013-06-30": "75.26880", "2013-03-31": "108.52270", "2012-12-31": "52.01790", "2012-09-30": "59.17160", "2012-06-30": "76.68870", "2012-03-31": "185.35910", "2011-12-31": "-190.25200", "2011-09-30": "80.29740", "2011-06-30": "-57.33570", "2011-03-31": "85.31260", "2010-12-31": "216.76280", "2010-09-30": "50.80630", "2010-06-30": "71.33030", "2010-03-31": "69.24420", "2009-12-31": "56.81300", "2009-09-30": "10.78120", "2009-06-30": "162.14510", "2009-03-31": "43.57580", "2008-12-31": "171.20260", "2008-09-30": "-309.26870", "2008-06-30": "91.61790", "2008-03-31": "169.45150", "2007-12-31": "117.65370", "2007-09-30": "124.85290", "2007-06-30": "68.28870", "2007-03-31": "61.69820", "2006-12-31": "51.16870", "2006-09-30": "61.49610", "2006-06-30": "72.42490", "2006-03-31": "60.63480", "2005-12-31": "59.18620", "2005-09-30": "63.27110", "2005-06-30": "148.57980", "2005-03-31": "78.63630"}, "EBITDA Margin": {"2020-09-30": "", "2020-06-30": "", "2020-03-31": "", "2019-12-31": "", "2019-09-30": "", "2019-06-30": "", "2019-03-31": "", "2018-12-31": "", "2018-09-30": "", "2018-06-30": "", "2018-03-31": "", "2017-12-31": "", "2017-09-30": "", "2017-06-30": "", "2017-03-31": "", "2016-12-31": "", "2016-09-30": "", "2016-06-30": "", "2016-03-31": "", "2015-12-31": "", "2015-09-30": "", "2015-06-30": "", "2015-03-31": "", "2014-12-31": "", "2014-09-30": "", "2014-06-30": "", "2014-03-31": "", "2013-12-31": "", "2013-09-30": "", "2013-06-30": "", "2013-03-31": "", "2012-12-31": "", "2012-09-30": "", "2012-06-30": "", "2012-03-31": "", "2011-12-31": "", "2011-09-30": "", "2011-06-30": "", "2011-03-31": "", "2010-12-31": "", "2010-09-30": "", "2010-06-30": "", "2010-03-31": "", "2009-12-31": "", "2009-09-30": "", "2009-06-30": "", "2009-03-31": "", "2008-12-31": "", "2008-09-30": "", "2008-06-30": "", "2008-03-31": "", "2007-12-31": "", "2007-09-30": "", "2007-06-30": "", "2007-03-31": "", "2006-12-31": "", "2006-09-30": "", "2006-06-30": "", "2006-03-31": "", "2005-12-31": "", "2005-09-30": "", "2005-06-30": "", "2005-03-31": ""}, "Pre-Tax Profit Margin": {"2020-09-30": "29.47760", "2020-06-30": "59.67740", "2020-03-31": "-64.58330", "2019-12-31": "46.62160", "2019-09-30": "41.74760", "2019-06-30": "68.42110", "2019-03-31": "29.74360", "2018-12-31": "47.41780", "2018-09-30": "63.63640", "2018-06-30": "39.54550", "2018-03-31": "74.06140", "2017-12-31": "55.51600", "2017-09-30": "50.24080", "2017-06-30": "48.70130", "2017-03-31": "70.58820", "2016-12-31": "57.65960", "2016-09-30": "84.80570", "2016-06-30": "50.75760", "2016-03-31": "26.53060", "2015-12-31": "75.35480", "2015-09-30": "46.73910", "2015-06-30": "58.84890", "2015-03-31": "72.08670", "2014-12-31": "82.08470", "2014-09-30": "92.95240", "2014-06-30": "61.75640", "2014-03-31": "35.38460", "2013-12-31": "75.34670", "2013-09-30": "80.00000", "2013-06-30": "70.75270", "2013-03-31": "120.45460", "2012-12-31": "42.60090", "2012-09-30": "52.95860", "2012-06-30": "73.37750", "2012-03-31": "192.26520", "2011-12-31": "-228.13270", "2011-09-30": "78.43870", "2011-06-30": "-78.57160", "2011-03-31": "76.43530", "2010-12-31": "233.59190", "2010-09-30": "43.64420", "2010-06-30": "65.78380", "2010-03-31": "65.47760", "2009-12-31": "58.27880", "2009-09-30": "-9.89640", "2009-06-30": "165.97050", "2009-03-31": "41.18100", "2008-12-31": "172.22930", "2008-09-30": "-333.90810", "2008-06-30": "90.72380", "2008-03-31": "174.15340", "2007-12-31": "118.93110", "2007-09-30": "129.67560", "2007-06-30": "58.42690", "2007-03-31": "52.98240", "2006-12-31": "47.19030", "2006-09-30": "56.45810", "2006-06-30": "67.36190", "2006-03-31": "55.19400", "2005-12-31": "54.04760", "2005-09-30": "58.16250", "2005-06-30": "138.89600", "2005-03-31": "74.32040"}, "Net Profit Margin": {"2020-09-30": "32.08960", "2020-06-30": "49.19360", "2020-03-31": "-57.29170", "2019-12-31": "46.28380", "2019-09-30": "33.49520", "2019-06-30": "53.38350", "2019-03-31": "27.69230", "2018-12-31": "41.31460", "2018-09-30": "58.54550", "2018-06-30": "34.09090", "2018-03-31": "67.23550", "2017-12-31": "18.50530", "2017-09-30": "33.38680", "2017-06-30": "49.67530", "2017-03-31": "60.15180", "2016-12-31": "42.12770", "2016-09-30": "84.45230", "2016-06-30": "36.86870", "2016-03-31": "24.08160", "2015-12-31": "55.35480", "2015-09-30": "35.05440", "2015-06-30": "42.73380", "2015-03-31": "54.47160", "2014-12-31": "57.87190", "2014-09-30": "67.42860", "2014-06-30": "45.04250", "2014-03-31": "21.53850", "2013-12-31": "53.62100", "2013-09-30": "57.31340", "2013-06-30": "47.09680", "2013-03-31": "81.81820", "2012-12-31": "33.18390", "2012-09-30": "42.01180", "2012-06-30": "49.93380", "2012-03-31": "133.42540", "2011-12-31": "-129.56800", "2011-09-30": "56.57990", "2011-06-30": "-37.06550", "2011-03-31": "49.85640", "2010-12-31": "137.92480", "2010-09-30": "47.37060", "2010-06-30": "45.46460", "2010-03-31": "48.25170", "2009-12-31": "36.64120", "2009-09-30": "-12.29740", "2009-06-30": "100.29730", "2009-03-31": "35.17110", "2008-12-31": "134.40090", "2008-09-30": "-212.47900", "2008-06-30": "64.13900", "2008-03-31": "119.82590", "2007-12-31": "82.41070", "2007-09-30": "85.60940", "2007-06-30": "49.99470", "2007-03-31": "51.17460", "2006-12-31": "39.29840", "2006-09-30": "48.03740", "2006-06-30": "55.52450", "2006-03-31": "47.57760", "2005-12-31": "49.10200", "2005-09-30": "49.26820", "2005-06-30": "109.59510", "2005-03-31": "58.07150"}, "Asset Turnover": {"2020-09-30": "0.01820", "2020-06-30": "0.02520", "2020-03-31": "0.00700", "2019-12-31": "0.02070", "2019-09-30": "0.01540", "2019-06-30": "0.01960", "2019-03-31": "0.01440", "2018-12-31": "0.01570", "2018-09-30": "0.02000", "2018-06-30": "0.01560", "2018-03-31": "0.02090", "2017-12-31": "0.01950", "2017-09-30": "0.04250", "2017-06-30": "0.02100", "2017-03-31": "0.03590", "2016-12-31": "0.03320", "2016-09-30": "0.03860", "2016-06-30": "0.02810", "2016-03-31": "0.01700", "2015-12-31": "0.05330", "2015-09-30": "0.02450", "2015-06-30": "0.04490", "2015-03-31": "0.02510", "2014-12-31": "0.06170", "2014-09-30": "0.03420", "2014-06-30": "0.02250", "2014-03-31": "0.01290", "2013-12-31": "0.03980", "2013-09-30": "0.04100", "2013-06-30": "0.02800", "2013-03-31": "-0.01020", "2012-12-31": "0.01290", "2012-09-30": "0.01920", "2012-06-30": "0.04180", "2012-03-31": "-0.01960", "2011-12-31": "0.00370", "2011-09-30": "0.07310", "2011-06-30": "0.00600", "2011-03-31": "0.01430", "2010-12-31": "-0.00750", "2010-09-30": "0.01890", "2010-06-30": "0.02550", "2010-03-31": "0.03840", "2009-12-31": "0.03330", "2009-09-30": "0.01750", "2009-06-30": "-0.02610", "2009-03-31": "0.04350", "2008-12-31": "-0.03950", "2008-09-30": "0.00670", "2008-06-30": "0.18610", "2008-03-31": "-0.03430", "2007-12-31": "-0.08210", "2007-09-30": "-0.04280", "2007-06-30": "0.02210", "2007-03-31": "0.02580", "2006-12-31": "0.03680", "2006-09-30": "0.02770", "2006-06-30": "0.02930", "2006-03-31": "0.02740", "2005-12-31": "0.02880", "2005-09-30": "0.02870", "2005-06-30": "0.02200", "2005-03-31": "0.02820"}, "Inventory Turnover Ratio": {"2020-09-30": "", "2020-06-30": "", "2020-03-31": "", "2019-12-31": "", "2019-09-30": "", "2019-06-30": "", "2019-03-31": "", "2018-12-31": "", "2018-09-30": "", "2018-06-30": "", "2018-03-31": "", "2017-12-31": "", "2017-09-30": "", "2017-06-30": "", "2017-03-31": "", "2016-12-31": "", "2016-09-30": "", "2016-06-30": "", "2016-03-31": "", "2015-12-31": "", "2015-09-30": "", "2015-06-30": "", "2015-03-31": "", "2014-12-31": "", "2014-09-30": "", "2014-06-30": "", "2014-03-31": "", "2013-12-31": "", "2013-09-30": "", "2013-06-30": "", "2013-03-31": "", "2012-12-31": "", "2012-09-30": "", "2012-06-30": "", "2012-03-31": "", "2011-12-31": "", "2011-09-30": "", "2011-06-30": "", "2011-03-31": "", "2010-12-31": "", "2010-09-30": "", "2010-06-30": "", "2010-03-31": "", "2009-12-31": "", "2009-09-30": "", "2009-06-30": "", "2009-03-31": "", "2008-12-31": "", "2008-09-30": "", "2008-06-30": "", "2008-03-31": "", "2007-12-31": "", "2007-09-30": "", "2007-06-30": "", "2007-03-31": "", "2006-12-31": "", "2006-09-30": "", "2006-06-30": "", "2006-03-31": "", "2005-12-31": "", "2005-09-30": "", "2005-06-30": "", "2005-03-31": ""}, "Receiveable Turnover": {"2020-09-30": "", "2020-06-30": "", "2020-03-31": "", "2019-12-31": "", "2019-09-30": "", "2019-06-30": "", "2019-03-31": "", "2018-12-31": "", "2018-09-30": "", "2018-06-30": "", "2018-03-31": "", "2017-12-31": "", "2017-09-30": "", "2017-06-30": "", "2017-03-31": "", "2016-12-31": "", "2016-09-30": "", "2016-06-30": "", "2016-03-31": "", "2015-12-31": "", "2015-09-30": "", "2015-06-30": "", "2015-03-31": "", "2014-12-31": "", "2014-09-30": "", "2014-06-30": "", "2014-03-31": "", "2013-12-31": "", "2013-09-30": "", "2013-06-30": "", "2013-03-31": "", "2012-12-31": "", "2012-09-30": "", "2012-06-30": "", "2012-03-31": "", "2011-12-31": "", "2011-09-30": "", "2011-06-30": "", "2011-03-31": "", "2010-12-31": "", "2010-09-30": "", "2010-06-30": "", "2010-03-31": "", "2009-12-31": "", "2009-09-30": "", "2009-06-30": "", "2009-03-31": "", "2008-12-31": "", "2008-09-30": "", "2008-06-30": "", "2008-03-31": "", "2007-12-31": "", "2007-09-30": "", "2007-06-30": "", "2007-03-31": "", "2006-12-31": "", "2006-09-30": "", "2006-06-30": "", "2006-03-31": "", "2005-12-31": "", "2005-09-30": "", "2005-06-30": "", "2005-03-31": ""}, "Days Sales In Receivables": {"2020-09-30": "", "2020-06-30": "", "2020-03-31": "", "2019-12-31": "", "2019-09-30": "", "2019-06-30": "", "2019-03-31": "", "2018-12-31": "", "2018-09-30": "", "2018-06-30": "", "2018-03-31": "", "2017-12-31": "", "2017-09-30": "", "2017-06-30": "", "2017-03-31": "", "2016-12-31": "", "2016-09-30": "", "2016-06-30": "", "2016-03-31": "", "2015-12-31": "", "2015-09-30": "", "2015-06-30": "", "2015-03-31": "", "2014-12-31": "", "2014-09-30": "", "2014-06-30": "", "2014-03-31": "", "2013-12-31": "", "2013-09-30": "", "2013-06-30": "", "2013-03-31": "", "2012-12-31": "", "2012-09-30": "", "2012-06-30": "", "2012-03-31": "", "2011-12-31": "", "2011-09-30": "", "2011-06-30": "", "2011-03-31": "", "2010-12-31": "", "2010-09-30": "", "2010-06-30": "", "2010-03-31": "", "2009-12-31": "", "2009-09-30": "", "2009-06-30": "", "2009-03-31": "", "2008-12-31": "", "2008-09-30": "", "2008-06-30": "", "2008-03-31": "", "2007-12-31": "", "2007-09-30": "", "2007-06-30": "", "2007-03-31": "", "2006-12-31": "", "2006-09-30": "", "2006-06-30": "", "2006-03-31": "", "2005-12-31": "", "2005-09-30": "", "2005-06-30": "", "2005-03-31": ""}, "ROE - Return On Equity": {"2020-09-30": "1.34930", "2020-06-30": "2.89720", "2020-03-31": "-0.92580", "2019-12-31": "2.04670", "2019-09-30": "1.03730", "2019-06-30": "2.11250", "2019-03-31": "0.80970", "2018-12-31": "1.34250", "2018-09-30": "2.44570", "2018-06-30": "1.13050", "2018-03-31": "2.90390", "2017-12-31": "0.76030", "2017-09-30": "3.02410", "2017-06-30": "2.26670", "2017-03-31": "4.77630", "2016-12-31": "3.02890", "2016-09-30": "7.21390", "2016-06-30": "2.33600", "2016-03-31": "0.96520", "2015-12-31": "7.07570", "2015-09-30": "2.21690", "2015-06-30": "5.11540", "2015-03-31": "3.47390", "2014-12-31": "9.23930", "2014-09-30": "6.63060", "2014-06-30": "3.03320", "2014-03-31": "0.80630", "2013-12-31": "6.82310", "2013-09-30": "7.94370", "2013-06-30": "4.88400", "2013-03-31": "-3.04830", "2012-12-31": "1.48180", "2012-09-30": "2.86750", "2012-06-30": "7.98040", "2012-03-31": "-11.54810", "2011-12-31": "-1.80890", "2011-09-30": "15.96490", "2011-06-30": "-1.09130", "2011-03-31": "3.57570", "2010-12-31": "-5.52070", "2010-09-30": "3.92910", "2010-06-30": "5.26130", "2010-03-31": "8.89670", "2009-12-31": "5.95540", "2009-09-30": "-1.44080", "2009-06-30": "-7.21910", "2009-03-31": "4.22040", "2008-12-31": "-12.65610", "2008-09-30": "-3.03070", "2008-06-30": "24.31400", "2008-03-31": "-11.33600", "2007-12-31": "-15.60510", "2007-09-30": "-7.16540", "2007-06-30": "1.93560", "2007-03-31": "2.29890", "2006-12-31": "2.57070", "2006-09-30": "2.15730", "2006-06-30": "2.64530", "2006-03-31": "2.08450", "2005-12-31": "2.29700", "2005-09-30": "2.39860", "2005-06-30": "4.12160", "2005-03-31": "2.88410"}, "Return On Tangible Equity": {"2020-09-30": "1.39280", "2020-06-30": "2.99360", "2020-03-31": "-0.95820", "2019-12-31": "2.11540", "2019-09-30": "1.03730", "2019-06-30": "2.11250", "2019-03-31": "0.80970", "2018-12-31": "1.34740", "2018-09-30": "2.44570", "2018-06-30": "1.13050", "2018-03-31": "2.90390", "2017-12-31": "0.76030", "2017-09-30": "3.02410", "2017-06-30": "2.26670", "2017-03-31": "4.77630", "2016-12-31": "3.02890", "2016-09-30": "7.21390", "2016-06-30": "2.33600", "2016-03-31": "0.96520", "2015-12-31": "7.07570", "2015-09-30": "2.21690", "2015-06-30": "5.11540", "2015-03-31": "3.47390", "2014-12-31": "9.23930", "2014-09-30": "6.63060", "2014-06-30": "3.03320", "2014-03-31": "0.80630", "2013-12-31": "6.82310", "2013-09-30": "7.94370", "2013-06-30": "4.88400", "2013-03-31": "-3.04830", "2012-12-31": "1.48180", "2012-09-30": "2.86750", "2012-06-30": "7.98040", "2012-03-31": "-11.54810", "2011-12-31": "-1.80890", "2011-09-30": "15.96490", "2011-06-30": "-1.09130", "2011-03-31": "3.57570", "2010-12-31": "-5.52070", "2010-09-30": "3.92910", "2010-06-30": "5.26130", "2010-03-31": "8.89670", "2009-12-31": "5.95540", "2009-09-30": "-1.44080", "2009-06-30": "-7.49080", "2009-03-31": "4.40630", "2008-12-31": "-13.24330", "2008-09-30": "-3.15980", "2008-06-30": "25.27690", "2008-03-31": "-12.02410", "2007-12-31": "-16.44810", "2007-09-30": "-7.56830", "2007-06-30": "2.03840", "2007-03-31": "2.42100", "2006-12-31": "2.71100", "2006-09-30": "2.26760", "2006-06-30": "2.78670", "2006-03-31": "2.19660", "2005-12-31": "2.42150", "2005-09-30": "2.53100", "2005-06-30": "4.35110", "2005-03-31": "3.05370"}, "ROA - Return On Assets": {"2020-09-30": "0.60560", "2020-06-30": "1.27200", "2020-03-31": "-0.42200", "2019-12-31": "0.94930", "2019-09-30": "0.51620", "2019-06-30": "1.04560", "2019-03-31": "0.39850", "2018-12-31": "0.64690", "2018-09-30": "1.17180", "2018-06-30": "0.53070", "2018-03-31": "1.40520", "2017-12-31": "0.36030", "2017-09-30": "1.41990", "2017-06-30": "1.04400", "2017-03-31": "2.16010", "2016-12-31": "1.39210", "2016-09-30": "3.26540", "2016-06-30": "1.03600", "2016-03-31": "0.40820", "2015-12-31": "2.94970", "2015-09-30": "0.85810", "2015-06-30": "1.91870", "2015-03-31": "1.36950", "2014-12-31": "3.56590", "2014-09-30": "2.30980", "2014-06-30": "1.01340", "2014-03-31": "0.27800", "2013-12-31": "2.14280", "2013-09-30": "2.34800", "2013-06-30": "1.31860", "2013-03-31": "-0.83240", "2012-12-31": "0.42920", "2012-09-30": "0.80850", "2012-06-30": "2.08580", "2012-03-31": "-2.61010", "2011-12-31": "-0.47520", "2011-09-30": "4.13470", "2011-06-30": "-0.22410", "2011-03-31": "0.71380", "2010-12-31": "-1.03880", "2010-09-30": "0.89600", "2010-06-30": "1.15720", "2010-03-31": "1.85170", "2009-12-31": "1.24760", "2009-09-30": "-0.24870", "2009-06-30": "-2.61720", "2009-03-31": "1.52980", "2008-12-31": "-5.35120", "2008-09-30": "-1.42570", "2008-06-30": "12.04210", "2008-03-31": "-4.16560", "2007-12-31": "-6.91140", "2007-09-30": "-3.66390", "2007-06-30": "1.10360", "2007-03-31": "1.31900", "2006-12-31": "1.44570", "2006-09-30": "1.33230", "2006-06-30": "1.62730", "2006-03-31": "1.30250", "2005-12-31": "1.41540", "2005-09-30": "1.41630", "2005-06-30": "2.40840", "2005-03-31": "1.63670"}, "ROI - Return On Investment": {"2020-09-30": "1.13830", "2020-06-30": "2.43810", "2020-03-31": "-0.77480", "2019-12-31": "1.72590", "2019-09-30": "0.87500", "2019-06-30": "1.78500", "2019-03-31": "0.68350", "2018-12-31": "1.12990", "2018-09-30": "2.05570", "2018-06-30": "0.94960", "2018-03-31": "2.44270", "2017-12-31": "0.63950", "2017-09-30": "2.54590", "2017-06-30": "1.90200", "2017-03-31": "3.99040", "2016-12-31": "2.52240", "2016-09-30": "6.02970", "2016-06-30": "1.93300", "2016-03-31": "0.79570", "2015-12-31": "5.82640", "2015-09-30": "1.81050", "2015-06-30": "4.17660", "2015-03-31": "2.83500", "2014-12-31": "7.54080", "2014-09-30": "5.33270", "2014-06-30": "2.42640", "2014-03-31": "0.69760", "2013-12-31": "5.88430", "2013-09-30": "6.79290", "2013-06-30": "4.12350", "2013-03-31": "-2.59180", "2012-12-31": "1.26930", "2012-09-30": "2.45170", "2012-06-30": "6.76790", "2012-03-31": "-9.25790", "2011-12-31": "-1.47890", "2011-09-30": "13.10180", "2011-06-30": "-0.86270", "2011-03-31": "2.81660", "2010-12-31": "-4.30620", "2010-09-30": "3.13810", "2010-06-30": "4.13040", "2010-03-31": "6.87840", "2009-12-31": "4.57070", "2009-09-30": "-1.04190", "2009-06-30": "-5.91960", "2009-03-31": "3.60280", "2008-12-31": "-10.72320", "2008-09-30": "-2.59890", "2008-06-30": "21.05430", "2008-03-31": "-9.19700", "2007-12-31": "-12.91490", "2007-09-30": "-5.89080", "2007-06-30": "1.60660", "2007-03-31": "1.90810", "2006-12-31": "2.12410", "2006-09-30": "1.93950", "2006-06-30": "2.36760", "2006-03-31": "1.86460", "2005-12-31": "2.05310", "2005-09-30": "2.14010", "2005-06-30": "3.67400", "2005-03-31": "2.55610"}, "Book Value Per Share": {"2020-09-30": "80.19550", "2020-06-30": "77.19300", "2020-03-31": "69.62430", "2019-12-31": "71.24100", "2019-09-30": "68.93620", "2019-06-30": "67.35400", "2019-03-31": "65.20970", "2018-12-31": "63.22770", "2018-09-30": "61.73220", "2018-06-30": "60.52150", "2018-03-31": "59.66110", "2017-12-31": "58.94620", "2017-09-30": "58.31930", "2017-06-30": "56.40560", "2017-03-31": "53.94660", "2016-12-31": "50.81730", "2016-09-30": "50.69750", "2016-06-30": "47.05830", "2016-03-31": "45.25330", "2015-12-31": "43.95740", "2015-09-30": "40.71540", "2015-06-30": "39.16170", "2015-03-31": "37.85780", "2014-12-31": "36.37240", "2014-09-30": "32.53130", "2014-06-30": "30.09960", "2014-03-31": "28.75380", "2013-12-31": "28.07690", "2013-09-30": "26.53010", "2013-06-30": "24.51600", "2013-03-31": "24.56090", "2012-12-31": "25.74190", "2012-09-30": "25.52720", "2012-06-30": "24.35640", "2012-03-31": "22.91480", "2011-12-31": "25.52730", "2011-09-30": "26.15880", "2011-06-30": "21.44480", "2011-03-31": "21.16050", "2010-12-31": "20.31870", "2010-09-30": "22.82180", "2010-06-30": "21.05410", "2010-03-31": "19.63190", "2009-12-31": "19.11440", "2009-09-30": "17.86110", "2009-06-30": "17.51590", "2009-03-31": "22.47610", "2008-12-31": "21.17750", "2008-09-30": "22.97930", "2008-06-30": "24.66420", "2008-03-31": "18.63250", "2007-12-31": "20.84540", "2007-09-30": "23.69230", "2007-06-30": "24.98350", "2007-03-31": "25.03540", "2006-12-31": "24.44340", "2006-09-30": "24.01930", "2006-06-30": "22.97900", "2006-03-31": "22.67440", "2005-12-31": "22.22400", "2005-09-30": "21.80550", "2005-06-30": "21.62780", "2005-03-31": "20.44830"}, "Operating Cash Flow Per Share": {"2020-09-30": -2.8659, "2020-06-30": -3.3438, "2020-03-31": "-1.77110", "2019-12-31": -1.3629, "2019-09-30": -1.7738, "2019-06-30": 1.2492, "2019-03-31": "-3.19230", "2018-12-31": 0.9304, "2018-09-30": -0.7122, "2018-06-30": 3.7011, "2018-03-31": "0.23160", "2017-12-31": 0.6076, "2017-09-30": 1.3192, "2017-06-30": 0.8112, "2017-03-31": "0.80250", "2016-12-31": 0.4389, "2016-09-30": -1.0745, "2016-06-30": 0.3082, "2016-03-31": "-0.65690", "2015-12-31": -0.2103, "2015-09-30": -0.9588, "2015-06-30": 0.5459, "2015-03-31": "0.14670", "2014-12-31": 1.2789, "2014-09-30": 0.808, "2014-06-30": 0.6852, "2014-03-31": "0.55160", "2013-12-31": 0.5067, "2013-09-30": 0.1477, "2013-06-30": 0.7184, "2013-03-31": "-0.07220", "2012-12-31": 0.2802, "2012-09-30": -2.0117, "2012-06-30": 0.4551, "2012-03-31": "0.41120", "2011-12-31": 0.3779, "2011-09-30": -0.1645, "2011-06-30": 4.0836, "2011-03-31": "-0.65280", "2010-12-31": 1.2396, "2010-09-30": 0.7653, "2010-06-30": -0.0807, "2010-03-31": "-1.24130", "2009-12-31": 0.2841, "2009-09-30": -0.3008, "2009-06-30": 0.3473, "2009-03-31": "1.83180", "2008-12-31": 0.762, "2008-09-30": 0.3829, "2008-06-30": 1.8233, "2008-03-31": "1.86200", "2007-12-31": 2.9072, "2007-09-30": 1.4417, "2007-06-30": 0.8868, "2007-03-31": "0.43610", "2006-12-31": 1.0939, "2006-09-30": 1.2118, "2006-06-30": 0.9457, "2006-03-31": "0.27160", "2005-12-31": 0.1624, "2005-09-30": 1.2662, "2005-06-30": 0.189, "2005-03-31": "0.76340"}, "Free Cash Flow Per Share": {"2020-09-30": -2.8659, "2020-06-30": -3.3438, "2020-03-31": "-1.77110", "2019-12-31": -1.3629, "2019-09-30": -1.7738, "2019-06-30": 1.2492, "2019-03-31": "-3.19230", "2018-12-31": 0.9304, "2018-09-30": -0.7122, "2018-06-30": 3.7011, "2018-03-31": "0.23160", "2017-12-31": 0.6076, "2017-09-30": 1.3192, "2017-06-30": 0.8112, "2017-03-31": "0.80250", "2016-12-31": 0.4389, "2016-09-30": -1.0745, "2016-06-30": 0.3082, "2016-03-31": "-0.65690", "2015-12-31": -0.2103, "2015-09-30": -0.9588, "2015-06-30": 0.5459, "2015-03-31": "0.14670", "2014-12-31": 1.2789, "2014-09-30": 0.808, "2014-06-30": 0.6852, "2014-03-31": "0.55160", "2013-12-31": 0.5067, "2013-09-30": 0.1477, "2013-06-30": 0.7184, "2013-03-31": "-0.07220", "2012-12-31": 0.2802, "2012-09-30": -2.0117, "2012-06-30": 0.4551, "2012-03-31": "0.41120", "2011-12-31": 0.3779, "2011-09-30": -0.1645, "2011-06-30": 4.0836, "2011-03-31": "-0.65280", "2010-12-31": 1.2396, "2010-09-30": 0.7653, "2010-06-30": -0.0807, "2010-03-31": "-1.24130", "2009-12-31": 0.2841, "2009-09-30": -0.3008, "2009-06-30": 0.3473, "2009-03-31": "1.83180", "2008-12-31": 0.762, "2008-09-30": 0.3829, "2008-06-30": 1.8233, "2008-03-31": "1.86200", "2007-12-31": 2.9072, "2007-09-30": 1.4417, "2007-06-30": 0.8868, "2007-03-31": "0.43610", "2006-12-31": 1.0939, "2006-09-30": 1.2118, "2006-06-30": 0.9457, "2006-03-31": "0.27160", "2005-12-31": 0.1624, "2005-09-30": 1.2662, "2005-06-30": 0.189, "2005-03-31": "0.76340"}}, "revenue": {"Assured Guaranty Annual Revenue (Millions of US $)": {"2019": "$963", "2018": "$1,001", "2017": "$1,739", "2016": "$1,677", "2015": "$2,207", "2014": "$1,994", "2013": "$1,608", "2012": "$954", "2011": "$1,805", "2010": "$1,313", "2009": "$917", "2008": "$553", "2007": "$-302", "2006": "$340", "2005": "$295"}, "Assured Guaranty Quarterly Revenue (Millions of US $)": {"2020-09-30": "$268", "2020-06-30": "$372", "2020-03-31": "$96", "2019-12-31": "$296", "2019-09-30": "$206", "2019-06-30": "$266", "2019-03-31": "$195", "2018-12-31": "$213", "2018-09-30": "$275", "2018-06-30": "$220", "2018-03-31": "$293", "2017-12-31": "$281", "2017-09-30": "$623", "2017-06-30": "$308", "2017-03-31": "$527", "2016-12-31": "$470", "2016-09-30": "$566", "2016-06-30": "$396", "2016-03-31": "$245", "2015-12-31": "$775", "2015-09-30": "$368", "2015-06-30": "$695", "2015-03-31": "$369", "2014-12-31": "$921", "2014-09-30": "$525", "2014-06-30": "$353", "2014-03-31": "$195", "2013-12-31": "$649", "2013-09-30": "$670", "2013-06-30": "$465", "2013-03-31": "$-176", "2012-12-31": "$223", "2012-09-30": "$338", "2012-06-30": "$755", "2012-03-31": "$-362", "2011-12-31": "$65", "2011-09-30": "$1,345", "2011-06-30": "$116", "2011-03-31": "$279", "2010-12-31": "$-149", "2010-09-30": "$347", "2010-06-30": "$448", "2010-03-31": "$667", "2009-12-31": "$560", "2009-09-30": "$284", "2009-06-30": "$-170", "2009-03-31": "$243", "2008-12-31": "$-180", "2008-09-30": "$30", "2008-06-30": "$843", "2008-03-31": "$-139", "2007-12-31": "$-309", "2007-09-30": "$-134", "2007-06-30": "$66", "2007-03-31": "$76", "2006-12-31": "$108", "2006-09-30": "$79", "2006-06-30": "$80", "2006-03-31": "$73", "2005-12-31": "$78", "2005-09-30": "$80", "2005-06-30": "$61", "2005-03-31": "$76"}}, "gross-profit": {"Assured Guaranty Annual Gross Profit (Millions of US $)": {"2019": "$870", "2018": "$937", "2017": "$1,351", "2016": "$1,382", "2015": "$1,783", "2014": "$1,868", "2013": "$1,454", "2012": "$450", "2011": "$1,357", "2010": "$901", "2009": "$523", "2008": "$287", "2007": "$-307", "2006": "$274", "2005": "$306"}, "Assured Guaranty Quarterly Gross Profit (Millions of US $)": {"2020-09-30": "$195", "2020-06-30": "$335", "2020-03-31": "$76", "2019-12-31": "$278", "2019-09-30": "$176", "2019-06-30": "$267", "2019-03-31": "$149", "2018-12-31": "$192", "2018-09-30": "$258", "2018-06-30": "$176", "2018-03-31": "$311", "2017-12-31": "$247", "2017-09-30": "$400", "2017-06-30": "$236", "2017-03-31": "$468", "2016-12-31": "$358", "2016-09-30": "$575", "2016-06-30": "$294", "2016-03-31": "$155", "2015-12-31": "$669", "2015-09-30": "$256", "2015-06-30": "$507", "2015-03-31": "$351", "2014-12-31": "$849", "2014-09-30": "$569", "2014-06-30": "$296", "2014-03-31": "$149", "2013-12-31": "$564", "2013-09-30": "$615", "2013-06-30": "$403", "2013-03-31": "$-128", "2012-12-31": "$165", "2012-09-30": "$252", "2012-06-30": "$637", "2012-03-31": "$-604", "2011-12-31": "$-70", "2011-09-30": "$1,130", "2011-06-30": "$-8", "2011-03-31": "$304", "2010-12-31": "$-249", "2010-09-30": "$237", "2010-06-30": "$377", "2010-03-31": "$537", "2009-12-31": "$417", "2009-09-30": "$150", "2009-06-30": "$-208", "2009-03-31": "$163", "2008-12-31": "$-269", "2008-09-30": "$-51", "2008-06-30": "$792", "2008-03-31": "$-208", "2007-12-31": "$-323", "2007-09-30": "$-148", "2007-06-30": "$64", "2007-03-31": "$68", "2006-12-31": "$74", "2006-09-30": "$65", "2006-06-30": "$74", "2006-03-31": "$62", "2005-12-31": "$61", "2005-09-30": "$65", "2005-06-30": "$105", "2005-03-31": "$75"}}, "operating-income": {"Assured Guaranty Annual Operating Income (Millions of US $)": {"2019": "$549", "2018": "$673", "2017": "$1,088", "2016": "$1,119", "2015": "$1,532", "2014": "$1,623", "2013": "$1,224", "2012": "$224", "2011": "$1,128", "2010": "$634", "2009": "$180", "2008": "$136", "2007": "$-439", "2006": "$206", "2005": "$247"}, "Assured Guaranty Quarterly Operating Income (Millions of US $)": {"2020-09-30": "$93", "2020-06-30": "$243", "2020-03-31": "$-36", "2019-12-31": "$159", "2019-09-30": "$108", "2019-06-30": "$203", "2019-03-31": "$79", "2018-12-31": "$58", "2018-09-30": "$199", "2018-06-30": "$110", "2018-03-31": "$306", "2017-12-31": "$180", "2017-09-30": "$337", "2017-06-30": "$175", "2017-03-31": "$396", "2016-12-31": "$296", "2016-09-30": "$506", "2016-06-30": "$226", "2016-03-31": "$91", "2015-12-31": "$609", "2015-09-30": "$197", "2015-06-30": "$435", "2015-03-31": "$291", "2014-12-31": "$726", "2014-09-30": "$515", "2014-06-30": "$293", "2014-03-31": "$89", "2013-12-31": "$508", "2013-09-30": "$557", "2013-06-30": "$350", "2013-03-31": "$-191", "2012-12-31": "$116", "2012-09-30": "$200", "2012-06-30": "$579", "2012-03-31": "$-671", "2011-12-31": "$-123", "2011-09-30": "$1,080", "2011-06-30": "$-67", "2011-03-31": "$238", "2010-12-31": "$-324", "2010-09-30": "$177", "2010-06-30": "$319", "2010-03-31": "$462", "2009-12-31": "$318", "2009-09-30": "$31", "2009-06-30": "$-275", "2009-03-31": "$106", "2008-12-31": "$-308", "2008-09-30": "$-92", "2008-06-30": "$772", "2008-03-31": "$-236", "2007-12-31": "$-364", "2007-09-30": "$-168", "2007-06-30": "$45", "2007-03-31": "$47", "2006-12-31": "$55", "2006-09-30": "$49", "2006-06-30": "$58", "2006-03-31": "$44", "2005-12-31": "$46", "2005-09-30": "$50", "2005-06-30": "$90", "2005-03-31": "$60"}}, "ebitda": {"Assured Guaranty Annual EBITDA (Millions of US $)": {"2019": "$514", "2018": "$642", "2017": "$1,042", "2016": "$1,085", "2015": "$1,507", "2014": "$1,607", "2013": "$1,216", "2012": "$232", "2011": "$1,151", "2010": "$680", "2009": "$202", "2008": "$138", "2007": "$-437", "2006": "$212", "2005": "$254"}, "Assured Guaranty Quarterly EBITDA (Millions of US $)": {"2020-09-30": "$93", "2020-06-30": "$243", "2020-03-31": "$-36", "2019-12-31": "$159", "2019-09-30": "$108", "2019-06-30": "$203", "2019-03-31": "$79", "2018-12-31": "$58", "2018-09-30": "$199", "2018-06-30": "$110", "2018-03-31": "$306", "2017-12-31": "$180", "2017-09-30": "$337", "2017-06-30": "$175", "2017-03-31": "$396", "2016-12-31": "$296", "2016-09-30": "$506", "2016-06-30": "$226", "2016-03-31": "$91", "2015-12-31": "$609", "2015-09-30": "$197", "2015-06-30": "$435", "2015-03-31": "$291", "2014-12-31": "$726", "2014-09-30": "$515", "2014-06-30": "$293", "2014-03-31": "$89", "2013-12-31": "$508", "2013-09-30": "$557", "2013-06-30": "$350", "2013-03-31": "$-191", "2012-12-31": "$116", "2012-09-30": "$200", "2012-06-30": "$579", "2012-03-31": "$-671", "2011-12-31": "$-123", "2011-09-30": "$1,080", "2011-06-30": "$-67", "2011-03-31": "$238", "2010-12-31": "$-324", "2010-09-30": "$177", "2010-06-30": "$319", "2010-03-31": "$462", "2009-12-31": "$318", "2009-09-30": "$31", "2009-06-30": "$-275", "2009-03-31": "$99", "2008-12-31": "$-308", "2008-09-30": "$-92", "2008-06-30": "$773", "2008-03-31": "$-235", "2007-12-31": "$-363", "2007-09-30": "$-167", "2007-06-30": "$46", "2007-03-31": "$47", "2006-12-31": "$57", "2006-09-30": "$50", "2006-06-30": "$59", "2006-03-31": "$46", "2005-12-31": "$48", "2005-09-30": "$52", "2005-06-30": "$92", "2005-03-31": "$62"}}, "net-income": {"Assured Guaranty Annual Net Income (Millions of US $)": {"2019": "$402", "2018": "$521", "2017": "$730", "2016": "$881", "2015": "$1,056", "2014": "$1,088", "2013": "$807", "2012": "$110", "2011": "$773", "2010": "$484", "2009": "$86", "2008": "$68", "2007": "$-298", "2006": "$160", "2005": "$188"}, "Assured Guaranty Quarterly Net Income (Millions of US $)": {"2020-09-30": "$86", "2020-06-30": "$183", "2020-03-31": "$-55", "2019-12-31": "$137", "2019-09-30": "$69", "2019-06-30": "$142", "2019-03-31": "$54", "2018-12-31": "$88", "2018-09-30": "$161", "2018-06-30": "$75", "2018-03-31": "$197", "2017-12-31": "$52", "2017-09-30": "$208", "2017-06-30": "$153", "2017-03-31": "$317", "2016-12-31": "$198", "2016-09-30": "$478", "2016-06-30": "$146", "2016-03-31": "$59", "2015-12-31": "$429", "2015-09-30": "$129", "2015-06-30": "$297", "2015-03-31": "$201", "2014-12-31": "$533", "2014-09-30": "$354", "2014-06-30": "$159", "2014-03-31": "$42", "2013-12-31": "$348", "2013-09-30": "$384", "2013-06-30": "$219", "2013-03-31": "$-144", "2012-12-31": "$74", "2012-09-30": "$142", "2012-06-30": "$377", "2012-03-31": "$-483", "2011-12-31": "$-84", "2011-09-30": "$761", "2011-06-30": "$-43", "2011-03-31": "$139", "2010-12-31": "$-206", "2010-09-30": "$165", "2010-06-30": "$204", "2010-03-31": "$322", "2009-12-31": "$205", "2009-09-30": "$-35", "2009-06-30": "$-170", "2009-03-31": "$85", "2008-12-31": "$-242", "2008-09-30": "$-63", "2008-06-30": "$541", "2008-03-31": "$-167", "2007-12-31": "$-255", "2007-09-30": "$-115", "2007-06-30": "$33", "2007-03-31": "$39", "2006-12-31": "$42", "2006-09-30": "$38", "2006-06-30": "$45", "2006-03-31": "$35", "2005-12-31": "$38", "2005-09-30": "$39", "2005-06-30": "$67", "2005-03-31": "$44"}}, "eps-earnings-per-share-diluted": {"Assured Guaranty Annual EPS": {"2019": "$4.00", "2018": "$4.68", "2017": "$5.96", "2016": "$6.56", "2015": "$7.08", "2014": "$6.26", "2013": "$4.30", "2012": "$0.57", "2011": "$4.16", "2010": "$2.56", "2009": "$0.66", "2008": "$0.77", "2007": "$-4.38", "2006": "$2.15", "2005": "$2.53"}, "Assured Guaranty Quarterly EPS": {"2020-09-30": "$1.02", "2020-06-30": "$2.10", "2020-03-31": "$-0.59", "2019-12-31": "$1.39", "2019-09-30": "$0.70", "2019-06-30": "$1.39", "2019-03-31": "$0.52", "2018-12-31": "$0.86", "2018-09-30": "$1.47", "2018-06-30": "$0.67", "2018-03-31": "$1.68", "2017-12-31": "$0.51", "2017-09-30": "$1.72", "2017-06-30": "$1.24", "2017-03-31": "$2.49", "2016-12-31": "$1.44", "2016-09-30": "$3.60", "2016-06-30": "$1.09", "2016-03-31": "$0.43", "2015-12-31": "$2.96", "2015-09-30": "$0.88", "2015-06-30": "$1.96", "2015-03-31": "$1.28", "2014-12-31": "$3.05", "2014-09-30": "$2.09", "2014-06-30": "$0.89", "2014-03-31": "$0.23", "2013-12-31": "$1.79", "2013-09-30": "$2.09", "2013-06-30": "$1.16", "2013-03-31": "$-0.74", "2012-12-31": "$0.48", "2012-09-30": "$0.73", "2012-06-30": "$2.01", "2012-03-31": "$-2.65", "2011-12-31": "$-0.48", "2011-09-30": "$4.13", "2011-06-30": "$-0.23", "2011-03-31": "$0.74", "2010-12-31": "$-1.09", "2010-09-30": "$0.88", "2010-06-30": "$1.08", "2010-03-31": "$1.69", "2009-12-31": "$1.77", "2009-09-30": "$-0.22", "2009-06-30": "$-1.82", "2009-03-31": "$0.93", "2008-12-31": "$-2.41", "2008-09-30": "$-0.69", "2008-06-30": "$5.96", "2008-03-31": "$-2.09", "2007-12-31": "$-3.72", "2007-09-30": "$-1.70", "2007-06-30": "$0.47", "2007-03-31": "$0.57", "2006-12-31": "$0.57", "2006-09-30": "$0.51", "2006-06-30": "$0.60", "2006-03-31": "$0.47", "2005-12-31": "$0.51", "2005-09-30": "$0.53", "2005-06-30": "$0.90", "2005-03-31": "$0.59"}}, "shares-outstanding": {"Assured Guaranty Annual Shares Outstanding (Millions of Shares)": {"2019": "100", "2018": "111", "2017": "122", "2016": "134", "2015": "149", "2014": "174", "2013": "188", "2012": "191", "2011": "186", "2010": "189", "2009": "129", "2008": "88", "2007": "68", "2006": "74", "2005": "74"}, "Assured Guaranty Quarterly Shares Outstanding (Millions of Shares)": {"2020-09-30": "83", "2020-06-30": "87", "2020-03-31": "93", "2019-12-31": "100", "2019-09-30": "98", "2019-06-30": "102", "2019-03-31": "104", "2018-12-31": "111", "2018-09-30": "109", "2018-06-30": "113", "2018-03-31": "117", "2017-12-31": "122", "2017-09-30": "121", "2017-06-30": "123", "2017-03-31": "127", "2016-12-31": "134", "2016-09-30": "133", "2016-06-30": "135", "2016-03-31": "137", "2015-12-31": "149", "2015-09-30": "147", "2015-06-30": "152", "2015-03-31": "157", "2014-12-31": "174", "2014-09-30": "170", "2014-06-30": "180", "2014-03-31": "183", "2013-12-31": "188", "2013-09-30": "184", "2013-06-30": "189", "2013-03-31": "194", "2012-12-31": "191", "2012-09-30": "195", "2012-06-30": "187", "2012-03-31": "182", "2011-12-31": "186", "2011-09-30": "184", "2011-06-30": "184", "2011-03-31": "187", "2010-12-31": "189", "2010-09-30": "187", "2010-06-30": "189", "2010-03-31": "191", "2009-12-31": "129", "2009-09-30": "156", "2009-06-30": "93", "2009-03-31": "91", "2008-12-31": "88", "2008-09-30": "91", "2008-06-30": "90", "2008-03-31": "80", "2007-12-31": "68", "2007-09-30": "68", "2007-06-30": "69", "2007-03-31": "69", "2006-12-31": "74", "2006-09-30": "74", "2006-06-30": "74", "2006-03-31": "75", "2005-12-31": "74", "2005-09-30": "74", "2005-06-30": "74", "2005-03-31": "75"}}, "total-assets": {"Assured Guaranty Annual Total Assets (Millions of US $)": {"2019": "$14,326", "2018": "$13,603", "2017": "$14,433", "2016": "$14,151", "2015": "$14,544", "2014": "$14,919", "2013": "$16,287", "2012": "$17,242", "2011": "$17,709", "2010": "$19,842", "2009": "$16,803", "2008": "$4,556", "2007": "$3,763", "2006": "$2,935", "2005": "$2,696"}, "Assured Guaranty Quarterly Total Assets (Millions of US $)": {"2020-09-30": "$14,695", "2020-06-30": "$14,780", "2020-03-31": "$13,745", "2019-12-31": "$14,326", "2019-09-30": "$13,367", "2019-06-30": "$13,581", "2019-03-31": "$13,551", "2018-12-31": "$13,603", "2018-09-30": "$13,739", "2018-06-30": "$14,132", "2018-03-31": "$14,019", "2017-12-31": "$14,433", "2017-09-30": "$14,649", "2017-06-30": "$14,655", "2017-03-31": "$14,675", "2016-12-31": "$14,151", "2016-09-30": "$14,669", "2016-06-30": "$14,092", "2016-03-31": "$14,452", "2015-12-31": "$14,544", "2015-09-30": "$15,034", "2015-06-30": "$15,479", "2015-03-31": "$14,677", "2014-12-31": "$14,919", "2014-09-30": "$15,369", "2014-06-30": "$15,690", "2014-03-31": "$15,106", "2013-12-31": "$16,287", "2013-09-30": "$16,354", "2013-06-30": "$16,608", "2013-03-31": "$17,299", "2012-12-31": "$17,242", "2012-09-30": "$17,563", "2012-06-30": "$18,074", "2012-03-31": "$18,505", "2011-12-31": "$17,709", "2011-09-30": "$18,405", "2011-06-30": "$19,239", "2011-03-31": "$19,509", "2010-12-31": "$19,842", "2010-09-30": "$18,371", "2010-06-30": "$17,589", "2010-03-31": "$17,388", "2009-12-31": "$16,803", "2009-09-30": "$16,203", "2009-06-30": "$6,496", "2009-03-31": "$5,588", "2008-12-31": "$4,556", "2008-09-30": "$4,443", "2008-06-30": "$4,528", "2008-03-31": "$4,062", "2007-12-31": "$3,763", "2007-09-30": "$3,138", "2007-06-30": "$2,972", "2007-03-31": "$2,953", "2006-12-31": "$2,935", "2006-09-30": "$2,845", "2006-06-30": "$2,735", "2006-03-31": "$2,678", "2005-12-31": "$2,696", "2005-09-30": "$2,767", "2005-06-30": "$2,772", "2005-03-31": "$2,710"}}, "cash-on-hand": {"Assured Guaranty Annual Cash on Hand (Millions of US $)": {"2019": "$169", "2018": "$104", "2017": "$144", "2016": "$118", "2015": "$166", "2014": "$75", "2013": "$184", "2012": "$138", "2011": "$215", "2010": "$108", "2009": "$44", "2008": "$12", "2007": "$8", "2006": "$5", "2005": "$6"}, "Assured Guaranty Quarterly Cash on Hand (Millions of US $)": {"2020-09-30": "$223", "2020-06-30": "$293", "2020-03-31": "$139", "2019-12-31": "$169", "2019-09-30": "$229", "2019-06-30": "$190", "2019-03-31": "$123", "2018-12-31": "$104", "2018-09-30": "$82", "2018-06-30": "$185", "2018-03-31": "$114", "2017-12-31": "$144", "2017-09-30": "$72", "2017-06-30": "$200", "2017-03-31": "$147", "2016-12-31": "$118", "2016-09-30": "$98", "2016-06-30": "$190", "2016-03-31": "$112", "2015-12-31": "$166", "2015-09-30": "$66", "2015-06-30": "$75", "2015-03-31": "$885", "2014-12-31": "$75", "2014-09-30": "$82", "2014-06-30": "$106", "2014-03-31": "$219", "2013-12-31": "$184", "2013-09-30": "$106", "2013-06-30": "$143", "2013-03-31": "$125", "2012-12-31": "$138", "2012-09-30": "$133", "2012-06-30": "$175", "2012-03-31": "$182", "2011-12-31": "$215", "2011-09-30": "$173", "2011-06-30": "$159", "2011-03-31": "$96", "2010-12-31": "$108", "2010-09-30": "$87", "2010-06-30": "$97", "2010-03-31": "$90", "2009-12-31": "$44", "2009-09-30": "$260", "2009-06-30": "$9", "2009-03-31": "$19", "2008-12-31": "$12", "2008-09-30": "$8", "2008-06-30": "$10", "2008-03-31": "$8", "2007-12-31": "$8", "2007-09-30": "$25", "2007-06-30": "$24", "2007-03-31": "$6", "2006-12-31": "$5", "2006-09-30": "$16", "2006-06-30": "$29", "2006-03-31": "$4", "2005-12-31": "$6", "2005-09-30": "$7", "2005-06-30": "$5", "2005-03-31": "$22"}}, "long-term-debt": {"Assured Guaranty Annual Long Term Debt (Millions of US $)": {"2019": "$1,235", "2018": "$1,233", "2017": "$1,292", "2016": "$1,306", "2015": "$1,300", "2014": "$1,297", "2013": "$816", "2012": "$836", "2011": "$1,038", "2010": "$1,053", "2009": "$1,066", "2008": "$347", "2007": "$347", "2006": "$347", "2005": "$197"}, "Assured Guaranty Quarterly Long Term Debt (Millions of US $)": {"2020-09-30": "$1,223", "2020-06-30": "$1,222", "2020-03-31": "$1,221", "2019-12-31": "$1,235", "2019-09-30": "$1,234", "2019-06-30": "$1,233", "2019-03-31": "$1,232", "2018-12-31": "$1,233", "2018-09-30": "$1,249", "2018-06-30": "$1,264", "2018-03-31": "$1,281", "2017-12-31": "$1,292", "2017-09-30": "$1,292", "2017-06-30": "$1,294", "2017-03-31": "$1,307", "2016-12-31": "$1,306", "2016-09-30": "$1,304", "2016-06-30": "$1,303", "2016-03-31": "$1,302", "2015-12-31": "$1,300", "2015-09-30": "$1,306", "2015-06-30": "$1,305", "2015-03-31": "$1,304", "2014-12-31": "$1,297", "2014-09-30": "$1,303", "2014-06-30": "$1,311", "2014-03-31": "$812", "2013-12-31": "$816", "2013-09-30": "$819", "2013-06-30": "$827", "2013-03-31": "$832", "2012-12-31": "$836", "2012-09-30": "$840", "2012-06-30": "$846", "2012-03-31": "$1,035", "2011-12-31": "$1,038", "2011-09-30": "$1,042", "2011-06-30": "$1,046", "2011-03-31": "$1,050", "2010-12-31": "$1,053", "2010-09-30": "$1,056", "2010-06-30": "$1,059", "2010-03-31": "$1,062", "2009-12-31": "$1,066", "2009-09-30": "$1,071", "2009-06-30": "$517", "2009-03-31": "$347", "2008-12-31": "$347", "2008-09-30": "$347", "2008-06-30": "$347", "2008-03-31": "$347", "2007-12-31": "$347", "2007-09-30": "$347", "2007-06-30": "$347", "2007-03-31": "$347", "2006-12-31": "$347", "2006-09-30": "$197", "2006-06-30": "$197", "2006-03-31": "$197", "2005-12-31": "$197", "2005-09-30": "$197", "2005-06-30": "$197", "2005-03-31": "$197"}}, "total-liabilities": {"Assured Guaranty Annual Total Liabilities (Millions of US $)": {"2019": "$7,681", "2018": "$7,048", "2017": "$7,594", "2016": "$7,647", "2015": "$8,481", "2014": "$9,161", "2013": "$11,172", "2012": "$12,248", "2011": "$13,057", "2010": "$16,108", "2009": "$13,283", "2008": "$2,629", "2007": "$2,096", "2006": "$1,285", "2005": "$1,035"}, "Assured Guaranty Quarterly Total Liabilities (Millions of US $)": {"2020-09-30": "$8,099", "2020-06-30": "$8,291", "2020-03-31": "$7,480", "2019-12-31": "$7,681", "2019-09-30": "$6,715", "2019-06-30": "$6,859", "2019-03-31": "$6,882", "2018-12-31": "$7,048", "2018-09-30": "$7,156", "2018-06-30": "$7,498", "2018-03-31": "$7,235", "2017-12-31": "$7,594", "2017-09-30": "$7,771", "2017-06-30": "$7,905", "2017-03-31": "$8,038", "2016-12-31": "$7,647", "2016-09-30": "$8,029", "2016-06-30": "$7,842", "2016-03-31": "$8,339", "2015-12-31": "$8,481", "2015-09-30": "$9,215", "2015-06-30": "$9,673", "2015-03-31": "$8,891", "2014-12-31": "$9,161", "2014-09-30": "$10,015", "2014-06-30": "$10,448", "2014-03-31": "$9,897", "2013-12-31": "$11,172", "2013-09-30": "$11,520", "2013-06-30": "$12,124", "2013-03-31": "$12,575", "2012-12-31": "$12,248", "2012-09-30": "$12,611", "2012-06-30": "$13,350", "2012-03-31": "$14,322", "2011-12-31": "$13,057", "2011-09-30": "$13,638", "2011-06-30": "$15,289", "2011-03-31": "$15,615", "2010-12-31": "$16,108", "2010-09-30": "$14,182", "2010-06-30": "$13,720", "2010-03-31": "$13,769", "2009-12-31": "$13,283", "2009-09-30": "$13,406", "2009-06-30": "$4,141", "2009-03-31": "$3,563", "2008-12-31": "$2,629", "2008-09-30": "$2,353", "2008-06-30": "$2,285", "2008-03-31": "$2,569", "2007-12-31": "$2,096", "2007-09-30": "$1,533", "2007-06-30": "$1,278", "2007-03-31": "$1,259", "2006-12-31": "$1,285", "2006-09-30": "$1,088", "2006-06-30": "$1,053", "2006-03-31": "$1,005", "2005-12-31": "$1,035", "2005-09-30": "$1,133", "2005-06-30": "$1,152", "2005-03-31": "$1,172"}}, "total-share-holder-equity": {"Assured Guaranty Annual Share Holder Equity (Millions of US $)": {"2019": "$6,645", "2018": "$6,555", "2017": "$6,839", "2016": "$6,504", "2015": "$6,063", "2014": "$5,758", "2013": "$5,115", "2012": "$4,994", "2011": "$4,652", "2010": "$3,733", "2009": "$3,520", "2008": "$1,926", "2007": "$1,667", "2006": "$1,651", "2005": "$1,662"}, "Assured Guaranty Quarterly Share Holder Equity (Millions of US $)": {"2020-09-30": "$6,596", "2020-06-30": "$6,489", "2020-03-31": "$6,265", "2019-12-31": "$6,645", "2019-09-30": "$6,652", "2019-06-30": "$6,722", "2019-03-31": "$6,669", "2018-12-31": "$6,555", "2018-09-30": "$6,583", "2018-06-30": "$6,634", "2018-03-31": "$6,784", "2017-12-31": "$6,839", "2017-09-30": "$6,878", "2017-06-30": "$6,750", "2017-03-31": "$6,637", "2016-12-31": "$6,504", "2016-09-30": "$6,640", "2016-06-30": "$6,250", "2016-03-31": "$6,113", "2015-12-31": "$6,063", "2015-09-30": "$5,819", "2015-06-30": "$5,806", "2015-03-31": "$5,786", "2014-12-31": "$5,758", "2014-09-30": "$5,354", "2014-06-30": "$5,242", "2014-03-31": "$5,209", "2013-12-31": "$5,115", "2013-09-30": "$4,834", "2013-06-30": "$4,484", "2013-03-31": "$4,724", "2012-12-31": "$4,994", "2012-09-30": "$4,952", "2012-06-30": "$4,724", "2012-03-31": "$4,183", "2011-12-31": "$4,652", "2011-09-30": "$4,767", "2011-06-30": "$3,950", "2011-03-31": "$3,894", "2010-12-31": "$3,733", "2010-09-30": "$4,189", "2010-06-30": "$3,869", "2010-03-31": "$3,619", "2009-12-31": "$3,520", "2009-09-30": "$2,797", "2009-06-30": "$2,355", "2009-03-31": "$2,026", "2008-12-31": "$1,926", "2008-09-30": "$2,090", "2008-06-30": "$2,242", "2008-03-31": "$1,493", "2007-12-31": "$1,667", "2007-09-30": "$1,604", "2007-06-30": "$1,695", "2007-03-31": "$1,694", "2006-12-31": "$1,651", "2006-09-30": "$1,757", "2006-06-30": "$1,683", "2006-03-31": "$1,673", "2005-12-31": "$1,662", "2005-09-30": "$1,634", "2005-06-30": "$1,620", "2005-03-31": "$1,538"}}, "profit-margins": {"current": "34.01%"}, "gross margin": {"2020-09-30": "85.66%", "2020-06-30": "89.18%", "2020-03-31": "92.25%", "2019-12-31": "90.34%", "2019-09-30": "89.09%", "2019-06-30": "91.25%", "2019-03-31": "85.83%", "2018-12-31": "93.61%", "2018-09-30": "92.80%", "2018-06-30": "80.03%", "2018-03-31": "79.34%", "2017-12-31": "77.69%", "2017-09-30": "75.83%", "2017-06-30": "87.49%", "2017-03-31": "86.52%", "2016-12-31": "82.41%", "2016-09-30": "85.42%", "2016-06-30": "77.02%", "2016-03-31": "76.19%", "2015-12-31": "80.79%", "2015-09-30": "83.43%", "2015-06-30": "90.68%", "2015-03-31": "95.25%", "2014-12-31": "93.43%", "2014-09-30": "91.64%", "2014-06-30": "86.98%", "2014-03-31": "87.47%", "2013-12-31": "90.42%", "2013-09-30": "89.26%", "2013-06-30": "81.41%", "2013-03-31": "81.23%", "2012-12-31": "47.17%", "2012-09-30": "27.01%", "2012-06-30": "60.62%", "2012-03-31": "38.49%", "2011-12-31": "75.12%", "2011-09-30": "73.98%", "2011-06-30": "47.89%", "2011-03-31": "72.32%", "2010-12-31": "68.70%", "2010-09-30": "77.55%", "2010-06-30": "75.60%", "2010-03-31": "66.82%", "2009-12-31": "56.92%", "2009-09-30": "-92.66%", "2009-06-30": "474.03%", "2009-03-31": "67.84%", "2008-12-31": "47.65%", "2008-09-30": "49.41%", "2008-06-30": "43.30%", "2008-03-31": "119.19%", "2007-12-31": "112.62%", "2007-09-30": "50.00%", "2007-06-30": "82.37%", "2007-03-31": "81.92%", "2006-12-31": "80.88%", "2006-09-30": "84.52%", "2006-06-30": "84.24%", "2006-03-31": "100.34%", "2005-12-31": "103.73%"}, "operating margin": {"2020-09-30": "44.48%", "2020-06-30": "48.87%", "2020-03-31": "50.23%", "2019-12-31": "57.01%", "2019-09-30": "50.91%", "2019-06-30": "56.80%", "2019-03-31": "49.39%", "2018-12-31": "67.23%", "2018-09-30": "74.37%", "2018-06-30": "65.84%", "2018-03-31": "66.31%", "2017-12-31": "62.56%", "2017-09-30": "62.45%", "2017-06-30": "73.38%", "2017-03-31": "72.69%", "2016-12-31": "66.73%", "2016-09-30": "72.25%", "2016-06-30": "62.95%", "2016-03-31": "63.95%", "2015-12-31": "69.42%", "2015-09-30": "70.08%", "2015-06-30": "78.37%", "2015-03-31": "84.18%", "2014-12-31": "81.39%", "2014-09-30": "81.59%", "2014-06-30": "77.50%", "2014-03-31": "76.00%", "2013-12-31": "76.12%", "2013-09-30": "70.39%", "2013-06-30": "55.88%", "2013-03-31": "61.75%", "2012-12-31": "23.48%", "2012-09-30": "-1.88%", "2012-06-30": "47.98%", "2012-03-31": "18.81%", "2011-12-31": "62.49%", "2011-09-30": "58.27%", "2011-06-30": "4.05%", "2011-03-31": "44.32%", "2010-12-31": "48.29%", "2010-09-30": "63.11%", "2010-06-30": "57.68%", "2010-03-31": "39.97%", "2009-12-31": "19.63%", "2009-09-30": "-251.98%", "2009-06-30": "738.96%", "2009-03-31": "51.07%", "2008-12-31": "24.55%", "2008-09-30": "18.82%", "2008-06-30": "1.53%", "2008-03-31": "140.12%", "2007-12-31": "146.18%", "2007-09-30": "-18.10%", "2007-06-30": "59.57%", "2007-03-31": "60.93%", "2006-12-31": "60.59%", "2006-09-30": "63.55%", "2006-06-30": "63.67%", "2006-03-31": "78.77%", "2005-12-31": "83.39%"}, "ebitda margin": {"2020-09-30": "44.48%", "2020-06-30": "48.87%", "2020-03-31": "50.23%", "2019-12-31": "57.01%", "2019-09-30": "50.91%", "2019-06-30": "56.80%", "2019-03-31": "49.39%", "2018-12-31": "67.23%", "2018-09-30": "74.37%", "2018-06-30": "65.84%", "2018-03-31": "66.31%", "2017-12-31": "62.56%", "2017-09-30": "62.45%", "2017-06-30": "73.38%", "2017-03-31": "72.69%", "2016-12-31": "66.73%", "2016-09-30": "72.25%", "2016-06-30": "62.95%", "2016-03-31": "63.95%", "2015-12-31": "69.42%", "2015-09-30": "70.08%", "2015-06-30": "78.37%", "2015-03-31": "84.18%", "2014-12-31": "81.39%", "2014-09-30": "81.59%", "2014-06-30": "77.50%", "2014-03-31": "76.00%", "2013-12-31": "76.12%", "2013-09-30": "70.39%", "2013-06-30": "55.88%", "2013-03-31": "61.75%", "2012-12-31": "23.48%", "2012-09-30": "-1.88%", "2012-06-30": "47.98%", "2012-03-31": "18.81%", "2011-12-31": "62.49%", "2011-09-30": "58.27%", "2011-06-30": "4.05%", "2011-03-31": "44.32%", "2010-12-31": "48.29%", "2010-09-30": "63.11%", "2010-06-30": "57.68%", "2010-03-31": "39.97%", "2009-12-31": "18.87%", "2009-09-30": "-255.93%", "2009-06-30": "748.05%", "2009-03-31": "50.43%", "2008-12-31": "24.91%", "2008-09-30": "19.53%", "2008-06-30": "3.07%", "2008-03-31": "139.34%", "2007-12-31": "145.18%", "2007-09-30": "-14.66%", "2007-06-30": "60.79%", "2007-03-31": "62.10%", "2006-12-31": "62.35%", "2006-09-30": "65.48%", "2006-06-30": "65.92%", "2006-03-31": "81.51%", "2005-12-31": "86.10%"}, "pre tax profit margin": {"2020-09-30": "36.53%", "2020-06-30": "39.59%", "2020-03-31": "39.81%", "2019-12-31": "48.18%", "2019-09-30": "48.52%", "2019-06-30": "54.37%", "2019-03-31": "46.62%", "2018-12-31": "57.94%", "2018-09-30": "59.40%", "2018-06-30": "54.55%", "2018-03-31": "55.55%", "2017-12-31": "56.99%", "2017-09-30": "57.37%", "2017-06-30": "68.04%", "2017-03-31": "67.59%", "2016-12-31": "60.64%", "2016-09-30": "67.10%", "2016-06-30": "57.29%", "2016-03-31": "59.05%", "2015-12-31": "64.84%", "2015-09-30": "68.13%", "2015-06-30": "76.45%", "2015-03-31": "79.70%", "2014-12-31": "76.78%", "2014-09-30": "73.40%", "2014-06-30": "70.27%", "2014-03-31": "71.91%", "2013-12-31": "71.02%", "2013-09-30": "63.28%", "2013-06-30": "46.00%", "2013-03-31": "54.04%", "2012-12-31": "13.84%", "2012-09-30": "-13.94%", "2012-06-30": "42.43%", "2012-03-31": "10.31%", "2011-12-31": "57.01%", "2011-09-30": "52.04%", "2011-06-30": "-12.65%", "2011-03-31": "33.62%", "2010-12-31": "40.75%", "2010-09-30": "59.84%", "2010-06-30": "52.58%", "2010-03-31": "33.86%", "2009-12-31": "12.76%", "2009-09-30": "-293.22%", "2009-06-30": "767.53%", "2009-03-31": "48.61%", "2008-12-31": "20.22%", "2008-09-30": "12.71%", "2008-06-30": "-7.66%", "2008-03-31": "144.77%", "2007-12-31": "154.15%", "2007-09-30": "-38.79%", "2007-06-30": "52.89%", "2007-03-31": "55.39%", "2006-12-31": "55.88%", "2006-09-30": "58.39%", "2006-06-30": "58.52%", "2006-03-31": "72.95%", "2005-12-31": "77.97%"}, "net profit margin": {"2020-09-30": "34.01%", "2020-06-30": "34.43%", "2020-03-31": "33.91%", "2019-12-31": "41.74%", "2019-09-30": "40.11%", "2019-06-30": "46.89%", "2019-03-31": "41.86%", "2018-12-31": "52.05%", "2018-09-30": "45.37%", "2018-06-30": "37.54%", "2018-03-31": "40.53%", "2017-12-31": "41.98%", "2017-09-30": "45.44%", "2017-06-30": "61.25%", "2017-03-31": "58.14%", "2016-12-31": "52.53%", "2016-09-30": "56.10%", "2016-06-30": "42.77%", "2016-03-31": "43.88%", "2015-12-31": "47.85%", "2015-09-30": "49.30%", "2015-06-30": "55.18%", "2015-03-31": "57.52%", "2014-12-31": "54.56%", "2014-09-30": "52.44%", "2014-06-30": "49.97%", "2014-03-31": "50.18%", "2013-12-31": "50.19%", "2013-09-30": "45.09%", "2013-06-30": "34.24%", "2013-03-31": "39.39%", "2012-12-31": "11.53%", "2012-09-30": "-6.03%", "2012-06-30": "31.67%", "2012-03-31": "12.97%", "2011-12-31": "42.83%", "2011-09-30": "40.92%", "2011-06-30": "9.27%", "2011-03-31": "32.65%", "2010-12-31": "36.94%", "2010-09-30": "44.31%", "2010-06-30": "35.53%", "2010-03-31": "24.01%", "2009-12-31": "9.27%", "2009-09-30": "-204.52%", "2009-06-30": "506.49%", "2009-03-31": "34.29%", "2008-12-31": "12.45%", "2008-09-30": "13.18%", "2008-06-30": "1.53%", "2008-03-31": "97.67%", "2007-12-31": "99.00%", "2007-09-30": "-0.86%", "2007-06-30": "46.20%", "2007-03-31": "47.81%", "2006-12-31": "47.06%", "2006-09-30": "50.32%", "2006-06-30": "50.48%", "2006-03-31": "61.30%", "2005-12-31": "63.73%"}, "pe ratio": {"current": "11.76", "2021-02-05": "9.53", "2020-09-30": "5.40", "2020-06-30": "6.62", "2020-03-31": "8.63", "2019-12-31": "11.83", "2019-09-30": "12.52", "2019-06-30": "9.64", "2019-03-31": "12.23", "2018-12-31": "7.91", "2018-09-30": "9.49", "2018-06-30": "7.55", "2018-03-31": "6.76", "2017-12-31": "5.43", "2017-09-30": "5.12", "2017-06-30": "4.44", "2017-03-31": "4.00", "2016-12-31": "5.32", "2016-09-30": "3.16", "2016-06-30": "4.31", "2016-03-31": "3.69", "2015-12-31": "3.38", "2015-09-30": "3.07", "2015-06-30": "2.52", "2015-03-31": "3.16", "2014-12-31": "3.60", "2014-09-30": "3.88", "2014-06-30": "4.27", "2014-03-31": "4.17", "2013-12-31": "4.72", "2013-09-30": "5.70", "2013-06-30": "12.60", "2013-03-31": "7.54", "2012-12-31": "26.22", "2012-09-30": "0.00", "2012-06-30": "3.97", "2012-03-31": "19.72", "2011-12-31": "2.75", "2011-09-30": "2.54", "2011-06-30": "29.65", "2011-03-31": "6.72", "2010-12-31": "5.13", "2010-09-30": "2.84", "2010-06-30": "2.87", "2010-03-31": "19.89", "2009-12-31": "119.24", "2009-09-30": "0.00", "2009-06-30": "0.00", "2009-03-31": "1.57", "2008-12-31": "19.21", "2008-09-30": "0.00", "2008-06-30": "0.00", "2008-03-31": "0.00", "2007-12-31": "0.00", "2007-09-30": "0.00", "2007-06-30": "10.97", "2007-03-31": "9.59", "2006-12-31": "9.75"}, "price sales": {"2021-02-05": "3.28", "2020-09-30": "1.86", "2020-06-30": "2.32", "2020-03-31": "2.90", "2019-12-31": "5.00", "2019-09-30": "5.07", "2019-06-30": "4.55", "2019-03-31": "5.17", "2018-12-31": "4.14", "2018-09-30": "4.36", "2018-06-30": "2.86", "2018-03-31": "2.75", "2017-12-31": "2.27", "2017-09-30": "2.32", "2017-06-30": "2.71", "2017-03-31": "2.34", "2016-12-31": "2.82", "2016-09-30": "1.81", "2016-06-30": "1.88", "2016-03-31": "1.65", "2015-12-31": "1.65", "2015-09-30": "1.54", "2015-06-30": "1.42", "2015-03-31": "1.87", "2014-12-31": "2.04", "2014-09-30": "2.07", "2014-06-30": "2.15", "2014-03-31": "2.11", "2013-12-31": "2.40", "2013-09-30": "2.59", "2013-06-30": "4.32", "2013-03-31": "2.97", "2012-12-31": "2.49", "2012-09-30": "2.83", "2012-06-30": "1.24", "2012-03-31": "2.22", "2011-12-31": "1.13", "2011-09-30": "1.07", "2011-06-30": "4.28", "2011-03-31": "2.52", "2010-12-31": "2.12", "2010-09-30": "1.18", "2010-06-30": "0.91", "2010-03-31": "2.31", "2009-12-31": "2.56", "2009-09-30": "25.49", "2009-06-30": "0.00", "2009-03-31": "0.53", "2008-12-31": "1.56", "2008-09-30": "3.82", "2008-06-30": "13.02", "2008-03-31": "0.00", "2007-12-31": "0.00", "2007-09-30": "14.14", "2007-06-30": "5.13", "2007-03-31": "4.61", "2006-12-31": "4.60"}, "price book": {"current": "0.48", "2021-02-05": "0.47", "2020-09-30": "0.27", "2020-06-30": "0.31", "2020-03-31": "0.36", "2019-12-31": "0.67", "2019-09-30": "0.62", "2019-06-30": "0.60", "2019-03-31": "0.65", "2018-12-31": "0.58", "2018-09-30": "0.65", "2018-06-30": "0.56", "2018-03-31": "0.58", "2017-12-31": "0.54", "2017-09-30": "0.61", "2017-06-30": "0.69", "2017-03-31": "0.64", "2016-12-31": "0.69", "2016-09-30": "0.51", "2016-06-30": "0.50", "2016-03-31": "0.51", "2015-12-31": "0.55", "2015-09-30": "0.56", "2015-06-30": "0.55", "2015-03-31": "0.63", "2014-12-31": "0.64", "2014-09-30": "0.61", "2014-06-30": "0.72", "2014-03-31": "0.78", "2013-12-31": "0.74", "2013-09-30": "0.62", "2013-06-30": "0.79", "2013-03-31": "0.73", "2012-12-31": "0.48", "2012-09-30": "0.46", "2012-06-30": "0.49", "2012-03-31": "0.61", "2011-12-31": "0.43", "2011-09-30": "0.35", "2011-06-30": "0.64", "2011-03-31": "0.59", "2010-12-31": "0.72", "2010-09-30": "0.62", "2010-06-30": "0.52", "2010-03-31": "0.92", "2009-12-31": "0.94", "2009-09-30": "0.89", "2009-06-30": "0.58", "2009-03-31": "0.25", "2008-12-31": "0.44", "2008-09-30": "0.57", "2008-06-30": "0.58", "2008-03-31": "1.02", "2007-12-31": "1.01", "2007-09-30": "0.91", "2007-06-30": "0.94", "2007-03-31": "0.87", "2006-12-31": "0.86", "2006-09-30": "0.85", "2006-06-30": "0.87", "2006-03-31": "0.87"}, "price fcf": {"2021-02-05": "", "2020-09-30": "$-9.34", "2020-06-30": "$-8.25", "2020-03-31": "$-3.66", "2019-12-31": "$-5.08", "2019-09-30": "$-2.79", "2019-06-30": "$-1.72", "2019-03-31": "$0.73", "2018-12-31": "$4.15", "2018-09-30": "$3.83", "2018-06-30": "$5.86", "2018-03-31": "$2.97", "2017-12-31": "$3.54", "2017-09-30": "$3.37", "2017-06-30": "$0.98", "2017-03-31": "$0.48", "2016-12-31": "$-0.98", "2016-09-30": "$-1.63", "2016-06-30": "$-1.52", "2016-03-31": "$-1.28", "2015-12-31": "$-0.48", "2015-09-30": "$1.01", "2015-06-30": "$2.78", "2015-03-31": "$2.92", "2014-12-31": "$3.32", "2014-09-30": "$2.55", "2014-06-30": "$1.89", "2014-03-31": "$1.92", "2013-12-31": "$1.30", "2013-09-30": "$1.07", "2013-06-30": "$-1.09", "2013-03-31": "$-1.35", "2012-12-31": "$-0.87", "2012-09-30": "$-0.77", "2012-06-30": "$1.08", "2012-03-31": "$4.71", "2011-12-31": "$3.64", "2011-09-30": "$4.51", "2011-06-30": "$5.44", "2011-03-31": "$1.27", "2010-12-31": "$0.68", "2010-09-30": "$-0.27", "2010-06-30": "$-1.34", "2010-03-31": "$-0.91", "2009-12-31": "$2.16", "2009-09-30": "$2.64", "2009-06-30": "$3.32", "2009-03-31": "$4.80", "2008-12-31": "$4.83", "2008-09-30": "$6.98", "2008-06-30": "$8.03", "2008-03-31": "$7.10", "2007-12-31": "$5.67", "2007-09-30": "$3.86", "2007-06-30": "$3.63", "2007-03-31": "$3.69", "2006-12-31": "$3.52"}, "net worth": {"value": "$3.04B"}, "current ratio": {"2020-09-30": "0.41", "2020-06-30": "0.42", "2020-03-31": "0.29", "2019-12-31": "0.39", "2019-09-30": "0.25", "2019-06-30": "0.31", "2019-03-31": "0.30", "2018-12-31": "0.29", "2018-09-30": "0.28", "2018-06-30": "0.31", "2018-03-31": "0.31", "2017-12-31": "0.31", "2017-09-30": "0.30", "2017-06-30": "0.31", "2017-03-31": "0.28", "2016-12-31": "0.22", "2016-09-30": "0.16", "2016-06-30": "0.24", "2016-03-31": "0.22", "2015-12-31": "0.24", "2015-09-30": "0.20", "2015-06-30": "0.19", "2015-03-31": "0.40", "2014-12-31": "0.20", "2014-09-30": "0.21", "2014-06-30": "0.22", "2014-03-31": "0.21", "2013-12-31": "0.23", "2013-09-30": "0.22", "2013-06-30": "0.22", "2013-03-31": "0.22", "2012-12-31": "0.22", "2012-09-30": "0.20", "2012-06-30": "0.24", "2012-03-31": "0.23", "2011-12-31": "0.22", "2011-09-30": "0.23", "2011-06-30": "0.22", "2011-03-31": "0.20", "2010-12-31": "0.18", "2010-09-30": "0.18", "2010-06-30": "0.17", "2010-03-31": "0.18", "2009-12-31": "0.17", "2009-09-30": "0.32", "2009-06-30": "0.33", "2009-03-31": "0.33", "2008-12-31": "0.02", "2008-09-30": "0.10", "2008-06-30": "0.04", "2008-03-31": "0.05", "2007-12-31": "0.06", "2007-09-30": "0.09", "2007-06-30": "0.10", "2007-03-31": "0.07", "2006-12-31": "0.08", "2006-09-30": "0.09", "2006-06-30": "0.14", "2006-03-31": "0.08", "2005-12-31": "0.09", "2005-09-30": "0.19", "2005-06-30": "0.26", "2005-03-31": "0.22"}, "quick ratio": {"2020-09-30": "0.00", "2020-06-30": "0.00", "2020-03-31": "0.00", "2019-12-31": "0.00", "2019-09-30": "0.00", "2019-06-30": "0.00", "2019-03-31": "0.00", "2018-12-31": "0.00", "2018-09-30": "0.00", "2018-06-30": "0.00", "2018-03-31": "0.00", "2017-12-31": "0.00", "2017-09-30": "0.00", "2017-06-30": "0.00", "2017-03-31": "0.00", "2016-12-31": "0.00", "2016-09-30": "0.00", "2016-06-30": "0.00", "2016-03-31": "0.00", "2015-12-31": "0.00", "2015-09-30": "0.00", "2015-06-30": "0.00", "2015-03-31": "0.00", "2014-12-31": "0.00", "2014-09-30": "0.00", "2014-06-30": "0.00", "2014-03-31": "0.00", "2013-12-31": "0.00", "2013-09-30": "0.00", "2013-06-30": "0.00", "2013-03-31": "0.00", "2012-12-31": "0.00", "2012-09-30": "0.00", "2012-06-30": "0.00", "2012-03-31": "0.00", "2011-12-31": "0.00", "2011-09-30": "0.00", "2011-06-30": "0.00", "2011-03-31": "0.00", "2010-12-31": "0.00", "2010-09-30": "0.00", "2010-06-30": "0.00", "2010-03-31": "0.00", "2009-12-31": "0.00", "2009-09-30": "0.00", "2009-06-30": "0.00", "2009-03-31": "0.00", "2008-12-31": "0.00", "2008-09-30": "0.00", "2008-06-30": "0.00", "2008-03-31": "0.00", "2007-12-31": "0.00", "2007-09-30": "0.00", "2007-06-30": "0.00", "2007-03-31": "0.00", "2006-12-31": "0.00", "2006-09-30": "0.00", "2006-06-30": "0.00", "2006-03-31": "0.00", "2005-12-31": "0.00", "2005-09-30": "0.00", "2005-06-30": "0.00", "2005-03-31": "0.00"}, "debt equity ratio": {"current": "0.19", "2020-09-30": "1.23", "2020-06-30": "1.28", "2020-03-31": "1.19", "2019-12-31": "1.16", "2019-09-30": "1.01", "2019-06-30": "1.02", "2019-03-31": "1.03", "2018-12-31": "1.08", "2018-09-30": "1.09", "2018-06-30": "1.13", "2018-03-31": "1.07", "2017-12-31": "1.11", "2017-09-30": "1.13", "2017-06-30": "1.17", "2017-03-31": "1.21", "2016-12-31": "1.18", "2016-09-30": "1.21", "2016-06-30": "1.26", "2016-03-31": "1.36", "2015-12-31": "1.40", "2015-09-30": "1.58", "2015-06-30": "1.67", "2015-03-31": "1.54", "2014-12-31": "1.59", "2014-09-30": "1.87", "2014-06-30": "1.99", "2014-03-31": "1.90", "2013-12-31": "2.18", "2013-09-30": "2.38", "2013-06-30": "2.70", "2013-03-31": "2.66", "2012-12-31": "2.45", "2012-09-30": "2.55", "2012-06-30": "2.83", "2012-03-31": "3.42", "2011-12-31": "2.81", "2011-09-30": "2.86", "2011-06-30": "3.87", "2011-03-31": "4.01", "2010-12-31": "4.32", "2010-09-30": "3.39", "2010-06-30": "3.55", "2010-03-31": "3.81", "2009-12-31": "3.77", "2009-09-30": "4.79", "2009-06-30": "1.76", "2009-03-31": "1.76", "2008-12-31": "1.37", "2008-09-30": "1.13", "2008-06-30": "1.02", "2008-03-31": "1.72", "2007-12-31": "1.26", "2007-09-30": "0.96", "2007-06-30": "0.75", "2007-03-31": "0.74", "2006-12-31": "0.78", "2006-09-30": "0.62", "2006-06-30": "0.63", "2006-03-31": "0.60", "2005-12-31": "0.62", "2005-09-30": "0.69", "2005-06-30": "0.71", "2005-03-31": "0.76"}, "return on equity": {"2020-09-30": "5.40%", "2020-06-30": "5.13%", "2020-03-31": "4.46%", "2019-12-31": "6.03%", "2019-09-30": "5.31%", "2019-06-30": "6.71%", "2019-03-31": "5.72%", "2018-12-31": "7.85%", "2018-09-30": "7.23%", "2018-06-30": "7.84%", "2018-03-31": "8.95%", "2017-12-31": "10.77%", "2017-09-30": "13.09%", "2017-06-30": "17.28%", "2017-03-31": "17.50%", "2016-12-31": "13.82%", "2016-09-30": "17.75%", "2016-06-30": "12.59%", "2016-03-31": "15.36%", "2015-12-31": "17.99%", "2015-09-30": "20.03%", "2015-06-30": "24.40%", "2015-03-31": "22.53%", "2014-12-31": "20.18%", "2014-09-30": "17.27%", "2014-06-30": "18.29%", "2014-03-31": "20.22%", "2013-12-31": "16.85%", "2013-09-30": "11.20%", "2013-06-30": "6.08%", "2013-03-31": "9.26%", "2012-12-31": "2.33%", "2012-09-30": "-1.04%", "2012-06-30": "12.46%", "2012-03-31": "3.44%", "2011-12-31": "17.91%", "2011-09-30": "15.93%", "2011-06-30": "1.40%", "2011-03-31": "7.70%", "2010-12-31": "12.59%", "2010-09-30": "23.58%", "2010-06-30": "20.17%", "2010-03-31": "10.48%", "2009-12-31": "3.18%", "2009-09-30": "-15.91%", "2009-06-30": "-18.58%", "2009-03-31": "15.50%", "2008-12-31": "3.56%", "2008-09-30": "2.99%", "2008-06-30": "0.23%", "2008-03-31": "-31.21%", "2007-12-31": "-17.90%", "2007-09-30": "-0.06%", "2007-06-30": "8.95%", "2007-03-31": "9.67%", "2006-12-31": "9.46%", "2006-09-30": "9.21%", "2006-06-30": "9.44%", "2006-03-31": "10.87%", "2005-12-31": "11.65%"}, "return on assets": {"2020-09-30": "2.44%", "2020-06-30": "2.38%", "2020-03-31": "2.13%", "2019-12-31": "2.93%", "2019-09-30": "2.61%", "2019-06-30": "3.27%", "2019-03-31": "2.75%", "2018-12-31": "3.76%", "2018-09-30": "3.44%", "2018-06-30": "3.72%", "2018-03-31": "4.22%", "2017-12-31": "5.00%", "2017-09-30": "6.03%", "2017-06-30": "7.88%", "2017-03-31": "7.91%", "2016-12-31": "6.14%", "2016-09-30": "7.70%", "2016-06-30": "5.25%", "2016-03-31": "6.14%", "2015-12-31": "7.07%", "2015-09-30": "7.72%", "2015-06-30": "9.17%", "2015-03-31": "8.22%", "2014-12-31": "7.12%", "2014-09-30": "5.78%", "2014-06-30": "5.88%", "2014-03-31": "6.17%", "2013-12-31": "4.85%", "2013-09-30": "3.16%", "2013-06-30": "1.69%", "2013-03-31": "2.56%", "2012-12-31": "0.62%", "2012-09-30": "-0.27%", "2012-06-30": "3.14%", "2012-03-31": "0.82%", "2011-12-31": "4.13%", "2011-09-30": "3.38%", "2011-06-30": "0.29%", "2011-03-31": "1.60%", "2010-12-31": "2.65%", "2010-09-30": "5.11%", "2010-06-30": "4.10%", "2010-03-31": "2.26%", "2009-12-31": "0.75%", "2009-09-30": "-4.41%", "2009-06-30": "-7.40%", "2009-03-31": "6.72%", "2008-12-31": "1.57%", "2008-09-30": "1.33%", "2008-06-30": "0.10%", "2008-03-31": "-14.47%", "2007-12-31": "-9.29%", "2007-09-30": "-0.03%", "2007-06-30": "5.19%", "2007-03-31": "5.72%", "2006-12-31": "5.72%", "2006-09-30": "5.70%", "2006-06-30": "5.77%", "2006-03-31": "6.56%", "2005-12-31": "6.87%"}, "return on investments": {"2020-09-30": "5.94%", "2020-06-30": "6.12%", "2020-03-31": "5.56%", "2019-12-31": "6.94%", "2019-09-30": "5.68%", "2019-06-30": "6.85%", "2019-03-31": "5.68%", "2018-12-31": "8.52%", "2018-09-30": "9.96%", "2018-06-30": "11.57%", "2018-03-31": "12.32%", "2017-12-31": "13.48%", "2017-09-30": "15.07%", "2017-06-30": "17.30%", "2017-03-31": "18.23%", "2016-12-31": "14.57%", "2016-09-30": "18.92%", "2016-06-30": "15.25%", "2016-03-31": "18.36%", "2015-12-31": "21.36%", "2015-09-30": "23.24%", "2015-06-30": "28.19%", "2015-03-31": "26.69%", "2014-12-31": "24.70%", "2014-09-30": "22.34%", "2014-06-30": "23.96%", "2014-03-31": "26.25%", "2013-12-31": "21.81%", "2013-09-30": "14.89%", "2013-06-30": "8.45%", "2013-03-31": "12.38%", "2012-12-31": "4.00%", "2012-09-30": "-0.27%", "2012-06-30": "15.53%", "2012-03-31": "4.03%", "2011-12-31": "21.05%", "2011-09-30": "18.06%", "2011-06-30": "0.48%", "2011-03-31": "8.24%", "2010-12-31": "12.91%", "2010-09-30": "26.25%", "2010-06-30": "25.02%", "2010-03-31": "13.39%", "2009-12-31": "5.26%", "2009-09-30": "-15.67%", "2009-06-30": "-22.86%", "2009-03-31": "19.77%", "2008-12-31": "5.95%", "2008-09-30": "3.60%", "2008-06-30": "0.19%", "2008-03-31": "-36.85%", "2007-12-31": "-21.87%", "2007-09-30": "-1.05%", "2007-06-30": "9.76%", "2007-03-31": "10.62%", "2006-12-31": "10.70%", "2006-09-30": "10.42%", "2006-06-30": "10.64%", "2006-03-31": "12.47%", "2005-12-31": "13.59%"}, "return on tangible equity": {"2020-09-30": "5.58%", "2020-06-30": "5.26%", "2020-03-31": "4.53%", "2019-12-31": "6.07%", "2019-09-30": "5.31%", "2019-06-30": "6.72%", "2019-03-31": "5.72%", "2018-12-31": "7.85%", "2018-09-30": "7.23%", "2018-06-30": "7.84%", "2018-03-31": "8.95%", "2017-12-31": "10.77%", "2017-09-30": "13.09%", "2017-06-30": "17.28%", "2017-03-31": "17.50%", "2016-12-31": "13.82%", "2016-09-30": "17.75%", "2016-06-30": "12.59%", "2016-03-31": "15.36%", "2015-12-31": "17.99%", "2015-09-30": "20.03%", "2015-06-30": "24.40%", "2015-03-31": "22.53%", "2014-12-31": "20.18%", "2014-09-30": "17.27%", "2014-06-30": "18.29%", "2014-03-31": "20.22%", "2013-12-31": "16.85%", "2013-09-30": "11.20%", "2013-06-30": "6.08%", "2013-03-31": "9.26%", "2012-12-31": "2.33%", "2012-09-30": "-1.04%", "2012-06-30": "12.46%", "2012-03-31": "3.44%", "2011-12-31": "17.91%", "2011-09-30": "15.93%", "2011-06-30": "1.40%", "2011-03-31": "7.70%", "2010-12-31": "12.59%", "2010-09-30": "23.58%", "2010-06-30": "20.17%", "2010-03-31": "10.55%", "2009-12-31": "3.23%", "2009-09-30": "-16.37%", "2009-06-30": "-19.36%", "2009-03-31": "16.17%", "2008-12-31": "3.72%", "2008-09-30": "3.13%", "2008-06-30": "0.24%", "2008-03-31": "-32.96%", "2007-12-31": "-18.87%", "2007-09-30": "-0.06%", "2007-06-30": "9.42%", "2007-03-31": "10.18%", "2006-12-31": "9.97%", "2006-09-30": "9.70%", "2006-06-30": "9.95%", "2006-03-31": "11.46%", "2005-12-31": "12.31%"}, "dividend yield history": {"last payout": "$0.80", "last yield": "2.13%"}}