{"ticker": "T", "price": {"title": "AT&T Historical Annual Stock Price Data", "value": 28.93, "historical": {"2021": {"Average Stock Price": "29.0321", "Year Open": "29.4400", "Year High": "29.9100", "Year Low": "28.5100", "Year Close": "28.9300", "Annual % Change": "0.59%"}, "2020": {"Average Stock Price": "31.0698", "Year Open": "38.8600", "Year High": "39.3700", "Year Low": "26.5000", "Year Close": "28.7600", "Annual % Change": "-26.41%"}, "2019": {"Average Stock Price": "33.9290", "Year Open": "29.5400", "Year High": "39.6300", "Year Low": "29.3700", "Year Close": "39.0800", "Annual % Change": "36.93%"}, "2018": {"Average Stock Price": "33.3052", "Year Open": "38.5400", "Year High": "39.1600", "Year Low": "27.3600", "Year Close": "28.5400", "Annual % Change": "-26.59%"}, "2017": {"Average Stock Price": "38.5964", "Year Open": "43.0200", "Year High": "43.0200", "Year Low": "32.8600", "Year Close": "38.8800", "Annual % Change": "-8.58%"}, "2016": {"Average Stock Price": "39.2782", "Year Open": "34.3500", "Year High": "43.4700", "Year Low": "33.5100", "Year Close": "42.5300", "Annual % Change": "23.60%"}, "2015": {"Average Stock Price": "33.8040", "Year Open": "33.8700", "Year High": "36.1800", "Year Low": "31.8000", "Year Close": "34.4100", "Annual % Change": "2.44%"}, "2014": {"Average Stock Price": "34.5867", "Year Open": "34.9500", "Year High": "36.7400", "Year Low": "31.8600", "Year Close": "33.5900", "Annual % Change": "-4.47%"}, "2013": {"Average Stock Price": "35.4347", "Year Open": "35.0000", "Year High": "39.0000", "Year Low": "33.1100", "Year Close": "35.1600", "Annual % Change": "4.30%"}, "2012": {"Average Stock Price": "33.8300", "Year Open": "30.3800", "Year High": "38.3400", "Year Low": "29.1600", "Year Close": "33.7100", "Annual % Change": "11.47%"}, "2011": {"Average Stock Price": "29.3640", "Year Open": "29.6700", "Year High": "31.8600", "Year Low": "27.3300", "Year Close": "30.2400", "Annual % Change": "2.93%"}, "2010": {"Average Stock Price": "26.6608", "Year Open": "28.5800", "Year High": "29.4400", "Year Low": "24.1300", "Year Close": "29.3800", "Annual % Change": "4.82%"}, "2009": {"Average Stock Price": "25.6174", "Year Open": "29.4200", "Year High": "29.4200", "Year Low": "21.7200", "Year Close": "28.0300", "Annual % Change": "-1.65%"}, "2008": {"Average Stock Price": "33.2274", "Year Open": "41.0000", "Year High": "41.4300", "Year Low": "22.4200", "Year Close": "28.5000", "Annual % Change": "-31.42%"}, "2007": {"Average Stock Price": "39.2681", "Year Open": "34.9500", "Year High": "42.8300", "Year Low": "33.8100", "Year Close": "41.5600", "Annual % Change": "16.25%"}, "2006": {"Average Stock Price": "29.2742", "Year Open": "24.7100", "Year High": "35.7500", "Year Low": "24.4500", "Year Close": "35.7500", "Annual % Change": "45.98%"}, "2005": {"Average Stock Price": "23.9729", "Year Open": "25.5900", "Year High": "25.5900", "Year Low": "22.1000", "Year Close": "24.4900", "Annual % Change": "-4.97%"}, "2004": {"Average Stock Price": "25.2625", "Year Open": "26.1400", "Year High": "27.5900", "Year Low": "23.0000", "Year Close": "25.7700", "Annual % Change": "-1.15%"}, "2003": {"Average Stock Price": "23.6969", "Year Open": "28.9100", "Year High": "31.1900", "Year Low": "19.3400", "Year Close": "26.0700", "Annual % Change": "-3.84%"}, "2002": {"Average Stock Price": "30.5769", "Year Open": "39.9000", "Year High": "40.1700", "Year Low": "20.1000", "Year Close": "27.1100", "Annual % Change": "-30.79%"}, "2001": {"Average Stock Price": "43.0930", "Year Open": "50.3800", "Year High": "52.3800", "Year Low": "37.3800", "Year Close": "39.1700", "Annual % Change": "-17.97%"}, "2000": {"Average Stock Price": "45.9809", "Year Open": "47.0000", "Year High": "58.5000", "Year Low": "35.4400", "Year Close": "47.7500", "Annual % Change": "-2.05%"}, "1999": {"Average Stock Price": "52.4816", "Year Open": "52.6300", "Year High": "59.1900", "Year Low": "44.2500", "Year Close": "48.7500", "Annual % Change": "-9.10%"}, "1998": {"Average Stock Price": "41.9329", "Year Open": "37.4700", "Year High": "54.1300", "Year Low": "35.7800", "Year Close": "53.6300", "Annual % Change": "46.43%"}, "1997": {"Average Stock Price": "29.6879", "Year Open": "26.3150", "Year High": "38.0000", "Year Low": "24.9400", "Year Close": "36.6250", "Annual % Change": "41.19%"}, "1996": {"Average Stock Price": "25.4547", "Year Open": "29.1900", "Year High": "30.0000", "Year Low": "23.1875", "Year Close": "25.9400", "Annual % Change": "-9.38%"}, "1995": {"Average Stock Price": "23.9283", "Year Open": "20.3150", "Year High": "28.9400", "Year Low": "19.9400", "Year Close": "28.6250", "Annual % Change": "41.78%"}, "1994": {"Average Stock Price": "20.5545", "Year Open": "20.7500", "Year High": "22.1250", "Year Low": "18.6250", "Year Close": "20.1900", "Annual % Change": "-2.70%"}, "1993": {"Average Stock Price": "19.9186", "Year Open": "18.2500", "Year High": "23.3150", "Year Low": "17.2200", "Year Close": "20.7500", "Annual % Change": "12.16%"}, "1992": {"Average Stock Price": "16.0075", "Year Open": "16.2800", "Year High": "18.5300", "Year Low": "14.2200", "Year Close": "18.5000", "Annual % Change": "14.52%"}, "1991": {"Average Stock Price": "13.6907", "Year Open": "13.9375", "Year High": "16.4375", "Year Low": "12.3750", "Year Close": "16.1550", "Annual % Change": "15.39%"}, "1990": {"Average Stock Price": "13.5786", "Year Open": "16.1875", "Year High": "16.1875", "Year Low": "11.8750", "Year Close": "14.0000", "Annual % Change": "-12.34%"}, "1989": {"Average Stock Price": "12.7790", "Year Open": "9.8450", "Year High": "15.9700", "Year Low": "9.7200", "Year Close": "15.9700", "Annual % Change": "58.20%"}, "1988": {"Average Stock Price": "9.5281", "Year Open": "8.6250", "Year High": "10.5950", "Year Low": "8.3450", "Year Close": "10.0950", "Annual % Change": "17.45%"}, "1987": {"Average Stock Price": "9.4943", "Year Open": "9.5108", "Year High": "11.1875", "Year Low": "8.1875", "Year Close": "8.5950", "Annual % Change": "-8.12%"}, "1986": {"Average Stock Price": "8.3275", "Year Open": "7.1042", "Year High": "9.6875", "Year Low": "6.6250", "Year Close": "9.3542", "Annual % Change": "31.29%"}, "1985": {"Average Stock Price": "6.5042", "Year Open": "5.8958", "Year High": "7.3333", "Year Low": "5.7183", "Year Close": "7.1250", "Annual % Change": "20.85%"}}}, "market cap": {"value": "$206.16B"}, "income statement": {"Revenue": {"2020-12-31": "171760.00000", "2019-12-31": "181193.00000", "2018-12-31": "170756.00000", "2017-12-31": "160546.00000", "2016-12-31": "163786.00000", "2015-12-31": "146801.00000", "2014-12-31": "132447.00000", "2013-12-31": "128752.00000", "2012-12-31": "127434.00000", "2011-12-31": "126723.00000", "2010-12-31": "124280.00000", "2009-12-31": "122513.00000", "2008-12-31": "123443.00000", "2007-12-31": "118928.00000", "2006-12-31": "63055.00000", "2005-12-31": "43764.00000"}, "Cost Of Goods Sold": {"2020-12-31": "79920.00000", "2019-12-31": "84141.00000", "2018-12-31": "79419.00000", "2017-12-31": "77810.00000", "2016-12-31": "77190.00000", "2015-12-31": "67046.00000", "2014-12-31": "60145.00000", "2013-12-31": "51191.00000", "2012-12-31": "55228.00000", "2011-12-31": "54904.00000", "2010-12-31": "50257.00000", "2009-12-31": "50639.00000", "2008-12-31": "56688.00000", "2007-12-31": "46801.00000", "2006-12-31": "28854.00000", "2005-12-31": "19173.00000"}, "Gross Profit": {"2020-12-31": "91840.00000", "2019-12-31": "97052.00000", "2018-12-31": "91337.00000", "2017-12-31": "82736.00000", "2016-12-31": "86596.00000", "2015-12-31": "79755.00000", "2014-12-31": "72302.00000", "2013-12-31": "77561.00000", "2012-12-31": "72206.00000", "2011-12-31": "71819.00000", "2010-12-31": "74023.00000", "2009-12-31": "71874.00000", "2008-12-31": "66755.00000", "2007-12-31": "72127.00000", "2006-12-31": "34201.00000", "2005-12-31": "24591.00000"}, "Research And Development Expenses": {"2020-12-31": "", "2019-12-31": "", "2018-12-31": "", "2017-12-31": "", "2016-12-31": "", "2015-12-31": "", "2014-12-31": "", "2013-12-31": "", "2012-12-31": "", "2011-12-31": "", "2010-12-31": "", "2009-12-31": "", "2008-12-31": "", "2007-12-31": "", "2006-12-31": "", "2005-12-31": ""}, "SG&A Expenses": {"2020-12-31": "38039.00000", "2019-12-31": "39422.00000", "2018-12-31": "36765.00000", "2017-12-31": "35465.00000", "2016-12-31": "36845.00000", "2015-12-31": "32919.00000", "2014-12-31": "39697.00000", "2013-12-31": "28414.00000", "2012-12-31": "41066.00000", "2011-12-31": "41314.00000", "2010-12-31": "34986.00000", "2009-12-31": "31359.00000", "2008-12-31": "48772.00000", "2007-12-31": "30146.00000", "2006-12-31": "14006.00000", "2005-12-31": "10780.00000"}, "Other Operating Income Or Expenses": {"2020-12-31": "-18880.00000", "2019-12-31": "-1458.00000", "2018-12-31": "-46.00000", "2017-12-31": "-2914.00000", "2016-12-31": "-361.00000", "2015-12-31": "-35.00000", "2014-12-31": "-2120.00000", "2013-12-31": "", "2012-12-31": "", "2011-12-31": "", "2010-12-31": "", "2009-12-31": "", "2008-12-31": "", "2007-12-31": "", "2006-12-31": "", "2005-12-31": ""}, "Operating Expenses": {"2020-12-31": "165355.00000", "2019-12-31": "153238.00000", "2018-12-31": "144660.00000", "2017-12-31": "140576.00000", "2016-12-31": "140243.00000", "2015-12-31": "122016.00000", "2014-12-31": "120235.00000", "2013-12-31": "98000.00000", "2012-12-31": "114437.00000", "2011-12-31": "117505.00000", "2010-12-31": "104707.00000", "2009-12-31": "101513.00000", "2008-12-31": "125133.00000", "2007-12-31": "98524.00000", "2006-12-31": "52767.00000", "2005-12-31": "37596.00000"}, "Operating Income": {"2020-12-31": "6405.00000", "2019-12-31": "27955.00000", "2018-12-31": "26096.00000", "2017-12-31": "19970.00000", "2016-12-31": "23543.00000", "2015-12-31": "24785.00000", "2014-12-31": "12212.00000", "2013-12-31": "30752.00000", "2012-12-31": "12997.00000", "2011-12-31": "9218.00000", "2010-12-31": "19573.00000", "2009-12-31": "21000.00000", "2008-12-31": "-1690.00000", "2007-12-31": "20404.00000", "2006-12-31": "10288.00000", "2005-12-31": "6168.00000"}, "Total Non-Operating Income/Expense": {"2020-12-31": "-9261.00000", "2019-12-31": "-9487.00000", "2018-12-31": "-1223.00000", "2017-12-31": "-4831.00000", "2016-12-31": "-3731.00000", "2015-12-31": "-4093.00000", "2014-12-31": "-1857.00000", "2013-12-31": "-2702.00000", "2012-12-31": "-2558.00000", "2011-12-31": "-2502.00000", "2010-12-31": "-1335.00000", "2009-12-31": "-2482.00000", "2008-12-31": "-2882.00000", "2007-12-31": "-2005.00000", "2006-12-31": "593.00000", "2005-12-31": "-450.00000"}, "Pre-Tax Income": {"2020-12-31": "-2856.00000", "2019-12-31": "18468.00000", "2018-12-31": "24873.00000", "2017-12-31": "15139.00000", "2016-12-31": "19812.00000", "2015-12-31": "20692.00000", "2014-12-31": "10355.00000", "2013-12-31": "28050.00000", "2012-12-31": "10439.00000", "2011-12-31": "6716.00000", "2010-12-31": "18238.00000", "2009-12-31": "18518.00000", "2008-12-31": "-4572.00000", "2007-12-31": "18399.00000", "2006-12-31": "10881.00000", "2005-12-31": "5718.00000"}, "Income Taxes": {"2020-12-31": "965.00000", "2019-12-31": "3493.00000", "2018-12-31": "4920.00000", "2017-12-31": "-14708.00000", "2016-12-31": "6479.00000", "2015-12-31": "7005.00000", "2014-12-31": "3619.00000", "2013-12-31": "9328.00000", "2012-12-31": "2900.00000", "2011-12-31": "2532.00000", "2010-12-31": "-1162.00000", "2009-12-31": "6091.00000", "2008-12-31": "-2210.00000", "2007-12-31": "6252.00000", "2006-12-31": "3525.00000", "2005-12-31": "932.00000"}, "Income After Taxes": {"2020-12-31": "-3821.00000", "2019-12-31": "14975.00000", "2018-12-31": "19953.00000", "2017-12-31": "29847.00000", "2016-12-31": "13333.00000", "2015-12-31": "13687.00000", "2014-12-31": "6736.00000", "2013-12-31": "18722.00000", "2012-12-31": "7539.00000", "2011-12-31": "4184.00000", "2010-12-31": "19400.00000", "2009-12-31": "12427.00000", "2008-12-31": "-2362.00000", "2007-12-31": "12147.00000", "2006-12-31": "7356.00000", "2005-12-31": "4786.00000"}, "Other Income": {"2020-12-31": "", "2019-12-31": "", "2018-12-31": "", "2017-12-31": "", "2016-12-31": "", "2015-12-31": "", "2014-12-31": "", "2013-12-31": "", "2012-12-31": "", "2011-12-31": "", "2010-12-31": "", "2009-12-31": "", "2008-12-31": "", "2007-12-31": "", "2006-12-31": "", "2005-12-31": ""}, "Income From Continuous Operations": {"2020-12-31": "-3821.00000", "2019-12-31": "14975.00000", "2018-12-31": "19953.00000", "2017-12-31": "29847.00000", "2016-12-31": "13333.00000", "2015-12-31": "13687.00000", "2014-12-31": "6736.00000", "2013-12-31": "18722.00000", "2012-12-31": "7539.00000", "2011-12-31": "4184.00000", "2010-12-31": "19400.00000", "2009-12-31": "12427.00000", "2008-12-31": "-2362.00000", "2007-12-31": "12147.00000", "2006-12-31": "7356.00000", "2005-12-31": "4786.00000"}, "Income From Discontinued Operations": {"2020-12-31": "", "2019-12-31": "", "2018-12-31": "", "2017-12-31": "", "2016-12-31": "", "2015-12-31": "", "2014-12-31": "", "2013-12-31": "", "2012-12-31": "", "2011-12-31": "", "2010-12-31": "779.00000", "2009-12-31": "20.00000", "2008-12-31": "-2.00000", "2007-12-31": "", "2006-12-31": "", "2005-12-31": ""}, "Net Income": {"2020-12-31": "-5369.00000", "2019-12-31": "13900.00000", "2018-12-31": "19370.00000", "2017-12-31": "29450.00000", "2016-12-31": "12976.00000", "2015-12-31": "13345.00000", "2014-12-31": "6442.00000", "2013-12-31": "18418.00000", "2012-12-31": "7264.00000", "2011-12-31": "3944.00000", "2010-12-31": "19864.00000", "2009-12-31": "12138.00000", "2008-12-31": "-2625.00000", "2007-12-31": "11951.00000", "2006-12-31": "7356.00000", "2005-12-31": "4786.00000"}, "EBITDA": {"2020-12-31": "43524.00000", "2019-12-31": "65759.00000", "2018-12-31": "58298.00000", "2017-12-31": "44357.00000", "2016-12-31": "49390.00000", "2015-12-31": "46801.00000", "2014-12-31": "30485.00000", "2013-12-31": "49147.00000", "2012-12-31": "31140.00000", "2011-12-31": "30505.00000", "2010-12-31": "39037.00000", "2009-12-31": "40515.00000", "2008-12-31": "17983.00000", "2007-12-31": "41981.00000", "2006-12-31": "20195.00000", "2005-12-31": "13790.00000"}, "EBIT": {"2020-12-31": "6405.00000", "2019-12-31": "27955.00000", "2018-12-31": "26096.00000", "2017-12-31": "19970.00000", "2016-12-31": "23543.00000", "2015-12-31": "24785.00000", "2014-12-31": "12212.00000", "2013-12-31": "30752.00000", "2012-12-31": "12997.00000", "2011-12-31": "9218.00000", "2010-12-31": "19573.00000", "2009-12-31": "21000.00000", "2008-12-31": "-1690.00000", "2007-12-31": "20404.00000", "2006-12-31": "10288.00000", "2005-12-31": "6168.00000"}, "Basic Shares Outstanding": {"2020-12-31": "7157.00000", "2019-12-31": "7319.00000", "2018-12-31": "6778.00000", "2017-12-31": "6164.00000", "2016-12-31": "6168.00000", "2015-12-31": "5628.00000", "2014-12-31": "5205.00000", "2013-12-31": "5368.00000", "2012-12-31": "5801.00000", "2011-12-31": "5928.00000", "2010-12-31": "5913.00000", "2009-12-31": "5900.00000", "2008-12-31": "5927.00000", "2007-12-31": "6127.00000", "2006-12-31": "3882.00000", "2005-12-31": "3368.00000"}, "Shares Outstanding": {"2020-12-31": "7183.00000", "2019-12-31": "7348.00000", "2018-12-31": "6806.00000", "2017-12-31": "6183.00000", "2016-12-31": "6189.00000", "2015-12-31": "5646.00000", "2014-12-31": "5221.00000", "2013-12-31": "5385.00000", "2012-12-31": "5821.00000", "2011-12-31": "5950.00000", "2010-12-31": "5938.00000", "2009-12-31": "5924.00000", "2008-12-31": "5958.00000", "2007-12-31": "6170.00000", "2006-12-31": "3902.00000", "2005-12-31": "3379.00000"}, "Basic EPS": {"2020-12-31": "-0.75000", "2019-12-31": "1.90000", "2018-12-31": "2.85000", "2017-12-31": "4.77000", "2016-12-31": "2.10000", "2015-12-31": "2.37000", "2014-12-31": "1.24000", "2013-12-31": "3.42000", "2012-12-31": "1.25000", "2011-12-31": "0.66000", "2010-12-31": "3.36000", "2009-12-31": "2.06000", "2008-12-31": "-0.44000", "2007-12-31": "1.95000", "2006-12-31": "1.89000", "2005-12-31": "1.42000"}, "EPS - Earnings Per Share": {"2020-12-31": "-0.75000", "2019-12-31": "1.89000", "2018-12-31": "2.85000", "2017-12-31": "4.76000", "2016-12-31": "2.10000", "2015-12-31": "2.37000", "2014-12-31": "1.24000", "2013-12-31": "3.42000", "2012-12-31": "1.25000", "2011-12-31": "0.66000", "2010-12-31": "3.35000", "2009-12-31": "2.05000", "2008-12-31": "-0.44000", "2007-12-31": "1.94000", "2006-12-31": "1.89000", "2005-12-31": "1.42000"}}, "income statement, quarterly": {"Revenue": {"2020-12-31": "45691.00000", "2020-09-30": "42340.00000", "2020-06-30": "40950.00000", "2020-03-31": "42779.00000", "2019-12-31": "46821.00000", "2019-09-30": "44588.00000", "2019-06-30": "44957.00000", "2019-03-31": "44827.00000", "2018-12-31": "47993.00000", "2018-09-30": "45739.00000", "2018-06-30": "38986.00000", "2018-03-31": "38038.00000", "2017-12-31": "41676.00000", "2017-09-30": "39668.00000", "2017-06-30": "39837.00000", "2017-03-31": "39365.00000", "2016-12-31": "41841.00000", "2016-09-30": "40890.00000", "2016-06-30": "40520.00000", "2016-03-31": "40535.00000", "2015-12-31": "42119.00000", "2015-09-30": "39091.00000", "2015-06-30": "33015.00000", "2015-03-31": "32576.00000", "2014-12-31": "34439.00000", "2014-09-30": "32957.00000", "2014-06-30": "32575.00000", "2014-03-31": "32476.00000", "2013-12-31": "33163.00000", "2013-09-30": "32158.00000", "2013-06-30": "32075.00000", "2013-03-31": "31356.00000", "2012-12-31": "32578.00000", "2012-09-30": "31459.00000", "2012-06-30": "31575.00000", "2012-03-31": "31822.00000", "2011-12-31": "32503.00000", "2011-09-30": "31478.00000", "2011-06-30": "31495.00000", "2011-03-31": "31247.00000", "2010-12-31": "31361.00000", "2010-09-30": "31581.00000", "2010-06-30": "30808.00000", "2010-03-31": "30530.00000", "2009-12-31": "30594.00000", "2009-09-30": "30734.00000", "2009-06-30": "30614.00000", "2009-03-31": "30571.00000", "2008-12-31": "30491.00000", "2008-09-30": "31342.00000", "2008-06-30": "30866.00000", "2008-03-31": "30744.00000", "2007-12-31": "30349.00000", "2007-09-30": "30132.00000", "2007-06-30": "29478.00000", "2007-03-31": "28969.00000", "2006-12-31": "15891.00000", "2006-09-30": "15638.00000", "2006-06-30": "15770.00000", "2006-03-31": "15756.00000", "2005-12-31": "12895.00000", "2005-09-30": "10304.00000", "2005-06-30": "10317.00000", "2005-03-31": "10248.00000"}, "Cost Of Goods Sold": {"2020-12-31": "22910.00000", "2020-09-30": "19839.00000", "2020-06-30": "17983.00000", "2020-03-31": "19281.00000", "2019-12-31": "22736.00000", "2019-09-30": "20154.00000", "2019-06-30": "20512.00000", "2019-03-31": "20739.00000", "2018-12-31": "23309.00000", "2018-09-30": "20706.00000", "2018-06-30": "17458.00000", "2018-03-31": "17946.00000", "2017-12-31": "21926.00000", "2017-09-30": "19169.00000", "2017-06-30": "18605.00000", "2017-03-31": "18110.00000", "2016-12-31": "21425.00000", "2016-09-30": "18890.00000", "2016-06-30": "18475.00000", "2016-03-31": "18400.00000", "2015-12-31": "19691.00000", "2015-09-30": "17796.00000", "2015-06-30": "15079.00000", "2015-03-31": "14480.00000", "2014-12-31": "18276.00000", "2014-09-30": "14336.00000", "2014-06-30": "14212.00000", "2014-03-31": "13321.00000", "2013-12-31": "11964.00000", "2013-09-30": "13403.00000", "2013-06-30": "13270.00000", "2013-03-31": "12554.00000", "2012-12-31": "17555.00000", "2012-09-30": "12602.00000", "2012-06-30": "12254.00000", "2012-03-31": "12817.00000", "2011-12-31": "16679.00000", "2011-09-30": "12656.00000", "2011-06-30": "12756.00000", "2011-03-31": "12813.00000", "2010-12-31": "11817.00000", "2010-09-30": "13605.00000", "2010-06-30": "12452.00000", "2010-03-31": "12383.00000", "2009-12-31": "12980.00000", "2009-09-30": "12907.00000", "2009-06-30": "12557.00000", "2009-03-31": "12195.00000", "2008-12-31": "19774.00000", "2008-09-30": "13022.00000", "2008-06-30": "11897.00000", "2008-03-31": "11995.00000", "2007-12-31": "12155.00000", "2007-09-30": "11736.00000", "2007-06-30": "11658.00000", "2007-03-31": "11252.00000", "2006-12-31": "7404.00000", "2006-09-30": "6923.00000", "2006-06-30": "7163.00000", "2006-03-31": "7364.00000", "2005-12-31": "6020.00000", "2005-09-30": "4364.00000", "2005-06-30": "4401.00000", "2005-03-31": "4388.00000"}, "Gross Profit": {"2020-12-31": "22781.00000", "2020-09-30": "22501.00000", "2020-06-30": "22967.00000", "2020-03-31": "23498.00000", "2019-12-31": "24085.00000", "2019-09-30": "24434.00000", "2019-06-30": "24445.00000", "2019-03-31": "24088.00000", "2018-12-31": "24684.00000", "2018-09-30": "25033.00000", "2018-06-30": "21528.00000", "2018-03-31": "20092.00000", "2017-12-31": "19750.00000", "2017-09-30": "20499.00000", "2017-06-30": "21232.00000", "2017-03-31": "21255.00000", "2016-12-31": "20416.00000", "2016-09-30": "22000.00000", "2016-06-30": "22045.00000", "2016-03-31": "22135.00000", "2015-12-31": "22428.00000", "2015-09-30": "21295.00000", "2015-06-30": "17936.00000", "2015-03-31": "18096.00000", "2014-12-31": "16163.00000", "2014-09-30": "18621.00000", "2014-06-30": "18363.00000", "2014-03-31": "19155.00000", "2013-12-31": "21199.00000", "2013-09-30": "18755.00000", "2013-06-30": "18805.00000", "2013-03-31": "18802.00000", "2012-12-31": "15023.00000", "2012-09-30": "18857.00000", "2012-06-30": "19321.00000", "2012-03-31": "19005.00000", "2011-12-31": "15824.00000", "2011-09-30": "18822.00000", "2011-06-30": "18739.00000", "2011-03-31": "18434.00000", "2010-12-31": "19544.00000", "2010-09-30": "17976.00000", "2010-06-30": "18356.00000", "2010-03-31": "18147.00000", "2009-12-31": "17614.00000", "2009-09-30": "17827.00000", "2009-06-30": "18057.00000", "2009-03-31": "18376.00000", "2008-12-31": "10717.00000", "2008-09-30": "18320.00000", "2008-06-30": "18969.00000", "2008-03-31": "18749.00000", "2007-12-31": "18194.00000", "2007-09-30": "18396.00000", "2007-06-30": "17820.00000", "2007-03-31": "17717.00000", "2006-12-31": "8487.00000", "2006-09-30": "8715.00000", "2006-06-30": "8607.00000", "2006-03-31": "8392.00000", "2005-12-31": "6875.00000", "2005-09-30": "5940.00000", "2005-06-30": "5916.00000", "2005-03-31": "5860.00000"}, "Research And Development Expenses": {"2020-12-31": "", "2020-09-30": "", "2020-06-30": "", "2020-03-31": "", "2019-12-31": "", "2019-09-30": "", "2019-06-30": "", "2019-03-31": "", "2018-12-31": "", "2018-09-30": "", "2018-06-30": "", "2018-03-31": "", "2017-12-31": "", "2017-09-30": "", "2017-06-30": "", "2017-03-31": "", "2016-12-31": "", "2016-09-30": "", "2016-06-30": "", "2016-03-31": "", "2015-12-31": "", "2015-09-30": "", "2015-06-30": "", "2015-03-31": "", "2014-12-31": "", "2014-09-30": "", "2014-06-30": "", "2014-03-31": "", "2013-12-31": "", "2013-09-30": "", "2013-06-30": "", "2013-03-31": "", "2012-12-31": "", "2012-09-30": "", "2012-06-30": "", "2012-03-31": "", "2011-12-31": "", "2011-09-30": "", "2011-06-30": "", "2011-03-31": "", "2010-12-31": "", "2010-09-30": "", "2010-06-30": "", "2010-03-31": "", "2009-12-31": "", "2009-09-30": "", "2009-06-30": "", "2009-03-31": "", "2008-12-31": "", "2008-09-30": "", "2008-06-30": "", "2008-03-31": "", "2007-12-31": "", "2007-09-30": "", "2007-06-30": "", "2007-03-31": "", "2006-12-31": "", "2006-09-30": "", "2006-06-30": "", "2006-03-31": "", "2005-12-31": "", "2005-09-30": "", "2005-06-30": "", "2005-03-31": ""}, "SG&A Expenses": {"2020-12-31": "10182.00000", "2020-09-30": "9266.00000", "2020-06-30": "9831.00000", "2020-03-31": "8790.00000", "2019-12-31": "10345.00000", "2019-09-30": "9584.00000", "2019-06-30": "9844.00000", "2019-03-31": "9649.00000", "2018-12-31": "10586.00000", "2018-09-30": "9598.00000", "2018-06-30": "8684.00000", "2018-03-31": "7897.00000", "2017-12-31": "9484.00000", "2017-09-30": "8650.00000", "2017-06-30": "8559.00000", "2017-03-31": "8772.00000", "2016-12-31": "10482.00000", "2016-09-30": "9013.00000", "2016-06-30": "8909.00000", "2016-03-31": "8441.00000", "2015-12-31": "8384.00000", "2015-09-30": "9107.00000", "2015-06-30": "7467.00000", "2015-03-31": "7961.00000", "2014-12-31": "14765.00000", "2014-09-30": "8475.00000", "2014-06-30": "8197.00000", "2014-03-31": "8260.00000", "2013-12-31": "4008.00000", "2013-09-30": "7952.00000", "2013-06-30": "8121.00000", "2013-03-31": "8333.00000", "2012-12-31": "16409.00000", "2012-09-30": "8308.00000", "2012-06-30": "8005.00000", "2012-03-31": "8344.00000", "2011-12-31": "17331.00000", "2011-09-30": "7969.00000", "2011-06-30": "7972.00000", "2011-03-31": "8042.00000", "2010-12-31": "12464.00000", "2010-09-30": "7672.00000", "2010-06-30": "7454.00000", "2010-03-31": "7396.00000", "2009-12-31": "8350.00000", "2009-09-30": "7574.00000", "2009-06-30": "7682.00000", "2009-03-31": "7753.00000", "2008-12-31": "25738.00000", "2008-09-30": "7724.00000", "2008-06-30": "7444.00000", "2008-03-31": "7866.00000", "2007-12-31": "7479.00000", "2007-09-30": "7770.00000", "2007-06-30": "7460.00000", "2007-03-31": "7437.00000", "2006-12-31": "3419.00000", "2006-09-30": "3361.00000", "2006-06-30": "3517.00000", "2006-03-31": "3709.00000", "2005-12-31": "3537.00000", "2005-09-30": "2175.00000", "2005-06-30": "2589.00000", "2005-03-31": "2479.00000"}, "Other Operating Income Or Expenses": {"2020-12-31": "-16365.00000", "2020-09-30": "-73.00000", "2020-06-30": "-2319.00000", "2020-03-31": "", "2019-12-31": "", "2019-09-30": "", "2019-06-30": "", "2019-03-31": "", "2018-12-31": "", "2018-09-30": "", "2018-06-30": "", "2018-03-31": "", "2017-12-31": "", "2017-09-30": "", "2017-06-30": "", "2017-03-31": "", "2016-12-31": "", "2016-09-30": "", "2016-06-30": "", "2016-03-31": "", "2015-12-31": "", "2015-09-30": "", "2015-06-30": "", "2015-03-31": "", "2014-12-31": "", "2014-09-30": "", "2014-06-30": "", "2014-03-31": "", "2013-12-31": "", "2013-09-30": "", "2013-06-30": "", "2013-03-31": "", "2012-12-31": "", "2012-09-30": "", "2012-06-30": "", "2012-03-31": "", "2011-12-31": "", "2011-09-30": "", "2011-06-30": "", "2011-03-31": "", "2010-12-31": "", "2010-09-30": "", "2010-06-30": "", "2010-03-31": "", "2009-12-31": "", "2009-09-30": "", "2009-06-30": "", "2009-03-31": "", "2008-12-31": "", "2008-09-30": "", "2008-06-30": "", "2008-03-31": "", "2007-12-31": "", "2007-09-30": "", "2007-06-30": "", "2007-03-31": "", "2006-12-31": "", "2006-09-30": "", "2006-06-30": "", "2006-03-31": "", "2005-12-31": "", "2005-09-30": "", "2005-06-30": "", "2005-03-31": ""}, "Operating Expenses": {"2020-12-31": "56436.00000", "2020-09-30": "36208.00000", "2020-06-30": "37418.00000", "2020-03-31": "35293.00000", "2019-12-31": "41500.00000", "2019-09-30": "36687.00000", "2019-06-30": "37457.00000", "2019-03-31": "37594.00000", "2018-12-31": "41833.00000", "2018-09-30": "38470.00000", "2018-06-30": "32520.00000", "2018-03-31": "31837.00000", "2017-12-31": "40395.00000", "2017-09-30": "33861.00000", "2017-06-30": "33311.00000", "2017-03-31": "33009.00000", "2016-12-31": "38397.00000", "2016-09-30": "34482.00000", "2016-06-30": "33960.00000", "2016-03-31": "33404.00000", "2015-12-31": "34587.00000", "2015-09-30": "33168.00000", "2015-06-30": "27242.00000", "2015-03-31": "27019.00000", "2014-12-31": "39728.00000", "2014-09-30": "27350.00000", "2014-06-30": "26959.00000", "2014-03-31": "26198.00000", "2013-12-31": "20652.00000", "2013-09-30": "25970.00000", "2013-06-30": "25962.00000", "2013-03-31": "25416.00000", "2012-12-31": "38536.00000", "2012-09-30": "25422.00000", "2012-06-30": "24758.00000", "2012-03-31": "25721.00000", "2011-12-31": "41493.00000", "2011-09-30": "25243.00000", "2011-06-30": "25330.00000", "2011-03-31": "25439.00000", "2010-12-31": "29273.00000", "2010-09-30": "26150.00000", "2010-06-30": "24725.00000", "2010-03-31": "24559.00000", "2009-12-31": "26203.00000", "2009-09-30": "25362.00000", "2009-06-30": "25114.00000", "2009-03-31": "24834.00000", "2008-12-31": "50346.00000", "2008-09-30": "25724.00000", "2008-06-30": "24299.00000", "2008-03-31": "24764.00000", "2007-12-31": "24857.00000", "2007-09-30": "24828.00000", "2007-06-30": "24534.00000", "2007-03-31": "24305.00000", "2006-12-31": "13315.00000", "2006-09-30": "12721.00000", "2006-06-30": "13166.00000", "2006-03-31": "13565.00000", "2005-12-31": "11763.00000", "2005-09-30": "8342.00000", "2005-06-30": "8799.00000", "2005-03-31": "8692.00000"}, "Operating Income": {"2020-12-31": "-10745.00000", "2020-09-30": "6132.00000", "2020-06-30": "3532.00000", "2020-03-31": "7486.00000", "2019-12-31": "5321.00000", "2019-09-30": "7901.00000", "2019-06-30": "7500.00000", "2019-03-31": "7233.00000", "2018-12-31": "6160.00000", "2018-09-30": "7269.00000", "2018-06-30": "6466.00000", "2018-03-31": "6201.00000", "2017-12-31": "1281.00000", "2017-09-30": "5807.00000", "2017-06-30": "6526.00000", "2017-03-31": "6356.00000", "2016-12-31": "3444.00000", "2016-09-30": "6408.00000", "2016-06-30": "6560.00000", "2016-03-31": "7131.00000", "2015-12-31": "7532.00000", "2015-09-30": "5923.00000", "2015-06-30": "5773.00000", "2015-03-31": "5557.00000", "2014-12-31": "-5289.00000", "2014-09-30": "5607.00000", "2014-06-30": "5616.00000", "2014-03-31": "6278.00000", "2013-12-31": "12511.00000", "2013-09-30": "6188.00000", "2013-06-30": "6113.00000", "2013-03-31": "5940.00000", "2012-12-31": "-5958.00000", "2012-09-30": "6037.00000", "2012-06-30": "6817.00000", "2012-03-31": "6101.00000", "2011-12-31": "-8990.00000", "2011-09-30": "6235.00000", "2011-06-30": "6165.00000", "2011-03-31": "5808.00000", "2010-12-31": "2088.00000", "2010-09-30": "5431.00000", "2010-06-30": "6083.00000", "2010-03-31": "5971.00000", "2009-12-31": "4391.00000", "2009-09-30": "5372.00000", "2009-06-30": "5500.00000", "2009-03-31": "5737.00000", "2008-12-31": "-19855.00000", "2008-09-30": "5618.00000", "2008-06-30": "6567.00000", "2008-03-31": "5980.00000", "2007-12-31": "5492.00000", "2007-09-30": "5304.00000", "2007-06-30": "4944.00000", "2007-03-31": "4664.00000", "2006-12-31": "2576.00000", "2006-09-30": "2917.00000", "2006-06-30": "2604.00000", "2006-03-31": "2191.00000", "2005-12-31": "1132.00000", "2005-09-30": "1962.00000", "2005-06-30": "1518.00000", "2005-03-31": "1556.00000"}, "Total Non-Operating Income/Expense": {"2020-12-31": "-4808.00000", "2020-09-30": "-2198.00000", "2020-06-30": "-1034.00000", "2020-03-31": "-1221.00000", "2019-12-31": "-2183.00000", "2019-09-30": "-3015.00000", "2019-06-30": "-2427.00000", "2019-03-31": "-1862.00000", "2018-12-31": "-415.00000", "2018-09-30": "-1062.00000", "2018-06-30": "314.00000", "2018-03-31": "-60.00000", "2017-12-31": "-2564.00000", "2017-09-30": "-833.00000", "2017-06-30": "-456.00000", "2017-03-31": "-978.00000", "2016-12-31": "-253.00000", "2016-09-30": "-1215.00000", "2016-06-30": "-1139.00000", "2016-03-31": "-1124.00000", "2015-12-31": "-1225.00000", "2015-09-30": "-1188.00000", "2015-06-30": "-851.00000", "2015-03-31": "-829.00000", "2014-12-31": "-744.00000", "2014-09-30": "-976.00000", "2014-06-30": "490.00000", "2014-03-31": "-627.00000", "2013-12-31": "-1085.00000", "2013-09-30": "-688.00000", "2013-06-30": "-319.00000", "2013-03-31": "-610.00000", "2012-12-31": "-593.00000", "2012-09-30": "-595.00000", "2012-06-30": "-786.00000", "2012-03-31": "-584.00000", "2011-12-31": "-700.00000", "2011-09-30": "-650.00000", "2011-06-30": "-614.00000", "2011-03-31": "-538.00000", "2010-12-31": "-541.00000", "2010-09-30": "-388.00000", "2010-06-30": "164.00000", "2010-03-31": "-570.00000", "2009-12-31": "-499.00000", "2009-09-30": "-641.00000", "2009-06-30": "-615.00000", "2009-03-31": "-727.00000", "2008-12-31": "-1114.00000", "2008-09-30": "-624.00000", "2008-06-30": "-613.00000", "2008-03-31": "-531.00000", "2007-12-31": "-525.00000", "2007-09-30": "-742.00000", "2007-06-30": "-542.00000", "2007-03-31": "-196.00000", "2006-12-31": "218.00000", "2006-09-30": "316.00000", "2006-06-30": "93.00000", "2006-03-31": "-34.00000", "2005-12-31": "-43.00000", "2005-09-30": "-118.00000", "2005-06-30": "-34.00000", "2005-03-31": "-255.00000"}, "Pre-Tax Income": {"2020-12-31": "-15553.00000", "2020-09-30": "3934.00000", "2020-06-30": "2498.00000", "2020-03-31": "6265.00000", "2019-12-31": "3138.00000", "2019-09-30": "4886.00000", "2019-06-30": "5073.00000", "2019-03-31": "5371.00000", "2018-12-31": "5745.00000", "2018-09-30": "6207.00000", "2018-06-30": "6780.00000", "2018-03-31": "6141.00000", "2017-12-31": "-1283.00000", "2017-09-30": "4974.00000", "2017-06-30": "6070.00000", "2017-03-31": "5378.00000", "2016-12-31": "3191.00000", "2016-09-30": "5193.00000", "2016-06-30": "5421.00000", "2016-03-31": "6007.00000", "2015-12-31": "6307.00000", "2015-09-30": "4735.00000", "2015-06-30": "4922.00000", "2015-03-31": "4728.00000", "2014-12-31": "-6033.00000", "2014-09-30": "4631.00000", "2014-06-30": "6106.00000", "2014-03-31": "5651.00000", "2013-12-31": "11426.00000", "2013-09-30": "5500.00000", "2013-06-30": "5794.00000", "2013-03-31": "5330.00000", "2012-12-31": "-6551.00000", "2012-09-30": "5442.00000", "2012-06-30": "6031.00000", "2012-03-31": "5517.00000", "2011-12-31": "-9690.00000", "2011-09-30": "5585.00000", "2011-06-30": "5551.00000", "2011-03-31": "5270.00000", "2010-12-31": "1547.00000", "2010-09-30": "5043.00000", "2010-06-30": "6247.00000", "2010-03-31": "5401.00000", "2009-12-31": "3892.00000", "2009-09-30": "4731.00000", "2009-06-30": "4885.00000", "2009-03-31": "5010.00000", "2008-12-31": "-20969.00000", "2008-09-30": "4994.00000", "2008-06-30": "5954.00000", "2008-03-31": "5449.00000", "2007-12-31": "4967.00000", "2007-09-30": "4562.00000", "2007-06-30": "4402.00000", "2007-03-31": "4468.00000", "2006-12-31": "2794.00000", "2006-09-30": "3233.00000", "2006-06-30": "2697.00000", "2006-03-31": "2157.00000", "2005-12-31": "1089.00000", "2005-09-30": "1844.00000", "2005-06-30": "1484.00000", "2005-03-31": "1301.00000"}, "Income Taxes": {"2020-12-31": "-2038.00000", "2020-09-30": "766.00000", "2020-06-30": "935.00000", "2020-03-31": "1302.00000", "2019-12-31": "434.00000", "2019-09-30": "937.00000", "2019-06-30": "1099.00000", "2019-03-31": "1023.00000", "2018-12-31": "615.00000", "2018-09-30": "1391.00000", "2018-06-30": "1532.00000", "2018-03-31": "1382.00000", "2017-12-31": "-20419.00000", "2017-09-30": "1851.00000", "2017-06-30": "2056.00000", "2017-03-31": "1804.00000", "2016-12-31": "676.00000", "2016-09-30": "1775.00000", "2016-06-30": "1906.00000", "2016-03-31": "2122.00000", "2015-12-31": "2221.00000", "2015-09-30": "1657.00000", "2015-06-30": "1738.00000", "2015-03-31": "1389.00000", "2014-12-31": "-2227.00000", "2014-09-30": "1444.00000", "2014-06-30": "2485.00000", "2014-03-31": "1917.00000", "2013-12-31": "4262.00000", "2013-09-30": "1595.00000", "2013-06-30": "1914.00000", "2013-03-31": "1557.00000", "2012-12-31": "-2772.00000", "2012-09-30": "1741.00000", "2012-06-30": "2066.00000", "2012-03-31": "1865.00000", "2011-12-31": "-3062.00000", "2011-09-30": "1899.00000", "2011-06-30": "1893.00000", "2011-03-31": "1802.00000", "2010-12-31": "388.00000", "2010-09-30": "-6573.00000", "2010-06-30": "2160.00000", "2010-03-31": "2863.00000", "2009-12-31": "1207.00000", "2009-09-30": "1463.00000", "2009-06-30": "1612.00000", "2009-03-31": "1809.00000", "2008-12-31": "-7956.00000", "2008-09-30": "1705.00000", "2008-06-30": "2111.00000", "2008-03-31": "1930.00000", "2007-12-31": "1635.00000", "2007-09-30": "1499.00000", "2007-06-30": "1498.00000", "2007-03-31": "1620.00000", "2006-12-31": "856.00000", "2006-09-30": "1068.00000", "2006-06-30": "889.00000", "2006-03-31": "712.00000", "2005-12-31": "-566.00000", "2005-09-30": "598.00000", "2005-06-30": "484.00000", "2005-03-31": "416.00000"}, "Income After Taxes": {"2020-12-31": "-13515.00000", "2020-09-30": "3168.00000", "2020-06-30": "1563.00000", "2020-03-31": "4963.00000", "2019-12-31": "2704.00000", "2019-09-30": "3949.00000", "2019-06-30": "3974.00000", "2019-03-31": "4348.00000", "2018-12-31": "5130.00000", "2018-09-30": "4816.00000", "2018-06-30": "5248.00000", "2018-03-31": "4759.00000", "2017-12-31": "19136.00000", "2017-09-30": "3123.00000", "2017-06-30": "4014.00000", "2017-03-31": "3574.00000", "2016-12-31": "2515.00000", "2016-09-30": "3418.00000", "2016-06-30": "3515.00000", "2016-03-31": "3885.00000", "2015-12-31": "4086.00000", "2015-09-30": "3078.00000", "2015-06-30": "3184.00000", "2015-03-31": "3339.00000", "2014-12-31": "-3806.00000", "2014-09-30": "3187.00000", "2014-06-30": "3621.00000", "2014-03-31": "3734.00000", "2013-12-31": "7164.00000", "2013-09-30": "3905.00000", "2013-06-30": "3880.00000", "2013-03-31": "3773.00000", "2012-12-31": "-3779.00000", "2012-09-30": "3701.00000", "2012-06-30": "3965.00000", "2012-03-31": "3652.00000", "2011-12-31": "-6628.00000", "2011-09-30": "3686.00000", "2011-06-30": "3658.00000", "2011-03-31": "3468.00000", "2010-12-31": "1159.00000", "2010-09-30": "11616.00000", "2010-06-30": "4087.00000", "2010-03-31": "2538.00000", "2009-12-31": "2685.00000", "2009-09-30": "3268.00000", "2009-06-30": "3273.00000", "2009-03-31": "3201.00000", "2008-12-31": "-13013.00000", "2008-09-30": "3289.00000", "2008-06-30": "3843.00000", "2008-03-31": "3519.00000", "2007-12-31": "3332.00000", "2007-09-30": "3063.00000", "2007-06-30": "2904.00000", "2007-03-31": "2848.00000", "2006-12-31": "1938.00000", "2006-09-30": "2165.00000", "2006-06-30": "1808.00000", "2006-03-31": "1445.00000", "2005-12-31": "1655.00000", "2005-09-30": "1246.00000", "2005-06-30": "1000.00000", "2005-03-31": "885.00000"}, "Other Income": {"2020-12-31": "", "2020-09-30": "", "2020-06-30": "", "2020-03-31": "", "2019-12-31": "", "2019-09-30": "", "2019-06-30": "", "2019-03-31": "", "2018-12-31": "", "2018-09-30": "", "2018-06-30": "", "2018-03-31": "", "2017-12-31": "", "2017-09-30": "", "2017-06-30": "", "2017-03-31": "", "2016-12-31": "", "2016-09-30": "", "2016-06-30": "", "2016-03-31": "", "2015-12-31": "", "2015-09-30": "", "2015-06-30": "", "2015-03-31": "", "2014-12-31": "", "2014-09-30": "", "2014-06-30": "", "2014-03-31": "", "2013-12-31": "", "2013-09-30": "", "2013-06-30": "", "2013-03-31": "", "2012-12-31": "", "2012-09-30": "", "2012-06-30": "", "2012-03-31": "", "2011-12-31": "", "2011-09-30": "", "2011-06-30": "", "2011-03-31": "", "2010-12-31": "", "2010-09-30": "", "2010-06-30": "", "2010-03-31": "", "2009-12-31": "", "2009-09-30": "", "2009-06-30": "", "2009-03-31": "", "2008-12-31": "", "2008-09-30": "", "2008-06-30": "", "2008-03-31": "", "2007-12-31": "", "2007-09-30": "", "2007-06-30": "", "2007-03-31": "", "2006-12-31": "", "2006-09-30": "", "2006-06-30": "", "2006-03-31": "", "2005-12-31": "", "2005-09-30": "", "2005-06-30": "", "2005-03-31": ""}, "Income From Continuous Operations": {"2020-12-31": "-13515.00000", "2020-09-30": "3168.00000", "2020-06-30": "1563.00000", "2020-03-31": "4963.00000", "2019-12-31": "2704.00000", "2019-09-30": "3949.00000", "2019-06-30": "3974.00000", "2019-03-31": "4348.00000", "2018-12-31": "5130.00000", "2018-09-30": "4816.00000", "2018-06-30": "5248.00000", "2018-03-31": "4759.00000", "2017-12-31": "19136.00000", "2017-09-30": "3123.00000", "2017-06-30": "4014.00000", "2017-03-31": "3574.00000", "2016-12-31": "2515.00000", "2016-09-30": "3418.00000", "2016-06-30": "3515.00000", "2016-03-31": "3885.00000", "2015-12-31": "4086.00000", "2015-09-30": "3078.00000", "2015-06-30": "3184.00000", "2015-03-31": "3339.00000", "2014-12-31": "-3806.00000", "2014-09-30": "3187.00000", "2014-06-30": "3621.00000", "2014-03-31": "3734.00000", "2013-12-31": "7164.00000", "2013-09-30": "3905.00000", "2013-06-30": "3880.00000", "2013-03-31": "3773.00000", "2012-12-31": "-3779.00000", "2012-09-30": "3701.00000", "2012-06-30": "3965.00000", "2012-03-31": "3652.00000", "2011-12-31": "-6628.00000", "2011-09-30": "3686.00000", "2011-06-30": "3658.00000", "2011-03-31": "3468.00000", "2010-12-31": "1159.00000", "2010-09-30": "11616.00000", "2010-06-30": "4087.00000", "2010-03-31": "2538.00000", "2009-12-31": "2685.00000", "2009-09-30": "3268.00000", "2009-06-30": "3273.00000", "2009-03-31": "3201.00000", "2008-12-31": "-13013.00000", "2008-09-30": "3289.00000", "2008-06-30": "3843.00000", "2008-03-31": "3519.00000", "2007-12-31": "3332.00000", "2007-09-30": "3063.00000", "2007-06-30": "2904.00000", "2007-03-31": "2848.00000", "2006-12-31": "1938.00000", "2006-09-30": "2165.00000", "2006-06-30": "1808.00000", "2006-03-31": "1445.00000", "2005-12-31": "1655.00000", "2005-09-30": "1246.00000", "2005-06-30": "1000.00000", "2005-03-31": "885.00000"}, "Income From Discontinued Operations": {"2020-12-31": "", "2020-09-30": "", "2020-06-30": "", "2020-03-31": "", "2019-12-31": "", "2019-09-30": "", "2019-06-30": "", "2019-03-31": "", "2018-12-31": "", "2018-09-30": "", "2018-06-30": "", "2018-03-31": "", "2017-12-31": "", "2017-09-30": "", "2017-06-30": "", "2017-03-31": "", "2016-12-31": "", "2016-09-30": "", "2016-06-30": "", "2016-03-31": "", "2015-12-31": "", "2015-09-30": "", "2015-06-30": "", "2015-03-31": "", "2014-12-31": "", "2014-09-30": "", "2014-06-30": "", "2014-03-31": "", "2013-12-31": "", "2013-09-30": "", "2013-06-30": "", "2013-03-31": "", "2012-12-31": "", "2012-09-30": "", "2012-06-30": "", "2012-03-31": "", "2011-12-31": "", "2011-09-30": "", "2011-06-30": "", "2011-03-31": "", "2010-12-31": "2.00000", "2010-09-30": "780.00000", "2010-06-30": "-5.00000", "2010-03-31": "2.00000", "2009-12-31": "10.00000", "2009-09-30": "7.00000", "2009-06-30": "3.00000", "2009-03-31": "", "2008-12-31": "", "2008-09-30": "", "2008-06-30": "", "2008-03-31": "", "2007-12-31": "", "2007-09-30": "", "2007-06-30": "", "2007-03-31": "", "2006-12-31": "", "2006-09-30": "", "2006-06-30": "", "2006-03-31": "", "2005-12-31": "", "2005-09-30": "", "2005-06-30": "", "2005-03-31": ""}, "Net Income": {"2020-12-31": "-13938.00000", "2020-09-30": "2762.00000", "2020-06-30": "1229.00000", "2020-03-31": "4578.00000", "2019-12-31": "2391.00000", "2019-09-30": "3700.00000", "2019-06-30": "3713.00000", "2019-03-31": "4096.00000", "2018-12-31": "4858.00000", "2018-09-30": "4718.00000", "2018-06-30": "5132.00000", "2018-03-31": "4662.00000", "2017-12-31": "19037.00000", "2017-09-30": "3029.00000", "2017-06-30": "3915.00000", "2017-03-31": "3469.00000", "2016-12-31": "2437.00000", "2016-09-30": "3328.00000", "2016-06-30": "3408.00000", "2016-03-31": "3803.00000", "2015-12-31": "4006.00000", "2015-09-30": "2994.00000", "2015-06-30": "3082.00000", "2015-03-31": "3263.00000", "2014-12-31": "-3887.00000", "2014-09-30": "3130.00000", "2014-06-30": "3547.00000", "2014-03-31": "3652.00000", "2013-12-31": "7082.00000", "2013-09-30": "3814.00000", "2013-06-30": "3822.00000", "2013-03-31": "3700.00000", "2012-12-31": "-3857.00000", "2012-09-30": "3635.00000", "2012-06-30": "3902.00000", "2012-03-31": "3584.00000", "2011-12-31": "-6678.00000", "2011-09-30": "3623.00000", "2011-06-30": "3591.00000", "2011-03-31": "3408.00000", "2010-12-31": "1089.00000", "2010-09-30": "12319.00000", "2010-06-30": "4003.00000", "2010-03-31": "2453.00000", "2009-12-31": "2622.00000", "2009-09-30": "3192.00000", "2009-06-30": "3198.00000", "2009-03-31": "3126.00000", "2008-12-31": "-13088.00000", "2008-09-30": "3230.00000", "2008-06-30": "3772.00000", "2008-03-31": "3461.00000", "2007-12-31": "3136.00000", "2007-09-30": "3063.00000", "2007-06-30": "2904.00000", "2007-03-31": "2848.00000", "2006-12-31": "1938.00000", "2006-09-30": "2165.00000", "2006-06-30": "1808.00000", "2006-03-31": "1445.00000", "2005-12-31": "1655.00000", "2005-09-30": "1246.00000", "2005-06-30": "1000.00000", "2005-03-31": "885.00000"}, "EBITDA": {"2020-12-31": "", "2020-09-30": "15625.00000", "2020-06-30": "12533.00000", "2020-03-31": "16977.00000", "2019-12-31": "14810.00000", "2019-09-30": "16710.00000", "2019-06-30": "17303.00000", "2019-03-31": "16936.00000", "2018-12-31": "16216.00000", "2018-09-30": "16875.00000", "2018-06-30": "13012.00000", "2018-03-31": "12195.00000", "2017-12-31": "7352.00000", "2017-09-30": "11849.00000", "2017-06-30": "12673.00000", "2017-03-31": "12483.00000", "2016-12-31": "9573.00000", "2016-09-30": "12987.00000", "2016-06-30": "13136.00000", "2016-03-31": "13694.00000", "2015-12-31": "14009.00000", "2015-09-30": "12188.00000", "2015-06-30": "10469.00000", "2015-03-31": "10135.00000", "2014-12-31": "-722.00000", "2014-09-30": "10146.00000", "2014-06-30": "10166.00000", "2014-03-31": "10895.00000", "2013-12-31": "17191.00000", "2013-09-30": "10803.00000", "2013-06-30": "10684.00000", "2013-03-31": "10469.00000", "2012-12-31": "-1386.00000", "2012-09-30": "10549.00000", "2012-06-30": "11316.00000", "2012-03-31": "10661.00000", "2011-12-31": "-1507.00000", "2011-09-30": "10853.00000", "2011-06-30": "10767.00000", "2011-03-31": "10392.00000", "2010-12-31": "7080.00000", "2010-09-30": "10304.00000", "2010-06-30": "10902.00000", "2010-03-31": "10751.00000", "2009-12-31": "9292.00000", "2009-09-30": "10253.00000", "2009-06-30": "10347.00000", "2009-03-31": "10623.00000", "2008-12-31": "-15021.00000", "2008-09-30": "10596.00000", "2008-06-30": "11525.00000", "2008-03-31": "10883.00000", "2007-12-31": "10715.00000", "2007-09-30": "10626.00000", "2007-06-30": "10360.00000", "2007-03-31": "10280.00000", "2006-12-31": "5089.00000", "2006-09-30": "5347.00000", "2006-06-30": "5083.00000", "2006-03-31": "4676.00000", "2005-12-31": "3334.00000", "2005-09-30": "3759.00000", "2005-06-30": "3322.00000", "2005-03-31": "3375.00000"}, "EBIT": {"2020-12-31": "-10745.00000", "2020-09-30": "6132.00000", "2020-06-30": "3532.00000", "2020-03-31": "7486.00000", "2019-12-31": "5321.00000", "2019-09-30": "7901.00000", "2019-06-30": "7500.00000", "2019-03-31": "7233.00000", "2018-12-31": "6160.00000", "2018-09-30": "7269.00000", "2018-06-30": "6466.00000", "2018-03-31": "6201.00000", "2017-12-31": "1281.00000", "2017-09-30": "5807.00000", "2017-06-30": "6526.00000", "2017-03-31": "6356.00000", "2016-12-31": "3444.00000", "2016-09-30": "6408.00000", "2016-06-30": "6560.00000", "2016-03-31": "7131.00000", "2015-12-31": "7532.00000", "2015-09-30": "5923.00000", "2015-06-30": "5773.00000", "2015-03-31": "5557.00000", "2014-12-31": "-5289.00000", "2014-09-30": "5607.00000", "2014-06-30": "5616.00000", "2014-03-31": "6278.00000", "2013-12-31": "12511.00000", "2013-09-30": "6188.00000", "2013-06-30": "6113.00000", "2013-03-31": "5940.00000", "2012-12-31": "-5958.00000", "2012-09-30": "6037.00000", "2012-06-30": "6817.00000", "2012-03-31": "6101.00000", "2011-12-31": "-8990.00000", "2011-09-30": "6235.00000", "2011-06-30": "6165.00000", "2011-03-31": "5808.00000", "2010-12-31": "2088.00000", "2010-09-30": "5431.00000", "2010-06-30": "6083.00000", "2010-03-31": "5971.00000", "2009-12-31": "4391.00000", "2009-09-30": "5372.00000", "2009-06-30": "5500.00000", "2009-03-31": "5737.00000", "2008-12-31": "-19855.00000", "2008-09-30": "5618.00000", "2008-06-30": "6567.00000", "2008-03-31": "5980.00000", "2007-12-31": "5492.00000", "2007-09-30": "5304.00000", "2007-06-30": "4944.00000", "2007-03-31": "4664.00000", "2006-12-31": "2576.00000", "2006-09-30": "2917.00000", "2006-06-30": "2604.00000", "2006-03-31": "2191.00000", "2005-12-31": "1132.00000", "2005-09-30": "1962.00000", "2005-06-30": "1518.00000", "2005-03-31": "1556.00000"}, "Basic Shares Outstanding": {"2020-12-31": "7150.00000", "2020-09-30": "7147.00000", "2020-06-30": "7145.00000", "2020-03-31": "7187.00000", "2019-12-31": "7319.00000", "2019-09-30": "7327.00000", "2019-06-30": "7323.00000", "2019-03-31": "7313.00000", "2018-12-31": "6778.00000", "2018-09-30": "7284.00000", "2018-06-30": "6351.00000", "2018-03-31": "6161.00000", "2017-12-31": "6164.00000", "2017-09-30": "6162.00000", "2017-06-30": "6165.00000", "2017-03-31": "6166.00000", "2016-12-31": "6168.00000", "2016-09-30": "6168.00000", "2016-06-30": "6174.00000", "2016-03-31": "6172.00000", "2015-12-31": "5628.00000", "2015-09-30": "5924.00000", "2015-06-30": "5204.00000", "2015-03-31": "5203.00000", "2014-12-31": "5205.00000", "2014-09-30": "5198.00000", "2014-06-30": "5204.00000", "2014-03-31": "5222.00000", "2013-12-31": "5368.00000", "2013-09-30": "5315.00000", "2013-06-30": "5381.00000", "2013-03-31": "5513.00000", "2012-12-31": "5801.00000", "2012-09-30": "5771.00000", "2012-06-30": "5855.00000", "2012-03-31": "5918.00000", "2011-12-31": "5928.00000", "2011-09-30": "5936.00000", "2011-06-30": "5932.00000", "2011-03-31": "5925.00000", "2010-12-31": "5913.00000", "2010-09-30": "5909.00000", "2010-06-30": "5909.00000", "2010-03-31": "5905.00000", "2009-12-31": "5900.00000", "2009-09-30": "5901.00000", "2009-06-30": "5900.00000", "2009-03-31": "5896.00000", "2008-12-31": "5927.00000", "2008-09-30": "5893.00000", "2008-06-30": "5926.00000", "2008-03-31": "5997.00000", "2007-12-31": "6127.00000", "2007-09-30": "6088.00000", "2007-06-30": "6145.00000", "2007-03-31": "6224.00000", "2006-12-31": "3882.00000", "2006-09-30": "3873.00000", "2006-06-30": "3886.00000", "2006-03-31": "3882.00000", "2005-12-31": "3368.00000", "2005-09-30": "3296.00000", "2005-06-30": "3302.00000", "2005-03-31": "3303.00000"}, "Shares Outstanding": {"2020-12-31": "7176.00000", "2020-09-30": "7173.00000", "2020-06-30": "7170.00000", "2020-03-31": "7214.00000", "2019-12-31": "7348.00000", "2019-09-30": "7356.00000", "2019-06-30": "7353.00000", "2019-03-31": "7342.00000", "2018-12-31": "6806.00000", "2018-09-30": "7320.00000", "2018-06-30": "6374.00000", "2018-03-31": "6180.00000", "2017-12-31": "6183.00000", "2017-09-30": "6182.00000", "2017-06-30": "6184.00000", "2017-03-31": "6186.00000", "2016-12-31": "6189.00000", "2016-09-30": "6189.00000", "2016-06-30": "6195.00000", "2016-03-31": "6190.00000", "2015-12-31": "5646.00000", "2015-09-30": "5943.00000", "2015-06-30": "5220.00000", "2015-03-31": "5219.00000", "2014-12-31": "5221.00000", "2014-09-30": "5463.00000", "2014-06-30": "5220.00000", "2014-03-31": "5238.00000", "2013-12-31": "5385.00000", "2013-09-30": "5331.00000", "2013-06-30": "5397.00000", "2013-03-31": "5530.00000", "2012-12-31": "5821.00000", "2012-09-30": "5792.00000", "2012-06-30": "5876.00000", "2012-03-31": "5940.00000", "2011-12-31": "5950.00000", "2011-09-30": "5954.00000", "2011-06-30": "5953.00000", "2011-03-31": "5945.00000", "2010-12-31": "5938.00000", "2010-09-30": "5938.00000", "2010-06-30": "5937.00000", "2010-03-31": "5935.00000", "2009-12-31": "5924.00000", "2009-09-30": "5922.00000", "2009-06-30": "5923.00000", "2009-03-31": "5896.00000", "2008-12-31": "5958.00000", "2008-09-30": "5893.00000", "2008-06-30": "5926.00000", "2008-03-31": "6033.00000", "2007-12-31": "6170.00000", "2007-09-30": "6088.00000", "2007-06-30": "6195.00000", "2007-03-31": "6266.00000", "2006-12-31": "3902.00000", "2006-09-30": "3873.00000", "2006-06-30": "3905.00000", "2006-03-31": "3902.00000", "2005-12-31": "3379.00000", "2005-09-30": "3306.00000", "2005-06-30": "3312.00000", "2005-03-31": "3315.00000"}, "Basic EPS": {"2020-12-31": "-1.95000", "2020-09-30": "0.39000", "2020-06-30": "0.17000", "2020-03-31": "0.63000", "2019-12-31": "0.33000", "2019-09-30": "0.50000", "2019-06-30": "0.51000", "2019-03-31": "0.56000", "2018-12-31": "0.64000", "2018-09-30": "0.65000", "2018-06-30": "0.81000", "2018-03-31": "0.75000", "2017-12-31": "3.09000", "2017-09-30": "0.49000", "2017-06-30": "0.63000", "2017-03-31": "0.56000", "2016-12-31": "0.39000", "2016-09-30": "0.54000", "2016-06-30": "0.55000", "2016-03-31": "0.62000", "2015-12-31": "0.65000", "2015-09-30": "0.50000", "2015-06-30": "0.59000", "2015-03-31": "0.63000", "2014-12-31": "-0.74000", "2014-09-30": "0.60000", "2014-06-30": "0.68000", "2014-03-31": "0.70000", "2013-12-31": "1.32000", "2013-09-30": "0.72000", "2013-06-30": "0.71000", "2013-03-31": "0.67000", "2012-12-31": "-0.65000", "2012-09-30": "0.63000", "2012-06-30": "0.67000", "2012-03-31": "0.60000", "2011-12-31": "-1.12000", "2011-09-30": "0.61000", "2011-06-30": "0.60000", "2011-03-31": "0.57000", "2010-12-31": "0.18000", "2010-09-30": "2.08000", "2010-06-30": "0.68000", "2010-03-31": "0.42000", "2009-12-31": "0.45000", "2009-09-30": "0.54000", "2009-06-30": "0.54000", "2009-03-31": "0.53000", "2008-12-31": "-2.21000", "2008-09-30": "0.55000", "2008-06-30": "0.64000", "2008-03-31": "0.58000", "2007-12-31": "0.52000", "2007-09-30": "0.50000", "2007-06-30": "0.47000", "2007-03-31": "0.46000", "2006-12-31": "0.49000", "2006-09-30": "0.56000", "2006-06-30": "0.47000", "2006-03-31": "0.37000", "2005-12-31": "0.47000", "2005-09-30": "0.38000", "2005-06-30": "0.30000", "2005-03-31": "0.27000"}, "EPS - Earnings Per Share": {"2020-12-31": "-1.95000", "2020-09-30": "0.39000", "2020-06-30": "0.17000", "2020-03-31": "0.63000", "2019-12-31": "0.32000", "2019-09-30": "0.50000", "2019-06-30": "0.51000", "2019-03-31": "0.56000", "2018-12-31": "0.64000", "2018-09-30": "0.65000", "2018-06-30": "0.81000", "2018-03-31": "0.75000", "2017-12-31": "3.08000", "2017-09-30": "0.49000", "2017-06-30": "0.63000", "2017-03-31": "0.56000", "2016-12-31": "0.40000", "2016-09-30": "0.54000", "2016-06-30": "0.55000", "2016-03-31": "0.61000", "2015-12-31": "0.65000", "2015-09-30": "0.50000", "2015-06-30": "0.59000", "2015-03-31": "0.63000", "2014-12-31": "-0.74000", "2014-09-30": "0.60000", "2014-06-30": "0.68000", "2014-03-31": "0.70000", "2013-12-31": "1.32000", "2013-09-30": "0.72000", "2013-06-30": "0.71000", "2013-03-31": "0.67000", "2012-12-31": "-0.64000", "2012-09-30": "0.63000", "2012-06-30": "0.66000", "2012-03-31": "0.60000", "2011-12-31": "-1.12000", "2011-09-30": "0.61000", "2011-06-30": "0.60000", "2011-03-31": "0.57000", "2010-12-31": "0.20000", "2010-09-30": "2.07000", "2010-06-30": "0.67000", "2010-03-31": "0.41000", "2009-12-31": "0.44000", "2009-09-30": "0.54000", "2009-06-30": "0.54000", "2009-03-31": "0.53000", "2008-12-31": "-2.19000", "2008-09-30": "0.55000", "2008-06-30": "0.63000", "2008-03-31": "0.57000", "2007-12-31": "0.52000", "2007-09-30": "0.50000", "2007-06-30": "0.47000", "2007-03-31": "0.45000", "2006-12-31": "0.50000", "2006-09-30": "0.56000", "2006-06-30": "0.46000", "2006-03-31": "0.37000", "2005-12-31": "0.47000", "2005-09-30": "0.38000", "2005-06-30": "0.30000", "2005-03-31": "0.27000"}}, "balance sheet": {"Cash On Hand": {"2020-12-31": "9740.00000", "2019-12-31": "12130.00000", "2018-12-31": "5204.00000", "2017-12-31": "50498.00000", "2016-12-31": "5788.00000", "2015-12-31": "5121.00000", "2014-12-31": "8603.00000", "2013-12-31": "3339.00000", "2012-12-31": "4868.00000", "2011-12-31": "3045.00000", "2010-12-31": "1437.00000", "2009-12-31": "3741.00000", "2008-12-31": "1792.00000", "2007-12-31": "1970.00000", "2006-12-31": "2418.00000", "2005-12-31": "1224.00000"}, "Receivables": {"2020-12-31": "20215.00000", "2019-12-31": "22636.00000", "2018-12-31": "26472.00000", "2017-12-31": "16522.00000", "2016-12-31": "16794.00000", "2015-12-31": "16532.00000", "2014-12-31": "14527.00000", "2013-12-31": "12918.00000", "2012-12-31": "12657.00000", "2011-12-31": "13231.00000", "2010-12-31": "13610.00000", "2009-12-31": "14845.00000", "2008-12-31": "16047.00000", "2007-12-31": "16185.00000", "2006-12-31": "16194.00000", "2005-12-31": "9351.00000"}, "Inventory": {"2020-12-31": "", "2019-12-31": "", "2018-12-31": "", "2017-12-31": "", "2016-12-31": "", "2015-12-31": "", "2014-12-31": "", "2013-12-31": "", "2012-12-31": "", "2011-12-31": "", "2010-12-31": "", "2009-12-31": "", "2008-12-31": "", "2007-12-31": "", "2006-12-31": "", "2005-12-31": ""}, "Pre-Paid Expenses": {"2020-12-31": "1822.00000", "2019-12-31": "1631.00000", "2018-12-31": "2047.00000", "2017-12-31": "1369.00000", "2016-12-31": "1555.00000", "2015-12-31": "1072.00000", "2014-12-31": "831.00000", "2013-12-31": "960.00000", "2012-12-31": "1035.00000", "2011-12-31": "1102.00000", "2010-12-31": "1458.00000", "2009-12-31": "1562.00000", "2008-12-31": "1538.00000", "2007-12-31": "1524.00000", "2006-12-31": "1477.00000", "2005-12-31": "1029.00000"}, "Other Current Assets": {"2020-12-31": "20231.00000", "2019-12-31": "18364.00000", "2018-12-31": "17704.00000", "2017-12-31": "10757.00000", "2016-12-31": "14232.00000", "2015-12-31": "13267.00000", "2014-12-31": "9645.00000", "2013-12-31": "4780.00000", "2012-12-31": "3110.00000", "2011-12-31": "4137.00000", "2010-12-31": "3179.00000", "2009-12-31": "3792.00000", "2008-12-31": "2165.00000", "2007-12-31": "2963.00000", "2006-12-31": "2430.00000", "2005-12-31": "1039.00000"}, "Total Current Assets": {"2020-12-31": "52008.00000", "2019-12-31": "54761.00000", "2018-12-31": "51427.00000", "2017-12-31": "79146.00000", "2016-12-31": "38369.00000", "2015-12-31": "35992.00000", "2014-12-31": "33606.00000", "2013-12-31": "23196.00000", "2012-12-31": "22706.00000", "2011-12-31": "22985.00000", "2010-12-31": "20854.00000", "2009-12-31": "25187.00000", "2008-12-31": "22556.00000", "2007-12-31": "24686.00000", "2006-12-31": "25553.00000", "2005-12-31": "14654.00000"}, "Property, Plant, And Equipment": {"2020-12-31": "127315.00000", "2019-12-31": "130128.00000", "2018-12-31": "131473.00000", "2017-12-31": "125222.00000", "2016-12-31": "124899.00000", "2015-12-31": "124450.00000", "2014-12-31": "112898.00000", "2013-12-31": "110968.00000", "2012-12-31": "109767.00000", "2011-12-31": "107087.00000", "2010-12-31": "103196.00000", "2009-12-31": "99519.00000", "2008-12-31": "99088.00000", "2007-12-31": "95890.00000", "2006-12-31": "94596.00000", "2005-12-31": "58727.00000"}, "Long-Term Investments": {"2020-12-31": "1780.00000", "2019-12-31": "3695.00000", "2018-12-31": "6245.00000", "2017-12-31": "1560.00000", "2016-12-31": "1674.00000", "2015-12-31": "1606.00000", "2014-12-31": "250.00000", "2013-12-31": "3860.00000", "2012-12-31": "4581.00000", "2011-12-31": "3718.00000", "2010-12-31": "4515.00000", "2009-12-31": "2921.00000", "2008-12-31": "2332.00000", "2007-12-31": "2270.00000", "2006-12-31": "1995.00000", "2005-12-31": "33435.00000"}, "Goodwill And Intangible Assets": {"2020-12-31": "267782.00000", "2019-12-31": "288513.00000", "2018-12-31": "293128.00000", "2017-12-31": "219725.00000", "2016-12-31": "222067.00000", "2015-12-31": "225278.00000", "2014-12-31": "136655.00000", "2013-12-31": "131485.00000", "2012-12-31": "128548.00000", "2011-12-31": "130185.00000", "2010-12-31": "134121.00000", "2009-12-31": "134410.00000", "2008-12-31": "135541.00000", "2007-12-31": "129115.00000", "2006-12-31": "127397.00000", "2005-12-31": "22558.00000"}, "Other Long-Term Assets": {"2020-12-31": "52162.00000", "2019-12-31": "50533.00000", "2018-12-31": "49591.00000", "2017-12-31": "18444.00000", "2016-12-31": "16812.00000", "2015-12-31": "15346.00000", "2014-12-31": "13425.00000", "2013-12-31": "8278.00000", "2012-12-31": "6713.00000", "2011-12-31": "6467.00000", "2010-12-31": "6705.00000", "2009-12-31": "6275.00000", "2008-12-31": "5728.00000", "2007-12-31": "6392.00000", "2006-12-31": "6865.00000", "2005-12-31": "3592.00000"}, "Total Long-Term Assets": {"2020-12-31": "449039.00000", "2019-12-31": "472869.00000", "2018-12-31": "480437.00000", "2017-12-31": "364951.00000", "2016-12-31": "365452.00000", "2015-12-31": "366680.00000", "2014-12-31": "263228.00000", "2013-12-31": "254591.00000", "2012-12-31": "249609.00000", "2011-12-31": "247457.00000", "2010-12-31": "248537.00000", "2009-12-31": "243125.00000", "2008-12-31": "242689.00000", "2007-12-31": "250958.00000", "2006-12-31": "245081.00000", "2005-12-31": "130978.00000"}, "Total Assets": {"2020-12-31": "525761.00000", "2019-12-31": "551669.00000", "2018-12-31": "531864.00000", "2017-12-31": "444097.00000", "2016-12-31": "403821.00000", "2015-12-31": "402672.00000", "2014-12-31": "296834.00000", "2013-12-31": "277787.00000", "2012-12-31": "272315.00000", "2011-12-31": "270442.00000", "2010-12-31": "269391.00000", "2009-12-31": "268312.00000", "2008-12-31": "265245.00000", "2007-12-31": "275644.00000", "2006-12-31": "270634.00000", "2005-12-31": "145632.00000"}, "Total Current Liabilities": {"2020-12-31": "63438.00000", "2019-12-31": "68911.00000", "2018-12-31": "64420.00000", "2017-12-31": "81389.00000", "2016-12-31": "50576.00000", "2015-12-31": "47816.00000", "2014-12-31": "37282.00000", "2013-12-31": "34995.00000", "2012-12-31": "31787.00000", "2011-12-31": "30892.00000", "2010-12-31": "34854.00000", "2009-12-31": "36951.00000", "2008-12-31": "42290.00000", "2007-12-31": "39274.00000", "2006-12-31": "40482.00000", "2005-12-31": "25418.00000"}, "Long Term Debt": {"2020-12-31": "153775.00000", "2019-12-31": "151309.00000", "2018-12-31": "166250.00000", "2017-12-31": "125972.00000", "2016-12-31": "113681.00000", "2015-12-31": "118515.00000", "2014-12-31": "75778.00000", "2013-12-31": "69290.00000", "2012-12-31": "66358.00000", "2011-12-31": "61300.00000", "2010-12-31": "58971.00000", "2009-12-31": "64720.00000", "2008-12-31": "60872.00000", "2007-12-31": "57255.00000", "2006-12-31": "50063.00000", "2005-12-31": "26115.00000"}, "Other Non-Current Liabilities": {"2020-12-31": "28358.00000", "2019-12-31": "29421.00000", "2018-12-31": "30233.00000", "2017-12-31": "19747.00000", "2016-12-31": "21748.00000", "2015-12-31": "22258.00000", "2014-12-31": "17989.00000", "2013-12-31": "15766.00000", "2012-12-31": "11592.00000", "2011-12-31": "12694.00000", "2010-12-31": "12743.00000", "2009-12-31": "13226.00000", "2008-12-31": "14207.00000", "2007-12-31": "14798.00000", "2006-12-31": "8061.00000", "2005-12-31": "5354.00000"}, "Total Long Term Liabilities": {"2020-12-31": "283083.00000", "2019-12-31": "280824.00000", "2018-12-31": "273560.00000", "2017-12-31": "220701.00000", "2016-12-31": "229135.00000", "2015-12-31": "231216.00000", "2014-12-31": "169282.00000", "2013-12-31": "151310.00000", "2012-12-31": "147833.00000", "2011-12-31": "133753.00000", "2010-12-31": "122587.00000", "2009-12-31": "129372.00000", "2008-12-31": "126205.00000", "2007-12-31": "121003.00000", "2006-12-31": "114612.00000", "2005-12-31": "65524.00000"}, "Total Liabilities": {"2020-12-31": "346521.00000", "2019-12-31": "349735.00000", "2018-12-31": "337980.00000", "2017-12-31": "302090.00000", "2016-12-31": "279711.00000", "2015-12-31": "279032.00000", "2014-12-31": "206564.00000", "2013-12-31": "186305.00000", "2012-12-31": "179620.00000", "2011-12-31": "164645.00000", "2010-12-31": "157441.00000", "2009-12-31": "166323.00000", "2008-12-31": "168495.00000", "2007-12-31": "160277.00000", "2006-12-31": "155094.00000", "2005-12-31": "90942.00000"}, "Common Stock Net": {"2020-12-31": "7621.00000", "2019-12-31": "7621.00000", "2018-12-31": "7621.00000", "2017-12-31": "6495.00000", "2016-12-31": "6495.00000", "2015-12-31": "6495.00000", "2014-12-31": "6495.00000", "2013-12-31": "6495.00000", "2012-12-31": "6495.00000", "2011-12-31": "6495.00000", "2010-12-31": "6495.00000", "2009-12-31": "6495.00000", "2008-12-31": "6495.00000", "2007-12-31": "6495.00000", "2006-12-31": "6495.00000", "2005-12-31": "4065.00000"}, "Retained Earnings (Accumulated Deficit)": {"2020-12-31": "37457.00000", "2019-12-31": "57936.00000", "2018-12-31": "58753.00000", "2017-12-31": "50500.00000", "2016-12-31": "34734.00000", "2015-12-31": "33671.00000", "2014-12-31": "31081.00000", "2013-12-31": "31141.00000", "2012-12-31": "22481.00000", "2011-12-31": "25453.00000", "2010-12-31": "31792.00000", "2009-12-31": "21944.00000", "2008-12-31": "36591.00000", "2007-12-31": "33297.00000", "2006-12-31": "30375.00000", "2005-12-31": "29106.00000"}, "Comprehensive Income": {"2020-12-31": "4330.00000", "2019-12-31": "5470.00000", "2018-12-31": "4249.00000", "2017-12-31": "7017.00000", "2016-12-31": "4961.00000", "2015-12-31": "5334.00000", "2014-12-31": "8061.00000", "2013-12-31": "7880.00000", "2012-12-31": "5236.00000", "2011-12-31": "3180.00000", "2010-12-31": "2712.00000", "2009-12-31": "2678.00000", "2008-12-31": "-17057.00000", "2007-12-31": "-380.00000", "2006-12-31": "-5314.00000", "2005-12-31": "-356.00000"}, "Other Share Holders Equity": {"2020-12-31": "", "2019-12-31": "", "2018-12-31": "", "2017-12-31": "", "2016-12-31": "", "2015-12-31": "", "2014-12-31": "", "2013-12-31": "", "2012-12-31": "", "2011-12-31": "", "2010-12-31": "", "2009-12-31": "", "2008-12-31": "", "2007-12-31": "", "2006-12-31": "", "2005-12-31": ""}, "Share Holder Equity": {"2020-12-31": "179240.00000", "2019-12-31": "201934.00000", "2018-12-31": "193884.00000", "2017-12-31": "142007.00000", "2016-12-31": "124110.00000", "2015-12-31": "123640.00000", "2014-12-31": "90270.00000", "2013-12-31": "91482.00000", "2012-12-31": "92695.00000", "2011-12-31": "105797.00000", "2010-12-31": "111950.00000", "2009-12-31": "101989.00000", "2008-12-31": "96750.00000", "2007-12-31": "115367.00000", "2006-12-31": "115540.00000", "2005-12-31": "54690.00000"}, "Total Liabilities And Share Holders Equity": {"2020-12-31": "525761.00000", "2019-12-31": "551669.00000", "2018-12-31": "531864.00000", "2017-12-31": "444097.00000", "2016-12-31": "403821.00000", "2015-12-31": "402672.00000", "2014-12-31": "296834.00000", "2013-12-31": "277787.00000", "2012-12-31": "272315.00000", "2011-12-31": "270442.00000", "2010-12-31": "269391.00000", "2009-12-31": "268312.00000", "2008-12-31": "265245.00000", "2007-12-31": "275644.00000", "2006-12-31": "270634.00000", "2005-12-31": "145632.00000"}}, "balance sheet, quarterly": {"Cash On Hand": {"2020-12-31": "9740.00000", "2020-09-30": "9758.00000", "2020-06-30": "16941.00000", "2020-03-31": "9955.00000", "2019-12-31": "12130.00000", "2019-09-30": "6588.00000", "2019-06-30": "8423.00000", "2019-03-31": "6516.00000", "2018-12-31": "5204.00000", "2018-09-30": "8657.00000", "2018-06-30": "13523.00000", "2018-03-31": "48872.00000", "2017-12-31": "50498.00000", "2017-09-30": "48499.00000", "2017-06-30": "25617.00000", "2017-03-31": "14884.00000", "2016-12-31": "5788.00000", "2016-09-30": "5895.00000", "2016-06-30": "7208.00000", "2016-03-31": "10008.00000", "2015-12-31": "5121.00000", "2015-09-30": "6202.00000", "2015-06-30": "20956.00000", "2015-03-31": "4444.00000", "2014-12-31": "8603.00000", "2014-09-30": "2458.00000", "2014-06-30": "11305.00000", "2014-03-31": "3611.00000", "2013-12-31": "3339.00000", "2013-09-30": "1371.00000", "2013-06-30": "4548.00000", "2013-03-31": "3875.00000", "2012-12-31": "4868.00000", "2012-09-30": "2217.00000", "2012-06-30": "2151.00000", "2012-03-31": "2442.00000", "2011-12-31": "3045.00000", "2011-09-30": "10762.00000", "2011-06-30": "3831.00000", "2011-03-31": "1391.00000", "2010-12-31": "1437.00000", "2010-09-30": "3246.00000", "2010-06-30": "1377.00000", "2010-03-31": "2617.00000", "2009-12-31": "3741.00000", "2009-09-30": "6167.00000", "2009-06-30": "7348.00000", "2009-03-31": "3812.00000", "2008-12-31": "1792.00000", "2008-09-30": "1594.00000", "2008-06-30": "1631.00000", "2008-03-31": "1963.00000", "2007-12-31": "1970.00000", "2007-09-30": "2714.00000", "2007-06-30": "2570.00000", "2007-03-31": "2364.00000", "2006-12-31": "2418.00000", "2006-09-30": "1251.00000", "2006-06-30": "1097.00000", "2006-03-31": "1057.00000", "2005-12-31": "1224.00000", "2005-09-30": "433.00000", "2005-06-30": "406.00000", "2005-03-31": "462.00000"}, "Receivables": {"2020-12-31": "20215.00000", "2020-09-30": "19379.00000", "2020-06-30": "19127.00000", "2020-03-31": "19908.00000", "2019-12-31": "22636.00000", "2019-09-30": "22921.00000", "2019-06-30": "22381.00000", "2019-03-31": "23863.00000", "2018-12-31": "26472.00000", "2018-09-30": "26312.00000", "2018-06-30": "25492.00000", "2018-03-31": "16290.00000", "2017-12-31": "16522.00000", "2017-09-30": "15876.00000", "2017-06-30": "14997.00000", "2017-03-31": "15078.00000", "2016-12-31": "16794.00000", "2016-09-30": "16855.00000", "2016-06-30": "15830.00000", "2016-03-31": "16070.00000", "2015-12-31": "16532.00000", "2015-09-30": "16329.00000", "2015-06-30": "13821.00000", "2015-03-31": "13592.00000", "2014-12-31": "14527.00000", "2014-09-30": "13445.00000", "2014-06-30": "13001.00000", "2014-03-31": "13120.00000", "2013-12-31": "12918.00000", "2013-09-30": "12444.00000", "2013-06-30": "12508.00000", "2013-03-31": "12100.00000", "2012-12-31": "12657.00000", "2012-09-30": "12398.00000", "2012-06-30": "12430.00000", "2012-03-31": "13167.00000", "2011-12-31": "13231.00000", "2011-09-30": "13377.00000", "2011-06-30": "13608.00000", "2011-03-31": "13246.00000", "2010-12-31": "13610.00000", "2010-09-30": "13606.00000", "2010-06-30": "13780.00000", "2010-03-31": "14167.00000", "2009-12-31": "14845.00000", "2009-09-30": "14796.00000", "2009-06-30": "14846.00000", "2009-03-31": "14965.00000", "2008-12-31": "16047.00000", "2008-09-30": "16395.00000", "2008-06-30": "15971.00000", "2008-03-31": "15697.00000", "2007-12-31": "16185.00000", "2007-09-30": "16305.00000", "2007-06-30": "15368.00000", "2007-03-31": "15580.00000", "2006-12-31": "16194.00000", "2006-09-30": "8668.00000", "2006-06-30": "8484.00000", "2006-03-31": "8647.00000", "2005-12-31": "9351.00000", "2005-09-30": "5229.00000", "2005-06-30": "5220.00000", "2005-03-31": "5268.00000"}, "Inventory": {"2020-12-31": "", "2020-09-30": "", "2020-06-30": "", "2020-03-31": "", "2019-12-31": "", "2019-09-30": "", "2019-06-30": "", "2019-03-31": "", "2018-12-31": "", "2018-09-30": "", "2018-06-30": "", "2018-03-31": "", "2017-12-31": "", "2017-09-30": "", "2017-06-30": "", "2017-03-31": "", "2016-12-31": "", "2016-09-30": "", "2016-06-30": "", "2016-03-31": "", "2015-12-31": "", "2015-09-30": "", "2015-06-30": "", "2015-03-31": "", "2014-12-31": "", "2014-09-30": "", "2014-06-30": "", "2014-03-31": "", "2013-12-31": "", "2013-09-30": "", "2013-06-30": "", "2013-03-31": "", "2012-12-31": "", "2012-09-30": "", "2012-06-30": "", "2012-03-31": "", "2011-12-31": "", "2011-09-30": "", "2011-06-30": "", "2011-03-31": "", "2010-12-31": "", "2010-09-30": "", "2010-06-30": "", "2010-03-31": "", "2009-12-31": "", "2009-09-30": "", "2009-06-30": "", "2009-03-31": "", "2008-12-31": "", "2008-09-30": "", "2008-06-30": "", "2008-03-31": "", "2007-12-31": "", "2007-09-30": "", "2007-06-30": "", "2007-03-31": "", "2006-12-31": "", "2006-09-30": "", "2006-06-30": "", "2006-03-31": "", "2005-12-31": "", "2005-09-30": "", "2005-06-30": "", "2005-03-31": ""}, "Pre-Paid Expenses": {"2020-12-31": "1822.00000", "2020-09-30": "1420.00000", "2020-06-30": "1439.00000", "2020-03-31": "1600.00000", "2019-12-31": "1631.00000", "2019-09-30": "1493.00000", "2019-06-30": "1441.00000", "2019-03-31": "1518.00000", "2018-12-31": "2047.00000", "2018-09-30": "1860.00000", "2018-06-30": "1966.00000", "2018-03-31": "1335.00000", "2017-12-31": "1369.00000", "2017-09-30": "1258.00000", "2017-06-30": "1371.00000", "2017-03-31": "1418.00000", "2016-12-31": "1555.00000", "2016-09-30": "1333.00000", "2016-06-30": "1197.00000", "2016-03-31": "1378.00000", "2015-12-31": "1072.00000", "2015-09-30": "1166.00000", "2015-06-30": "834.00000", "2015-03-31": "930.00000", "2014-12-31": "831.00000", "2014-09-30": "869.00000", "2014-06-30": "928.00000", "2014-03-31": "1000.00000", "2013-12-31": "960.00000", "2013-09-30": "1022.00000", "2013-06-30": "1038.00000", "2013-03-31": "1021.00000", "2012-12-31": "1035.00000", "2012-09-30": "1337.00000", "2012-06-30": "1533.00000", "2012-03-31": "1706.00000", "2011-12-31": "1102.00000", "2011-09-30": "1507.00000", "2011-06-30": "1563.00000", "2011-03-31": "1674.00000", "2010-12-31": "1458.00000", "2010-09-30": "1686.00000", "2010-06-30": "1666.00000", "2010-03-31": "1820.00000", "2009-12-31": "1562.00000", "2009-09-30": "1791.00000", "2009-06-30": "1786.00000", "2009-03-31": "1704.00000", "2008-12-31": "1538.00000", "2008-09-30": "1657.00000", "2008-06-30": "1671.00000", "2008-03-31": "1610.00000", "2007-12-31": "1524.00000", "2007-09-30": "1900.00000", "2007-06-30": "1743.00000", "2007-03-31": "2058.00000", "2006-12-31": "1477.00000", "2006-09-30": "1038.00000", "2006-06-30": "1144.00000", "2006-03-31": "1215.00000", "2005-12-31": "1029.00000", "2005-09-30": "1132.00000", "2005-06-30": "867.00000", "2005-03-31": "904.00000"}, "Other Current Assets": {"2020-12-31": "20231.00000", "2020-09-30": "19414.00000", "2020-06-30": "19048.00000", "2020-03-31": "21241.00000", "2019-12-31": "18364.00000", "2019-09-30": "19693.00000", "2019-06-30": "14973.00000", "2019-03-31": "14575.00000", "2018-12-31": "17704.00000", "2018-09-30": "16278.00000", "2018-06-30": "14305.00000", "2018-03-31": "12008.00000", "2017-12-31": "10757.00000", "2017-09-30": "10724.00000", "2017-06-30": "11562.00000", "2017-03-31": "14347.00000", "2016-12-31": "14232.00000", "2016-09-30": "13291.00000", "2016-06-30": "11770.00000", "2016-03-31": "10545.00000", "2015-12-31": "13267.00000", "2015-09-30": "11254.00000", "2015-06-30": "6421.00000", "2015-03-31": "6906.00000", "2014-12-31": "9645.00000", "2014-09-30": "8033.00000", "2014-06-30": "6698.00000", "2014-03-31": "5187.00000", "2013-12-31": "4780.00000", "2013-09-30": "2916.00000", "2013-06-30": "2381.00000", "2013-03-31": "2396.00000", "2012-12-31": "3110.00000", "2012-09-30": "1694.00000", "2012-06-30": "1624.00000", "2012-03-31": "1987.00000", "2011-12-31": "4137.00000", "2011-09-30": "1858.00000", "2011-06-30": "2057.00000", "2011-03-31": "2269.00000", "2010-12-31": "3179.00000", "2010-09-30": "2380.00000", "2010-06-30": "3344.00000", "2010-03-31": "2465.00000", "2009-12-31": "3792.00000", "2009-09-30": "2176.00000", "2009-06-30": "1996.00000", "2009-03-31": "2083.00000", "2008-12-31": "2165.00000", "2008-09-30": "2239.00000", "2008-06-30": "2545.00000", "2008-03-31": "2742.00000", "2007-12-31": "2963.00000", "2007-09-30": "2191.00000", "2007-06-30": "2352.00000", "2007-03-31": "2120.00000", "2006-12-31": "2430.00000", "2006-09-30": "957.00000", "2006-06-30": "1034.00000", "2006-03-31": "1057.00000", "2005-12-31": "1039.00000", "2005-09-30": "753.00000", "2005-06-30": "784.00000", "2005-03-31": "828.00000"}, "Total Current Assets": {"2020-12-31": "52008.00000", "2020-09-30": "49971.00000", "2020-06-30": "56555.00000", "2020-03-31": "52704.00000", "2019-12-31": "54761.00000", "2019-09-30": "50695.00000", "2019-06-30": "47218.00000", "2019-03-31": "46472.00000", "2018-12-31": "51427.00000", "2018-09-30": "53107.00000", "2018-06-30": "55286.00000", "2018-03-31": "78505.00000", "2017-12-31": "79146.00000", "2017-09-30": "76357.00000", "2017-06-30": "53547.00000", "2017-03-31": "45727.00000", "2016-12-31": "38369.00000", "2016-09-30": "37374.00000", "2016-06-30": "36005.00000", "2016-03-31": "38001.00000", "2015-12-31": "35992.00000", "2015-09-30": "34951.00000", "2015-06-30": "43163.00000", "2015-03-31": "27410.00000", "2014-12-31": "33606.00000", "2014-09-30": "25835.00000", "2014-06-30": "33112.00000", "2014-03-31": "24089.00000", "2013-12-31": "23196.00000", "2013-09-30": "18435.00000", "2013-06-30": "21428.00000", "2013-03-31": "20372.00000", "2012-12-31": "22706.00000", "2012-09-30": "18958.00000", "2012-06-30": "19156.00000", "2012-03-31": "20765.00000", "2011-12-31": "22985.00000", "2011-09-30": "28605.00000", "2011-06-30": "22239.00000", "2011-03-31": "19737.00000", "2010-12-31": "20854.00000", "2010-09-30": "21977.00000", "2010-06-30": "21392.00000", "2010-03-31": "22362.00000", "2009-12-31": "25187.00000", "2009-09-30": "25921.00000", "2009-06-30": "26940.00000", "2009-03-31": "23521.00000", "2008-12-31": "22556.00000", "2008-09-30": "23445.00000", "2008-06-30": "23225.00000", "2008-03-31": "23946.00000", "2007-12-31": "24686.00000", "2007-09-30": "25543.00000", "2007-06-30": "24393.00000", "2007-03-31": "24693.00000", "2006-12-31": "25553.00000", "2006-09-30": "13512.00000", "2006-06-30": "13635.00000", "2006-03-31": "13850.00000", "2005-12-31": "14654.00000", "2005-09-30": "8102.00000", "2005-06-30": "7822.00000", "2005-03-31": "8014.00000"}, "Property, Plant, And Equipment": {"2020-12-31": "127315.00000", "2020-09-30": "128722.00000", "2020-06-30": "128945.00000", "2020-03-31": "128921.00000", "2019-12-31": "130128.00000", "2019-09-30": "131316.00000", "2019-06-30": "132074.00000", "2019-03-31": "132051.00000", "2018-12-31": "131473.00000", "2018-09-30": "130348.00000", "2018-06-30": "129556.00000", "2018-03-31": "125124.00000", "2017-12-31": "125222.00000", "2017-09-30": "126462.00000", "2017-06-30": "126184.00000", "2017-03-31": "125292.00000", "2016-12-31": "124899.00000", "2016-09-30": "123922.00000", "2016-06-30": "123537.00000", "2016-03-31": "123454.00000", "2015-12-31": "124450.00000", "2015-09-30": "122836.00000", "2015-06-30": "114348.00000", "2015-03-31": "113198.00000", "2014-12-31": "112898.00000", "2014-09-30": "115134.00000", "2014-06-30": "114360.00000", "2014-03-31": "112809.00000", "2013-12-31": "110968.00000", "2013-09-30": "112424.00000", "2013-06-30": "110734.00000", "2013-03-31": "109702.00000", "2012-12-31": "109767.00000", "2012-09-30": "108217.00000", "2012-06-30": "107483.00000", "2012-03-31": "107231.00000", "2011-12-31": "107087.00000", "2011-09-30": "105786.00000", "2011-06-30": "104606.00000", "2011-03-31": "103369.00000", "2010-12-31": "103196.00000", "2010-09-30": "101475.00000", "2010-06-30": "100302.00000", "2010-03-31": "99360.00000", "2009-12-31": "99519.00000", "2009-09-30": "98321.00000", "2009-06-30": "98229.00000", "2009-03-31": "98339.00000", "2008-12-31": "99088.00000", "2008-09-30": "97771.00000", "2008-06-30": "97368.00000", "2008-03-31": "96238.00000", "2007-12-31": "95890.00000", "2007-09-30": "94446.00000", "2007-06-30": "94055.00000", "2007-03-31": "93592.00000", "2006-12-31": "94596.00000", "2006-09-30": "57651.00000", "2006-06-30": "58351.00000", "2006-03-31": "58367.00000", "2005-12-31": "58727.00000", "2005-09-30": "48440.00000", "2005-06-30": "48798.00000", "2005-03-31": "49311.00000"}, "Long-Term Investments": {"2020-12-31": "1780.00000", "2020-09-30": "2325.00000", "2020-06-30": "2302.00000", "2020-03-31": "3606.00000", "2019-12-31": "3695.00000", "2019-09-30": "4137.00000", "2019-06-30": "4133.00000", "2019-03-31": "6230.00000", "2018-12-31": "6245.00000", "2018-09-30": "6128.00000", "2018-06-30": "8007.00000", "2018-03-31": "2623.00000", "2017-12-31": "1560.00000", "2017-09-30": "1627.00000", "2017-06-30": "1615.00000", "2017-03-31": "1551.00000", "2016-12-31": "1674.00000", "2016-09-30": "1679.00000", "2016-06-30": "1677.00000", "2016-03-31": "1594.00000", "2015-12-31": "1606.00000", "2015-09-30": "1744.00000", "2015-06-30": "288.00000", "2015-03-31": "266.00000", "2014-12-31": "250.00000", "2014-09-30": "166.00000", "2014-06-30": "159.00000", "2014-03-31": "3613.00000", "2013-12-31": "3860.00000", "2013-09-30": "3949.00000", "2013-06-30": "3888.00000", "2013-03-31": "4998.00000", "2012-12-31": "4581.00000", "2012-09-30": "4563.00000", "2012-06-30": "4388.00000", "2012-03-31": "4302.00000", "2011-12-31": "3718.00000", "2011-09-30": "4483.00000", "2011-06-30": "5207.00000", "2011-03-31": "4845.00000", "2010-12-31": "4515.00000", "2010-09-30": "4544.00000", "2010-06-30": "4346.00000", "2010-03-31": "3278.00000", "2009-12-31": "2921.00000", "2009-09-30": "2813.00000", "2009-06-30": "2749.00000", "2009-03-31": "2413.00000", "2008-12-31": "2332.00000", "2008-09-30": "2839.00000", "2008-06-30": "2838.00000", "2008-03-31": "2578.00000", "2007-12-31": "2270.00000", "2007-09-30": "2403.00000", "2007-06-30": "2342.00000", "2007-03-31": "2110.00000", "2006-12-31": "1995.00000", "2006-09-30": "35251.00000", "2006-06-30": "34803.00000", "2006-03-31": "34406.00000", "2005-12-31": "33435.00000", "2005-09-30": "32945.00000", "2005-06-30": "34182.00000", "2005-03-31": "34816.00000"}, "Goodwill And Intangible Assets": {"2020-12-31": "267782.00000", "2020-09-30": "283183.00000", "2020-06-30": "284623.00000", "2020-03-31": "285124.00000", "2019-12-31": "288513.00000", "2019-09-30": "288047.00000", "2019-06-30": "291159.00000", "2019-03-31": "292385.00000", "2018-12-31": "293128.00000", "2018-09-30": "295614.00000", "2018-06-30": "294649.00000", "2018-03-31": "219117.00000", "2017-12-31": "219725.00000", "2017-09-30": "221087.00000", "2017-06-30": "221804.00000", "2017-03-31": "221871.00000", "2016-12-31": "222067.00000", "2016-09-30": "223473.00000", "2016-06-30": "224716.00000", "2016-03-31": "225086.00000", "2015-12-31": "225278.00000", "2015-09-30": "226873.00000", "2015-06-30": "158227.00000", "2015-03-31": "157324.00000", "2014-12-31": "136655.00000", "2014-09-30": "137167.00000", "2014-06-30": "136129.00000", "2014-03-31": "135819.00000", "2013-12-31": "131485.00000", "2013-09-30": "132214.00000", "2013-06-30": "129468.00000", "2013-03-31": "129491.00000", "2012-12-31": "128548.00000", "2012-09-30": "128504.00000", "2012-06-30": "128670.00000", "2012-03-31": "130299.00000", "2011-12-31": "130185.00000", "2011-09-30": "132565.00000", "2011-06-30": "133044.00000", "2011-03-31": "133575.00000", "2010-12-31": "134121.00000", "2010-09-30": "134454.00000", "2010-06-30": "135027.00000", "2010-03-31": "134384.00000", "2009-12-31": "134410.00000", "2009-09-30": "133143.00000", "2009-06-30": "133820.00000", "2009-03-31": "134557.00000", "2008-12-31": "135541.00000", "2008-09-30": "135779.00000", "2008-06-30": "136711.00000", "2008-03-31": "131095.00000", "2007-12-31": "129115.00000", "2007-09-30": "123896.00000", "2007-06-30": "125189.00000", "2007-03-31": "127022.00000", "2006-12-31": "127397.00000", "2006-09-30": "21113.00000", "2006-06-30": "21411.00000", "2006-03-31": "21616.00000", "2005-12-31": "22558.00000", "2005-09-30": "1723.00000", "2005-06-30": "1769.00000", "2005-03-31": "1768.00000"}, "Other Long-Term Assets": {"2020-12-31": "52162.00000", "2020-09-30": "49806.00000", "2020-06-30": "50781.00000", "2020-03-31": "50991.00000", "2019-12-31": "50533.00000", "2019-09-30": "50124.00000", "2019-06-30": "49680.00000", "2019-03-31": "51011.00000", "2018-12-31": "49591.00000", "2018-09-30": "49673.00000", "2018-06-30": "47193.00000", "2018-03-31": "20974.00000", "2017-12-31": "18444.00000", "2017-09-30": "18332.00000", "2017-06-30": "17645.00000", "2017-03-31": "17462.00000", "2016-12-31": "16812.00000", "2016-09-30": "16527.00000", "2016-06-30": "15873.00000", "2016-03-31": "15503.00000", "2015-12-31": "15346.00000", "2015-09-30": "13585.00000", "2015-06-30": "10463.00000", "2015-03-31": "9830.00000", "2014-12-31": "13425.00000", "2014-09-30": "9637.00000", "2014-06-30": "9706.00000", "2014-03-31": "9010.00000", "2013-12-31": "8278.00000", "2013-09-30": "7577.00000", "2013-06-30": "6575.00000", "2013-03-31": "6431.00000", "2012-12-31": "6713.00000", "2012-09-30": "6607.00000", "2012-06-30": "6597.00000", "2012-03-31": "6759.00000", "2011-12-31": "6467.00000", "2011-09-30": "6214.00000", "2011-06-30": "6918.00000", "2011-03-31": "6559.00000", "2010-12-31": "6705.00000", "2010-09-30": "6802.00000", "2010-06-30": "6489.00000", "2010-03-31": "6317.00000", "2009-12-31": "6275.00000", "2009-09-30": "6370.00000", "2009-06-30": "6180.00000", "2009-03-31": "5528.00000", "2008-12-31": "5728.00000", "2008-09-30": "6530.00000", "2008-06-30": "6468.00000", "2008-03-31": "6697.00000", "2007-12-31": "6392.00000", "2007-09-30": "6901.00000", "2007-06-30": "6848.00000", "2007-03-31": "6608.00000", "2006-12-31": "6865.00000", "2006-09-30": "16365.00000", "2006-06-30": "16150.00000", "2006-03-31": "16198.00000", "2005-12-31": "3592.00000", "2005-09-30": "12894.00000", "2005-06-30": "13072.00000", "2005-03-31": "13037.00000"}, "Total Long-Term Assets": {"2020-12-31": "449039.00000", "2020-09-30": "464036.00000", "2020-06-30": "466651.00000", "2020-03-31": "468642.00000", "2019-12-31": "472869.00000", "2019-09-30": "473624.00000", "2019-06-30": "477046.00000", "2019-03-31": "481677.00000", "2018-12-31": "480437.00000", "2018-09-30": "481763.00000", "2018-06-30": "479405.00000", "2018-03-31": "367838.00000", "2017-12-31": "364951.00000", "2017-09-30": "367508.00000", "2017-06-30": "367248.00000", "2017-03-31": "366176.00000", "2016-12-31": "365452.00000", "2016-09-30": "365601.00000", "2016-06-30": "365803.00000", "2016-03-31": "365637.00000", "2015-12-31": "366680.00000", "2015-09-30": "365038.00000", "2015-06-30": "283326.00000", "2015-03-31": "280618.00000", "2014-12-31": "263228.00000", "2014-09-30": "262104.00000", "2014-06-30": "260354.00000", "2014-03-31": "261251.00000", "2013-12-31": "254591.00000", "2013-09-30": "256164.00000", "2013-06-30": "250665.00000", "2013-03-31": "250622.00000", "2012-12-31": "249609.00000", "2012-09-30": "247891.00000", "2012-06-30": "247138.00000", "2012-03-31": "248591.00000", "2011-12-31": "247457.00000", "2011-09-30": "249048.00000", "2011-06-30": "249775.00000", "2011-03-31": "248348.00000", "2010-12-31": "248537.00000", "2010-09-30": "247275.00000", "2010-06-30": "246164.00000", "2010-03-31": "243339.00000", "2009-12-31": "243125.00000", "2009-09-30": "240647.00000", "2009-06-30": "240978.00000", "2009-03-31": "240837.00000", "2008-12-31": "242689.00000", "2008-09-30": "261083.00000", "2008-06-30": "261283.00000", "2008-03-31": "254253.00000", "2007-12-31": "250958.00000", "2007-09-30": "242425.00000", "2007-06-30": "242953.00000", "2007-03-31": "243583.00000", "2006-12-31": "245081.00000", "2006-09-30": "130380.00000", "2006-06-30": "130715.00000", "2006-03-31": "130587.00000", "2005-12-31": "130978.00000", "2005-09-30": "96002.00000", "2005-06-30": "97821.00000", "2005-03-31": "98932.00000"}, "Total Assets": {"2020-12-31": "525761.00000", "2020-09-30": "538553.00000", "2020-06-30": "547898.00000", "2020-03-31": "545354.00000", "2019-12-31": "551669.00000", "2019-09-30": "548796.00000", "2019-06-30": "546914.00000", "2019-03-31": "548384.00000", "2018-12-31": "531864.00000", "2018-09-30": "534870.00000", "2018-06-30": "534691.00000", "2018-03-31": "446343.00000", "2017-12-31": "444097.00000", "2017-09-30": "443865.00000", "2017-06-30": "420795.00000", "2017-03-31": "411903.00000", "2016-12-31": "403821.00000", "2016-09-30": "402975.00000", "2016-06-30": "401808.00000", "2016-03-31": "403638.00000", "2015-12-31": "402672.00000", "2015-09-30": "399989.00000", "2015-06-30": "326489.00000", "2015-03-31": "308028.00000", "2014-12-31": "296834.00000", "2014-09-30": "287939.00000", "2014-06-30": "293466.00000", "2014-03-31": "285340.00000", "2013-12-31": "277787.00000", "2013-09-30": "274599.00000", "2013-06-30": "272093.00000", "2013-03-31": "270994.00000", "2012-12-31": "272315.00000", "2012-09-30": "266849.00000", "2012-06-30": "266294.00000", "2012-03-31": "269356.00000", "2011-12-31": "270442.00000", "2011-09-30": "277653.00000", "2011-06-30": "272014.00000", "2011-03-31": "268085.00000", "2010-12-31": "269391.00000", "2010-09-30": "269252.00000", "2010-06-30": "267556.00000", "2010-03-31": "265701.00000", "2009-12-31": "268312.00000", "2009-09-30": "266568.00000", "2009-06-30": "267918.00000", "2009-03-31": "264358.00000", "2008-12-31": "265245.00000", "2008-09-30": "284528.00000", "2008-06-30": "284508.00000", "2008-03-31": "278199.00000", "2007-12-31": "275644.00000", "2007-09-30": "267968.00000", "2007-06-30": "267346.00000", "2007-03-31": "268276.00000", "2006-12-31": "270634.00000", "2006-09-30": "143892.00000", "2006-06-30": "144350.00000", "2006-03-31": "144437.00000", "2005-12-31": "145632.00000", "2005-09-30": "104104.00000", "2005-06-30": "105643.00000", "2005-03-31": "106946.00000"}, "Total Current Liabilities": {"2020-12-31": "63438.00000", "2020-09-30": "59565.00000", "2020-06-30": "69469.00000", "2020-03-31": "69704.00000", "2019-12-31": "68911.00000", "2019-09-30": "68126.00000", "2019-06-30": "66376.00000", "2019-03-31": "64652.00000", "2018-12-31": "64420.00000", "2018-09-30": "65420.00000", "2018-06-30": "68593.00000", "2018-03-31": "70580.00000", "2017-12-31": "81389.00000", "2017-09-30": "47693.00000", "2017-06-30": "48012.00000", "2017-03-31": "50690.00000", "2016-12-31": "50576.00000", "2016-09-30": "47102.00000", "2016-06-30": "46465.00000", "2016-03-31": "44528.00000", "2015-12-31": "47816.00000", "2015-09-30": "47938.00000", "2015-06-30": "40527.00000", "2015-03-31": "37651.00000", "2014-12-31": "37282.00000", "2014-09-30": "39979.00000", "2014-06-30": "43788.00000", "2014-03-31": "39830.00000", "2013-12-31": "34995.00000", "2013-09-30": "36183.00000", "2013-06-30": "31189.00000", "2013-03-31": "29786.00000", "2012-12-31": "31787.00000", "2012-09-30": "30798.00000", "2012-06-30": "29702.00000", "2012-03-31": "32520.00000", "2011-12-31": "30892.00000", "2011-09-30": "34031.00000", "2011-06-30": "33537.00000", "2011-03-31": "33254.00000", "2010-12-31": "34854.00000", "2010-09-30": "32674.00000", "2010-06-30": "36182.00000", "2010-03-31": "36706.00000", "2009-12-31": "36951.00000", "2009-09-30": "33268.00000", "2009-06-30": "36219.00000", "2009-03-31": "37032.00000", "2008-12-31": "42290.00000", "2008-09-30": "45338.00000", "2008-06-30": "45111.00000", "2008-03-31": "42129.00000", "2007-12-31": "39274.00000", "2007-09-30": "38174.00000", "2007-06-30": "38539.00000", "2007-03-31": "34746.00000", "2006-12-31": "40482.00000", "2006-09-30": "23905.00000", "2006-06-30": "23032.00000", "2006-03-31": "24755.00000", "2005-12-31": "25418.00000", "2005-09-30": "18296.00000", "2005-06-30": "18926.00000", "2005-03-31": "17591.00000"}, "Long Term Debt": {"2020-12-31": "153775.00000", "2020-09-30": "152980.00000", "2020-06-30": "153388.00000", "2020-03-31": "147202.00000", "2019-12-31": "151309.00000", "2019-09-30": "153568.00000", "2019-06-30": "157790.00000", "2019-03-31": "163942.00000", "2018-12-31": "166250.00000", "2018-09-30": "168513.00000", "2018-06-30": "168495.00000", "2018-03-31": "133724.00000", "2017-12-31": "125972.00000", "2017-09-30": "154728.00000", "2017-06-30": "132824.00000", "2017-03-31": "120568.00000", "2016-12-31": "113681.00000", "2016-09-30": "117239.00000", "2016-06-30": "117308.00000", "2016-03-31": "122104.00000", "2015-12-31": "118515.00000", "2015-09-30": "119395.00000", "2015-06-30": "105067.00000", "2015-03-31": "88272.00000", "2014-12-31": "75778.00000", "2014-09-30": "70516.00000", "2014-06-30": "73570.00000", "2014-03-31": "71575.00000", "2013-12-31": "69290.00000", "2013-09-30": "68350.00000", "2013-06-30": "71917.00000", "2013-03-31": "70686.00000", "2012-12-31": "66358.00000", "2012-09-30": "60314.00000", "2012-06-30": "61132.00000", "2012-03-31": "58934.00000", "2011-12-31": "61300.00000", "2011-09-30": "62326.00000", "2011-06-30": "58663.00000", "2011-03-31": "58126.00000", "2010-12-31": "58971.00000", "2010-09-30": "62540.00000", "2010-06-30": "60277.00000", "2010-03-31": "60024.00000", "2009-12-31": "64720.00000", "2009-09-30": "65909.00000", "2009-06-30": "66565.00000", "2009-03-31": "63560.00000", "2008-12-31": "60872.00000", "2008-09-30": "59355.00000", "2008-06-30": "63675.00000", "2008-03-31": "60189.00000", "2007-12-31": "57255.00000", "2007-09-30": "54585.00000", "2007-06-30": "53970.00000", "2007-03-31": "55467.00000", "2006-12-31": "50063.00000", "2006-09-30": "26799.00000", "2006-06-30": "27159.00000", "2006-03-31": "25829.00000", "2005-12-31": "26115.00000", "2005-09-30": "17822.00000", "2005-06-30": "18216.00000", "2005-03-31": "20937.00000"}, "Other Non-Current Liabilities": {"2020-12-31": "28358.00000", "2020-09-30": "30520.00000", "2020-06-30": "32804.00000", "2020-03-31": "34600.00000", "2019-12-31": "29421.00000", "2019-09-30": "29848.00000", "2019-06-30": "28176.00000", "2019-03-31": "27715.00000", "2018-12-31": "30233.00000", "2018-09-30": "26490.00000", "2018-06-30": "25017.00000", "2018-03-31": "19117.00000", "2017-12-31": "19747.00000", "2017-09-30": "19723.00000", "2017-06-30": "20753.00000", "2017-03-31": "21160.00000", "2016-12-31": "21748.00000", "2016-09-30": "20899.00000", "2016-06-30": "21425.00000", "2016-03-31": "20998.00000", "2015-12-31": "22258.00000", "2015-09-30": "20427.00000", "2015-06-30": "18240.00000", "2015-03-31": "19908.00000", "2014-12-31": "17989.00000", "2014-09-30": "17014.00000", "2014-06-30": "16578.00000", "2014-03-31": "16089.00000", "2013-12-31": "15766.00000", "2013-09-30": "11234.00000", "2013-06-30": "11278.00000", "2013-03-31": "11603.00000", "2012-12-31": "11592.00000", "2012-09-30": "11529.00000", "2012-06-30": "11849.00000", "2012-03-31": "12466.00000", "2011-12-31": "12694.00000", "2011-09-30": "12778.00000", "2011-06-30": "12290.00000", "2011-03-31": "12203.00000", "2010-12-31": "12743.00000", "2010-09-30": "13023.00000", "2010-06-30": "14578.00000", "2010-03-31": "13276.00000", "2009-12-31": "13226.00000", "2009-09-30": "13361.00000", "2009-06-30": "13783.00000", "2009-03-31": "14663.00000", "2008-12-31": "14207.00000", "2008-09-30": "14048.00000", "2008-06-30": "13817.00000", "2008-03-31": "13910.00000", "2007-12-31": "14798.00000", "2007-09-30": "12526.00000", "2007-06-30": "13926.00000", "2007-03-31": "14539.00000", "2006-12-31": "8061.00000", "2006-09-30": "5081.00000", "2006-06-30": "5148.00000", "2006-03-31": "5382.00000", "2005-12-31": "5354.00000", "2005-09-30": "3355.00000", "2005-06-30": "3334.00000", "2005-03-31": "3219.00000"}, "Total Long Term Liabilities": {"2020-12-31": "283083.00000", "2020-09-30": "283932.00000", "2020-06-30": "284976.00000", "2020-03-31": "280201.00000", "2019-12-31": "280824.00000", "2019-09-30": "286343.00000", "2019-06-30": "286457.00000", "2019-03-31": "288781.00000", "2018-12-31": "273560.00000", "2018-09-30": "284479.00000", "2018-06-30": "281968.00000", "2018-03-31": "228687.00000", "2017-12-31": "220701.00000", "2017-09-30": "270063.00000", "2017-06-30": "246925.00000", "2017-03-31": "236232.00000", "2016-12-31": "229135.00000", "2016-09-30": "231270.00000", "2016-06-30": "230972.00000", "2016-03-31": "234705.00000", "2015-12-31": "231216.00000", "2015-09-30": "229262.00000", "2015-06-30": "198461.00000", "2015-03-31": "183273.00000", "2014-12-31": "169282.00000", "2014-09-30": "154841.00000", "2014-06-30": "157053.00000", "2014-03-31": "154141.00000", "2013-12-31": "151310.00000", "2013-09-30": "152286.00000", "2013-06-30": "154589.00000", "2013-03-31": "152870.00000", "2012-12-31": "147833.00000", "2012-09-30": "134777.00000", "2012-06-30": "133013.00000", "2012-03-31": "131649.00000", "2011-12-31": "133753.00000", "2011-09-30": "129740.00000", "2011-06-30": "124368.00000", "2011-03-31": "121988.00000", "2010-12-31": "122587.00000", "2010-09-30": "123285.00000", "2010-06-30": "127891.00000", "2010-03-31": "126529.00000", "2009-12-31": "129372.00000", "2009-09-30": "133299.00000", "2009-06-30": "132687.00000", "2009-03-31": "129631.00000", "2008-12-31": "126205.00000", "2008-09-30": "126672.00000", "2008-06-30": "127460.00000", "2008-03-31": "123812.00000", "2007-12-31": "121003.00000", "2007-09-30": "118620.00000", "2007-06-30": "117146.00000", "2007-03-31": "119524.00000", "2006-12-31": "114612.00000", "2006-09-30": "64586.00000", "2006-06-30": "65849.00000", "2006-03-31": "64593.00000", "2005-12-31": "65524.00000", "2005-09-30": "45629.00000", "2005-06-30": "46231.00000", "2005-03-31": "48951.00000"}, "Total Liabilities": {"2020-12-31": "346521.00000", "2020-09-30": "343497.00000", "2020-06-30": "354445.00000", "2020-03-31": "349905.00000", "2019-12-31": "349735.00000", "2019-09-30": "354469.00000", "2019-06-30": "352833.00000", "2019-03-31": "353433.00000", "2018-12-31": "337980.00000", "2018-09-30": "349899.00000", "2018-06-30": "350561.00000", "2018-03-31": "299267.00000", "2017-12-31": "302090.00000", "2017-09-30": "317756.00000", "2017-06-30": "294937.00000", "2017-03-31": "286922.00000", "2016-12-31": "279711.00000", "2016-09-30": "278372.00000", "2016-06-30": "277437.00000", "2016-03-31": "279233.00000", "2015-12-31": "279032.00000", "2015-09-30": "277200.00000", "2015-06-30": "238988.00000", "2015-03-31": "220924.00000", "2014-12-31": "206564.00000", "2014-09-30": "194820.00000", "2014-06-30": "200841.00000", "2014-03-31": "193971.00000", "2013-12-31": "186305.00000", "2013-09-30": "188469.00000", "2013-06-30": "185778.00000", "2013-03-31": "182656.00000", "2012-12-31": "179620.00000", "2012-09-30": "165575.00000", "2012-06-30": "162715.00000", "2012-03-31": "164169.00000", "2011-12-31": "164645.00000", "2011-09-30": "163771.00000", "2011-06-30": "157905.00000", "2011-03-31": "155242.00000", "2010-12-31": "157441.00000", "2010-09-30": "155959.00000", "2010-06-30": "164073.00000", "2010-03-31": "163235.00000", "2009-12-31": "166323.00000", "2009-09-30": "166567.00000", "2009-06-30": "168906.00000", "2009-03-31": "166663.00000", "2008-12-31": "168495.00000", "2008-09-30": "172010.00000", "2008-06-30": "172571.00000", "2008-03-31": "165941.00000", "2007-12-31": "160277.00000", "2007-09-30": "156794.00000", "2007-06-30": "155685.00000", "2007-03-31": "154270.00000", "2006-12-31": "155094.00000", "2006-09-30": "88491.00000", "2006-06-30": "88881.00000", "2006-03-31": "89348.00000", "2005-12-31": "90942.00000", "2005-09-30": "63925.00000", "2005-06-30": "65157.00000", "2005-03-31": "66542.00000"}, "Common Stock Net": {"2020-12-31": "7621.00000", "2020-09-30": "7621.00000", "2020-06-30": "7621.00000", "2020-03-31": "7621.00000", "2019-12-31": "7621.00000", "2019-09-30": "7621.00000", "2019-06-30": "7621.00000", "2019-03-31": "7621.00000", "2018-12-31": "7621.00000", "2018-09-30": "7621.00000", "2018-06-30": "7621.00000", "2018-03-31": "6495.00000", "2017-12-31": "6495.00000", "2017-09-30": "6495.00000", "2017-06-30": "6495.00000", "2017-03-31": "6495.00000", "2016-12-31": "6495.00000", "2016-09-30": "6495.00000", "2016-06-30": "6495.00000", "2016-03-31": "6495.00000", "2015-12-31": "6495.00000", "2015-09-30": "6495.00000", "2015-06-30": "6495.00000", "2015-03-31": "6495.00000", "2014-12-31": "6495.00000", "2014-09-30": "6495.00000", "2014-06-30": "6495.00000", "2014-03-31": "6495.00000", "2013-12-31": "6495.00000", "2013-09-30": "6495.00000", "2013-06-30": "6495.00000", "2013-03-31": "6495.00000", "2012-12-31": "6495.00000", "2012-09-30": "6495.00000", "2012-06-30": "6495.00000", "2012-03-31": "6495.00000", "2011-12-31": "6495.00000", "2011-09-30": "6495.00000", "2011-06-30": "6495.00000", "2011-03-31": "6495.00000", "2010-12-31": "6495.00000", "2010-09-30": "6495.00000", "2010-06-30": "6495.00000", "2010-03-31": "6495.00000", "2009-12-31": "6495.00000", "2009-09-30": "6495.00000", "2009-06-30": "6495.00000", "2009-03-31": "6495.00000", "2008-12-31": "6495.00000", "2008-09-30": "6495.00000", "2008-06-30": "6495.00000", "2008-03-31": "6495.00000", "2007-12-31": "6495.00000", "2007-09-30": "6495.00000", "2007-06-30": "6495.00000", "2007-03-31": "6495.00000", "2006-12-31": "6495.00000", "2006-09-30": "4065.00000", "2006-06-30": "4065.00000", "2006-03-31": "4065.00000", "2005-12-31": "4065.00000", "2005-09-30": "3433.00000", "2005-06-30": "3433.00000", "2005-03-31": "3433.00000"}, "Retained Earnings (Accumulated Deficit)": {"2020-12-31": "37457.00000", "2020-09-30": "55094.00000", "2020-06-30": "56045.00000", "2020-03-31": "58534.00000", "2019-12-31": "57936.00000", "2019-09-30": "59347.00000", "2019-06-30": "59389.00000", "2019-03-31": "59424.00000", "2018-12-31": "58753.00000", "2018-09-30": "57624.00000", "2018-06-30": "56555.00000", "2018-03-31": "55067.00000", "2017-12-31": "50500.00000", "2017-09-30": "36074.00000", "2017-06-30": "36067.00000", "2017-03-31": "35175.00000", "2016-12-31": "34734.00000", "2016-09-30": "35319.00000", "2016-06-30": "34950.00000", "2016-03-31": "34506.00000", "2015-12-31": "33671.00000", "2015-09-30": "32627.00000", "2015-06-30": "29086.00000", "2015-03-31": "28490.00000", "2014-12-31": "31081.00000", "2014-09-30": "34165.00000", "2014-06-30": "33554.00000", "2014-03-31": "32402.00000", "2013-12-31": "31141.00000", "2013-09-30": "26648.00000", "2013-06-30": "25212.00000", "2013-03-31": "23787.00000", "2012-12-31": "22481.00000", "2012-09-30": "28907.00000", "2012-06-30": "27788.00000", "2012-03-31": "26446.00000", "2011-12-31": "25453.00000", "2011-09-30": "34758.00000", "2011-06-30": "33687.00000", "2011-03-31": "32649.00000", "2010-12-31": "31792.00000", "2010-09-30": "50751.00000", "2010-06-30": "40909.00000", "2010-03-31": "39373.00000", "2009-12-31": "21944.00000", "2009-09-30": "38841.00000", "2009-06-30": "38069.00000", "2009-03-31": "37296.00000", "2008-12-31": "36591.00000", "2008-09-30": "36613.00000", "2008-06-30": "35719.00000", "2008-03-31": "34311.00000", "2007-12-31": "33297.00000", "2007-09-30": "32606.00000", "2007-06-30": "31706.00000", "2007-03-31": "30972.00000", "2006-12-31": "30375.00000", "2006-09-30": "30653.00000", "2006-06-30": "29771.00000", "2006-03-31": "29257.00000", "2005-12-31": "29106.00000", "2005-09-30": "28742.00000", "2005-06-30": "29105.00000", "2005-03-31": "29171.00000"}, "Comprehensive Income": {"2020-12-31": "4330.00000", "2020-09-30": "649.00000", "2020-06-30": "129.00000", "2020-03-31": "-385.00000", "2019-12-31": "5470.00000", "2019-09-30": "2137.00000", "2019-06-30": "3289.00000", "2019-03-31": "4345.00000", "2018-12-31": "4249.00000", "2018-09-30": "5383.00000", "2018-06-30": "5716.00000", "2018-03-31": "7386.00000", "2017-12-31": "7017.00000", "2017-09-30": "5580.00000", "2017-06-30": "5389.00000", "2017-03-31": "5160.00000", "2016-12-31": "4961.00000", "2016-09-30": "4850.00000", "2016-06-30": "4814.00000", "2016-03-31": "5180.00000", "2015-12-31": "5334.00000", "2015-09-30": "5294.00000", "2015-06-30": "7039.00000", "2015-03-31": "7341.00000", "2014-12-31": "8061.00000", "2014-09-30": "7926.00000", "2014-06-30": "7851.00000", "2014-03-31": "7666.00000", "2013-12-31": "7880.00000", "2013-09-30": "5282.00000", "2013-06-30": "5107.00000", "2013-03-31": "5344.00000", "2012-12-31": "5236.00000", "2012-09-30": "3106.00000", "2012-06-30": "2939.00000", "2012-03-31": "3386.00000", "2011-12-31": "3180.00000", "2011-09-30": "1677.00000", "2011-06-30": "2720.00000", "2011-03-31": "2713.00000", "2010-12-31": "2712.00000", "2010-09-30": "-14888.00000", "2010-06-30": "-14852.00000", "2010-03-31": "-14265.00000", "2009-12-31": "2678.00000", "2009-09-30": "-16161.00000", "2009-06-30": "-16308.00000", "2009-03-31": "-16855.00000", "2008-12-31": "-17057.00000", "2008-09-30": "-862.00000", "2008-06-30": "-504.00000", "2008-03-31": "-556.00000", "2007-12-31": "-380.00000", "2007-09-30": "-5050.00000", "2007-06-30": "-5066.00000", "2007-03-31": "-5186.00000", "2006-12-31": "-5314.00000", "2006-09-30": "-348.00000", "2006-06-30": "-364.00000", "2006-03-31": "-350.00000", "2005-12-31": "-356.00000", "2005-09-30": "-389.00000", "2005-06-30": "-385.00000", "2005-03-31": "-404.00000"}, "Other Share Holders Equity": {"2020-12-31": "", "2020-09-30": "", "2020-06-30": "", "2020-03-31": "", "2019-12-31": "", "2019-09-30": "", "2019-06-30": "", "2019-03-31": "", "2018-12-31": "", "2018-09-30": "", "2018-06-30": "", "2018-03-31": "", "2017-12-31": "", "2017-09-30": "", "2017-06-30": "", "2017-03-31": "", "2016-12-31": "", "2016-09-30": "", "2016-06-30": "", "2016-03-31": "", "2015-12-31": "", "2015-09-30": "", "2015-06-30": "", "2015-03-31": "", "2014-12-31": "", "2014-09-30": "", "2014-06-30": "", "2014-03-31": "", "2013-12-31": "", "2013-09-30": "", "2013-06-30": "", "2013-03-31": "", "2012-12-31": "", "2012-09-30": "", "2012-06-30": "", "2012-03-31": "", "2011-12-31": "", "2011-09-30": "", "2011-06-30": "", "2011-03-31": "", "2010-12-31": "", "2010-09-30": "", "2010-06-30": "", "2010-03-31": "", "2009-12-31": "", "2009-09-30": "", "2009-06-30": "", "2009-03-31": "", "2008-12-31": "", "2008-09-30": "", "2008-06-30": "", "2008-03-31": "", "2007-12-31": "", "2007-09-30": "", "2007-06-30": "", "2007-03-31": "", "2006-12-31": "", "2006-09-30": "", "2006-06-30": "", "2006-03-31": "", "2005-12-31": "", "2005-09-30": "", "2005-06-30": "", "2005-03-31": ""}, "Share Holder Equity": {"2020-12-31": "179240.00000", "2020-09-30": "195056.00000", "2020-06-30": "193453.00000", "2020-03-31": "195449.00000", "2019-12-31": "201934.00000", "2019-09-30": "194327.00000", "2019-06-30": "194081.00000", "2019-03-31": "194951.00000", "2018-12-31": "193884.00000", "2018-09-30": "184971.00000", "2018-06-30": "184130.00000", "2018-03-31": "147076.00000", "2017-12-31": "142007.00000", "2017-09-30": "126109.00000", "2017-06-30": "125858.00000", "2017-03-31": "124981.00000", "2016-12-31": "124110.00000", "2016-09-30": "124603.00000", "2016-06-30": "124371.00000", "2016-03-31": "124405.00000", "2015-12-31": "123640.00000", "2015-09-30": "122789.00000", "2015-06-30": "87501.00000", "2015-03-31": "87104.00000", "2014-12-31": "90270.00000", "2014-09-30": "93119.00000", "2014-06-30": "92625.00000", "2014-03-31": "91369.00000", "2013-12-31": "91482.00000", "2013-09-30": "86130.00000", "2013-06-30": "86315.00000", "2013-03-31": "88338.00000", "2012-12-31": "92695.00000", "2012-09-30": "101274.00000", "2012-06-30": "103579.00000", "2012-03-31": "105187.00000", "2011-12-31": "105797.00000", "2011-09-30": "113882.00000", "2011-06-30": "114109.00000", "2011-03-31": "112843.00000", "2010-12-31": "111950.00000", "2010-09-30": "113293.00000", "2010-06-30": "103483.00000", "2010-03-31": "102466.00000", "2009-12-31": "101989.00000", "2009-09-30": "100001.00000", "2009-06-30": "99012.00000", "2009-03-31": "97695.00000", "2008-12-31": "96750.00000", "2008-09-30": "112518.00000", "2008-06-30": "111937.00000", "2008-03-31": "112258.00000", "2007-12-31": "115367.00000", "2007-09-30": "111174.00000", "2007-06-30": "111661.00000", "2007-03-31": "114006.00000", "2006-12-31": "115540.00000", "2006-09-30": "55401.00000", "2006-06-30": "55469.00000", "2006-03-31": "55089.00000", "2005-12-31": "54690.00000", "2005-09-30": "40179.00000", "2005-06-30": "40486.00000", "2005-03-31": "40404.00000"}, "Total Liabilities And Share Holders Equity": {"2020-12-31": "525761.00000", "2020-09-30": "538553.00000", "2020-06-30": "547898.00000", "2020-03-31": "545354.00000", "2019-12-31": "551669.00000", "2019-09-30": "548796.00000", "2019-06-30": "546914.00000", "2019-03-31": "548384.00000", "2018-12-31": "531864.00000", "2018-09-30": "534870.00000", "2018-06-30": "534691.00000", "2018-03-31": "446343.00000", "2017-12-31": "444097.00000", "2017-09-30": "443865.00000", "2017-06-30": "420795.00000", "2017-03-31": "411903.00000", "2016-12-31": "403821.00000", "2016-09-30": "402975.00000", "2016-06-30": "401808.00000", "2016-03-31": "403638.00000", "2015-12-31": "402672.00000", "2015-09-30": "399989.00000", "2015-06-30": "326489.00000", "2015-03-31": "308028.00000", "2014-12-31": "296834.00000", "2014-09-30": "287939.00000", "2014-06-30": "293466.00000", "2014-03-31": "285340.00000", "2013-12-31": "277787.00000", "2013-09-30": "274599.00000", "2013-06-30": "272093.00000", "2013-03-31": "270994.00000", "2012-12-31": "272315.00000", "2012-09-30": "266849.00000", "2012-06-30": "266294.00000", "2012-03-31": "269356.00000", "2011-12-31": "270442.00000", "2011-09-30": "277653.00000", "2011-06-30": "272014.00000", "2011-03-31": "268085.00000", "2010-12-31": "269391.00000", "2010-09-30": "269252.00000", "2010-06-30": "267556.00000", "2010-03-31": "265701.00000", "2009-12-31": "268312.00000", "2009-09-30": "266568.00000", "2009-06-30": "267918.00000", "2009-03-31": "264358.00000", "2008-12-31": "265245.00000", "2008-09-30": "284528.00000", "2008-06-30": "284508.00000", "2008-03-31": "278199.00000", "2007-12-31": "275644.00000", "2007-09-30": "267968.00000", "2007-06-30": "267346.00000", "2007-03-31": "268276.00000", "2006-12-31": "270634.00000", "2006-09-30": "143892.00000", "2006-06-30": "144350.00000", "2006-03-31": "144437.00000", "2005-12-31": "145632.00000", "2005-09-30": "104104.00000", "2005-06-30": "105643.00000", "2005-03-31": "106946.00000"}}, "cash flow statement": {"Net Income/Loss": {"2020-12-31": "-3821.00000", "2019-12-31": "14975.00000", "2018-12-31": "19953.00000", "2017-12-31": "29847.00000", "2016-12-31": "13333.00000", "2015-12-31": "13687.00000", "2014-12-31": "6736.00000", "2013-12-31": "18722.00000", "2012-12-31": "7539.00000", "2011-12-31": "4184.00000", "2010-12-31": "20179.00000", "2009-12-31": "12447.00000", "2008-12-31": "-2364.00000", "2007-12-31": "12147.00000", "2006-12-31": "7356.00000", "2005-12-31": "4786.00000"}, "Total Depreciation And Amortization - Cash Flow": {"2020-12-31": "37119.00000", "2019-12-31": "37804.00000", "2018-12-31": "32202.00000", "2017-12-31": "24387.00000", "2016-12-31": "25847.00000", "2015-12-31": "22016.00000", "2014-12-31": "18273.00000", "2013-12-31": "18395.00000", "2012-12-31": "18143.00000", "2011-12-31": "21287.00000", "2010-12-31": "19464.00000", "2009-12-31": "19515.00000", "2008-12-31": "19673.00000", "2007-12-31": "21577.00000", "2006-12-31": "9907.00000", "2005-12-31": "7622.00000"}, "Other Non-Cash Items": {"2020-12-31": "22015.00000", "2019-12-31": "7077.00000", "2018-12-31": "825.00000", "2017-12-31": "-12654.00000", "2016-12-31": "5600.00000", "2015-12-31": "3458.00000", "2014-12-31": "11481.00000", "2013-12-31": "-1101.00000", "2012-12-31": "12224.00000", "2011-12-31": "9633.00000", "2010-12-31": "-1609.00000", "2009-12-31": "3423.00000", "2008-12-31": "22347.00000", "2007-12-31": "291.00000", "2006-12-31": "-1475.00000", "2005-12-31": "-503.00000"}, "Total Non-Cash Items": {"2020-12-31": "59134.00000", "2019-12-31": "44881.00000", "2018-12-31": "33027.00000", "2017-12-31": "11733.00000", "2016-12-31": "31447.00000", "2015-12-31": "25474.00000", "2014-12-31": "29754.00000", "2013-12-31": "17294.00000", "2012-12-31": "30367.00000", "2011-12-31": "30920.00000", "2010-12-31": "17855.00000", "2009-12-31": "22938.00000", "2008-12-31": "42020.00000", "2007-12-31": "21868.00000", "2006-12-31": "8432.00000", "2005-12-31": "7119.00000"}, "Change In Accounts Receivable": {"2020-12-31": "2216.00000", "2019-12-31": "2812.00000", "2018-12-31": "-1580.00000", "2017-12-31": "-986.00000", "2016-12-31": "-1003.00000", "2015-12-31": "30.00000", "2014-12-31": "-693.00000", "2013-12-31": "-1329.00000", "2012-12-31": "-1365.00000", "2011-12-31": "-1164.00000", "2010-12-31": "-101.00000", "2009-12-31": "-490.00000", "2008-12-31": "-1475.00000", "2007-12-31": "-1491.00000", "2006-12-31": "519.00000", "2005-12-31": "-94.00000"}, "Change In Inventories": {"2020-12-31": "", "2019-12-31": "", "2018-12-31": "", "2017-12-31": "", "2016-12-31": "", "2015-12-31": "", "2014-12-31": "", "2013-12-31": "", "2012-12-31": "", "2011-12-31": "", "2010-12-31": "", "2009-12-31": "", "2008-12-31": "", "2007-12-31": "", "2006-12-31": "", "2005-12-31": ""}, "Change In Accounts Payable": {"2020-12-31": "", "2019-12-31": "", "2018-12-31": "", "2017-12-31": "", "2016-12-31": "", "2015-12-31": "", "2014-12-31": "", "2013-12-31": "", "2012-12-31": "", "2011-12-31": "", "2010-12-31": "", "2009-12-31": "", "2008-12-31": "", "2007-12-31": "", "2006-12-31": "", "2005-12-31": ""}, "Change In Assets/Liabilities": {"2020-12-31": "-14123.00000", "2019-12-31": "-13214.00000", "2018-12-31": "-10390.00000", "2017-12-31": "-3439.00000", "2016-12-31": "-2867.00000", "2015-12-31": "-6377.00000", "2014-12-31": "-6968.00000", "2013-12-31": "236.00000", "2012-12-31": "1017.00000", "2011-12-31": "-1397.00000", "2010-12-31": "-185.00000", "2009-12-31": "-617.00000", "2008-12-31": "1854.00000", "2007-12-31": "-1020.00000", "2006-12-31": "30.00000", "2005-12-31": "34.00000"}, "Total Change In Assets/Liabilities": {"2020-12-31": "-13317.00000", "2019-12-31": "-11926.00000", "2018-12-31": "-10368.00000", "2017-12-31": "-3609.00000", "2016-12-31": "-3752.00000", "2015-12-31": "-4993.00000", "2014-12-31": "-5351.00000", "2013-12-31": "-1245.00000", "2012-12-31": "1450.00000", "2011-12-31": "-2902.00000", "2010-12-31": "-1516.00000", "2009-12-31": "-164.00000", "2008-12-31": "-4077.00000", "2007-12-31": "-1839.00000", "2006-12-31": "-1664.00000", "2005-12-31": "14.00000"}, "Cash Flow From Operating Activities": {"2020-12-31": "43130.00000", "2019-12-31": "48668.00000", "2018-12-31": "43602.00000", "2017-12-31": "38010.00000", "2016-12-31": "38442.00000", "2015-12-31": "35880.00000", "2014-12-31": "31338.00000", "2013-12-31": "34796.00000", "2012-12-31": "39176.00000", "2011-12-31": "34743.00000", "2010-12-31": "35222.00000", "2009-12-31": "34405.00000", "2008-12-31": "33610.00000", "2007-12-31": "34242.00000", "2006-12-31": "15688.00000", "2005-12-31": "12974.00000"}, "Net Change In Property, Plant, And Equipment": {"2020-12-31": "-15675.00000", "2019-12-31": "-19435.00000", "2018-12-31": "-20758.00000", "2017-12-31": "-20647.00000", "2016-12-31": "-21516.00000", "2015-12-31": "-19218.00000", "2014-12-31": "-21199.00000", "2013-12-31": "-20944.00000", "2012-12-31": "-19465.00000", "2011-12-31": "-20110.00000", "2010-12-31": "-19530.00000", "2009-12-31": "-16554.00000", "2008-12-31": "-19631.00000", "2007-12-31": "-17717.00000", "2006-12-31": "-8320.00000", "2005-12-31": "-5576.00000"}, "Net Change In Intangible Assets": {"2020-12-31": "", "2019-12-31": "", "2018-12-31": "", "2017-12-31": "", "2016-12-31": "", "2015-12-31": "", "2014-12-31": "", "2013-12-31": "", "2012-12-31": "", "2011-12-31": "", "2010-12-31": "", "2009-12-31": "", "2008-12-31": "", "2007-12-31": "", "2006-12-31": "", "2005-12-31": ""}, "Net Acquisitions/Divestitures": {"2020-12-31": "1790.00000", "2019-12-31": "2875.00000", "2018-12-31": "-41161.00000", "2017-12-31": "1182.00000", "2016-12-31": "-2313.00000", "2015-12-31": "-30676.00000", "2014-12-31": "4982.00000", "2013-12-31": "-2190.00000", "2012-12-31": "-16.00000", "2011-12-31": "-1067.00000", "2010-12-31": "-1076.00000", "2009-12-31": "-696.00000", "2008-12-31": "-9357.00000", "2007-12-31": "-1279.00000", "2006-12-31": "1124.00000", "2005-12-31": "2030.00000"}, "Net Change In Short-term Investments": {"2020-12-31": "", "2019-12-31": "", "2018-12-31": "", "2017-12-31": "", "2016-12-31": "", "2015-12-31": "", "2014-12-31": "", "2013-12-31": "", "2012-12-31": "", "2011-12-31": "", "2010-12-31": "", "2009-12-31": "", "2008-12-31": "", "2007-12-31": "", "2006-12-31": "", "2005-12-31": "99.00000"}, "Net Change In Long-Term Investments": {"2020-12-31": "337.00000", "2019-12-31": "70.00000", "2018-12-31": "-1233.00000", "2017-12-31": "449.00000", "2016-12-31": "673.00000", "2015-12-31": "1545.00000", "2014-12-31": "-1890.00000", "2013-12-31": "301.00000", "2012-12-31": "65.00000", "2011-12-31": "62.00000", "2010-12-31": "-100.00000", "2009-12-31": "55.00000", "2008-12-31": "504.00000", "2007-12-31": "455.00000", "2006-12-31": "-1104.00000", "2005-12-31": "2436.00000"}, "Net Change In Investments - Total": {"2020-12-31": "337.00000", "2019-12-31": "70.00000", "2018-12-31": "-1233.00000", "2017-12-31": "449.00000", "2016-12-31": "673.00000", "2015-12-31": "1545.00000", "2014-12-31": "-1890.00000", "2013-12-31": "301.00000", "2012-12-31": "65.00000", "2011-12-31": "62.00000", "2010-12-31": "-100.00000", "2009-12-31": "55.00000", "2008-12-31": "504.00000", "2007-12-31": "455.00000", "2006-12-31": "-1104.00000", "2005-12-31": "2535.00000"}, "Investing Activities - Other": {"2020-12-31": "", "2019-12-31": "-200.00000", "2018-12-31": "7.00000", "2017-12-31": "73.00000", "2016-12-31": "-162.00000", "2015-12-31": "-795.00000", "2014-12-31": "-230.00000", "2013-12-31": "-291.00000", "2012-12-31": "-264.00000", "2011-12-31": "-135.00000", "2010-12-31": "-743.00000", "2009-12-31": "-688.00000", "2008-12-31": "-614.00000", "2007-12-31": "-135.00000", "2006-12-31": "-66.00000", "2005-12-31": "37.00000"}, "Cash Flow From Investing Activities": {"2020-12-31": "-13548.00000", "2019-12-31": "-16690.00000", "2018-12-31": "-63145.00000", "2017-12-31": "-18943.00000", "2016-12-31": "-23318.00000", "2015-12-31": "-49144.00000", "2014-12-31": "-18337.00000", "2013-12-31": "-23124.00000", "2012-12-31": "-19680.00000", "2011-12-31": "-21250.00000", "2010-12-31": "-21449.00000", "2009-12-31": "-17883.00000", "2008-12-31": "-29098.00000", "2007-12-31": "-18676.00000", "2006-12-31": "-8366.00000", "2005-12-31": "-974.00000"}, "Net Long-Term Debt": {"2020-12-31": "-7976.00000", "2019-12-31": "-10553.00000", "2018-12-31": "-10768.00000", "2017-12-31": "36454.00000", "2016-12-31": "-683.00000", "2015-12-31": "23927.00000", "2014-12-31": "5633.00000", "2013-12-31": "9138.00000", "2012-12-31": "4753.00000", "2011-12-31": "362.00000", "2010-12-31": "-7059.00000", "2009-12-31": "-491.00000", "2008-12-31": "8407.00000", "2007-12-31": "4595.00000", "2006-12-31": "-2751.00000", "2005-12-31": "-709.00000"}, "Net Current Debt": {"2020-12-31": "-44.00000", "2019-12-31": "-3168.00000", "2018-12-31": "1979.00000", "2017-12-31": "-2.00000", "2016-12-31": "", "2015-12-31": "", "2014-12-31": "-16.00000", "2013-12-31": "20.00000", "2012-12-31": "1.00000", "2011-12-31": "-1653.00000", "2010-12-31": "1592.00000", "2009-12-31": "-3910.00000", "2008-12-31": "2017.00000", "2007-12-31": "-3411.00000", "2006-12-31": "3649.00000", "2005-12-31": "-4119.00000"}, "Debt Issuance/Retirement Net - Total": {"2020-12-31": "-8020.00000", "2019-12-31": "-13721.00000", "2018-12-31": "-8789.00000", "2017-12-31": "36452.00000", "2016-12-31": "-683.00000", "2015-12-31": "23927.00000", "2014-12-31": "5617.00000", "2013-12-31": "9158.00000", "2012-12-31": "4754.00000", "2011-12-31": "-1291.00000", "2010-12-31": "-5467.00000", "2009-12-31": "-4401.00000", "2008-12-31": "10424.00000", "2007-12-31": "1184.00000", "2006-12-31": "898.00000", "2005-12-31": "-4828.00000"}, "Net Common Equity Issued/Repurchased": {"2020-12-31": "-5393.00000", "2019-12-31": "-1786.00000", "2018-12-31": "136.00000", "2017-12-31": "-430.00000", "2016-12-31": "-366.00000", "2015-12-31": "-126.00000", "2014-12-31": "-1578.00000", "2013-12-31": "-12914.00000", "2012-12-31": "-12275.00000", "2011-12-31": "237.00000", "2010-12-31": "50.00000", "2009-12-31": "28.00000", "2008-12-31": "-5758.00000", "2007-12-31": "-8404.00000", "2006-12-31": "-2089.00000", "2005-12-31": "-1411.00000"}, "Net Total Equity Issued/Repurchased": {"2020-12-31": "-1495.00000", "2019-12-31": "7254.00000", "2018-12-31": "136.00000", "2017-12-31": "-430.00000", "2016-12-31": "-366.00000", "2015-12-31": "-126.00000", "2014-12-31": "-1578.00000", "2013-12-31": "-12914.00000", "2012-12-31": "-12275.00000", "2011-12-31": "237.00000", "2010-12-31": "50.00000", "2009-12-31": "28.00000", "2008-12-31": "-5758.00000", "2007-12-31": "-8404.00000", "2006-12-31": "-2089.00000", "2005-12-31": "-2139.00000"}, "Total Common And Preferred Stock Dividends Paid": {"2020-12-31": "-14956.00000", "2019-12-31": "-14888.00000", "2018-12-31": "-13410.00000", "2017-12-31": "-12038.00000", "2016-12-31": "-11797.00000", "2015-12-31": "-10200.00000", "2014-12-31": "-9552.00000", "2013-12-31": "-9696.00000", "2012-12-31": "-10241.00000", "2011-12-31": "-10172.00000", "2010-12-31": "-9916.00000", "2009-12-31": "-9670.00000", "2008-12-31": "-9507.00000", "2007-12-31": "-8743.00000", "2006-12-31": "-5153.00000", "2005-12-31": "-4256.00000"}, "Financial Activities - Other": {"2020-12-31": "-7536.00000", "2019-12-31": "-3728.00000", "2018-12-31": "-3926.00000", "2017-12-31": "1946.00000", "2016-12-31": "-1616.00000", "2015-12-31": "-3819.00000", "2014-12-31": "-2224.00000", "2013-12-31": "251.00000", "2012-12-31": "89.00000", "2011-12-31": "-423.00000", "2010-12-31": "-516.00000", "2009-12-31": "-465.00000", "2008-12-31": "151.00000", "2007-12-31": "-51.00000", "2006-12-31": "216.00000", "2005-12-31": "-3.00000"}, "Cash Flow From Financial Activities": {"2020-12-31": "-32007.00000", "2019-12-31": "-25083.00000", "2018-12-31": "-25989.00000", "2017-12-31": "25930.00000", "2016-12-31": "-14462.00000", "2015-12-31": "9782.00000", "2014-12-31": "-7737.00000", "2013-12-31": "-13201.00000", "2012-12-31": "-17673.00000", "2011-12-31": "-11649.00000", "2010-12-31": "-15849.00000", "2009-12-31": "-14508.00000", "2008-12-31": "-4690.00000", "2007-12-31": "-16014.00000", "2006-12-31": "-6128.00000", "2005-12-31": "-11226.00000"}, "Net Cash Flow": {"2020-12-31": "-2425.00000", "2019-12-31": "6895.00000", "2018-12-31": "-45532.00000", "2017-12-31": "44997.00000", "2016-12-31": "662.00000", "2015-12-31": "-3482.00000", "2014-12-31": "5264.00000", "2013-12-31": "-1529.00000", "2012-12-31": "1823.00000", "2011-12-31": "1844.00000", "2010-12-31": "-2076.00000", "2009-12-31": "2014.00000", "2008-12-31": "-178.00000", "2007-12-31": "-448.00000", "2006-12-31": "1194.00000", "2005-12-31": "464.00000"}, "Stock-Based Compensation": {"2020-12-31": "", "2019-12-31": "", "2018-12-31": "", "2017-12-31": "", "2016-12-31": "", "2015-12-31": "", "2014-12-31": "", "2013-12-31": "", "2012-12-31": "", "2011-12-31": "", "2010-12-31": "", "2009-12-31": "", "2008-12-31": "", "2007-12-31": "0.00000", "2006-12-31": "0.00000", "2005-12-31": "0.00000"}, "Common Stock Dividends Paid": {"2020-12-31": "-14956.00000", "2019-12-31": "-14888.00000", "2018-12-31": "-13410.00000", "2017-12-31": "-12038.00000", "2016-12-31": "-11797.00000", "2015-12-31": "-10200.00000", "2014-12-31": "-9552.00000", "2013-12-31": "-9696.00000", "2012-12-31": "-10241.00000", "2011-12-31": "-10172.00000", "2010-12-31": "-9916.00000", "2009-12-31": "-9670.00000", "2008-12-31": "-9507.00000", "2007-12-31": "-8743.00000", "2006-12-31": "-5153.00000", "2005-12-31": "-4256.00000"}}, "cash flow statement, quarterly": {"Net Income/Loss": {"2020-12-31": -13515, "2020-09-30": 3168, "2020-06-30": 1563, "2020-03-31": "4963.00000", "2019-12-31": 2704, "2019-09-30": 3949, "2019-06-30": 3974, "2019-03-31": "4348.00000", "2018-12-31": 5130, "2018-09-30": 4816, "2018-06-30": 5248, "2018-03-31": "4759.00000", "2017-12-31": 19136, "2017-09-30": 3123, "2017-06-30": 4014, "2017-03-31": "3574.00000", "2016-12-31": 2515, "2016-09-30": 3418, "2016-06-30": 3515, "2016-03-31": "3885.00000", "2015-12-31": 4086, "2015-09-30": 3078, "2015-06-30": 3184, "2015-03-31": "3339.00000", "2014-12-31": -3918, "2014-09-30": 3299, "2014-06-30": 3621, "2014-03-31": "3734.00000", "2013-12-31": 7164, "2013-09-30": 3905, "2013-06-30": 3880, "2013-03-31": "3773.00000", "2012-12-31": -3779, "2012-09-30": 3701, "2012-06-30": 3965, "2012-03-31": "3652.00000", "2011-12-31": -6628, "2011-09-30": 3686, "2011-06-30": 3658, "2011-03-31": "3468.00000", "2010-12-31": 1161, "2010-09-30": 12396, "2010-06-30": 4082, "2010-03-31": "2540.00000", "2009-12-31": 2695, "2009-09-30": 3275, "2009-06-30": 3276, "2009-03-31": "3201.00000", "2008-12-31": -13015, "2008-09-30": 3289, "2008-06-30": 3843, "2008-03-31": "3519.00000", "2007-12-31": 3332, "2007-09-30": 3063, "2007-06-30": 2904, "2007-03-31": "2848.00000", "2006-12-31": 1938, "2006-09-30": 2165, "2006-06-30": 1808, "2006-03-31": "1445.00000", "2005-12-31": 1655, "2005-09-30": 1246, "2005-06-30": 1000, "2005-03-31": "885.00000"}, "Total Depreciation And Amortization - Cash Flow": {"2020-12-31": 9134, "2020-09-30": 9493, "2020-06-30": 9001, "2020-03-31": "9491.00000", "2019-12-31": 9489, "2019-09-30": 8809, "2019-06-30": 9803, "2019-03-31": "9703.00000", "2018-12-31": 10056, "2018-09-30": 9606, "2018-06-30": 6546, "2018-03-31": "5994.00000", "2017-12-31": 6071, "2017-09-30": 6042, "2017-06-30": 6147, "2017-03-31": "6127.00000", "2016-12-31": 6129, "2016-09-30": 6579, "2016-06-30": 6576, "2016-03-31": "6563.00000", "2015-12-31": 6477, "2015-09-30": 6265, "2015-06-30": 4696, "2015-03-31": "4578.00000", "2014-12-31": 4567, "2014-09-30": 4539, "2014-06-30": 4550, "2014-03-31": "4617.00000", "2013-12-31": 4680, "2013-09-30": 4615, "2013-06-30": 4571, "2013-03-31": "4529.00000", "2012-12-31": 4572, "2012-09-30": 4512, "2012-06-30": 4499, "2012-03-31": "4560.00000", "2011-12-31": 7483, "2011-09-30": 4618, "2011-06-30": 4602, "2011-03-31": "4584.00000", "2010-12-31": 4992, "2010-09-30": 4873, "2010-06-30": 4819, "2010-03-31": "4780.00000", "2009-12-31": 4901, "2009-09-30": 4881, "2009-06-30": 4847, "2009-03-31": "4886.00000", "2008-12-31": 4834, "2008-09-30": 4978, "2008-06-30": 4958, "2008-03-31": "4903.00000", "2007-12-31": 5223, "2007-09-30": 5322, "2007-06-30": 5416, "2007-03-31": "5616.00000", "2006-12-31": 2513, "2006-09-30": 2430, "2006-06-30": 2479, "2006-03-31": "2485.00000", "2005-12-31": 2202, "2005-09-30": 1797, "2005-06-30": 1804, "2005-03-31": "1819.00000"}, "Other Non-Cash Items": {"2020-12-31": 18813, "2020-09-30": 1272, "2020-06-30": 2357, "2020-03-31": "-427.00000", "2019-12-31": 3000, "2019-09-30": 1711, "2019-06-30": 1214, "2019-03-31": "1152.00000", "2018-12-31": -445, "2018-09-30": 697, "2018-06-30": -157, "2018-03-31": "730.00000", "2017-12-31": -16922, "2017-09-30": 2589, "2017-06-30": 563, "2017-03-31": "1116.00000", "2016-12-31": 1663, "2016-09-30": 1572, "2016-06-30": 702, "2016-03-31": "1663.00000", "2015-12-31": 1106, "2015-09-30": 646, "2015-06-30": 1202, "2015-03-31": "504.00000", "2014-12-31": 10758, "2014-09-30": 1156, "2014-06-30": -1147, "2014-03-31": "714.00000", "2013-12-31": -3755, "2013-09-30": 1592, "2013-06-30": 563, "2013-03-31": "499.00000", "2012-12-31": 8458, "2012-09-30": 4186, "2012-06-30": -853, "2012-03-31": "433.00000", "2011-12-31": 4482, "2011-09-30": 2271, "2011-06-30": 2131, "2011-03-31": "749.00000", "2010-12-31": 3899, "2010-09-30": -7258, "2010-06-30": 29, "2010-03-31": "1721.00000", "2009-12-31": 138, "2009-09-30": 1964, "2009-06-30": 803, "2009-03-31": "518.00000", "2008-12-31": 17004, "2008-09-30": 3113, "2008-06-30": 1234, "2008-03-31": "996.00000", "2007-12-31": -316, "2007-09-30": 1339, "2007-06-30": -561, "2007-03-31": "-171.00000", "2006-12-31": -277, "2006-09-30": -816, "2006-06-30": -312, "2006-03-31": "-70.00000", "2005-12-31": -357, "2005-09-30": -130, "2005-06-30": -223, "2005-03-31": "207.00000"}, "Total Non-Cash Items": {"2020-12-31": 27947, "2020-09-30": 10765, "2020-06-30": 11358, "2020-03-31": "9064.00000", "2019-12-31": 12489, "2019-09-30": 10520, "2019-06-30": 11017, "2019-03-31": "10855.00000", "2018-12-31": 9611, "2018-09-30": 10303, "2018-06-30": 6389, "2018-03-31": "6724.00000", "2017-12-31": -10851, "2017-09-30": 8631, "2017-06-30": 6710, "2017-03-31": "7243.00000", "2016-12-31": 7792, "2016-09-30": 8151, "2016-06-30": 7278, "2016-03-31": "8226.00000", "2015-12-31": 7583, "2015-09-30": 6911, "2015-06-30": 5898, "2015-03-31": "5082.00000", "2014-12-31": 15325, "2014-09-30": 5695, "2014-06-30": 3403, "2014-03-31": "5331.00000", "2013-12-31": 925, "2013-09-30": 6207, "2013-06-30": 5134, "2013-03-31": "5028.00000", "2012-12-31": 13030, "2012-09-30": 8698, "2012-06-30": 3646, "2012-03-31": "4993.00000", "2011-12-31": 11965, "2011-09-30": 6889, "2011-06-30": 6733, "2011-03-31": "5333.00000", "2010-12-31": 8891, "2010-09-30": -2385, "2010-06-30": 4848, "2010-03-31": "6501.00000", "2009-12-31": 5039, "2009-09-30": 6845, "2009-06-30": 5650, "2009-03-31": "5404.00000", "2008-12-31": 21838, "2008-09-30": 8091, "2008-06-30": 6192, "2008-03-31": "5899.00000", "2007-12-31": 4907, "2007-09-30": 6661, "2007-06-30": 4855, "2007-03-31": "5445.00000", "2006-12-31": 2236, "2006-09-30": 1614, "2006-06-30": 2167, "2006-03-31": "2415.00000", "2005-12-31": 1845, "2005-09-30": 1667, "2005-06-30": 1581, "2005-03-31": "2026.00000"}, "Change In Accounts Receivable": {"2020-12-31": -105, "2020-09-30": -201, "2020-06-30": 827, "2020-03-31": "1695.00000", "2019-12-31": 309, "2019-09-30": -1081, "2019-06-30": 1459, "2019-03-31": "2125.00000", "2018-12-31": -312, "2018-09-30": -1501, "2018-06-30": 672, "2018-03-31": "-439.00000", "2017-12-31": -334, "2017-09-30": -771, "2017-06-30": -326, "2017-03-31": "445.00000", "2016-12-31": 105, "2016-09-30": -744, "2016-06-30": -407, "2016-03-31": "43.00000", "2015-12-31": -707, "2015-09-30": 303, "2015-06-30": -305, "2015-03-31": "739.00000", "2014-12-31": 576, "2014-09-30": -703, "2014-06-30": -68, "2014-03-31": "-498.00000", "2013-12-31": -889, "2013-09-30": -150, "2013-06-30": -585, "2013-03-31": "295.00000", "2012-12-31": -794, "2012-09-30": -111, "2012-06-30": -533, "2012-03-31": "73.00000", "2011-12-31": -591, "2011-09-30": -52, "2011-06-30": -593, "2011-03-31": "72.00000", "2010-12-31": -367, "2010-09-30": -128, "2010-06-30": -1, "2010-03-31": "395.00000", "2009-12-31": -220, "2009-09-30": -439, "2009-06-30": -404, "2009-03-31": "573.00000", "2008-12-31": 122, "2008-09-30": -821, "2008-06-30": -626, "2008-03-31": "-150.00000", "2007-12-31": -238, "2007-09-30": -1340, "2007-06-30": -150, "2007-03-31": "237.00000", "2006-12-31": 270, "2006-09-30": -296, "2006-06-30": 36, "2006-03-31": "509.00000", "2005-12-31": -55, "2005-09-30": -256, "2005-06-30": 89, "2005-03-31": "128.00000"}, "Change In Inventories": {"2020-12-31": 0, "2020-09-30": 0, "2020-06-30": 0, "2020-03-31": "", "2019-12-31": 0, "2019-09-30": 0, "2019-06-30": 0, "2019-03-31": "", "2018-12-31": 0, "2018-09-30": 0, "2018-06-30": 0, "2018-03-31": "", "2017-12-31": 0, "2017-09-30": 0, "2017-06-30": 0, "2017-03-31": "", "2016-12-31": 0, "2016-09-30": 0, "2016-06-30": 0, "2016-03-31": "", "2015-12-31": 0, "2015-09-30": 0, "2015-06-30": 0, "2015-03-31": "", "2014-12-31": 0, "2014-09-30": 0, "2014-06-30": 0, "2014-03-31": "", "2013-12-31": 0, "2013-09-30": 0, "2013-06-30": 0, "2013-03-31": "", "2012-12-31": 0, "2012-09-30": 0, "2012-06-30": 0, "2012-03-31": "", "2011-12-31": 0, "2011-09-30": 0, "2011-06-30": 0, "2011-03-31": "", "2010-12-31": 0, "2010-09-30": 0, "2010-06-30": 0, "2010-03-31": "", "2009-12-31": 0, "2009-09-30": 0, "2009-06-30": 0, "2009-03-31": "", "2008-12-31": 0, "2008-09-30": 0, "2008-06-30": 0, "2008-03-31": "", "2007-12-31": 0, "2007-09-30": 0, "2007-06-30": 0, "2007-03-31": "", "2006-12-31": 0, "2006-09-30": 0, "2006-06-30": 0, "2006-03-31": "", "2005-12-31": 0, "2005-09-30": 0, "2005-06-30": 0, "2005-03-31": ""}, "Change In Accounts Payable": {"2020-12-31": 0, "2020-09-30": 0, "2020-06-30": 0, "2020-03-31": "", "2019-12-31": 0, "2019-09-30": 0, "2019-06-30": 0, "2019-03-31": "", "2018-12-31": 0, "2018-09-30": 0, "2018-06-30": 0, "2018-03-31": "", "2017-12-31": 0, "2017-09-30": 0, "2017-06-30": 0, "2017-03-31": "", "2016-12-31": 0, "2016-09-30": 0, "2016-06-30": 0, "2016-03-31": "", "2015-12-31": 0, "2015-09-30": 0, "2015-06-30": 0, "2015-03-31": "", "2014-12-31": 0, "2014-09-30": 0, "2014-06-30": 0, "2014-03-31": "", "2013-12-31": 0, "2013-09-30": 0, "2013-06-30": 0, "2013-03-31": "", "2012-12-31": 0, "2012-09-30": 0, "2012-06-30": 0, "2012-03-31": "", "2011-12-31": 0, "2011-09-30": 0, "2011-06-30": 0, "2011-03-31": "", "2010-12-31": 0, "2010-09-30": 0, "2010-06-30": 0, "2010-03-31": "", "2009-12-31": 0, "2009-09-30": 0, "2009-06-30": 0, "2009-03-31": "", "2008-12-31": 0, "2008-09-30": 0, "2008-06-30": 0, "2008-03-31": "", "2007-12-31": 0, "2007-09-30": 0, "2007-06-30": 0, "2007-03-31": "", "2006-12-31": 0, "2006-09-30": 0, "2006-06-30": 0, "2006-03-31": "", "2005-12-31": 0, "2005-09-30": 0, "2005-06-30": 0, "2005-03-31": ""}, "Change In Assets/Liabilities": {"2020-12-31": -6592, "2020-09-30": -2487, "2020-06-30": -2417, "2020-03-31": "-2627.00000", "2019-12-31": -3929, "2019-09-30": -4393, "2019-06-30": -2659, "2019-03-31": "-2233.00000", "2018-12-31": -5224, "2018-09-30": -4037, "2018-06-30": -1282, "2018-03-31": "153.00000", "2017-12-31": -2262, "2017-09-30": -1096, "2017-06-30": -128, "2017-03-31": "47.00000", "2016-12-31": -2226, "2016-09-30": -1864, "2016-06-30": 132, "2016-03-31": "1091.00000", "2015-12-31": -3762, "2015-09-30": -2892, "2015-06-30": 9, "2015-03-31": "268.00000", "2014-12-31": -5708, "2014-09-30": -209, "2014-06-30": -571, "2014-03-31": "-480.00000", "2013-12-31": -109, "2013-09-30": -439, "2013-06-30": -80, "2013-03-31": "864.00000", "2012-12-31": -564, "2012-09-30": 113, "2012-06-30": 348, "2012-03-31": "1120.00000", "2011-12-31": -2739, "2011-09-30": 335, "2011-06-30": 299, "2011-03-31": "708.00000", "2010-12-31": -680, "2010-09-30": 106, "2010-06-30": 297, "2010-03-31": "92.00000", "2009-12-31": -348, "2009-09-30": -211, "2009-06-30": -7, "2009-03-31": "-51.00000", "2008-12-31": 1238, "2008-09-30": 342, "2008-06-30": 115, "2008-03-31": "159.00000", "2007-12-31": -359, "2007-09-30": 4, "2007-06-30": 83, "2007-03-31": "-748.00000", "2006-12-31": -12, "2006-09-30": 126, "2006-06-30": 105, "2006-03-31": "-189.00000", "2005-12-31": 283, "2005-09-30": -235, "2005-06-30": 83, "2005-03-31": "-97.00000"}, "Total Change In Assets/Liabilities": {"2020-12-31": -3202, "2020-09-30": -3746, "2020-06-30": -1553, "2020-03-31": "-4816.00000", "2019-12-31": -4208, "2019-09-30": -3354, "2019-06-30": -570, "2019-03-31": "-3794.00000", "2018-12-31": -2549, "2018-09-30": -3033, "2018-06-30": -2538, "2018-03-31": "-2248.00000", "2017-12-31": -343, "2017-09-30": -543, "2017-06-30": -1633, "2017-03-31": "-1090.00000", "2016-12-31": -830, "2016-09-30": -749, "2016-06-30": 683, "2016-03-31": "-2856.00000", "2015-12-31": -4447, "2015-09-30": -132, "2015-06-30": 396, "2015-03-31": "-810.00000", "2014-12-31": -7612, "2014-09-30": 984, "2014-06-30": 1230, "2014-03-31": "47.00000", "2013-12-31": -730, "2013-09-30": -669, "2013-06-30": 670, "2013-03-31": "-516.00000", "2012-12-31": 596, "2012-09-30": -746, "2012-06-30": 2062, "2012-03-31": "-462.00000", "2011-12-31": -1138, "2011-09-30": -213, "2011-06-30": -1022, "2011-03-31": "-529.00000", "2010-12-31": 584, "2010-09-30": 180, "2010-06-30": -724, "2010-03-31": "-1556.00000", "2009-12-31": 1926, "2009-09-30": -147, "2009-06-30": -534, "2009-03-31": "-1409.00000", "2008-12-31": 2862, "2008-09-30": -1320, "2008-06-30": -974, "2008-03-31": "-4645.00000", "2007-12-31": 121, "2007-09-30": -1095, "2007-06-30": 2878, "2007-03-31": "-3743.00000", "2006-12-31": -136, "2006-09-30": -613, "2006-06-30": 794, "2006-03-31": "-1709.00000", "2005-12-31": 544, "2005-09-30": 390, "2005-06-30": 673, "2005-03-31": "-1593.00000"}, "Cash Flow From Operating Activities": {"2020-12-31": 10082, "2020-09-30": 12123, "2020-06-30": 12059, "2020-03-31": "8866.00000", "2019-12-31": 11943, "2019-09-30": 11389, "2019-06-30": 14284, "2019-03-31": "11052.00000", "2018-12-31": 12080, "2018-09-30": 12346, "2018-06-30": 10229, "2018-03-31": "8947.00000", "2017-12-31": 9537, "2017-09-30": 10803, "2017-06-30": 8705, "2017-03-31": "8965.00000", "2016-12-31": 9240, "2016-09-30": 10995, "2016-06-30": 10307, "2016-03-31": "7900.00000", "2015-12-31": 9185, "2015-09-30": 10797, "2015-06-30": 9160, "2015-03-31": "6738.00000", "2014-12-31": 5745, "2014-09-30": 8724, "2014-06-30": 8070, "2014-03-31": "8799.00000", "2013-12-31": 7917, "2013-09-30": 9168, "2013-06-30": 9512, "2013-03-31": "8199.00000", "2012-12-31": 10520, "2012-09-30": 11331, "2012-06-30": 9480, "2012-03-31": "7845.00000", "2011-12-31": 7593, "2011-09-30": 10393, "2011-06-30": 9025, "2011-03-31": "7732.00000", "2010-12-31": 9872, "2010-09-30": 9539, "2010-06-30": 8573, "2010-03-31": "7238.00000", "2009-12-31": 8961, "2009-09-30": 9672, "2009-06-30": 7857, "2009-03-31": "7915.00000", "2008-12-31": 10837, "2008-09-30": 9268, "2008-06-30": 8548, "2008-03-31": "4957.00000", "2007-12-31": 9897, "2007-09-30": 9266, "2007-06-30": 10431, "2007-03-31": "4648.00000", "2006-12-31": 5095, "2006-09-30": 3440, "2006-06-30": 4695, "2006-03-31": "2458.00000", "2005-12-31": 4591, "2005-09-30": 3346, "2005-06-30": 3784, "2005-03-31": "1253.00000"}, "Net Change In Property, Plant, And Equipment": {"2020-12-31": -2392, "2020-09-30": -3911, "2020-06-30": -4434, "2020-03-31": "-4938.00000", "2019-12-31": -3592, "2019-09-30": -5301, "2019-06-30": -5421, "2019-03-31": "-5121.00000", "2018-12-31": -4063, "2018-09-30": -5736, "2018-06-30": -5002, "2018-03-31": "-5957.00000", "2017-12-31": -4891, "2017-09-30": -5006, "2017-06-30": -4966, "2017-03-31": "-5784.00000", "2016-12-31": -6233, "2016-09-30": -5581, "2016-06-30": -5251, "2016-03-31": "-4451.00000", "2015-12-31": -5862, "2015-09-30": -5028, "2015-06-30": -4480, "2015-03-31": "-3848.00000", "2014-12-31": -4370, "2014-09-30": -5180, "2014-06-30": -5933, "2014-03-31": "-5716.00000", "2013-12-31": -5379, "2013-09-30": -5900, "2013-06-30": -5413, "2013-03-31": "-4252.00000", "2012-12-31": -5846, "2012-09-30": -4877, "2012-06-30": -4481, "2012-03-31": "-4261.00000", "2011-12-31": -5485, "2011-09-30": -5220, "2011-06-30": -5272, "2011-03-31": "-4133.00000", "2010-12-31": -6360, "2010-09-30": -5314, "2010-06-30": -4708, "2010-03-31": "-3148.00000", "2009-12-31": -5520, "2009-09-30": -4017, "2009-06-30": -3844, "2009-03-31": "-3173.00000", "2008-12-31": -5243, "2008-09-30": -5068, "2008-06-30": -5142, "2008-03-31": "-4178.00000", "2007-12-31": -5593, "2007-09-30": -4664, "2007-06-30": -4122, "2007-03-31": "-3338.00000", "2006-12-31": -2162, "2006-09-30": -2116, "2006-06-30": -2221, "2006-03-31": "-1821.00000", "2005-12-31": -1833, "2005-09-30": -1414, "2005-06-30": -1279, "2005-03-31": "-1050.00000"}, "Net Change In Intangible Assets": {"2020-12-31": 0, "2020-09-30": 0, "2020-06-30": 0, "2020-03-31": "", "2019-12-31": 0, "2019-09-30": 0, "2019-06-30": 0, "2019-03-31": "", "2018-12-31": 0, "2018-09-30": 0, "2018-06-30": 0, "2018-03-31": "", "2017-12-31": 0, "2017-09-30": 0, "2017-06-30": 0, "2017-03-31": "", "2016-12-31": 0, "2016-09-30": 0, "2016-06-30": 0, "2016-03-31": "", "2015-12-31": 0, "2015-09-30": 0, "2015-06-30": 0, "2015-03-31": "", "2014-12-31": 0, "2014-09-30": 0, "2014-06-30": 0, "2014-03-31": "", "2013-12-31": 0, "2013-09-30": 0, "2013-06-30": 0, "2013-03-31": "", "2012-12-31": 0, "2012-09-30": 0, "2012-06-30": 0, "2012-03-31": "", "2011-12-31": 0, "2011-09-30": 0, "2011-06-30": 0, "2011-03-31": "", "2010-12-31": 0, "2010-09-30": 0, "2010-06-30": 0, "2010-03-31": "", "2009-12-31": 0, "2009-09-30": 0, "2009-06-30": 0, "2009-03-31": "", "2008-12-31": 0, "2008-09-30": 0, "2008-06-30": 0, "2008-03-31": "", "2007-12-31": 0, "2007-09-30": 0, "2007-06-30": 0, "2007-03-31": "", "2006-12-31": 0, "2006-09-30": 0, "2006-06-30": 0, "2006-03-31": "", "2005-12-31": 0, "2005-09-30": 0, "2005-06-30": 0, "2005-03-31": ""}, "Net Acquisitions/Divestitures": {"2020-12-31": 2577, "2020-09-30": 40, "2020-06-30": -845, "2020-03-31": "18.00000", "2019-12-31": 224, "2019-09-30": -622, "2019-06-30": 3380, "2019-03-31": "-107.00000", "2018-12-31": 972, "2018-09-30": -1477, "2018-06-30": -40478, "2018-03-31": "-178.00000", "2017-12-31": -28, "2017-09-30": -65, "2017-06-30": 1431, "2017-03-31": "-156.00000", "2016-12-31": 425, "2016-09-30": -2360, "2016-06-30": -294, "2016-03-31": "-84.00000", "2015-12-31": -61, "2015-09-30": -9733, "2015-06-30": -1376, "2015-03-31": "-19506.00000", "2014-12-31": 961, "2014-09-30": -43, "2014-06-30": 4375, "2014-03-31": "-311.00000", "2013-12-31": 989, "2013-09-30": -2822, "2013-06-30": 683, "2013-03-31": "-1040.00000", "2012-12-31": -272, "2012-09-30": -67, "2012-06-30": 740, "2012-03-31": "-417.00000", "2011-12-31": -713, "2011-09-30": -322, "2011-06-30": 11, "2011-03-31": "-43.00000", "2010-12-31": -282, "2010-09-30": 1746, "2010-06-30": -2363, "2010-03-31": "-177.00000", "2009-12-31": -717, "2009-09-30": -123, "2009-06-30": -37, "2009-03-31": "181.00000", "2008-12-31": -715, "2008-09-30": 822, "2008-06-30": -5849, "2008-03-31": "-3615.00000", "2007-12-31": -2039, "2007-09-30": 461, "2007-06-30": 288, "2007-03-31": "11.00000", "2006-12-31": 1167, "2006-09-30": 17, "2006-06-30": -25, "2006-03-31": "-35.00000", "2005-12-31": 2073, "2005-09-30": 40, "2005-06-30": 13, "2005-03-31": "-96.00000"}, "Net Change In Short-term Investments": {"2020-12-31": 0, "2020-09-30": 0, "2020-06-30": 0, "2020-03-31": "", "2019-12-31": 0, "2019-09-30": 0, "2019-06-30": 0, "2019-03-31": "", "2018-12-31": 0, "2018-09-30": 0, "2018-06-30": 0, "2018-03-31": "", "2017-12-31": 0, "2017-09-30": 0, "2017-06-30": 0, "2017-03-31": "", "2016-12-31": 0, "2016-09-30": 0, "2016-06-30": 0, "2016-03-31": "", "2015-12-31": 0, "2015-09-30": 0, "2015-06-30": 0, "2015-03-31": "", "2014-12-31": 0, "2014-09-30": 0, "2014-06-30": 0, "2014-03-31": "", "2013-12-31": 0, "2013-09-30": 0, "2013-06-30": 0, "2013-03-31": "", "2012-12-31": 0, "2012-09-30": 0, "2012-06-30": 0, "2012-03-31": "", "2011-12-31": 0, "2011-09-30": 0, "2011-06-30": 0, "2011-03-31": "", "2010-12-31": 0, "2010-09-30": 0, "2010-06-30": 0, "2010-03-31": "", "2009-12-31": 0, "2009-09-30": -4, "2009-06-30": -11, "2009-03-31": "15.00000", "2008-12-31": 0, "2008-09-30": 0, "2008-06-30": -131, "2008-03-31": "131.00000", "2007-12-31": 0, "2007-09-30": -509, "2007-06-30": -9, "2007-03-31": "518.00000", "2006-12-31": 0, "2006-09-30": 0, "2006-06-30": 0, "2006-03-31": "", "2005-12-31": 1, "2005-09-30": 0, "2005-06-30": 34, "2005-03-31": "64.00000"}, "Net Change In Long-Term Investments": {"2020-12-31": -7, "2020-09-30": 363, "2020-06-30": 55, "2020-03-31": "-74.00000", "2019-12-31": -120, "2019-09-30": 108, "2019-06-30": 194, "2019-03-31": "-112.00000", "2018-12-31": 22, "2018-09-30": -2, "2018-06-30": -130, "2018-03-31": "-1123.00000", "2017-12-31": 214, "2017-09-30": 66, "2017-06-30": 152, "2017-03-31": "17.00000", "2016-12-31": 172, "2016-09-30": 1, "2016-06-30": 55, "2016-03-31": "445.00000", "2015-12-31": 55, "2015-09-30": -400, "2015-06-30": 0, "2015-03-31": "1890.00000", "2014-12-31": 103, "2014-09-30": -1995, "2014-06-30": 2, "2014-03-31": "", "2013-12-31": 0, "2013-09-30": 0, "2013-06-30": 301, "2013-03-31": "", "2012-12-31": -246, "2012-09-30": 187, "2012-06-30": 119, "2012-03-31": "5.00000", "2011-12-31": 17, "2011-09-30": 0, "2011-06-30": -82, "2011-03-31": "127.00000", "2010-12-31": 337, "2010-09-30": 108, "2010-06-30": -525, "2010-03-31": "-20.00000", "2009-12-31": 44, "2009-09-30": 11, "2009-06-30": 0, "2009-03-31": "", "2008-12-31": 171, "2008-09-30": 406, "2008-06-30": -73, "2008-03-31": "", "2007-12-31": -129, "2007-09-30": 584, "2007-06-30": 0, "2007-03-31": "", "2006-12-31": -471, "2006-09-30": 84, "2006-06-30": -18, "2006-03-31": "-699.00000", "2005-12-31": -167, "2005-09-30": 1424, "2005-06-30": 583, "2005-03-31": "596.00000"}, "Net Change In Investments - Total": {"2020-12-31": -7, "2020-09-30": 363, "2020-06-30": 55, "2020-03-31": "-74.00000", "2019-12-31": -120, "2019-09-30": 108, "2019-06-30": 194, "2019-03-31": "-112.00000", "2018-12-31": 22, "2018-09-30": -2, "2018-06-30": -130, "2018-03-31": "-1123.00000", "2017-12-31": 214, "2017-09-30": 66, "2017-06-30": 152, "2017-03-31": "17.00000", "2016-12-31": 172, "2016-09-30": 1, "2016-06-30": 55, "2016-03-31": "445.00000", "2015-12-31": 55, "2015-09-30": -400, "2015-06-30": 0, "2015-03-31": "1890.00000", "2014-12-31": 103, "2014-09-30": -1995, "2014-06-30": 2, "2014-03-31": "", "2013-12-31": 0, "2013-09-30": 0, "2013-06-30": 301, "2013-03-31": "", "2012-12-31": -246, "2012-09-30": 187, "2012-06-30": 119, "2012-03-31": "5.00000", "2011-12-31": 17, "2011-09-30": 0, "2011-06-30": -82, "2011-03-31": "127.00000", "2010-12-31": 337, "2010-09-30": 108, "2010-06-30": -525, "2010-03-31": "-20.00000", "2009-12-31": 44, "2009-09-30": 7, "2009-06-30": -11, "2009-03-31": "15.00000", "2008-12-31": 171, "2008-09-30": 406, "2008-06-30": -204, "2008-03-31": "131.00000", "2007-12-31": -129, "2007-09-30": 75, "2007-06-30": -9, "2007-03-31": "518.00000", "2006-12-31": -471, "2006-09-30": 84, "2006-06-30": -18, "2006-03-31": "-699.00000", "2005-12-31": -166, "2005-09-30": 1424, "2005-06-30": 617, "2005-03-31": "660.00000"}, "Investing Activities - Other": {"2020-12-31": 0, "2020-09-30": 60, "2020-06-30": -32, "2020-03-31": "-28.00000", "2019-12-31": -200, "2019-09-30": 112, "2019-06-30": -51, "2019-03-31": "-61.00000", "2018-12-31": -89, "2018-09-30": -137, "2018-06-30": 127, "2018-03-31": "106.00000", "2017-12-31": 126, "2017-09-30": 38, "2017-06-30": -45, "2017-03-31": "-46.00000", "2016-12-31": 507, "2016-09-30": -232, "2016-06-30": -219, "2016-03-31": "-218.00000", "2015-12-31": -229, "2015-09-30": -226, "2015-06-30": -217, "2015-03-31": "-123.00000", "2014-12-31": -51, "2014-09-30": -61, "2014-06-30": -63, "2014-03-31": "-55.00000", "2013-12-31": -74, "2013-09-30": -73, "2013-06-30": -79, "2013-03-31": "-65.00000", "2012-12-31": -65, "2012-09-30": -69, "2012-06-30": -66, "2012-03-31": "-64.00000", "2011-12-31": -44, "2011-09-30": -33, "2011-06-30": -32, "2011-03-31": "-26.00000", "2010-12-31": -188, "2010-09-30": -191, "2010-06-30": -187, "2010-03-31": "-177.00000", "2009-12-31": -154, "2009-09-30": -180, "2009-06-30": -174, "2009-03-31": "-180.00000", "2008-12-31": -192, "2008-09-30": -206, "2008-06-30": -179, "2008-03-31": "-37.00000", "2007-12-31": -38, "2007-09-30": -36, "2007-06-30": -33, "2007-03-31": "-28.00000", "2006-12-31": -74, "2006-09-30": 1, "2006-06-30": 7, "2006-03-31": "", "2005-12-31": 0, "2005-09-30": 0, "2005-06-30": 0, "2005-03-31": "37.00000"}, "Cash Flow From Investing Activities": {"2020-12-31": 178, "2020-09-30": -3448, "2020-06-30": -5256, "2020-03-31": "-5022.00000", "2019-12-31": -3688, "2019-09-30": -5703, "2019-06-30": -1898, "2019-03-31": "-5401.00000", "2018-12-31": -3158, "2018-09-30": -7352, "2018-06-30": -45483, "2018-03-31": "-7152.00000", "2017-12-31": -4579, "2017-09-30": -4967, "2017-06-30": -3428, "2017-03-31": "-5969.00000", "2016-12-31": -5129, "2016-09-30": -8172, "2016-06-30": -5709, "2016-03-31": "-4308.00000", "2015-12-31": -6097, "2015-09-30": -15387, "2015-06-30": -6073, "2015-03-31": "-21587.00000", "2014-12-31": -3357, "2014-09-30": -7279, "2014-06-30": -1619, "2014-03-31": "-6082.00000", "2013-12-31": -4464, "2013-09-30": -8795, "2013-06-30": -4508, "2013-03-31": "-5357.00000", "2012-12-31": -6429, "2012-09-30": -4826, "2012-06-30": -3688, "2012-03-31": "-4737.00000", "2011-12-31": -6225, "2011-09-30": -5575, "2011-06-30": -5375, "2011-03-31": "-4075.00000", "2010-12-31": -6493, "2010-09-30": -3651, "2010-06-30": -7783, "2010-03-31": "-3522.00000", "2009-12-31": -6347, "2009-09-30": -4313, "2009-06-30": -4066, "2009-03-31": "-3157.00000", "2008-12-31": -5979, "2008-09-30": -4046, "2008-06-30": -11374, "2008-03-31": "-7699.00000", "2007-12-31": -7799, "2007-09-30": -4164, "2007-06-30": -3876, "2007-03-31": "-2837.00000", "2006-12-31": -1540, "2006-09-30": -2014, "2006-06-30": -2257, "2006-03-31": "-2555.00000", "2005-12-31": 74, "2005-09-30": 50, "2005-06-30": -649, "2005-03-31": "-449.00000"}, "Net Long-Term Debt": {"2020-12-31": -2380, "2020-09-30": -9372, "2020-06-30": 3841, "2020-03-31": "-65.00000", "2019-12-31": -1219, "2019-09-30": -3240, "2019-06-30": -5436, "2019-03-31": "-658.00000", "2018-12-31": -5514, "2018-09-30": -2285, "2018-06-30": -623, "2018-03-31": "-2346.00000", "2017-12-31": 2, "2017-09-30": 18455, "2017-06-30": 8610, "2017-03-31": "9387.00000", "2016-12-31": -135, "2016-09-30": -1559, "2016-06-30": -2671, "2016-03-31": "3682.00000", "2015-12-31": -78, "2015-09-30": -7034, "2015-06-30": 15063, "2015-03-31": "15976.00000", "2014-12-31": 7445, "2014-09-30": -6868, "2014-06-30": 3936, "2014-03-31": "1120.00000", "2013-12-31": 4853, "2013-09-30": -308, "2013-06-30": 1509, "2013-03-31": "3084.00000", "2012-12-31": 5860, "2012-09-30": -1007, "2012-06-30": -882, "2012-03-31": "782.00000", "2011-12-31": -6275, "2011-09-30": 4942, "2011-06-30": 2959, "2011-03-31": "-1264.00000", "2010-12-31": -4014, "2010-09-30": 1616, "2010-06-30": -2149, "2010-03-31": "-2512.00000", "2009-12-31": -2483, "2009-09-30": -4133, "2009-06-30": 1936, "2009-03-31": "4189.00000", "2008-12-31": 626, "2008-09-30": -1538, "2008-06-30": 5960, "2008-03-31": "3359.00000", "2007-12-31": -295, "2007-09-30": 1031, "2007-06-30": -1838, "2007-03-31": "5697.00000", "2006-12-31": -1360, "2006-09-30": -342, "2006-06-30": -790, "2006-03-31": "-259.00000", "2005-12-31": 1414, "2005-09-30": -1086, "2005-06-30": -465, "2005-03-31": "-572.00000"}, "Net Current Debt": {"2020-12-31": -1757, "2020-09-30": -1250, "2020-06-30": -169, "2020-03-31": "3132.00000", "2019-12-31": -2456, "2019-09-30": -750, "2019-06-30": 174, "2019-03-31": "-136.00000", "2018-12-31": -727, "2018-09-30": -4360, "2018-06-30": 7066, "2018-03-31": "", "2017-12-31": 0, "2017-09-30": 0, "2017-06-30": -2, "2017-03-31": "", "2016-12-31": 0, "2016-09-30": 0, "2016-06-30": 0, "2016-03-31": "", "2015-12-31": 1, "2015-09-30": -1, "2015-06-30": 0, "2015-03-31": "", "2014-12-31": 0, "2014-09-30": -150, "2014-06-30": 151, "2014-03-31": "-17.00000", "2013-12-31": -1831, "2013-09-30": 608, "2013-06-30": -505, "2013-03-31": "1748.00000", "2012-12-31": 1, "2012-09-30": 0, "2012-06-30": 0, "2012-03-31": "", "2011-12-31": -33, "2011-09-30": -17, "2011-06-30": -1567, "2011-03-31": "-36.00000", "2010-12-31": 1625, "2010-09-30": -3313, "2010-06-30": 2957, "2010-03-31": "323.00000", "2009-12-31": 8, "2009-09-30": -3, "2009-06-30": -6, "2009-03-31": "-3909.00000", "2008-12-31": -3171, "2008-09-30": -1402, "2008-06-30": 804, "2008-03-31": "5786.00000", "2007-12-31": 868, "2007-09-30": -2286, "2007-06-30": 996, "2007-03-31": "-2989.00000", "2006-12-31": 1313, "2006-09-30": 1316, "2006-06-30": -249, "2006-03-31": "1269.00000", "2005-12-31": -2463, "2005-09-30": -774, "2005-06-30": -1643, "2005-03-31": "761.00000"}, "Debt Issuance/Retirement Net - Total": {"2020-12-31": -4137, "2020-09-30": -10622, "2020-06-30": 3672, "2020-03-31": "3067.00000", "2019-12-31": -3675, "2019-09-30": -3990, "2019-06-30": -5262, "2019-03-31": "-794.00000", "2018-12-31": -6241, "2018-09-30": -6645, "2018-06-30": 6443, "2018-03-31": "-2346.00000", "2017-12-31": 2, "2017-09-30": 18455, "2017-06-30": 8608, "2017-03-31": "9387.00000", "2016-12-31": -135, "2016-09-30": -1559, "2016-06-30": -2671, "2016-03-31": "3682.00000", "2015-12-31": -77, "2015-09-30": -7035, "2015-06-30": 15063, "2015-03-31": "15976.00000", "2014-12-31": 7445, "2014-09-30": -7018, "2014-06-30": 4087, "2014-03-31": "1103.00000", "2013-12-31": 3022, "2013-09-30": 300, "2013-06-30": 1004, "2013-03-31": "4832.00000", "2012-12-31": 5861, "2012-09-30": -1007, "2012-06-30": -882, "2012-03-31": "782.00000", "2011-12-31": -6308, "2011-09-30": 4925, "2011-06-30": 1392, "2011-03-31": "-1300.00000", "2010-12-31": -2389, "2010-09-30": -1697, "2010-06-30": 808, "2010-03-31": "-2189.00000", "2009-12-31": -2475, "2009-09-30": -4136, "2009-06-30": 1930, "2009-03-31": "280.00000", "2008-12-31": -2545, "2008-09-30": -2940, "2008-06-30": 6764, "2008-03-31": "9145.00000", "2007-12-31": 573, "2007-09-30": -1255, "2007-06-30": -842, "2007-03-31": "2708.00000", "2006-12-31": -47, "2006-09-30": 974, "2006-06-30": -1039, "2006-03-31": "1010.00000", "2005-12-31": -1049, "2005-09-30": -1860, "2005-06-30": -2108, "2005-03-31": "189.00000"}, "Net Common Equity Issued/Repurchased": {"2020-12-31": 2, "2020-09-30": 1, "2020-06-30": 9, "2020-03-31": "-5405.00000", "2019-12-31": -1953, "2019-09-30": -48, "2019-06-30": 237, "2019-03-31": "-22.00000", "2018-12-31": 354, "2018-09-30": 334, "2018-06-30": -418, "2018-03-31": "-134.00000", "2017-12-31": 4, "2017-09-30": 0, "2017-06-30": -278, "2017-03-31": "-156.00000", "2016-12-31": -59, "2016-09-30": -229, "2016-06-30": -167, "2016-03-31": "89.00000", "2015-12-31": -259, "2015-09-30": 113, "2015-06-30": 12, "2015-03-31": "8.00000", "2014-12-31": 5, "2014-09-30": -214, "2014-06-30": -145, "2014-03-31": "-1224.00000", "2013-12-31": -1888, "2013-09-30": -1913, "2013-06-30": -3258, "2013-03-31": "-5855.00000", "2012-12-31": -4361, "2012-09-30": -3667, "2012-06-30": -2399, "2012-03-31": "-1848.00000", "2011-12-31": 21, "2011-09-30": 17, "2011-06-30": 181, "2011-03-31": "18.00000", "2010-12-31": 26, "2010-09-30": 19, "2010-06-30": 2, "2010-03-31": "3.00000", "2009-12-31": 20, "2009-09-30": 4, "2009-06-30": 3, "2009-03-31": "1.00000", "2008-12-31": 2, "2008-09-30": 7, "2008-06-30": -1799, "2008-03-31": "-3968.00000", "2007-12-31": -1228, "2007-09-30": -1524, "2007-06-30": -3334, "2007-03-31": "-2318.00000", "2006-12-31": -1193, "2006-09-30": -984, "2006-06-30": -113, "2006-03-31": "201.00000", "2005-12-31": -1031, "2005-09-30": -443, "2005-06-30": 16, "2005-03-31": "47.00000"}, "Net Total Equity Issued/Repurchased": {"2020-12-31": -1948, "2020-09-30": 1980, "2020-06-30": 9, "2020-03-31": "-1536.00000", "2019-12-31": 5599, "2019-09-30": 1440, "2019-06-30": 237, "2019-03-31": "-22.00000", "2018-12-31": 354, "2018-09-30": 334, "2018-06-30": -418, "2018-03-31": "-134.00000", "2017-12-31": 4, "2017-09-30": 0, "2017-06-30": -278, "2017-03-31": "-156.00000", "2016-12-31": -59, "2016-09-30": -229, "2016-06-30": -167, "2016-03-31": "89.00000", "2015-12-31": -259, "2015-09-30": 113, "2015-06-30": 12, "2015-03-31": "8.00000", "2014-12-31": 5, "2014-09-30": -214, "2014-06-30": -145, "2014-03-31": "-1224.00000", "2013-12-31": -1888, "2013-09-30": -1913, "2013-06-30": -3258, "2013-03-31": "-5855.00000", "2012-12-31": -4361, "2012-09-30": -3667, "2012-06-30": -2399, "2012-03-31": "-1848.00000", "2011-12-31": 21, "2011-09-30": 17, "2011-06-30": 181, "2011-03-31": "18.00000", "2010-12-31": 26, "2010-09-30": 19, "2010-06-30": 2, "2010-03-31": "3.00000", "2009-12-31": 20, "2009-09-30": 4, "2009-06-30": 3, "2009-03-31": "1.00000", "2008-12-31": 2, "2008-09-30": 7, "2008-06-30": -1799, "2008-03-31": "-3968.00000", "2007-12-31": -1228, "2007-09-30": -1524, "2007-06-30": -3334, "2007-03-31": "-2318.00000", "2006-12-31": -1193, "2006-09-30": -984, "2006-06-30": -113, "2006-03-31": "201.00000", "2005-12-31": -1759, "2005-09-30": -443, "2005-06-30": 16, "2005-03-31": "47.00000"}, "Total Common And Preferred Stock Dividends Paid": {"2020-12-31": -3741, "2020-09-30": -3741, "2020-06-30": -3737, "2020-03-31": "-3737.00000", "2019-12-31": -3726, "2019-09-30": -3726, "2019-06-30": -3722, "2019-03-31": "-3714.00000", "2018-12-31": -3635, "2018-09-30": -3631, "2018-06-30": -3074, "2018-03-31": "-3070.00000", "2017-12-31": -3008, "2017-09-30": -3009, "2017-06-30": -3012, "2017-03-31": "-3009.00000", "2016-12-31": -2947, "2016-09-30": -2951, "2016-06-30": -2952, "2016-03-31": "-2947.00000", "2015-12-31": -2889, "2015-09-30": -2438, "2015-06-30": -2439, "2015-03-31": "-2434.00000", "2014-12-31": -2382, "2014-09-30": -2386, "2014-06-30": -2386, "2014-03-31": "-2398.00000", "2013-12-31": -2371, "2013-09-30": -2395, "2013-06-30": -2428, "2013-03-31": "-2502.00000", "2012-12-31": -2503, "2012-09-30": -2551, "2012-06-30": -2581, "2012-03-31": "-2606.00000", "2011-12-31": -2545, "2011-09-30": -2545, "2011-06-30": -2542, "2011-03-31": "-2540.00000", "2010-12-31": -2480, "2010-09-30": -2476, "2010-06-30": -2481, "2010-03-31": "-2479.00000", "2009-12-31": -2418, "2009-09-30": -2418, "2009-06-30": -2418, "2009-03-31": "-2416.00000", "2008-12-31": -2357, "2008-09-30": -2348, "2008-06-30": -2380, "2008-03-31": "-2422.00000", "2007-12-31": -2159, "2007-09-30": -2170, "2007-06-30": -2196, "2007-03-31": "-2218.00000", "2006-12-31": -1280, "2006-09-30": -1292, "2006-06-30": -1292, "2006-03-31": "-1289.00000", "2005-12-31": -1060, "2005-09-30": -1066, "2005-06-30": -1064, "2005-03-31": "-1066.00000"}, "Financial Activities - Other": {"2020-12-31": -413, "2020-09-30": -3474, "2020-06-30": 244, "2020-03-31": "-3893.00000", "2019-12-31": -940, "2019-09-30": -1282, "2019-06-30": -1615, "2019-03-31": "109.00000", "2018-12-31": -2788, "2018-09-30": -17, "2018-06-30": -3169, "2018-03-31": "2048.00000", "2017-12-31": 230, "2017-09-30": 1639, "2017-06-30": 250, "2017-03-31": "-173.00000", "2016-12-31": -1082, "2016-09-30": 603, "2016-06-30": -1608, "2016-03-31": "471.00000", "2015-12-31": -944, "2015-09-30": -804, "2015-06-30": 789, "2015-03-31": "-2860.00000", "2014-12-31": -1311, "2014-09-30": -674, "2014-06-30": -313, "2014-03-31": "74.00000", "2013-12-31": -248, "2013-09-30": 458, "2013-06-30": 351, "2013-03-31": "-310.00000", "2012-12-31": -9, "2012-09-30": 632, "2012-06-30": -404, "2012-03-31": "-130.00000", "2011-12-31": -17, "2011-09-30": -284, "2011-06-30": -241, "2011-03-31": "119.00000", "2010-12-31": -117, "2010-09-30": 135, "2010-06-30": -290, "2010-03-31": "-244.00000", "2009-12-31": -98, "2009-09-30": 14, "2009-06-30": 222, "2009-03-31": "-603.00000", "2008-12-31": 240, "2008-09-30": 22, "2008-06-30": -91, "2008-03-31": "-20.00000", "2007-12-31": -28, "2007-09-30": -9, "2007-06-30": 23, "2007-03-31": "-37.00000", "2006-12-31": 132, "2006-09-30": 30, "2006-06-30": 46, "2006-03-31": "8.00000", "2005-12-31": -6, "2005-09-30": 0, "2005-06-30": 0, "2005-03-31": "3.00000"}, "Cash Flow From Financial Activities": {"2020-12-31": -10239, "2020-09-30": -15857, "2020-06-30": 188, "2020-03-31": "-6099.00000", "2019-12-31": -2742, "2019-09-30": -7558, "2019-06-30": -10362, "2019-03-31": "-4421.00000", "2018-12-31": -12310, "2018-09-30": -9959, "2018-06-30": -218, "2018-03-31": "-3502.00000", "2017-12-31": -2772, "2017-09-30": 17085, "2017-06-30": 5568, "2017-03-31": "6049.00000", "2016-12-31": -4223, "2016-09-30": -4136, "2016-06-30": -7398, "2016-03-31": "1295.00000", "2015-12-31": -4169, "2015-09-30": -10164, "2015-06-30": 13425, "2015-03-31": "10690.00000", "2014-12-31": 3757, "2014-09-30": -10292, "2014-06-30": 1243, "2014-03-31": "-2445.00000", "2013-12-31": -1485, "2013-09-30": -3550, "2013-06-30": -4331, "2013-03-31": "-3835.00000", "2012-12-31": -1012, "2012-09-30": -6593, "2012-06-30": -6266, "2012-03-31": "-3802.00000", "2011-12-31": -8849, "2011-09-30": 2113, "2011-06-30": -1210, "2011-03-31": "-3703.00000", "2010-12-31": -4960, "2010-09-30": -4019, "2010-06-30": -1961, "2010-03-31": "-4909.00000", "2009-12-31": -4971, "2009-09-30": -6536, "2009-06-30": -263, "2009-03-31": "-2738.00000", "2008-12-31": -4660, "2008-09-30": -5259, "2008-06-30": 2494, "2008-03-31": "2735.00000", "2007-12-31": -2842, "2007-09-30": -4958, "2007-06-30": -6349, "2007-03-31": "-1865.00000", "2006-12-31": -2388, "2006-09-30": -1272, "2006-06-30": -2398, "2006-03-31": "-70.00000", "2005-12-31": -3874, "2005-09-30": -3369, "2005-06-30": -3156, "2005-03-31": "-827.00000"}, "Net Cash Flow": {"2020-12-31": 21, "2020-09-30": -7182, "2020-06-30": 6991, "2020-03-31": "-2255.00000", "2019-12-31": 5513, "2019-09-30": -1872, "2019-06-30": 2024, "2019-03-31": "1230.00000", "2018-12-31": -3388, "2018-09-30": -4965, "2018-06-30": -35472, "2018-03-31": "-1707.00000", "2017-12-31": 2186, "2017-09-30": 22921, "2017-06-30": 10845, "2017-03-31": "9045.00000", "2016-12-31": -112, "2016-09-30": -1313, "2016-06-30": -2800, "2016-03-31": "4887.00000", "2015-12-31": -1081, "2015-09-30": -14754, "2015-06-30": 16512, "2015-03-31": "-4159.00000", "2014-12-31": 6145, "2014-09-30": -8847, "2014-06-30": 7694, "2014-03-31": "272.00000", "2013-12-31": 1968, "2013-09-30": -3177, "2013-06-30": 673, "2013-03-31": "-993.00000", "2012-12-31": 3079, "2012-09-30": -88, "2012-06-30": -474, "2012-03-31": "-694.00000", "2011-12-31": -7481, "2011-09-30": 6931, "2011-06-30": 2440, "2011-03-31": "-46.00000", "2010-12-31": -1581, "2010-09-30": 1869, "2010-06-30": -1171, "2010-03-31": "-1193.00000", "2009-12-31": -2357, "2009-09-30": -1177, "2009-06-30": 3528, "2009-03-31": "2020.00000", "2008-12-31": 198, "2008-09-30": -37, "2008-06-30": -332, "2008-03-31": "-7.00000", "2007-12-31": -744, "2007-09-30": 144, "2007-06-30": 206, "2007-03-31": "-54.00000", "2006-12-31": 1167, "2006-09-30": 154, "2006-06-30": 40, "2006-03-31": "-167.00000", "2005-12-31": 791, "2005-09-30": 27, "2005-06-30": -21, "2005-03-31": "-333.00000"}, "Stock-Based Compensation": {"2020-12-31": 0, "2020-09-30": 0, "2020-06-30": 0, "2020-03-31": "", "2019-12-31": 0, "2019-09-30": 0, "2019-06-30": 0, "2019-03-31": "", "2018-12-31": 0, "2018-09-30": 0, "2018-06-30": 0, "2018-03-31": "", "2017-12-31": 0, "2017-09-30": 0, "2017-06-30": 0, "2017-03-31": "", "2016-12-31": 0, "2016-09-30": 0, "2016-06-30": 0, "2016-03-31": "", "2015-12-31": 0, "2015-09-30": 0, "2015-06-30": 0, "2015-03-31": "", "2014-12-31": 0, "2014-09-30": 0, "2014-06-30": 0, "2014-03-31": "", "2013-12-31": 0, "2013-09-30": 0, "2013-06-30": 0, "2013-03-31": "", "2012-12-31": 0, "2012-09-30": 0, "2012-06-30": 0, "2012-03-31": "", "2011-12-31": 0, "2011-09-30": 0, "2011-06-30": 0, "2011-03-31": "", "2010-12-31": 0, "2010-09-30": 0, "2010-06-30": 0, "2010-03-31": "", "2009-12-31": 0, "2009-09-30": 0, "2009-06-30": 0, "2009-03-31": "", "2008-12-31": 0, "2008-09-30": 0, "2008-06-30": 0, "2008-03-31": "0.00000", "2007-12-31": 0, "2007-09-30": 0, "2007-06-30": 0, "2007-03-31": "0.00000", "2006-12-31": 0, "2006-09-30": 0, "2006-06-30": 0, "2006-03-31": "0.00000", "2005-12-31": 0, "2005-09-30": 0, "2005-06-30": 0, "2005-03-31": "0.00000"}, "Common Stock Dividends Paid": {"2020-12-31": -3741, "2020-09-30": -3741, "2020-06-30": -3737, "2020-03-31": "-3737.00000", "2019-12-31": -3726, "2019-09-30": -3726, "2019-06-30": -3722, "2019-03-31": "-3714.00000", "2018-12-31": -3635, "2018-09-30": -3631, "2018-06-30": -3074, "2018-03-31": "-3070.00000", "2017-12-31": -3008, "2017-09-30": -3009, "2017-06-30": -3012, "2017-03-31": "-3009.00000", "2016-12-31": -2947, "2016-09-30": -2951, "2016-06-30": -2952, "2016-03-31": "-2947.00000", "2015-12-31": -2889, "2015-09-30": -2438, "2015-06-30": -2439, "2015-03-31": "-2434.00000", "2014-12-31": -2382, "2014-09-30": -2386, "2014-06-30": -2386, "2014-03-31": "-2398.00000", "2013-12-31": -2371, "2013-09-30": -2395, "2013-06-30": -2428, "2013-03-31": "-2502.00000", "2012-12-31": -2503, "2012-09-30": -2551, "2012-06-30": -2581, "2012-03-31": "-2606.00000", "2011-12-31": -2545, "2011-09-30": -2545, "2011-06-30": -2542, "2011-03-31": "-2540.00000", "2010-12-31": -2480, "2010-09-30": -2476, "2010-06-30": -2481, "2010-03-31": "-2479.00000", "2009-12-31": -2418, "2009-09-30": -2418, "2009-06-30": -2418, "2009-03-31": "-2416.00000", "2008-12-31": -2357, "2008-09-30": -2348, "2008-06-30": -2380, "2008-03-31": "-2422.00000", "2007-12-31": -2159, "2007-09-30": -2170, "2007-06-30": -2196, "2007-03-31": "-2218.00000", "2006-12-31": -1280, "2006-09-30": -1292, "2006-06-30": -1292, "2006-03-31": "-1289.00000", "2005-12-31": -1060, "2005-09-30": -1066, "2005-06-30": -1064, "2005-03-31": "-1066.00000"}}, "financial ratios": {"Current Ratio": {"2019-12-31": "0.79470", "2018-12-31": "0.79830", "2017-12-31": "0.97240", "2016-12-31": "0.75860", "2015-12-31": "0.75270", "2014-12-31": "0.90140", "2013-12-31": "0.66280", "2012-12-31": "0.71430", "2011-12-31": "0.74400", "2010-12-31": "0.59830", "2009-12-31": "0.68160", "2008-12-31": "0.53340", "2007-12-31": "0.62860", "2006-12-31": "0.63120", "2005-12-31": "0.57650"}, "Long-term Debt / Capital": {"2019-12-31": "0.42830", "2018-12-31": "0.46160", "2017-12-31": "0.47010", "2016-12-31": "0.47810", "2015-12-31": "0.48940", "2014-12-31": "0.45640", "2013-12-31": "0.43100", "2012-12-31": "0.41720", "2011-12-31": "0.36690", "2010-12-31": "0.34500", "2009-12-31": "0.38820", "2008-12-31": "0.38620", "2007-12-31": "0.33170", "2006-12-31": "0.30230", "2005-12-31": "0.32320"}, "Debt/Equity Ratio": {"2019-12-31": "0.80790", "2018-12-31": "0.91040", "2017-12-31": "1.15730", "2016-12-31": "0.99520", "2015-12-31": "1.02030", "2014-12-31": "0.90650", "2013-12-31": "0.81750", "2012-12-31": "0.75350", "2011-12-31": "0.61200", "2010-12-31": "0.59100", "2009-12-31": "0.70680", "2008-12-31": "0.77510", "2007-12-31": "0.55570", "2006-12-31": "0.51750", "2005-12-31": "0.55900"}, "Gross Margin": {"2019-12-31": "53.56280", "2018-12-31": "53.48980", "2017-12-31": "51.53410", "2016-12-31": "52.87140", "2015-12-31": "54.32870", "2014-12-31": "54.58940", "2013-12-31": "60.24060", "2012-12-31": "56.66150", "2011-12-31": "56.67400", "2010-12-31": "59.56150", "2009-12-31": "58.66640", "2008-12-31": "54.07760", "2007-12-31": "60.64760", "2006-12-31": "54.24000", "2005-12-31": "56.19000"}, "Operating Margin": {"2019-12-31": "15.42830", "2018-12-31": "15.28260", "2017-12-31": "12.43880", "2016-12-31": "14.37420", "2015-12-31": "16.88340", "2014-12-31": "9.22030", "2013-12-31": "23.88470", "2012-12-31": "10.19900", "2011-12-31": "7.27410", "2010-12-31": "15.74910", "2009-12-31": "17.14100", "2008-12-31": "-1.36910", "2007-12-31": "17.15660", "2006-12-31": "16.31590", "2005-12-31": "14.09380"}, "EBIT Margin": {"2019-12-31": "15.42830", "2018-12-31": "15.28260", "2017-12-31": "12.43880", "2016-12-31": "14.37420", "2015-12-31": "16.88340", "2014-12-31": "9.22030", "2013-12-31": "23.88470", "2012-12-31": "10.19900", "2011-12-31": "7.27410", "2010-12-31": "15.74910", "2009-12-31": "17.14100", "2008-12-31": "-1.36910", "2007-12-31": "17.15660", "2006-12-31": "16.31590", "2005-12-31": "14.09380"}, "EBITDA Margin": {"2019-12-31": "36.29220", "2018-12-31": "34.14110", "2017-12-31": "27.62880", "2016-12-31": "30.15520", "2015-12-31": "31.88060", "2014-12-31": "23.01680", "2013-12-31": "38.17180", "2012-12-31": "24.43620", "2011-12-31": "24.07220", "2010-12-31": "31.41050", "2009-12-31": "33.07000", "2008-12-31": "14.56790", "2007-12-31": "35.29950", "2006-12-31": "32.02760", "2005-12-31": "31.50990"}, "Pre-Tax Profit Margin": {"2019-12-31": "10.19250", "2018-12-31": "14.56640", "2017-12-31": "9.42970", "2016-12-31": "12.09630", "2015-12-31": "14.09530", "2014-12-31": "7.81820", "2013-12-31": "21.78610", "2012-12-31": "8.19170", "2011-12-31": "5.29970", "2010-12-31": "14.67490", "2009-12-31": "15.11510", "2008-12-31": "-3.70370", "2007-12-31": "15.47070", "2006-12-31": "17.25640", "2005-12-31": "13.06550"}, "Net Profit Margin": {"2019-12-31": "7.67140", "2018-12-31": "11.34370", "2017-12-31": "18.34370", "2016-12-31": "7.92250", "2015-12-31": "9.09050", "2014-12-31": "4.86380", "2013-12-31": "14.30500", "2012-12-31": "5.70020", "2011-12-31": "3.11230", "2010-12-31": "15.98330", "2009-12-31": "9.90750", "2008-12-31": "-2.12650", "2007-12-31": "10.04890", "2006-12-31": "11.66600", "2005-12-31": "10.93590"}, "Asset Turnover": {"2019-12-31": "0.32840", "2018-12-31": "0.32110", "2017-12-31": "0.36150", "2016-12-31": "0.40560", "2015-12-31": "0.36460", "2014-12-31": "0.44620", "2013-12-31": "0.46350", "2012-12-31": "0.46800", "2011-12-31": "0.46860", "2010-12-31": "0.46130", "2009-12-31": "0.45660", "2008-12-31": "0.46540", "2007-12-31": "0.43150", "2006-12-31": "0.23300", "2005-12-31": "0.30050"}, "Inventory Turnover Ratio": {"2019-12-31": "", "2018-12-31": "", "2017-12-31": "", "2016-12-31": "", "2015-12-31": "", "2014-12-31": "", "2013-12-31": "", "2012-12-31": "", "2011-12-31": "", "2010-12-31": "", "2009-12-31": "", "2008-12-31": "", "2007-12-31": "", "2006-12-31": "", "2005-12-31": ""}, "Receiveable Turnover": {"2019-12-31": "8.00460", "2018-12-31": "6.45040", "2017-12-31": "9.71710", "2016-12-31": "9.75260", "2015-12-31": "8.87980", "2014-12-31": "9.11730", "2013-12-31": "9.96690", "2012-12-31": "10.06830", "2011-12-31": "9.57770", "2010-12-31": "9.13150", "2009-12-31": "8.25280", "2008-12-31": "7.69260", "2007-12-31": "7.34800", "2006-12-31": "3.89370", "2005-12-31": "4.68010"}, "Days Sales In Receivables": {"2019-12-31": "45.59860", "2018-12-31": "56.58530", "2017-12-31": "37.56260", "2016-12-31": "37.42570", "2015-12-31": "41.10450", "2014-12-31": "40.03380", "2013-12-31": "36.62130", "2012-12-31": "36.25250", "2011-12-31": "38.10920", "2010-12-31": "39.97140", "2009-12-31": "44.22740", "2008-12-31": "47.44830", "2007-12-31": "49.67310", "2006-12-31": "93.74050", "2005-12-31": "77.98910"}, "ROE - Return On Equity": {"2019-12-31": "7.41580", "2018-12-31": "10.29120", "2017-12-31": "21.01800", "2016-12-31": "10.74290", "2015-12-31": "11.07000", "2014-12-31": "7.46210", "2013-12-31": "20.46520", "2012-12-31": "8.13310", "2011-12-31": "3.95470", "2010-12-31": "17.32920", "2009-12-31": "12.18470", "2008-12-31": "-2.44130", "2007-12-31": "10.52900", "2006-12-31": "6.36660", "2005-12-31": "8.75110"}, "Return On Tangible Equity": {"2019-12-31": "-17.29630", "2018-12-31": "-20.10500", "2017-12-31": "-38.40420", "2016-12-31": "-13.61110", "2015-12-31": "-13.46640", "2014-12-31": "-14.52190", "2013-12-31": "-46.80150", "2012-12-31": "-21.02750", "2011-12-31": "-17.15600", "2010-12-31": "-87.50170", "2009-12-31": "-38.33010", "2008-12-31": "6.08900", "2007-12-31": "-88.35470", "2006-12-31": "-62.03930", "2005-12-31": "14.89480"}, "ROA - Return On Assets": {"2019-12-31": "2.71450", "2018-12-31": "3.75150", "2017-12-31": "6.72080", "2016-12-31": "3.30170", "2015-12-31": "3.39900", "2014-12-31": "2.26930", "2013-12-31": "6.73970", "2012-12-31": "2.76850", "2011-12-31": "1.54710", "2010-12-31": "7.20140", "2009-12-31": "4.63150", "2008-12-31": "-0.89050", "2007-12-31": "4.40680", "2006-12-31": "2.71810", "2005-12-31": "3.28640"}, "ROI - Return On Investment": {"2019-12-31": "4.23930", "2018-12-31": "5.54040", "2017-12-31": "11.13780", "2016-12-31": "5.60700", "2015-12-31": "5.65220", "2014-12-31": "4.05670", "2013-12-31": "11.64510", "2012-12-31": "4.73990", "2011-12-31": "2.50390", "2010-12-31": "11.35030", "2009-12-31": "7.45430", "2008-12-31": "-1.49850", "2007-12-31": "7.03680", "2006-12-31": "4.44190", "2005-12-31": "5.92290"}, "Book Value Per Share": {"2019-12-31": "27.83550", "2018-12-31": "26.62650", "2017-12-31": "23.13030", "2016-12-31": "20.21670", "2015-12-31": "20.12060", "2014-12-31": "17.40340", "2013-12-31": "17.50410", "2012-12-31": "16.60790", "2011-12-31": "17.85150", "2010-12-31": "18.93900", "2009-12-31": "17.28060", "2008-12-31": "16.41780", "2007-12-31": "19.08930", "2006-12-31": "18.51980", "2005-12-31": "14.10670"}, "Operating Cash Flow Per Share": {"2019-12-31": 0.2169, "2018-12-31": 0.2589, "2017-12-31": -0.0638, "2016-12-31": -0.1436, "2015-12-31": 0.3526, "2014-12-31": -0.4594, "2013-12-31": -0.2684, "2012-12-31": 0.8909, "2011-12-31": -0.0924, "2010-12-31": 0.1239, "2009-12-31": 0.1665, "2008-12-31": 0.0914, "2007-12-31": 1.5293, "2006-12-31": 0.1809, "2005-12-31": 3.8396}, "Free Cash Flow Per Share": {"2019-12-31": 0.6219, "2018-12-31": 0.5483, "2017-12-31": 0.0733, "2016-12-31": -0.2162, "2015-12-31": 1.0091, "2014-12-31": -0.6303, "2013-12-31": -0.8139, "2012-12-31": 0.9269, "2011-12-31": -0.1833, "2010-12-31": -0.3707, "2009-12-31": 0.667, "2008-12-31": -0.332, "2007-12-31": 0.79, "2006-12-31": -0.3011, "2005-12-31": 2.1894}}, "financial ratios, quarterly": {"Current Ratio": {"2020-09-30": "0.83890", "2020-06-30": "0.81410", "2020-03-31": "0.75610", "2019-12-31": "0.79470", "2019-09-30": "0.74410", "2019-06-30": "0.71140", "2019-03-31": "0.71880", "2018-12-31": "0.79830", "2018-09-30": "0.81180", "2018-06-30": "0.80600", "2018-03-31": "1.11230", "2017-12-31": "0.97240", "2017-09-30": "1.60100", "2017-06-30": "1.11530", "2017-03-31": "0.90210", "2016-12-31": "0.75860", "2016-09-30": "0.79350", "2016-06-30": "0.77490", "2016-03-31": "0.85340", "2015-12-31": "0.75270", "2015-09-30": "0.72910", "2015-06-30": "1.06500", "2015-03-31": "0.72800", "2014-12-31": "0.90140", "2014-09-30": "0.64620", "2014-06-30": "0.75620", "2014-03-31": "0.60480", "2013-12-31": "0.66280", "2013-09-30": "0.50950", "2013-06-30": "0.68700", "2013-03-31": "0.68390", "2012-12-31": "0.71430", "2012-09-30": "0.61560", "2012-06-30": "0.64490", "2012-03-31": "0.63850", "2011-12-31": "0.74400", "2011-09-30": "0.84060", "2011-06-30": "0.66310", "2011-03-31": "0.59350", "2010-12-31": "0.59830", "2010-09-30": "0.67260", "2010-06-30": "0.59120", "2010-03-31": "0.60920", "2009-12-31": "0.68160", "2009-09-30": "0.77920", "2009-06-30": "0.74380", "2009-03-31": "0.63520", "2008-12-31": "0.53340", "2008-09-30": "0.51710", "2008-06-30": "0.51480", "2008-03-31": "0.56840", "2007-12-31": "0.62860", "2007-09-30": "0.66910", "2007-06-30": "0.63290", "2007-03-31": "0.71070", "2006-12-31": "0.63120", "2006-09-30": "0.56520", "2006-06-30": "0.59200", "2006-03-31": "0.55950", "2005-12-31": "0.57650", "2005-09-30": "0.44280", "2005-06-30": "0.41330", "2005-03-31": "0.45560"}, "Long-term Debt / Capital": {"2020-09-30": "0.43960", "2020-06-30": "0.44220", "2020-03-31": "0.42960", "2019-12-31": "0.42830", "2019-09-30": "0.44140", "2019-06-30": "0.44840", "2019-03-31": "0.45680", "2018-12-31": "0.46160", "2018-09-30": "0.47670", "2018-06-30": "0.47780", "2018-03-31": "0.47620", "2017-12-31": "0.47010", "2017-09-30": "0.55100", "2017-06-30": "0.51350", "2017-03-31": "0.49100", "2016-12-31": "0.47810", "2016-09-30": "0.48480", "2016-06-30": "0.48540", "2016-03-31": "0.49530", "2015-12-31": "0.48940", "2015-09-30": "0.49300", "2015-06-30": "0.54560", "2015-03-31": "0.50330", "2014-12-31": "0.45640", "2014-09-30": "0.43090", "2014-06-30": "0.44270", "2014-03-31": "0.43930", "2013-12-31": "0.43100", "2013-09-30": "0.44250", "2013-06-30": "0.45450", "2013-03-31": "0.44450", "2012-12-31": "0.41720", "2012-09-30": "0.37330", "2012-06-30": "0.37110", "2012-03-31": "0.35910", "2011-12-31": "0.36690", "2011-09-30": "0.35370", "2011-06-30": "0.33950", "2011-03-31": "0.34000", "2010-12-31": "0.34500", "2010-09-30": "0.35570", "2010-06-30": "0.36810", "2010-03-31": "0.36940", "2009-12-31": "0.38820", "2009-09-30": "0.39730", "2009-06-30": "0.40200", "2009-03-31": "0.39420", "2008-12-31": "0.38620", "2008-09-30": "0.34530", "2008-06-30": "0.36260", "2008-03-31": "0.34900", "2007-12-31": "0.33170", "2007-09-30": "0.32930", "2007-06-30": "0.32580", "2007-03-31": "0.32730", "2006-12-31": "0.30230", "2006-09-30": "0.32600", "2006-06-30": "0.32870", "2006-03-31": "0.31920", "2005-12-31": "0.32320", "2005-09-30": "0.30730", "2005-06-30": "0.31030", "2005-03-31": "0.34130"}, "Debt/Equity Ratio": {"2020-09-30": "0.81450", "2020-06-30": "0.87340", "2020-03-31": "0.84050", "2019-12-31": "0.80790", "2019-09-30": "0.85000", "2019-06-30": "0.87880", "2019-03-31": "0.90010", "2018-12-31": "0.91040", "2018-09-30": "0.99160", "2018-06-30": "1.03280", "2018-03-31": "1.10860", "2017-12-31": "1.15730", "2017-09-30": "1.29470", "2017-06-30": "1.14140", "2017-03-31": "1.06620", "2016-12-31": "0.99520", "2016-09-30": "1.00500", "2016-06-30": "1.01980", "2016-03-31": "1.04900", "2015-12-31": "1.02030", "2015-09-30": "1.03370", "2015-06-30": "1.29910", "2015-03-31": "1.10730", "2014-12-31": "0.90650", "2014-09-30": "0.81210", "2014-06-30": "0.90740", "2014-03-31": "0.87420", "2013-12-31": "0.81750", "2013-09-30": "0.88500", "2013-06-30": "0.87090", "2013-03-31": "0.83920", "2012-12-31": "0.75350", "2012-09-30": "0.62950", "2012-06-30": "0.62300", "2012-03-31": "0.62470", "2011-12-31": "0.61200", "2011-09-30": "0.62540", "2011-06-30": "0.58340", "2011-03-31": "0.57630", "2010-12-31": "0.59100", "2010-09-30": "0.60870", "2010-06-30": "0.67640", "2010-03-31": "0.67790", "2009-12-31": "0.70680", "2009-09-30": "0.72660", "2009-06-30": "0.77490", "2009-03-31": "0.76100", "2008-12-31": "0.77510", "2008-09-30": "0.68230", "2008-06-30": "0.71600", "2008-03-31": "0.65470", "2007-12-31": "0.55570", "2007-09-30": "0.54520", "2007-06-30": "0.55230", "2007-03-31": "0.54900", "2006-12-31": "0.51750", "2006-09-30": "0.56880", "2006-06-30": "0.54940", "2006-03-31": "0.57250", "2005-12-31": "0.55900", "2005-09-30": "0.57760", "2005-06-30": "0.62010", "2005-03-31": "0.67100"}, "Gross Margin": {"2020-09-30": "53.14360", "2020-06-30": "56.08550", "2020-03-31": "54.92880", "2019-12-31": "51.44060", "2019-09-30": "54.79950", "2019-06-30": "54.37420", "2019-03-31": "53.73550", "2018-12-31": "51.43250", "2018-09-30": "54.73010", "2018-06-30": "55.21980", "2018-03-31": "52.82090", "2017-12-31": "47.38940", "2017-09-30": "51.67640", "2017-06-30": "53.29720", "2017-03-31": "53.99470", "2016-12-31": "48.79430", "2016-09-30": "53.80290", "2016-06-30": "54.40520", "2016-03-31": "54.60710", "2015-12-31": "53.24910", "2015-09-30": "54.47550", "2015-06-30": "54.32680", "2015-03-31": "55.55010", "2014-12-31": "46.93230", "2014-09-30": "56.50090", "2014-06-30": "56.37150", "2014-03-31": "58.98200", "2013-12-31": "63.92370", "2013-09-30": "58.32140", "2013-06-30": "58.62820", "2013-03-31": "59.96300", "2012-12-31": "46.11390", "2012-09-30": "59.94150", "2012-06-30": "61.19080", "2012-03-31": "59.72280", "2011-12-31": "48.68470", "2011-09-30": "59.79410", "2011-06-30": "59.49830", "2011-03-31": "58.99450", "2010-12-31": "62.31940", "2010-09-30": "56.92030", "2010-06-30": "59.58190", "2010-03-31": "59.43990", "2009-12-31": "57.57340", "2009-09-30": "58.00420", "2009-06-30": "58.98280", "2009-03-31": "60.10930", "2008-12-31": "35.14810", "2008-09-30": "58.45190", "2008-06-30": "61.45600", "2008-03-31": "60.98430", "2007-12-31": "59.94930", "2007-09-30": "61.05140", "2007-06-30": "60.45190", "2007-03-31": "61.15850", "2006-12-31": "53.40760", "2006-09-30": "55.72960", "2006-06-30": "54.57830", "2006-03-31": "53.26230", "2005-12-31": "53.31520", "2005-09-30": "57.64750", "2005-06-30": "57.34230", "2005-03-31": "57.18190"}, "Operating Margin": {"2020-09-30": "14.48280", "2020-06-30": "8.62520", "2020-03-31": "17.49920", "2019-12-31": "11.36460", "2019-09-30": "17.72000", "2019-06-30": "16.68260", "2019-03-31": "16.13540", "2018-12-31": "12.83520", "2018-09-30": "15.89240", "2018-06-30": "16.58540", "2018-03-31": "16.30210", "2017-12-31": "3.07370", "2017-09-30": "14.63900", "2017-06-30": "16.38180", "2017-03-31": "16.14630", "2016-12-31": "8.23120", "2016-09-30": "15.67130", "2016-06-30": "16.18950", "2016-03-31": "17.59220", "2015-12-31": "17.88270", "2015-09-30": "15.15180", "2015-06-30": "17.48600", "2015-03-31": "17.05860", "2014-12-31": "-15.35760", "2014-09-30": "17.01310", "2014-06-30": "17.24020", "2014-03-31": "19.33120", "2013-12-31": "37.72580", "2013-09-30": "19.24250", "2013-06-30": "19.05850", "2013-03-31": "18.94370", "2012-12-31": "-18.28840", "2012-09-30": "19.19010", "2012-06-30": "21.58990", "2012-03-31": "19.17230", "2011-12-31": "-27.65900", "2011-09-30": "19.80750", "2011-06-30": "19.57450", "2011-03-31": "18.58740", "2010-12-31": "6.65800", "2010-09-30": "17.19710", "2010-06-30": "19.74490", "2010-03-31": "19.55780", "2009-12-31": "14.35250", "2009-09-30": "17.47900", "2009-06-30": "17.96560", "2009-03-31": "18.76620", "2008-12-31": "-65.11760", "2008-09-30": "17.92480", "2008-06-30": "21.27580", "2008-03-31": "19.45100", "2007-12-31": "18.09620", "2007-09-30": "17.60260", "2007-06-30": "16.77180", "2007-03-31": "16.10000", "2006-12-31": "16.21040", "2006-09-30": "18.65330", "2006-06-30": "16.51240", "2006-03-31": "13.90580", "2005-12-31": "8.77860", "2005-09-30": "19.04120", "2005-06-30": "14.71360", "2005-03-31": "15.18350"}, "EBIT Margin": {"2020-09-30": "14.48280", "2020-06-30": "8.62520", "2020-03-31": "17.49920", "2019-12-31": "11.36460", "2019-09-30": "17.72000", "2019-06-30": "16.68260", "2019-03-31": "16.13540", "2018-12-31": "12.83520", "2018-09-30": "15.89240", "2018-06-30": "16.58540", "2018-03-31": "16.30210", "2017-12-31": "3.07370", "2017-09-30": "14.63900", "2017-06-30": "16.38180", "2017-03-31": "16.14630", "2016-12-31": "8.23120", "2016-09-30": "15.67130", "2016-06-30": "16.18950", "2016-03-31": "17.59220", "2015-12-31": "17.88270", "2015-09-30": "15.15180", "2015-06-30": "17.48600", "2015-03-31": "17.05860", "2014-12-31": "-15.35760", "2014-09-30": "17.01310", "2014-06-30": "17.24020", "2014-03-31": "19.33120", "2013-12-31": "37.72580", "2013-09-30": "19.24250", "2013-06-30": "19.05850", "2013-03-31": "18.94370", "2012-12-31": "-18.28840", "2012-09-30": "19.19010", "2012-06-30": "21.58990", "2012-03-31": "19.17230", "2011-12-31": "-27.65900", "2011-09-30": "19.80750", "2011-06-30": "19.57450", "2011-03-31": "18.58740", "2010-12-31": "6.65800", "2010-09-30": "17.19710", "2010-06-30": "19.74490", "2010-03-31": "19.55780", "2009-12-31": "14.35250", "2009-09-30": "17.47900", "2009-06-30": "17.96560", "2009-03-31": "18.76620", "2008-12-31": "-65.11760", "2008-09-30": "17.92480", "2008-06-30": "21.27580", "2008-03-31": "19.45100", "2007-12-31": "18.09620", "2007-09-30": "17.60260", "2007-06-30": "16.77180", "2007-03-31": "16.10000", "2006-12-31": "16.21040", "2006-09-30": "18.65330", "2006-06-30": "16.51240", "2006-03-31": "13.90580", "2005-12-31": "8.77860", "2005-09-30": "19.04120", "2005-06-30": "14.71360", "2005-03-31": "15.18350"}, "EBITDA Margin": {"2020-09-30": "", "2020-06-30": "", "2020-03-31": "", "2019-12-31": "", "2019-09-30": "", "2019-06-30": "", "2019-03-31": "", "2018-12-31": "", "2018-09-30": "", "2018-06-30": "", "2018-03-31": "", "2017-12-31": "", "2017-09-30": "", "2017-06-30": "", "2017-03-31": "", "2016-12-31": "", "2016-09-30": "", "2016-06-30": "", "2016-03-31": "", "2015-12-31": "", "2015-09-30": "", "2015-06-30": "", "2015-03-31": "", "2014-12-31": "", "2014-09-30": "", "2014-06-30": "", "2014-03-31": "", "2013-12-31": "", "2013-09-30": "", "2013-06-30": "", "2013-03-31": "", "2012-12-31": "", "2012-09-30": "", "2012-06-30": "", "2012-03-31": "", "2011-12-31": "", "2011-09-30": "", "2011-06-30": "", "2011-03-31": "", "2010-12-31": "", "2010-09-30": "", "2010-06-30": "", "2010-03-31": "", "2009-12-31": "", "2009-09-30": "", "2009-06-30": "", "2009-03-31": "", "2008-12-31": "", "2008-09-30": "", "2008-06-30": "", "2008-03-31": "", "2007-12-31": "", "2007-09-30": "", "2007-06-30": "", "2007-03-31": "", "2006-12-31": "", "2006-09-30": "", "2006-06-30": "", "2006-03-31": "", "2005-12-31": "", "2005-09-30": "", "2005-06-30": "", "2005-03-31": ""}, "Pre-Tax Profit Margin": {"2020-09-30": "9.29150", "2020-06-30": "6.10010", "2020-03-31": "14.64500", "2019-12-31": "6.70210", "2019-09-30": "10.95810", "2019-06-30": "11.28410", "2019-03-31": "11.98160", "2018-12-31": "11.97050", "2018-09-30": "13.57050", "2018-06-30": "17.39090", "2018-03-31": "16.14440", "2017-12-31": "-3.07850", "2017-09-30": "12.53910", "2017-06-30": "15.23710", "2017-03-31": "13.66190", "2016-12-31": "7.62650", "2016-09-30": "12.69990", "2016-06-30": "13.37860", "2016-03-31": "14.81930", "2015-12-31": "14.97420", "2015-09-30": "12.11280", "2015-06-30": "14.90840", "2015-03-31": "14.51380", "2014-12-31": "-17.51790", "2014-09-30": "14.05160", "2014-06-30": "18.74440", "2014-03-31": "17.40050", "2013-12-31": "34.45410", "2013-09-30": "17.10310", "2013-06-30": "18.06390", "2013-03-31": "16.99830", "2012-12-31": "-20.10870", "2012-09-30": "17.29870", "2012-06-30": "19.10060", "2012-03-31": "17.33710", "2011-12-31": "-29.81260", "2011-09-30": "17.74260", "2011-06-30": "17.62500", "2011-03-31": "16.86560", "2010-12-31": "4.93290", "2010-09-30": "15.96850", "2010-06-30": "20.27720", "2010-03-31": "17.69080", "2009-12-31": "12.72150", "2009-09-30": "15.39340", "2009-06-30": "15.95680", "2009-03-31": "16.38810", "2008-12-31": "-68.77110", "2008-09-30": "15.93390", "2008-06-30": "19.28980", "2008-03-31": "17.72380", "2007-12-31": "16.36630", "2007-09-30": "15.14010", "2007-06-30": "14.93320", "2007-03-31": "15.42340", "2006-12-31": "17.58230", "2006-09-30": "20.67400", "2006-06-30": "17.10210", "2006-03-31": "13.69000", "2005-12-31": "8.44510", "2005-09-30": "17.89600", "2005-06-30": "14.38400", "2005-03-31": "12.69520"}, "Net Profit Margin": {"2020-09-30": "6.52340", "2020-06-30": "3.00120", "2020-03-31": "10.70150", "2019-12-31": "5.10670", "2019-09-30": "8.29820", "2019-06-30": "8.25900", "2019-03-31": "9.13740", "2018-12-31": "10.12230", "2018-09-30": "10.31510", "2018-06-30": "13.16370", "2018-03-31": "12.25620", "2017-12-31": "45.67860", "2017-09-30": "7.63590", "2017-06-30": "9.82750", "2017-03-31": "8.81240", "2016-12-31": "5.82440", "2016-09-30": "8.13890", "2016-06-30": "8.41070", "2016-03-31": "9.38200", "2015-12-31": "9.51110", "2015-09-30": "7.65910", "2015-06-30": "9.33520", "2015-03-31": "10.01660", "2014-12-31": "-11.28660", "2014-09-30": "9.49720", "2014-06-30": "10.88870", "2014-03-31": "11.24520", "2013-12-31": "21.35510", "2013-09-30": "11.86020", "2013-06-30": "11.91580", "2013-03-31": "11.80000", "2012-12-31": "-11.83930", "2012-09-30": "11.55470", "2012-06-30": "12.35790", "2012-03-31": "11.26270", "2011-12-31": "-20.54580", "2011-09-30": "11.50960", "2011-06-30": "11.40180", "2011-03-31": "10.90670", "2010-12-31": "3.47250", "2010-09-30": "39.00760", "2010-06-30": "12.99340", "2010-03-31": "8.03470", "2009-12-31": "8.57030", "2009-09-30": "10.38590", "2009-06-30": "10.44620", "2009-03-31": "10.22540", "2008-12-31": "-42.92410", "2008-09-30": "10.30570", "2008-06-30": "12.22060", "2008-03-31": "11.25750", "2007-12-31": "10.33310", "2007-09-30": "10.16530", "2007-06-30": "9.85140", "2007-03-31": "9.83120", "2006-12-31": "12.19560", "2006-09-30": "13.84450", "2006-06-30": "11.46480", "2006-03-31": "9.17110", "2005-12-31": "12.83440", "2005-09-30": "12.09240", "2005-06-30": "9.69270", "2005-03-31": "8.63580"}, "Asset Turnover": {"2020-09-30": "0.07860", "2020-06-30": "0.07470", "2020-03-31": "0.07840", "2019-12-31": "0.08490", "2019-09-30": "0.08120", "2019-06-30": "0.08220", "2019-03-31": "0.08170", "2018-12-31": "0.09020", "2018-09-30": "0.08550", "2018-06-30": "0.07290", "2018-03-31": "0.08520", "2017-12-31": "0.09380", "2017-09-30": "0.08940", "2017-06-30": "0.09470", "2017-03-31": "0.09560", "2016-12-31": "0.10360", "2016-09-30": "0.10150", "2016-06-30": "0.10080", "2016-03-31": "0.10040", "2015-12-31": "0.10460", "2015-09-30": "0.09770", "2015-06-30": "0.10110", "2015-03-31": "0.10580", "2014-12-31": "0.11600", "2014-09-30": "0.11450", "2014-06-30": "0.11100", "2014-03-31": "0.11380", "2013-12-31": "0.11940", "2013-09-30": "0.11710", "2013-06-30": "0.11790", "2013-03-31": "0.11570", "2012-12-31": "0.11960", "2012-09-30": "0.11790", "2012-06-30": "0.11860", "2012-03-31": "0.11810", "2011-12-31": "0.12020", "2011-09-30": "0.11340", "2011-06-30": "0.11580", "2011-03-31": "0.11660", "2010-12-31": "0.11640", "2010-09-30": "0.11730", "2010-06-30": "0.11510", "2010-03-31": "0.11490", "2009-12-31": "0.11400", "2009-09-30": "0.11530", "2009-06-30": "0.11430", "2009-03-31": "0.11560", "2008-12-31": "0.11500", "2008-09-30": "0.11020", "2008-06-30": "0.10850", "2008-03-31": "0.11050", "2007-12-31": "0.11010", "2007-09-30": "0.11240", "2007-06-30": "0.11030", "2007-03-31": "0.10800", "2006-12-31": "0.05870", "2006-09-30": "0.10870", "2006-06-30": "0.10920", "2006-03-31": "0.10910", "2005-12-31": "0.08850", "2005-09-30": "0.09900", "2005-06-30": "0.09770", "2005-03-31": "0.09580"}, "Inventory Turnover Ratio": {"2020-09-30": "", "2020-06-30": "", "2020-03-31": "", "2019-12-31": "", "2019-09-30": "", "2019-06-30": "", "2019-03-31": "", "2018-12-31": "", "2018-09-30": "", "2018-06-30": "", "2018-03-31": "", "2017-12-31": "", "2017-09-30": "", "2017-06-30": "", "2017-03-31": "", "2016-12-31": "", "2016-09-30": "", "2016-06-30": "", "2016-03-31": "", "2015-12-31": "", "2015-09-30": "", "2015-06-30": "", "2015-03-31": "", "2014-12-31": "", "2014-09-30": "", "2014-06-30": "", "2014-03-31": "", "2013-12-31": "", "2013-09-30": "", "2013-06-30": "", "2013-03-31": "", "2012-12-31": "", "2012-09-30": "", "2012-06-30": "", "2012-03-31": "", "2011-12-31": "", "2011-09-30": "", "2011-06-30": "", "2011-03-31": "", "2010-12-31": "", "2010-09-30": "", "2010-06-30": "", "2010-03-31": "", "2009-12-31": "", "2009-09-30": "", "2009-06-30": "", "2009-03-31": "", "2008-12-31": "", "2008-09-30": "", "2008-06-30": "", "2008-03-31": "", "2007-12-31": "", "2007-09-30": "", "2007-06-30": "", "2007-03-31": "", "2006-12-31": "", "2006-09-30": "", "2006-06-30": "", "2006-03-31": "", "2005-12-31": "", "2005-09-30": "", "2005-06-30": "", "2005-03-31": ""}, "Receiveable Turnover": {"2020-09-30": "2.18480", "2020-06-30": "2.14100", "2020-03-31": "2.14880", "2019-12-31": "2.06840", "2019-09-30": "1.94530", "2019-06-30": "2.00870", "2019-03-31": "1.87850", "2018-12-31": "1.81300", "2018-09-30": "1.73830", "2018-06-30": "1.52930", "2018-03-31": "2.33510", "2017-12-31": "2.52250", "2017-09-30": "2.49860", "2017-06-30": "2.65630", "2017-03-31": "2.61080", "2016-12-31": "2.49140", "2016-09-30": "2.42600", "2016-06-30": "2.55970", "2016-03-31": "2.52240", "2015-12-31": "2.54770", "2015-09-30": "2.39400", "2015-06-30": "2.38880", "2015-03-31": "2.39670", "2014-12-31": "2.37070", "2014-09-30": "2.45120", "2014-06-30": "2.50560", "2014-03-31": "2.47530", "2013-12-31": "2.56720", "2013-09-30": "2.58420", "2013-06-30": "2.56440", "2013-03-31": "2.59140", "2012-12-31": "2.57390", "2012-09-30": "2.53740", "2012-06-30": "2.54020", "2012-03-31": "2.41680", "2011-12-31": "2.45660", "2011-09-30": "2.35310", "2011-06-30": "2.31440", "2011-03-31": "2.35900", "2010-12-31": "2.30430", "2010-09-30": "2.32110", "2010-06-30": "2.23570", "2010-03-31": "2.15500", "2009-12-31": "2.06090", "2009-09-30": "2.07720", "2009-06-30": "2.06210", "2009-03-31": "2.04280", "2008-12-31": "1.90010", "2008-09-30": "1.91170", "2008-06-30": "1.93260", "2008-03-31": "1.95860", "2007-12-31": "1.87510", "2007-09-30": "1.84800", "2007-06-30": "1.91810", "2007-03-31": "1.85940", "2006-12-31": "0.98130", "2006-09-30": "1.80410", "2006-06-30": "1.85880", "2006-03-31": "1.82210", "2005-12-31": "1.37900", "2005-09-30": "1.97050", "2005-06-30": "1.97640", "2005-03-31": "1.94530"}, "Days Sales In Receivables": {"2020-09-30": "41.19300", "2020-06-30": "42.03740", "2020-03-31": "41.88320", "2019-12-31": "43.51120", "2019-09-30": "46.26560", "2019-06-30": "44.80480", "2019-03-31": "47.91020", "2018-12-31": "49.64220", "2018-09-30": "51.77380", "2018-06-30": "58.84880", "2018-03-31": "38.54300", "2017-12-31": "35.67950", "2017-09-30": "36.02000", "2017-06-30": "33.88130", "2017-03-31": "34.47280", "2016-12-31": "36.12390", "2016-09-30": "37.09830", "2016-06-30": "35.16040", "2016-03-31": "35.68030", "2015-12-31": "35.32560", "2015-09-30": "37.59460", "2015-06-30": "37.67650", "2015-03-31": "37.55160", "2014-12-31": "37.96370", "2014-09-30": "36.71600", "2014-06-30": "35.91990", "2014-03-31": "36.35920", "2013-12-31": "35.05780", "2013-09-30": "34.82680", "2013-06-30": "35.09650", "2013-03-31": "34.73020", "2012-12-31": "34.96620", "2012-09-30": "35.46900", "2012-06-30": "35.42990", "2012-03-31": "37.23930", "2011-12-31": "36.63630", "2011-09-30": "38.24670", "2011-06-30": "38.88620", "2011-03-31": "38.15210", "2010-12-31": "39.05810", "2010-09-30": "38.77460", "2010-06-30": "40.25580", "2010-03-31": "41.76320", "2009-12-31": "43.67030", "2009-09-30": "43.32790", "2009-06-30": "43.64470", "2009-03-31": "44.05650", "2008-12-31": "47.36580", "2008-09-30": "47.07900", "2008-06-30": "46.56870", "2008-03-31": "45.95140", "2007-12-31": "47.99660", "2007-09-30": "48.70070", "2007-06-30": "46.92040", "2007-03-31": "48.40350", "2006-12-31": "91.71610", "2006-09-30": "49.88620", "2006-06-30": "48.41850", "2006-03-31": "49.39260", "2005-12-31": "65.26480", "2005-09-30": "45.67260", "2005-06-30": "45.53650", "2005-03-31": "46.26460"}, "ROE - Return On Equity": {"2020-09-30": "1.62410", "2020-06-30": "0.80790", "2020-03-31": "2.53930", "2019-12-31": "1.33910", "2019-09-30": "2.03210", "2019-06-30": "2.04760", "2019-03-31": "2.23030", "2018-12-31": "2.64590", "2018-09-30": "2.60370", "2018-06-30": "2.85020", "2018-03-31": "3.23570", "2017-12-31": "13.47540", "2017-09-30": "2.47640", "2017-06-30": "3.18930", "2017-03-31": "2.85960", "2016-12-31": "2.02640", "2016-09-30": "2.74310", "2016-06-30": "2.82620", "2016-03-31": "3.12290", "2015-12-31": "3.30480", "2015-09-30": "2.50670", "2015-06-30": "3.63880", "2015-03-31": "3.83330", "2014-12-31": "-4.21620", "2014-09-30": "3.42250", "2014-06-30": "3.90930", "2014-03-31": "4.08670", "2013-12-31": "7.83100", "2013-09-30": "4.53380", "2013-06-30": "4.49520", "2013-03-31": "4.27110", "2012-12-31": "-4.07680", "2012-09-30": "3.65440", "2012-06-30": "3.82800", "2012-03-31": "3.47190", "2011-12-31": "-6.26480", "2011-09-30": "3.23670", "2011-06-30": "3.20570", "2011-03-31": "3.07330", "2010-12-31": "1.03530", "2010-09-30": "10.25310", "2010-06-30": "3.94940", "2010-03-31": "2.47690", "2009-12-31": "2.63260", "2009-09-30": "3.26800", "2009-06-30": "3.30570", "2009-03-31": "3.27650", "2008-12-31": "-13.45010", "2008-09-30": "2.92310", "2008-06-30": "3.43320", "2008-03-31": "3.13470", "2007-12-31": "2.88820", "2007-09-30": "2.75510", "2007-06-30": "2.60070", "2007-03-31": "2.49810", "2006-12-31": "1.67730", "2006-09-30": "3.90790", "2006-06-30": "3.25950", "2006-03-31": "2.62300", "2005-12-31": "3.02610", "2005-09-30": "3.10110", "2005-06-30": "2.47000", "2005-03-31": "2.19040"}, "Return On Tangible Equity": {"2020-09-30": "-3.59480", "2020-06-30": "-1.71440", "2020-03-31": "-5.53440", "2019-12-31": "-3.12320", "2019-09-30": "-4.21360", "2019-06-30": "-4.09360", "2019-03-31": "-4.46250", "2018-12-31": "-5.16910", "2018-09-30": "-4.35270", "2018-06-30": "-4.74850", "2018-03-31": "-6.60600", "2017-12-31": "-24.62240", "2017-09-30": "-3.28810", "2017-06-30": "-4.18360", "2017-03-31": "-3.68870", "2016-12-31": "-2.56750", "2016-09-30": "-3.45710", "2016-06-30": "-3.50290", "2016-03-31": "-3.85870", "2015-12-31": "-4.02020", "2015-09-30": "-2.95720", "2015-06-30": "-4.50190", "2015-03-31": "-4.75510", "2014-12-31": "8.20520", "2014-09-30": "-7.23530", "2014-06-30": "-8.32340", "2014-03-31": "-8.40050", "2013-12-31": "-17.90870", "2013-09-30": "-8.47370", "2013-06-30": "-8.99130", "2013-03-31": "-9.16820", "2012-12-31": "10.54030", "2012-09-30": "-13.59160", "2012-06-30": "-15.80250", "2012-03-31": "-14.54290", "2011-12-31": "27.17730", "2011-09-30": "-19.72920", "2011-06-30": "-19.31870", "2011-03-31": "-16.72780", "2010-12-31": "-5.22760", "2010-09-30": "-54.89340", "2010-06-30": "-12.95650", "2010-03-31": "-7.95160", "2009-12-31": "-8.28170", "2009-09-30": "-9.86060", "2009-06-30": "-9.40300", "2009-03-31": "-8.68370", "2008-12-31": "33.54640", "2008-09-30": "-14.13960", "2008-06-30": "-15.51220", "2008-03-31": "-18.68130", "2007-12-31": "-24.23630", "2007-09-30": "-24.07640", "2007-06-30": "-21.46660", "2007-03-31": "-21.88080", "2006-12-31": "-16.34480", "2006-09-30": "6.31420", "2006-06-30": "5.30860", "2006-03-31": "4.31690", "2005-12-31": "5.15060", "2005-09-30": "3.24010", "2005-06-30": "2.58280", "2005-03-31": "2.29060"}, "ROA - Return On Assets": {"2020-09-30": "0.58820", "2020-06-30": "0.28530", "2020-03-31": "0.91010", "2019-12-31": "0.49010", "2019-09-30": "0.71960", "2019-06-30": "0.72660", "2019-03-31": "0.79290", "2018-12-31": "0.96450", "2018-09-30": "0.90040", "2018-06-30": "0.98150", "2018-03-31": "1.06620", "2017-12-31": "4.30900", "2017-09-30": "0.70360", "2017-06-30": "0.95390", "2017-03-31": "0.86770", "2016-12-31": "0.62280", "2016-09-30": "0.84820", "2016-06-30": "0.87480", "2016-03-31": "0.96250", "2015-12-31": "1.01470", "2015-09-30": "0.76950", "2015-06-30": "0.97520", "2015-03-31": "1.08400", "2014-12-31": "-1.28220", "2014-09-30": "1.10680", "2014-06-30": "1.23390", "2014-03-31": "1.30860", "2013-12-31": "2.57900", "2013-09-30": "1.42210", "2013-06-30": "1.42600", "2013-03-31": "1.39230", "2012-12-31": "-1.38770", "2012-09-30": "1.38690", "2012-06-30": "1.48900", "2012-03-31": "1.35580", "2011-12-31": "-2.45080", "2011-09-30": "1.32760", "2011-06-30": "1.34480", "2011-03-31": "1.29360", "2010-12-31": "0.43020", "2010-09-30": "4.31420", "2010-06-30": "1.52750", "2010-03-31": "0.95520", "2009-12-31": "1.00070", "2009-09-30": "1.22600", "2009-06-30": "1.22160", "2009-03-31": "1.21090", "2008-12-31": "-4.90600", "2008-09-30": "1.15590", "2008-06-30": "1.35080", "2008-03-31": "1.26490", "2007-12-31": "1.20880", "2007-09-30": "1.14300", "2007-06-30": "1.08620", "2007-03-31": "1.06160", "2006-12-31": "0.71610", "2006-09-30": "1.50460", "2006-06-30": "1.25250", "2006-03-31": "1.00040", "2005-12-31": "1.13640", "2005-09-30": "1.19690", "2005-06-30": "0.94660", "2005-03-31": "0.82750"}, "ROI - Return On Investment": {"2020-09-30": "0.91030", "2020-06-30": "0.45060", "2020-03-31": "1.44840", "2019-12-31": "0.76550", "2019-09-30": "1.13510", "2019-06-30": "1.12940", "2019-03-31": "1.21150", "2018-12-31": "1.42450", "2018-09-30": "1.36240", "2018-06-30": "1.48830", "2018-03-31": "1.69480", "2017-12-31": "7.14090", "2017-09-30": "1.11200", "2017-06-30": "1.55170", "2017-03-31": "1.45550", "2016-12-31": "1.05770", "2016-09-30": "1.41330", "2016-06-30": "1.45440", "2016-03-31": "1.57600", "2015-12-31": "1.68730", "2015-09-30": "1.27090", "2015-06-30": "1.65340", "2015-03-31": "1.90390", "2014-12-31": "-2.29210", "2014-09-30": "1.94760", "2014-06-30": "2.17880", "2014-03-31": "2.29160", "2013-12-31": "4.45600", "2013-09-30": "2.52780", "2013-06-30": "2.45210", "2013-03-31": "2.37260", "2012-12-31": "-2.37590", "2012-09-30": "2.29040", "2012-06-30": "2.40720", "2012-03-31": "2.22520", "2011-12-31": "-3.96660", "2011-09-30": "2.09180", "2011-06-30": "2.11720", "2011-03-31": "2.02840", "2010-12-31": "0.67810", "2010-09-30": "6.60630", "2010-06-30": "2.49570", "2010-03-31": "1.56190", "2009-12-31": "1.61060", "2009-09-30": "1.96970", "2009-06-30": "1.97670", "2009-03-31": "1.98510", "2008-12-31": "-8.25580", "2008-09-30": "1.91360", "2008-06-30": "2.18830", "2008-03-31": "2.04060", "2007-12-31": "1.93020", "2007-09-30": "1.84790", "2007-06-30": "1.75330", "2007-03-31": "1.68050", "2006-12-31": "1.17030", "2006-09-30": "2.63380", "2006-06-30": "2.18810", "2006-03-31": "1.78580", "2005-12-31": "2.04810", "2005-09-30": "2.14820", "2005-06-30": "1.70350", "2005-03-31": "1.44280"}, "Book Value Per Share": {"2020-09-30": "27.37610", "2020-06-30": "27.15010", "2020-03-31": "27.43060", "2019-12-31": "27.83550", "2019-09-30": "26.60780", "2019-06-30": "26.56810", "2019-03-31": "26.71580", "2018-12-31": "26.62650", "2018-09-30": "25.44210", "2018-06-30": "25.36310", "2018-03-31": "22.64370", "2017-12-31": "23.13030", "2017-09-30": "20.54120", "2017-06-30": "20.49880", "2017-03-31": "20.33040", "2016-12-31": "20.21670", "2016-09-30": "20.29110", "2016-06-30": "20.21690", "2016-03-31": "20.20800", "2015-12-31": "20.12060", "2015-09-30": "19.95840", "2015-06-30": "16.84880", "2015-03-31": "16.77320", "2014-12-31": "17.40340", "2014-09-30": "17.95930", "2014-06-30": "17.84400", "2014-03-31": "17.58930", "2013-12-31": "17.50410", "2013-09-30": "16.31180", "2013-06-30": "16.17830", "2013-03-31": "16.29010", "2012-12-31": "16.60790", "2012-09-30": "17.74540", "2012-06-30": "17.84390", "2012-03-31": "17.90500", "2011-12-31": "17.85150", "2011-09-30": "19.21830", "2011-06-30": "19.25950", "2011-03-31": "19.06690", "2010-12-31": "18.93900", "2010-09-30": "19.17020", "2010-06-30": "17.51260", "2010-03-31": "17.34070", "2009-12-31": "17.28060", "2009-09-30": "16.94930", "2009-06-30": "16.78170", "2009-03-31": "16.55850", "2008-12-31": "16.41780", "2008-09-30": "19.09350", "2008-06-30": "18.99490", "2008-03-31": "18.90180", "2007-12-31": "19.08930", "2007-09-30": "18.30930", "2007-06-30": "18.28410", "2007-03-31": "18.43270", "2006-12-31": "18.51980", "2006-09-30": "14.37870", "2006-06-30": "14.28140", "2006-03-31": "14.16900", "2005-12-31": "14.10670", "2005-09-30": "12.21990", "2005-06-30": "12.58890", "2005-03-31": "12.22510"}, "Operating Cash Flow Per Share": {"2020-09-30": 1.6889, "2020-06-30": 1.6894, "2020-03-31": "1.22900", "2019-12-31": 1.6308, "2019-09-30": 1.5468, "2019-06-30": 1.9404, "2019-03-31": "1.50530", "2018-12-31": 2.1001, "2018-09-30": 1.2978, "2018-06-30": 1.5608, "2018-03-31": "1.44770", "2017-12-31": 1.5417, "2017-09-30": 1.7484, "2017-06-30": 1.4082, "2017-03-31": "1.44920", "2016-12-31": 1.4929, "2016-09-30": 1.7794, "2016-06-30": 1.6627, "2016-03-31": "1.27630", "2015-12-31": 1.8631, "2015-09-30": 1.4462, "2015-06-30": 1.7545, "2015-03-31": "1.29110", "2014-12-31": 1.3175, "2014-09-30": 1.4532, "2014-06-30": 1.5518, "2014-03-31": "1.67980", "2013-12-31": 1.4197, "2013-09-30": 1.7604, "2013-06-30": 1.799, "2013-03-31": "1.48260", "2012-12-31": 1.7826, "2012-09-30": 1.9991, "2012-06-30": 1.6277, "2012-03-31": "1.32070", "2011-12-31": 1.2792, "2011-09-30": 1.7451, "2011-06-30": 1.5143, "2011-03-31": "1.30060", "2010-12-31": 1.6625, "2010-09-30": 1.606, "2010-06-30": 1.4436, "2010-03-31": "1.21950", "2009-12-31": 1.5112, "2009-09-30": 1.6337, "2009-06-30": 1.3204, "2009-03-31": "1.34240", "2008-12-31": 1.7768, "2008-09-30": 1.5855, "2008-06-30": 1.4573, "2008-03-31": "0.82160", "2007-12-31": 1.5509, "2007-09-30": 1.5648, "2007-06-30": 1.6923, "2007-03-31": "0.74180", "2006-12-31": 1.2854, "2006-09-30": 0.9033, "2006-06-30": 1.2019, "2006-03-31": "0.62990", "2005-12-31": 1.3039, "2005-09-30": 1.0149, "2005-06-30": 1.1428, "2005-03-31": "0.37800"}, "Free Cash Flow Per Share": {"2020-09-30": 1.1442, "2020-06-30": 1.0668, "2020-03-31": "0.54450", "2019-12-31": 1.1396, "2019-09-30": 0.8268, "2019-06-30": 1.2042, "2019-03-31": "0.80780", "2018-12-31": 1.331, "2018-09-30": 0.7364, "2018-06-30": 0.8053, "2018-03-31": "0.48380", "2017-12-31": 0.7511, "2017-09-30": 0.9381, "2017-06-30": 0.6048, "2017-03-31": "0.51420", "2016-12-31": 0.4859, "2016-09-30": 0.8761, "2016-06-30": 0.8157, "2016-03-31": "0.55720", "2015-12-31": 0.7066, "2015-09-30": 0.7943, "2015-06-30": 0.8965, "2015-03-31": "0.55370", "2014-12-31": 0.3378, "2014-09-30": 0.6042, "2014-06-30": 0.4114, "2014-03-31": "0.58860", "2013-12-31": 0.45, "2013-09-30": 0.6315, "2013-06-30": 0.7771, "2013-03-31": "0.71370", "2012-12-31": 0.79, "2012-09-30": 1.1355, "2012-06-30": 0.8573, "2012-03-31": "0.60340", "2011-12-31": 0.3557, "2011-09-30": 0.8686, "2011-06-30": 0.6296, "2011-03-31": "0.60540", "2010-12-31": 0.5914, "2010-09-30": 0.7113, "2010-06-30": 0.6508, "2010-03-31": "0.68910", "2009-12-31": 0.58, "2009-09-30": 0.9552, "2009-06-30": 0.6738, "2009-03-31": "0.80430", "2008-12-31": 0.9234, "2008-09-30": 0.7167, "2008-06-30": 0.5771, "2008-03-31": "0.12910", "2007-12-31": 0.6709, "2007-09-30": 0.7775, "2007-06-30": 1.0208, "2007-03-31": "0.20910", "2006-12-31": 0.7432, "2006-09-30": 0.3484, "2006-06-30": 0.6335, "2006-03-31": "0.16320", "2005-12-31": 0.7859, "2005-09-30": 0.5859, "2005-06-30": 0.7564, "2005-03-31": "0.06120"}}, "revenue": {"AT&T Annual Revenue (Millions of US $)": {"2020": "$171,760", "2019": "$181,193", "2018": "$170,756", "2017": "$160,546", "2016": "$163,786", "2015": "$146,801", "2014": "$132,447", "2013": "$128,752", "2012": "$127,434", "2011": "$126,723", "2010": "$124,280", "2009": "$122,513", "2008": "$123,443", "2007": "$118,928", "2006": "$63,055", "2005": "$43,764"}, "AT&T Quarterly Revenue (Millions of US $)": {"2020-12-31": "$45,691", "2020-09-30": "$42,340", "2020-06-30": "$40,950", "2020-03-31": "$42,779", "2019-12-31": "$46,821", "2019-09-30": "$44,588", "2019-06-30": "$44,957", "2019-03-31": "$44,827", "2018-12-31": "$47,993", "2018-09-30": "$45,739", "2018-06-30": "$38,986", "2018-03-31": "$38,038", "2017-12-31": "$41,676", "2017-09-30": "$39,668", "2017-06-30": "$39,837", "2017-03-31": "$39,365", "2016-12-31": "$41,841", "2016-09-30": "$40,890", "2016-06-30": "$40,520", "2016-03-31": "$40,535", "2015-12-31": "$42,119", "2015-09-30": "$39,091", "2015-06-30": "$33,015", "2015-03-31": "$32,576", "2014-12-31": "$34,439", "2014-09-30": "$32,957", "2014-06-30": "$32,575", "2014-03-31": "$32,476", "2013-12-31": "$33,163", "2013-09-30": "$32,158", "2013-06-30": "$32,075", "2013-03-31": "$31,356", "2012-12-31": "$32,578", "2012-09-30": "$31,459", "2012-06-30": "$31,575", "2012-03-31": "$31,822", "2011-12-31": "$32,503", "2011-09-30": "$31,478", "2011-06-30": "$31,495", "2011-03-31": "$31,247", "2010-12-31": "$31,361", "2010-09-30": "$31,581", "2010-06-30": "$30,808", "2010-03-31": "$30,530", "2009-12-31": "$30,594", "2009-09-30": "$30,734", "2009-06-30": "$30,614", "2009-03-31": "$30,571", "2008-12-31": "$30,491", "2008-09-30": "$31,342", "2008-06-30": "$30,866", "2008-03-31": "$30,744", "2007-12-31": "$30,349", "2007-09-30": "$30,132", "2007-06-30": "$29,478", "2007-03-31": "$28,969", "2006-12-31": "$15,891", "2006-09-30": "$15,638", "2006-06-30": "$15,770", "2006-03-31": "$15,756", "2005-12-31": "$12,895", "2005-09-30": "$10,304", "2005-06-30": "$10,317", "2005-03-31": "$10,248"}}, "gross-profit": {"AT&T Annual Gross Profit (Millions of US $)": {"2020": "$91,840", "2019": "$97,052", "2018": "$91,337", "2017": "$82,736", "2016": "$86,596", "2015": "$79,755", "2014": "$72,302", "2013": "$77,561", "2012": "$72,206", "2011": "$71,819", "2010": "$74,023", "2009": "$71,874", "2008": "$66,755", "2007": "$72,127", "2006": "$34,201", "2005": "$24,591"}, "AT&T Quarterly Gross Profit (Millions of US $)": {"2020-12-31": "$22,781", "2020-09-30": "$22,501", "2020-06-30": "$22,967", "2020-03-31": "$23,498", "2019-12-31": "$24,085", "2019-09-30": "$24,434", "2019-06-30": "$24,445", "2019-03-31": "$24,088", "2018-12-31": "$24,684", "2018-09-30": "$25,033", "2018-06-30": "$21,528", "2018-03-31": "$20,092", "2017-12-31": "$19,750", "2017-09-30": "$20,499", "2017-06-30": "$21,232", "2017-03-31": "$21,255", "2016-12-31": "$20,416", "2016-09-30": "$22,000", "2016-06-30": "$22,045", "2016-03-31": "$22,135", "2015-12-31": "$22,428", "2015-09-30": "$21,295", "2015-06-30": "$17,936", "2015-03-31": "$18,096", "2014-12-31": "$16,163", "2014-09-30": "$18,621", "2014-06-30": "$18,363", "2014-03-31": "$19,155", "2013-12-31": "$21,199", "2013-09-30": "$18,755", "2013-06-30": "$18,805", "2013-03-31": "$18,802", "2012-12-31": "$15,023", "2012-09-30": "$18,857", "2012-06-30": "$19,321", "2012-03-31": "$19,005", "2011-12-31": "$15,824", "2011-09-30": "$18,822", "2011-06-30": "$18,739", "2011-03-31": "$18,434", "2010-12-31": "$19,544", "2010-09-30": "$17,976", "2010-06-30": "$18,356", "2010-03-31": "$18,147", "2009-12-31": "$17,614", "2009-09-30": "$17,827", "2009-06-30": "$18,057", "2009-03-31": "$18,376", "2008-12-31": "$10,717", "2008-09-30": "$18,320", "2008-06-30": "$18,969", "2008-03-31": "$18,749", "2007-12-31": "$18,194", "2007-09-30": "$18,396", "2007-06-30": "$17,820", "2007-03-31": "$17,717", "2006-12-31": "$8,487", "2006-09-30": "$8,715", "2006-06-30": "$8,607", "2006-03-31": "$8,392", "2005-12-31": "$6,875", "2005-09-30": "$5,940", "2005-06-30": "$5,916", "2005-03-31": "$5,860"}}, "operating-income": {"AT&T Annual Operating Income (Millions of US $)": {"2020": "$6,405", "2019": "$27,955", "2018": "$26,096", "2017": "$19,970", "2016": "$23,543", "2015": "$24,785", "2014": "$12,212", "2013": "$30,752", "2012": "$12,997", "2011": "$9,218", "2010": "$19,573", "2009": "$21,000", "2008": "$-1,690", "2007": "$20,404", "2006": "$10,288", "2005": "$6,168"}, "AT&T Quarterly Operating Income (Millions of US $)": {"2020-12-31": "$-10,745", "2020-09-30": "$6,132", "2020-06-30": "$3,532", "2020-03-31": "$7,486", "2019-12-31": "$5,321", "2019-09-30": "$7,901", "2019-06-30": "$7,500", "2019-03-31": "$7,233", "2018-12-31": "$6,160", "2018-09-30": "$7,269", "2018-06-30": "$6,466", "2018-03-31": "$6,201", "2017-12-31": "$1,281", "2017-09-30": "$5,807", "2017-06-30": "$6,526", "2017-03-31": "$6,356", "2016-12-31": "$3,444", "2016-09-30": "$6,408", "2016-06-30": "$6,560", "2016-03-31": "$7,131", "2015-12-31": "$7,532", "2015-09-30": "$5,923", "2015-06-30": "$5,773", "2015-03-31": "$5,557", "2014-12-31": "$-5,289", "2014-09-30": "$5,607", "2014-06-30": "$5,616", "2014-03-31": "$6,278", "2013-12-31": "$12,511", "2013-09-30": "$6,188", "2013-06-30": "$6,113", "2013-03-31": "$5,940", "2012-12-31": "$-5,958", "2012-09-30": "$6,037", "2012-06-30": "$6,817", "2012-03-31": "$6,101", "2011-12-31": "$-8,990", "2011-09-30": "$6,235", "2011-06-30": "$6,165", "2011-03-31": "$5,808", "2010-12-31": "$2,088", "2010-09-30": "$5,431", "2010-06-30": "$6,083", "2010-03-31": "$5,971", "2009-12-31": "$4,391", "2009-09-30": "$5,372", "2009-06-30": "$5,500", "2009-03-31": "$5,737", "2008-12-31": "$-19,855", "2008-09-30": "$5,618", "2008-06-30": "$6,567", "2008-03-31": "$5,980", "2007-12-31": "$5,492", "2007-09-30": "$5,304", "2007-06-30": "$4,944", "2007-03-31": "$4,664", "2006-12-31": "$2,576", "2006-09-30": "$2,917", "2006-06-30": "$2,604", "2006-03-31": "$2,191", "2005-12-31": "$1,132", "2005-09-30": "$1,962", "2005-06-30": "$1,518", "2005-03-31": "$1,556"}}, "ebitda": {"AT&T Annual EBITDA (Millions of US $)": {"2019": "$65,759", "2018": "$58,298", "2017": "$44,357", "2016": "$49,390", "2015": "$46,801", "2014": "$30,485", "2013": "$49,147", "2012": "$31,140", "2011": "$30,505", "2010": "$39,037", "2009": "$40,515", "2008": "$17,983", "2007": "$41,981", "2006": "$20,195", "2005": "$13,790"}, "AT&T Quarterly EBITDA (Millions of US $)": {"2020-09-30": "$15,625", "2020-06-30": "$12,533", "2020-03-31": "$16,977", "2019-12-31": "$14,810", "2019-09-30": "$16,710", "2019-06-30": "$17,303", "2019-03-31": "$16,936", "2018-12-31": "$16,216", "2018-09-30": "$16,875", "2018-06-30": "$13,012", "2018-03-31": "$12,195", "2017-12-31": "$7,352", "2017-09-30": "$11,849", "2017-06-30": "$12,673", "2017-03-31": "$12,483", "2016-12-31": "$9,573", "2016-09-30": "$12,987", "2016-06-30": "$13,136", "2016-03-31": "$13,694", "2015-12-31": "$14,009", "2015-09-30": "$12,188", "2015-06-30": "$10,469", "2015-03-31": "$10,135", "2014-12-31": "$-722", "2014-09-30": "$10,146", "2014-06-30": "$10,166", "2014-03-31": "$10,895", "2013-12-31": "$17,191", "2013-09-30": "$10,803", "2013-06-30": "$10,684", "2013-03-31": "$10,469", "2012-12-31": "$-1,386", "2012-09-30": "$10,549", "2012-06-30": "$11,316", "2012-03-31": "$10,661", "2011-12-31": "$-1,507", "2011-09-30": "$10,853", "2011-06-30": "$10,767", "2011-03-31": "$10,392", "2010-12-31": "$7,080", "2010-09-30": "$10,304", "2010-06-30": "$10,902", "2010-03-31": "$10,751", "2009-12-31": "$9,292", "2009-09-30": "$10,253", "2009-06-30": "$10,347", "2009-03-31": "$10,623", "2008-12-31": "$-15,021", "2008-09-30": "$10,596", "2008-06-30": "$11,525", "2008-03-31": "$10,883", "2007-12-31": "$10,715", "2007-09-30": "$10,626", "2007-06-30": "$10,360", "2007-03-31": "$10,280", "2006-12-31": "$5,089", "2006-09-30": "$5,347", "2006-06-30": "$5,083", "2006-03-31": "$4,676", "2005-12-31": "$3,334", "2005-09-30": "$3,759", "2005-06-30": "$3,322", "2005-03-31": "$3,375"}}, "net-income": {"AT&T Annual Net Income (Millions of US $)": {"2020": "$-5,369", "2019": "$13,900", "2018": "$19,370", "2017": "$29,450", "2016": "$12,976", "2015": "$13,345", "2014": "$6,442", "2013": "$18,418", "2012": "$7,264", "2011": "$3,944", "2010": "$19,864", "2009": "$12,138", "2008": "$-2,625", "2007": "$11,951", "2006": "$7,356", "2005": "$4,786"}, "AT&T Quarterly Net Income (Millions of US $)": {"2020-12-31": "$-13,938", "2020-09-30": "$2,762", "2020-06-30": "$1,229", "2020-03-31": "$4,578", "2019-12-31": "$2,391", "2019-09-30": "$3,700", "2019-06-30": "$3,713", "2019-03-31": "$4,096", "2018-12-31": "$4,858", "2018-09-30": "$4,718", "2018-06-30": "$5,132", "2018-03-31": "$4,662", "2017-12-31": "$19,037", "2017-09-30": "$3,029", "2017-06-30": "$3,915", "2017-03-31": "$3,469", "2016-12-31": "$2,437", "2016-09-30": "$3,328", "2016-06-30": "$3,408", "2016-03-31": "$3,803", "2015-12-31": "$4,006", "2015-09-30": "$2,994", "2015-06-30": "$3,082", "2015-03-31": "$3,263", "2014-12-31": "$-3,887", "2014-09-30": "$3,130", "2014-06-30": "$3,547", "2014-03-31": "$3,652", "2013-12-31": "$7,082", "2013-09-30": "$3,814", "2013-06-30": "$3,822", "2013-03-31": "$3,700", "2012-12-31": "$-3,857", "2012-09-30": "$3,635", "2012-06-30": "$3,902", "2012-03-31": "$3,584", "2011-12-31": "$-6,678", "2011-09-30": "$3,623", "2011-06-30": "$3,591", "2011-03-31": "$3,408", "2010-12-31": "$1,089", "2010-09-30": "$12,319", "2010-06-30": "$4,003", "2010-03-31": "$2,453", "2009-12-31": "$2,622", "2009-09-30": "$3,192", "2009-06-30": "$3,198", "2009-03-31": "$3,126", "2008-12-31": "$-13,088", "2008-09-30": "$3,230", "2008-06-30": "$3,772", "2008-03-31": "$3,461", "2007-12-31": "$3,136", "2007-09-30": "$3,063", "2007-06-30": "$2,904", "2007-03-31": "$2,848", "2006-12-31": "$1,938", "2006-09-30": "$2,165", "2006-06-30": "$1,808", "2006-03-31": "$1,445", "2005-12-31": "$1,655", "2005-09-30": "$1,246", "2005-06-30": "$1,000", "2005-03-31": "$885"}}, "eps-earnings-per-share-diluted": {"AT&T Annual EPS": {"2020": "$-0.75", "2019": "$1.89", "2018": "$2.85", "2017": "$4.76", "2016": "$2.10", "2015": "$2.37", "2014": "$1.24", "2013": "$3.42", "2012": "$1.25", "2011": "$0.66", "2010": "$3.35", "2009": "$2.05", "2008": "$-0.44", "2007": "$1.94", "2006": "$1.89", "2005": "$1.42"}, "AT&T Quarterly EPS": {"2020-12-31": "$-1.95", "2020-09-30": "$0.39", "2020-06-30": "$0.17", "2020-03-31": "$0.63", "2019-12-31": "$0.32", "2019-09-30": "$0.50", "2019-06-30": "$0.51", "2019-03-31": "$0.56", "2018-12-31": "$0.64", "2018-09-30": "$0.65", "2018-06-30": "$0.81", "2018-03-31": "$0.75", "2017-12-31": "$3.08", "2017-09-30": "$0.49", "2017-06-30": "$0.63", "2017-03-31": "$0.56", "2016-12-31": "$0.40", "2016-09-30": "$0.54", "2016-06-30": "$0.55", "2016-03-31": "$0.61", "2015-12-31": "$0.65", "2015-09-30": "$0.50", "2015-06-30": "$0.59", "2015-03-31": "$0.63", "2014-12-31": "$-0.74", "2014-09-30": "$0.60", "2014-06-30": "$0.68", "2014-03-31": "$0.70", "2013-12-31": "$1.32", "2013-09-30": "$0.72", "2013-06-30": "$0.71", "2013-03-31": "$0.67", "2012-12-31": "$-0.64", "2012-09-30": "$0.63", "2012-06-30": "$0.66", "2012-03-31": "$0.60", "2011-12-31": "$-1.12", "2011-09-30": "$0.61", "2011-06-30": "$0.60", "2011-03-31": "$0.57", "2010-12-31": "$0.20", "2010-09-30": "$2.07", "2010-06-30": "$0.67", "2010-03-31": "$0.41", "2009-12-31": "$0.44", "2009-09-30": "$0.54", "2009-06-30": "$0.54", "2009-03-31": "$0.53", "2008-12-31": "$-2.19", "2008-09-30": "$0.55", "2008-06-30": "$0.63", "2008-03-31": "$0.57", "2007-12-31": "$0.52", "2007-09-30": "$0.50", "2007-06-30": "$0.47", "2007-03-31": "$0.45", "2006-12-31": "$0.50", "2006-09-30": "$0.56", "2006-06-30": "$0.46", "2006-03-31": "$0.37", "2005-12-31": "$0.47", "2005-09-30": "$0.38", "2005-06-30": "$0.30", "2005-03-31": "$0.27"}}, "shares-outstanding": {"AT&T Annual Shares Outstanding (Millions of Shares)": {"2020": "7,183", "2019": "7,348", "2018": "6,806", "2017": "6,183", "2016": "6,189", "2015": "5,646", "2014": "5,221", "2013": "5,385", "2012": "5,821", "2011": "5,950", "2010": "5,938", "2009": "5,924", "2008": "5,958", "2007": "6,170", "2006": "3,902", "2005": "3,379"}, "AT&T Quarterly Shares Outstanding (Millions of Shares)": {"2020-12-31": "7,176", "2020-09-30": "7,173", "2020-06-30": "7,170", "2020-03-31": "7,214", "2019-12-31": "7,348", "2019-09-30": "7,356", "2019-06-30": "7,353", "2019-03-31": "7,342", "2018-12-31": "6,806", "2018-09-30": "7,320", "2018-06-30": "6,374", "2018-03-31": "6,180", "2017-12-31": "6,183", "2017-09-30": "6,182", "2017-06-30": "6,184", "2017-03-31": "6,186", "2016-12-31": "6,189", "2016-09-30": "6,189", "2016-06-30": "6,195", "2016-03-31": "6,190", "2015-12-31": "5,646", "2015-09-30": "5,943", "2015-06-30": "5,220", "2015-03-31": "5,219", "2014-12-31": "5,221", "2014-09-30": "5,463", "2014-06-30": "5,220", "2014-03-31": "5,238", "2013-12-31": "5,385", "2013-09-30": "5,331", "2013-06-30": "5,397", "2013-03-31": "5,530", "2012-12-31": "5,821", "2012-09-30": "5,792", "2012-06-30": "5,876", "2012-03-31": "5,940", "2011-12-31": "5,950", "2011-09-30": "5,954", "2011-06-30": "5,953", "2011-03-31": "5,945", "2010-12-31": "5,938", "2010-09-30": "5,938", "2010-06-30": "5,937", "2010-03-31": "5,935", "2009-12-31": "5,924", "2009-09-30": "5,922", "2009-06-30": "5,923", "2009-03-31": "5,896", "2008-12-31": "5,958", "2008-09-30": "5,893", "2008-06-30": "5,926", "2008-03-31": "6,033", "2007-12-31": "6,170", "2007-09-30": "6,088", "2007-06-30": "6,195", "2007-03-31": "6,266", "2006-12-31": "3,902", "2006-09-30": "3,873", "2006-06-30": "3,905", "2006-03-31": "3,902", "2005-12-31": "3,379", "2005-09-30": "3,306", "2005-06-30": "3,312", "2005-03-31": "3,315"}}, "total-assets": {"AT&T Annual Total Assets (Millions of US $)": {"2019": "$551,669", "2018": "$531,864", "2017": "$444,097", "2016": "$403,821", "2015": "$402,672", "2014": "$296,834", "2013": "$277,787", "2012": "$272,315", "2011": "$270,442", "2010": "$269,391", "2009": "$268,312", "2008": "$265,245", "2007": "$275,644", "2006": "$270,634", "2005": "$145,632"}, "AT&T Quarterly Total Assets (Millions of US $)": {"2020-09-30": "$538,553", "2020-06-30": "$547,898", "2020-03-31": "$545,354", "2019-12-31": "$551,669", "2019-09-30": "$548,796", "2019-06-30": "$546,914", "2019-03-31": "$548,384", "2018-12-31": "$531,864", "2018-09-30": "$534,870", "2018-06-30": "$534,691", "2018-03-31": "$446,343", "2017-12-31": "$444,097", "2017-09-30": "$443,865", "2017-06-30": "$420,795", "2017-03-31": "$411,903", "2016-12-31": "$403,821", "2016-09-30": "$402,975", "2016-06-30": "$401,808", "2016-03-31": "$403,638", "2015-12-31": "$402,672", "2015-09-30": "$399,989", "2015-06-30": "$326,489", "2015-03-31": "$308,028", "2014-12-31": "$296,834", "2014-09-30": "$287,939", "2014-06-30": "$293,466", "2014-03-31": "$285,340", "2013-12-31": "$277,787", "2013-09-30": "$274,599", "2013-06-30": "$272,093", "2013-03-31": "$270,994", "2012-12-31": "$272,315", "2012-09-30": "$266,849", "2012-06-30": "$266,294", "2012-03-31": "$269,356", "2011-12-31": "$270,442", "2011-09-30": "$277,653", "2011-06-30": "$272,014", "2011-03-31": "$268,085", "2010-12-31": "$269,391", "2010-09-30": "$269,252", "2010-06-30": "$267,556", "2010-03-31": "$265,701", "2009-12-31": "$268,312", "2009-09-30": "$266,568", "2009-06-30": "$267,918", "2009-03-31": "$264,358", "2008-12-31": "$265,245", "2008-09-30": "$284,528", "2008-06-30": "$284,508", "2008-03-31": "$278,199", "2007-12-31": "$275,644", "2007-09-30": "$267,968", "2007-06-30": "$267,346", "2007-03-31": "$268,276", "2006-12-31": "$270,634", "2006-09-30": "$143,892", "2006-06-30": "$144,350", "2006-03-31": "$144,437", "2005-12-31": "$145,632", "2005-09-30": "$104,104", "2005-06-30": "$105,643", "2005-03-31": "$106,946"}}, "cash-on-hand": {"AT&T Annual Cash on Hand (Millions of US $)": {"2019": "$12,130", "2018": "$5,204", "2017": "$50,498", "2016": "$5,788", "2015": "$5,121", "2014": "$8,603", "2013": "$3,339", "2012": "$4,868", "2011": "$3,045", "2010": "$1,437", "2009": "$3,741", "2008": "$1,792", "2007": "$1,970", "2006": "$2,418", "2005": "$1,224"}, "AT&T Quarterly Cash on Hand (Millions of US $)": {"2020-09-30": "$9,758", "2020-06-30": "$16,941", "2020-03-31": "$9,955", "2019-12-31": "$12,130", "2019-09-30": "$6,588", "2019-06-30": "$8,423", "2019-03-31": "$6,516", "2018-12-31": "$5,204", "2018-09-30": "$8,657", "2018-06-30": "$13,523", "2018-03-31": "$48,872", "2017-12-31": "$50,498", "2017-09-30": "$48,499", "2017-06-30": "$25,617", "2017-03-31": "$14,884", "2016-12-31": "$5,788", "2016-09-30": "$5,895", "2016-06-30": "$7,208", "2016-03-31": "$10,008", "2015-12-31": "$5,121", "2015-09-30": "$6,202", "2015-06-30": "$20,956", "2015-03-31": "$4,444", "2014-12-31": "$8,603", "2014-09-30": "$2,458", "2014-06-30": "$11,305", "2014-03-31": "$3,611", "2013-12-31": "$3,339", "2013-09-30": "$1,371", "2013-06-30": "$4,548", "2013-03-31": "$3,875", "2012-12-31": "$4,868", "2012-09-30": "$2,217", "2012-06-30": "$2,151", "2012-03-31": "$2,442", "2011-12-31": "$3,045", "2011-09-30": "$10,762", "2011-06-30": "$3,831", "2011-03-31": "$1,391", "2010-12-31": "$1,437", "2010-09-30": "$3,246", "2010-06-30": "$1,377", "2010-03-31": "$2,617", "2009-12-31": "$3,741", "2009-09-30": "$6,167", "2009-06-30": "$7,348", "2009-03-31": "$3,812", "2008-12-31": "$1,792", "2008-09-30": "$1,594", "2008-06-30": "$1,631", "2008-03-31": "$1,963", "2007-12-31": "$1,970", "2007-09-30": "$2,714", "2007-06-30": "$2,570", "2007-03-31": "$2,364", "2006-12-31": "$2,418", "2006-09-30": "$1,251", "2006-06-30": "$1,097", "2006-03-31": "$1,057", "2005-12-31": "$1,224", "2005-09-30": "$433", "2005-06-30": "$406", "2005-03-31": "$462"}}, "long-term-debt": {"AT&T Annual Long Term Debt (Millions of US $)": {"2019": "$151,309", "2018": "$166,250", "2017": "$125,972", "2016": "$113,681", "2015": "$118,515", "2014": "$75,778", "2013": "$69,290", "2012": "$66,358", "2011": "$61,300", "2010": "$58,971", "2009": "$64,720", "2008": "$60,872", "2007": "$57,255", "2006": "$50,063", "2005": "$26,115"}, "AT&T Quarterly Long Term Debt (Millions of US $)": {"2020-09-30": "$152,980", "2020-06-30": "$153,388", "2020-03-31": "$147,202", "2019-12-31": "$151,309", "2019-09-30": "$153,568", "2019-06-30": "$157,790", "2019-03-31": "$163,942", "2018-12-31": "$166,250", "2018-09-30": "$168,513", "2018-06-30": "$168,495", "2018-03-31": "$133,724", "2017-12-31": "$125,972", "2017-09-30": "$154,728", "2017-06-30": "$132,824", "2017-03-31": "$120,568", "2016-12-31": "$113,681", "2016-09-30": "$117,239", "2016-06-30": "$117,308", "2016-03-31": "$122,104", "2015-12-31": "$118,515", "2015-09-30": "$119,395", "2015-06-30": "$105,067", "2015-03-31": "$88,272", "2014-12-31": "$75,778", "2014-09-30": "$70,516", "2014-06-30": "$73,570", "2014-03-31": "$71,575", "2013-12-31": "$69,290", "2013-09-30": "$68,350", "2013-06-30": "$71,917", "2013-03-31": "$70,686", "2012-12-31": "$66,358", "2012-09-30": "$60,314", "2012-06-30": "$61,132", "2012-03-31": "$58,934", "2011-12-31": "$61,300", "2011-09-30": "$62,326", "2011-06-30": "$58,663", "2011-03-31": "$58,126", "2010-12-31": "$58,971", "2010-09-30": "$62,540", "2010-06-30": "$60,277", "2010-03-31": "$60,024", "2009-12-31": "$64,720", "2009-09-30": "$65,909", "2009-06-30": "$66,565", "2009-03-31": "$63,560", "2008-12-31": "$60,872", "2008-09-30": "$59,355", "2008-06-30": "$63,675", "2008-03-31": "$60,189", "2007-12-31": "$57,255", "2007-09-30": "$54,585", "2007-06-30": "$53,970", "2007-03-31": "$55,467", "2006-12-31": "$50,063", "2006-09-30": "$26,799", "2006-06-30": "$27,159", "2006-03-31": "$25,829", "2005-12-31": "$26,115", "2005-09-30": "$17,822", "2005-06-30": "$18,216", "2005-03-31": "$20,937"}}, "total-liabilities": {"AT&T Annual Total Liabilities (Millions of US $)": {"2019": "$349,735", "2018": "$337,980", "2017": "$302,090", "2016": "$279,711", "2015": "$279,032", "2014": "$206,564", "2013": "$186,305", "2012": "$179,620", "2011": "$164,645", "2010": "$157,441", "2009": "$166,323", "2008": "$168,495", "2007": "$160,277", "2006": "$155,094", "2005": "$90,942"}, "AT&T Quarterly Total Liabilities (Millions of US $)": {"2020-09-30": "$343,497", "2020-06-30": "$354,445", "2020-03-31": "$349,905", "2019-12-31": "$349,735", "2019-09-30": "$354,469", "2019-06-30": "$352,833", "2019-03-31": "$353,433", "2018-12-31": "$337,980", "2018-09-30": "$349,899", "2018-06-30": "$350,561", "2018-03-31": "$299,267", "2017-12-31": "$302,090", "2017-09-30": "$317,756", "2017-06-30": "$294,937", "2017-03-31": "$286,922", "2016-12-31": "$279,711", "2016-09-30": "$278,372", "2016-06-30": "$277,437", "2016-03-31": "$279,233", "2015-12-31": "$279,032", "2015-09-30": "$277,200", "2015-06-30": "$238,988", "2015-03-31": "$220,924", "2014-12-31": "$206,564", "2014-09-30": "$194,820", "2014-06-30": "$200,841", "2014-03-31": "$193,971", "2013-12-31": "$186,305", "2013-09-30": "$188,469", "2013-06-30": "$185,778", "2013-03-31": "$182,656", "2012-12-31": "$179,620", "2012-09-30": "$165,575", "2012-06-30": "$162,715", "2012-03-31": "$164,169", "2011-12-31": "$164,645", "2011-09-30": "$163,771", "2011-06-30": "$157,905", "2011-03-31": "$155,242", "2010-12-31": "$157,441", "2010-09-30": "$155,959", "2010-06-30": "$164,073", "2010-03-31": "$163,235", "2009-12-31": "$166,323", "2009-09-30": "$166,567", "2009-06-30": "$168,906", "2009-03-31": "$166,663", "2008-12-31": "$168,495", "2008-09-30": "$172,010", "2008-06-30": "$172,571", "2008-03-31": "$165,941", "2007-12-31": "$160,277", "2007-09-30": "$156,794", "2007-06-30": "$155,685", "2007-03-31": "$154,270", "2006-12-31": "$155,094", "2006-09-30": "$88,491", "2006-06-30": "$88,881", "2006-03-31": "$89,348", "2005-12-31": "$90,942", "2005-09-30": "$63,925", "2005-06-30": "$65,157", "2005-03-31": "$66,542"}}, "total-share-holder-equity": {"AT&T Annual Share Holder Equity (Millions of US $)": {"2019": "$201,934", "2018": "$193,884", "2017": "$142,007", "2016": "$124,110", "2015": "$123,640", "2014": "$90,270", "2013": "$91,482", "2012": "$92,695", "2011": "$105,797", "2010": "$111,950", "2009": "$101,989", "2008": "$96,750", "2007": "$115,367", "2006": "$115,540", "2005": "$54,690"}, "AT&T Quarterly Share Holder Equity (Millions of US $)": {"2020-09-30": "$195,056", "2020-06-30": "$193,453", "2020-03-31": "$195,449", "2019-12-31": "$201,934", "2019-09-30": "$194,327", "2019-06-30": "$194,081", "2019-03-31": "$194,951", "2018-12-31": "$193,884", "2018-09-30": "$184,971", "2018-06-30": "$184,130", "2018-03-31": "$147,076", "2017-12-31": "$142,007", "2017-09-30": "$126,109", "2017-06-30": "$125,858", "2017-03-31": "$124,981", "2016-12-31": "$124,110", "2016-09-30": "$124,603", "2016-06-30": "$124,371", "2016-03-31": "$124,405", "2015-12-31": "$123,640", "2015-09-30": "$122,789", "2015-06-30": "$87,501", "2015-03-31": "$87,104", "2014-12-31": "$90,270", "2014-09-30": "$93,119", "2014-06-30": "$92,625", "2014-03-31": "$91,369", "2013-12-31": "$91,482", "2013-09-30": "$86,130", "2013-06-30": "$86,315", "2013-03-31": "$88,338", "2012-12-31": "$92,695", "2012-09-30": "$101,274", "2012-06-30": "$103,579", "2012-03-31": "$105,187", "2011-12-31": "$105,797", "2011-09-30": "$113,882", "2011-06-30": "$114,109", "2011-03-31": "$112,843", "2010-12-31": "$111,950", "2010-09-30": "$113,293", "2010-06-30": "$103,483", "2010-03-31": "$102,466", "2009-12-31": "$101,989", "2009-09-30": "$100,001", "2009-06-30": "$99,012", "2009-03-31": "$97,695", "2008-12-31": "$96,750", "2008-09-30": "$112,518", "2008-06-30": "$111,937", "2008-03-31": "$112,258", "2007-12-31": "$115,367", "2007-09-30": "$111,174", "2007-06-30": "$111,661", "2007-03-31": "$114,006", "2006-12-31": "$115,540", "2006-09-30": "$55,401", "2006-06-30": "$55,469", "2006-03-31": "$55,089", "2005-12-31": "$54,690", "2005-09-30": "$40,179", "2005-06-30": "$40,486", "2005-03-31": "$40,404"}}, "profit-margins": {"current": "-3.01%"}, "gross margin": {"2020-12-31": "53.42%", "2020-09-30": "53.82%", "2020-06-30": "54.23%", "2020-03-31": "53.85%", "2019-12-31": "53.56%", "2019-09-30": "53.55%", "2019-06-30": "53.54%", "2019-03-31": "53.70%", "2018-12-31": "53.49%", "2018-09-30": "52.54%", "2018-06-30": "51.70%", "2018-03-31": "51.23%", "2017-12-31": "51.53%", "2017-09-30": "51.90%", "2017-06-30": "52.43%", "2017-03-31": "52.71%", "2016-12-31": "52.87%", "2016-09-30": "54.01%", "2016-06-30": "54.17%", "2016-03-31": "54.14%", "2015-12-31": "54.33%", "2015-09-30": "52.82%", "2015-06-30": "53.25%", "2015-03-31": "53.75%", "2014-12-31": "54.59%", "2014-09-30": "58.96%", "2014-06-30": "59.42%", "2014-03-31": "59.99%", "2013-12-31": "60.24%", "2013-09-30": "55.70%", "2013-06-30": "56.08%", "2013-03-31": "56.71%", "2012-12-31": "56.66%", "2012-09-30": "57.32%", "2012-06-30": "57.29%", "2012-03-31": "56.87%", "2011-12-31": "56.67%", "2011-09-30": "60.15%", "2011-06-30": "59.43%", "2011-03-31": "59.45%", "2010-12-31": "59.56%", "2010-09-30": "58.37%", "2010-06-30": "58.65%", "2010-03-31": "58.50%", "2009-12-31": "58.67%", "2009-09-30": "53.08%", "2009-06-30": "53.22%", "2009-03-31": "53.85%", "2008-12-31": "54.08%", "2008-09-30": "60.20%", "2008-06-30": "60.86%", "2008-03-31": "60.61%", "2007-12-31": "60.65%", "2007-09-30": "59.75%", "2007-06-30": "58.61%", "2007-03-31": "57.07%", "2006-12-31": "54.24%", "2006-09-30": "54.26%", "2006-06-30": "54.48%", "2006-03-31": "55.05%", "2005-12-31": "56.19%"}, "operating margin": {"2020-12-31": "3.73%", "2020-09-30": "13.00%", "2020-06-30": "13.84%", "2020-03-31": "15.75%", "2019-12-31": "15.43%", "2019-09-30": "15.79%", "2019-06-30": "15.35%", "2019-03-31": "15.28%", "2018-12-31": "15.28%", "2018-09-30": "12.90%", "2018-06-30": "12.47%", "2018-03-31": "12.45%", "2017-12-31": "12.44%", "2017-09-30": "13.77%", "2017-06-30": "14.04%", "2017-03-31": "14.00%", "2016-12-31": "14.37%", "2016-09-30": "16.84%", "2016-06-30": "16.73%", "2016-03-31": "17.03%", "2015-12-31": "16.88%", "2015-09-30": "8.60%", "2015-06-30": "8.76%", "2015-03-31": "8.67%", "2014-12-31": "9.22%", "2014-09-30": "22.88%", "2014-06-30": "23.47%", "2014-03-31": "23.94%", "2013-12-31": "23.88%", "2013-09-30": "9.58%", "2013-06-30": "9.52%", "2013-03-31": "10.11%", "2012-12-31": "10.20%", "2012-09-30": "7.82%", "2012-06-30": "7.98%", "2012-03-31": "7.47%", "2011-12-31": "7.27%", "2011-09-30": "16.16%", "2011-06-30": "15.51%", "2011-03-31": "15.53%", "2010-12-31": "15.75%", "2010-09-30": "17.71%", "2010-06-30": "17.79%", "2010-03-31": "17.34%", "2009-12-31": "17.14%", "2009-09-30": "-2.65%", "2009-06-30": "-2.44%", "2009-03-31": "-1.57%", "2008-12-31": "-1.37%", "2008-09-30": "19.19%", "2008-06-30": "19.12%", "2008-03-31": "17.99%", "2007-12-31": "17.16%", "2007-09-30": "16.74%", "2007-06-30": "16.78%", "2007-03-31": "16.73%", "2006-12-31": "16.32%", "2006-09-30": "14.73%", "2006-06-30": "14.42%", "2006-03-31": "13.81%", "2005-12-31": "14.09%"}, "ebitda margin": {"2020-09-30": "34.67%", "2020-06-30": "34.85%", "2020-03-31": "36.73%", "2019-12-31": "36.29%", "2019-09-30": "36.83%", "2019-06-30": "36.69%", "2019-03-31": "35.51%", "2018-12-31": "34.14%", "2018-09-30": "30.06%", "2018-06-30": "28.04%", "2018-03-31": "27.68%", "2017-12-31": "27.63%", "2017-09-30": "28.98%", "2017-06-30": "29.47%", "2017-03-31": "29.63%", "2016-12-31": "30.16%", "2016-09-30": "32.81%", "2016-06-30": "32.68%", "2016-03-31": "32.54%", "2015-12-31": "31.88%", "2015-09-30": "23.05%", "2015-06-30": "22.58%", "2015-03-31": "22.43%", "2014-12-31": "23.02%", "2014-09-30": "36.90%", "2014-06-30": "37.63%", "2014-03-31": "38.17%", "2013-12-31": "38.17%", "2013-09-30": "23.85%", "2013-06-30": "23.78%", "2013-03-31": "24.37%", "2012-12-31": "24.44%", "2012-09-30": "24.36%", "2012-06-30": "24.59%", "2012-03-31": "24.17%", "2011-12-31": "24.07%", "2011-09-30": "31.13%", "2011-06-30": "30.67%", "2011-03-31": "30.94%", "2010-12-31": "31.41%", "2010-09-30": "33.40%", "2010-06-30": "33.59%", "2010-03-31": "33.19%", "2009-12-31": "33.07%", "2009-09-30": "13.24%", "2009-06-30": "13.45%", "2009-03-31": "14.38%", "2008-12-31": "14.57%", "2008-09-30": "35.46%", "2008-06-30": "35.83%", "2008-03-31": "35.28%", "2007-12-31": "35.30%", "2007-09-30": "34.80%", "2007-06-30": "34.54%", "2007-03-31": "33.83%", "2006-12-31": "32.03%", "2006-09-30": "30.70%", "2006-06-30": "30.79%", "2006-03-31": "30.63%", "2005-12-31": "31.51%"}, "pre tax profit margin": {"2020-12-31": "-1.66%", "2020-09-30": "9.16%", "2020-06-30": "9.59%", "2020-03-31": "10.81%", "2019-12-31": "10.19%", "2019-09-30": "11.56%", "2019-06-30": "12.20%", "2019-03-31": "13.58%", "2018-12-31": "14.57%", "2018-09-30": "10.85%", "2018-06-30": "10.49%", "2018-03-31": "9.99%", "2017-12-31": "9.43%", "2017-09-30": "12.20%", "2017-06-30": "12.25%", "2017-03-31": "11.80%", "2016-12-31": "12.10%", "2016-09-30": "13.98%", "2016-06-30": "13.85%", "2016-03-31": "14.20%", "2015-12-31": "14.10%", "2015-09-30": "6.00%", "2015-06-30": "6.20%", "2015-03-31": "7.12%", "2014-12-31": "7.82%", "2014-09-30": "21.20%", "2014-06-30": "22.00%", "2014-03-31": "21.85%", "2013-12-31": "21.79%", "2013-09-30": "7.86%", "2013-06-30": "7.86%", "2013-03-31": "8.07%", "2012-12-31": "8.19%", "2012-09-30": "5.73%", "2012-06-30": "5.84%", "2012-03-31": "5.47%", "2011-12-31": "5.30%", "2011-09-30": "14.30%", "2011-06-30": "13.85%", "2011-03-31": "14.49%", "2010-12-31": "14.67%", "2010-09-30": "16.66%", "2010-06-30": "16.53%", "2010-03-31": "15.44%", "2009-12-31": "15.12%", "2009-09-30": "-5.18%", "2009-06-30": "-4.94%", "2009-03-31": "-4.07%", "2008-12-31": "-3.70%", "2008-09-30": "17.33%", "2008-06-30": "17.14%", "2008-03-31": "16.06%", "2007-12-31": "15.47%", "2007-09-30": "15.53%", "2007-06-30": "16.56%", "2007-03-31": "17.30%", "2006-12-31": "17.26%", "2006-09-30": "15.28%", "2006-06-30": "14.23%", "2006-03-31": "13.34%", "2005-12-31": "13.07%"}, "net profit margin": {"2020-12-31": "-3.13%", "2020-09-30": "6.34%", "2020-06-30": "6.79%", "2020-03-31": "8.03%", "2019-12-31": "7.67%", "2019-09-30": "8.97%", "2019-06-30": "9.47%", "2019-03-31": "10.59%", "2018-12-31": "11.34%", "2018-09-30": "20.40%", "2018-06-30": "20.12%", "2018-03-31": "19.25%", "2017-12-31": "18.34%", "2017-09-30": "8.00%", "2017-06-30": "8.12%", "2017-03-31": "7.77%", "2016-12-31": "7.92%", "2016-09-30": "8.87%", "2016-06-30": "8.76%", "2016-03-31": "8.97%", "2015-12-31": "9.09%", "2015-09-30": "3.92%", "2015-06-30": "4.20%", "2015-03-31": "4.57%", "2014-12-31": "4.86%", "2014-09-30": "13.27%", "2014-06-30": "13.88%", "2014-03-31": "14.14%", "2013-12-31": "14.31%", "2013-09-30": "5.84%", "2013-06-30": "5.73%", "2013-03-31": "5.81%", "2012-12-31": "5.70%", "2012-09-30": "3.49%", "2012-06-30": "3.48%", "2012-03-31": "3.24%", "2011-12-31": "3.11%", "2011-09-30": "9.33%", "2011-06-30": "16.24%", "2011-03-31": "16.66%", "2010-12-31": "15.98%", "2010-09-30": "17.32%", "2010-06-30": "10.00%", "2010-03-31": "9.36%", "2009-12-31": "9.91%", "2009-09-30": "-2.92%", "2009-06-30": "-2.87%", "2009-03-31": "-2.40%", "2008-12-31": "-2.13%", "2008-09-30": "11.03%", "2008-06-30": "11.00%", "2008-03-31": "10.41%", "2007-12-31": "10.05%", "2007-09-30": "10.29%", "2007-06-30": "10.95%", "2007-03-31": "11.48%", "2006-12-31": "11.67%", "2006-09-30": "11.78%", "2006-06-30": "11.25%", "2006-03-31": "10.85%", "2005-12-31": "10.94%"}, "pe ratio": {"current": "9.10", "2021-02-05": "24.31", "2020-12-31": "23.74", "2020-09-30": "18.10", "2020-06-30": "17.58", "2020-03-31": "13.79", "2019-12-31": "18.92", "2019-09-30": "15.39", "2019-06-30": "12.58", "2019-03-31": "10.29", "2018-12-31": "8.60", "2018-09-30": "5.41", "2018-06-30": "5.25", "2018-03-31": "5.96", "2017-12-31": "6.67", "2017-09-30": "15.25", "2017-06-30": "14.16", "2017-03-31": "16.01", "2016-12-31": "15.81", "2016-09-30": "13.26", "2016-06-30": "14.20", "2016-03-31": "12.55", "2015-12-31": "10.87", "2015-09-30": "25.82", "2015-06-30": "25.55", "2015-03-31": "21.05", "2014-12-31": "19.74", "2014-09-30": "7.44", "2014-06-30": "7.06", "2014-03-31": "6.86", "2013-12-31": "6.84", "2013-09-30": "15.59", "2013-06-30": "17.21", "2013-03-31": "18.31", "2012-12-31": "17.57", "2012-09-30": "30.52", "2012-06-30": "29.28", "2012-03-31": "27.48", "2011-12-31": "27.41", "2011-09-30": "8.58", "2011-06-30": "5.32", "2011-03-31": "5.00", "2010-12-31": "4.94", "2010-09-30": "4.31", "2010-06-30": "6.16", "2010-03-31": "6.92", "2009-12-31": "7.01", "2009-09-30": "6.98", "2009-06-30": "6.28", "2009-03-31": "6.00", "2008-12-31": "6.57", "2008-09-30": "6.05", "2008-06-30": "7.38", "2008-03-31": "8.95", "2007-12-31": "10.21", "2007-09-30": "10.36", "2007-06-30": "9.77", "2007-03-31": "9.24", "2006-12-31": "8.65"}, "price sales": {"2021-02-05": "1.21", "2020-12-31": "1.18", "2020-09-30": "1.15", "2020-06-30": "1.19", "2020-03-31": "1.11", "2019-12-31": "1.46", "2019-09-30": "1.36", "2019-06-30": "1.17", "2019-03-31": "1.08", "2018-12-31": "0.97", "2018-09-30": "1.13", "2018-06-30": "1.06", "2018-03-31": "1.15", "2017-12-31": "1.22", "2017-09-30": "1.22", "2017-06-30": "1.15", "2017-03-31": "1.24", "2016-12-31": "1.25", "2016-09-30": "1.15", "2016-06-30": "1.21", "2016-03-31": "1.09", "2015-12-31": "0.96", "2015-09-30": "0.92", "2015-06-30": "1.01", "2015-03-31": "0.92", "2014-12-31": "0.94", "2014-09-30": "0.99", "2014-06-30": "0.98", "2014-03-31": "0.97", "2013-12-31": "0.98", "2013-09-30": "0.95", "2013-06-30": "1.01", "2013-03-31": "1.06", "2012-12-31": "0.98", "2012-09-30": "1.09", "2012-06-30": "1.02", "2012-03-31": "0.89", "2011-12-31": "0.85", "2011-09-30": "0.80", "2011-06-30": "0.86", "2011-03-31": "0.83", "2010-12-31": "0.79", "2010-09-30": "0.76", "2010-06-30": "0.64", "2010-03-31": "0.67", "2009-12-31": "0.72", "2009-09-30": "0.68", "2009-06-30": "0.61", "2009-03-31": "0.61", "2008-12-31": "0.68", "2008-09-30": "0.67", "2008-06-30": "0.81", "2008-03-31": "0.93", "2007-12-31": "1.02", "2007-09-30": "1.08", "2007-06-30": "1.11", "2007-03-31": "1.09", "2006-12-31": "1.01"}, "price book": {"current": "1.15", "2021-02-05": "1.06", "2020-09-30": "1.00", "2020-06-30": "1.06", "2020-03-31": "0.99", "2019-12-31": "1.29", "2019-09-30": "1.29", "2019-06-30": "1.13", "2019-03-31": "1.03", "2018-12-31": "0.93", "2018-09-30": "1.12", "2018-06-30": "1.06", "2018-03-31": "1.30", "2017-12-31": "1.37", "2017-09-30": "1.54", "2017-06-30": "1.46", "2017-03-31": "1.61", "2016-12-31": "1.63", "2016-09-30": "1.54", "2016-06-30": "1.62", "2016-03-31": "1.45", "2015-12-31": "1.26", "2015-09-30": "1.19", "2015-06-30": "1.52", "2015-03-31": "1.38", "2014-12-31": "1.35", "2014-09-30": "1.35", "2014-06-30": "1.35", "2014-03-31": "1.34", "2013-12-31": "1.33", "2013-09-30": "1.36", "2013-06-30": "1.41", "2013-03-31": "1.44", "2012-12-31": "1.28", "2012-09-30": "1.32", "2012-06-30": "1.23", "2012-03-31": "1.06", "2011-12-31": "1.01", "2011-09-30": "0.87", "2011-06-30": "0.95", "2011-03-31": "0.92", "2010-12-31": "0.88", "2010-09-30": "0.83", "2010-06-30": "0.76", "2010-03-31": "0.80", "2009-12-31": "0.86", "2009-09-30": "0.83", "2009-06-30": "0.76", "2009-03-31": "0.77", "2008-12-31": "0.86", "2008-09-30": "0.72", "2008-06-30": "0.86", "2008-03-31": "0.97", "2007-12-31": "1.03", "2007-09-30": "1.09", "2007-06-30": "1.06", "2007-03-31": "0.99", "2006-12-31": "0.88", "2006-09-30": "1.02", "2006-06-30": "0.87", "2006-03-31": "0.84"}, "price fcf": {"2021-02-05": "", "2020-09-30": "$3.90", "2020-06-30": "$3.58", "2020-03-31": "$3.72", "2019-12-31": "$3.98", "2019-09-30": "$4.17", "2019-06-30": "$4.08", "2019-03-31": "$3.68", "2018-12-31": "$3.36", "2018-09-30": "$2.78", "2018-06-30": "$2.98", "2018-03-31": "$2.78", "2017-12-31": "$2.81", "2017-09-30": "$2.54", "2017-06-30": "$2.48", "2017-03-31": "$2.69", "2016-12-31": "$2.73", "2016-09-30": "$2.96", "2016-06-30": "$2.87", "2016-03-31": "$2.95", "2015-12-31": "$2.95", "2015-09-30": "$2.58", "2015-06-30": "$2.39", "2015-03-31": "$1.91", "2014-12-31": "$1.94", "2014-09-30": "$2.05", "2014-06-30": "$2.08", "2014-03-31": "$2.45", "2013-12-31": "$2.57", "2013-09-30": "$2.91", "2013-06-30": "$3.42", "2013-03-31": "$3.50", "2012-12-31": "$3.39", "2012-09-30": "$2.95", "2012-06-30": "$2.69", "2012-03-31": "$2.46", "2011-12-31": "$2.46", "2011-09-30": "$2.70", "2011-06-30": "$2.54", "2011-03-31": "$2.56", "2010-12-31": "$2.64", "2010-09-30": "$2.63", "2010-06-30": "$2.88", "2010-03-31": "$2.90", "2009-12-31": "$3.01", "2009-09-30": "$3.36", "2009-06-30": "$3.12", "2009-03-31": "$3.02", "2008-12-31": "$2.35", "2008-09-30": "$2.09", "2008-06-30": "$2.15", "2008-03-31": "$2.60", "2007-12-31": "$2.68", "2007-09-30": "$2.75", "2007-06-30": "$2.32", "2007-03-31": "$1.93", "2006-12-31": "$1.89"}, "net worth": {"value": "$206.16B"}, "current ratio": {"2020-12-31": "0.82", "2020-09-30": "0.84", "2020-06-30": "0.81", "2020-03-31": "0.76", "2019-12-31": "0.80", "2019-09-30": "0.74", "2019-06-30": "0.71", "2019-03-31": "0.72", "2018-12-31": "0.80", "2018-09-30": "0.81", "2018-06-30": "0.81", "2018-03-31": "1.11", "2017-12-31": "0.97", "2017-09-30": "1.60", "2017-06-30": "1.12", "2017-03-31": "0.90", "2016-12-31": "0.76", "2016-09-30": "0.79", "2016-06-30": "0.78", "2016-03-31": "0.85", "2015-12-31": "0.75", "2015-09-30": "0.73", "2015-06-30": "1.07", "2015-03-31": "0.73", "2014-12-31": "0.90", "2014-09-30": "0.65", "2014-06-30": "0.76", "2014-03-31": "0.61", "2013-12-31": "0.66", "2013-09-30": "0.51", "2013-06-30": "0.69", "2013-03-31": "0.68", "2012-12-31": "0.71", "2012-09-30": "0.62", "2012-06-30": "0.65", "2012-03-31": "0.64", "2011-12-31": "0.74", "2011-09-30": "0.84", "2011-06-30": "0.66", "2011-03-31": "0.59", "2010-12-31": "0.60", "2010-09-30": "0.67", "2010-06-30": "0.59", "2010-03-31": "0.61", "2009-12-31": "0.68", "2009-09-30": "0.78", "2009-06-30": "0.74", "2009-03-31": "0.64", "2008-12-31": "0.53", "2008-09-30": "0.52", "2008-06-30": "0.52", "2008-03-31": "0.57", "2007-12-31": "0.63", "2007-09-30": "0.67", "2007-06-30": "0.63", "2007-03-31": "0.71", "2006-12-31": "0.63", "2006-09-30": "0.57", "2006-06-30": "0.59", "2006-03-31": "0.56", "2005-12-31": "0.58", "2005-09-30": "0.44", "2005-06-30": "0.41", "2005-03-31": "0.46"}, "quick ratio": {"2020-12-31": "0.00", "2020-09-30": "0.00", "2020-06-30": "0.00", "2020-03-31": "0.00", "2019-12-31": "0.00", "2019-09-30": "0.00", "2019-06-30": "0.00", "2019-03-31": "0.00", "2018-12-31": "0.00", "2018-09-30": "0.00", "2018-06-30": "0.00", "2018-03-31": "0.00", "2017-12-31": "0.00", "2017-09-30": "0.00", "2017-06-30": "0.00", "2017-03-31": "0.00", "2016-12-31": "0.00", "2016-09-30": "0.00", "2016-06-30": "0.00", "2016-03-31": "0.00", "2015-12-31": "0.00", "2015-09-30": "0.00", "2015-06-30": "0.00", "2015-03-31": "0.00", "2014-12-31": "0.00", "2014-09-30": "0.00", "2014-06-30": "0.00", "2014-03-31": "0.00", "2013-12-31": "0.00", "2013-09-30": "0.00", "2013-06-30": "0.00", "2013-03-31": "0.00", "2012-12-31": "0.00", "2012-09-30": "0.00", "2012-06-30": "0.00", "2012-03-31": "0.00", "2011-12-31": "0.00", "2011-09-30": "0.00", "2011-06-30": "0.00", "2011-03-31": "0.00", "2010-12-31": "0.00", "2010-09-30": "0.00", "2010-06-30": "0.00", "2010-03-31": "0.00", "2009-12-31": "0.00", "2009-09-30": "0.00", "2009-06-30": "0.00", "2009-03-31": "0.00", "2008-12-31": "0.00", "2008-09-30": "0.00", "2008-06-30": "0.00", "2008-03-31": "0.00", "2007-12-31": "0.00", "2007-09-30": "0.00", "2007-06-30": "0.00", "2007-03-31": "0.00", "2006-12-31": "0.00", "2006-09-30": "0.00", "2006-06-30": "0.00", "2006-03-31": "0.00", "2005-12-31": "0.00", "2005-09-30": "0.00", "2005-06-30": "0.00", "2005-03-31": "0.00"}, "debt equity ratio": {"current": "0.86", "2020-12-31": "1.93", "2020-09-30": "1.76", "2020-06-30": "1.83", "2020-03-31": "1.79", "2019-12-31": "1.73", "2019-09-30": "1.82", "2019-06-30": "1.82", "2019-03-31": "1.81", "2018-12-31": "1.74", "2018-09-30": "1.89", "2018-06-30": "1.90", "2018-03-31": "2.04", "2017-12-31": "2.13", "2017-09-30": "2.52", "2017-06-30": "2.34", "2017-03-31": "2.30", "2016-12-31": "2.25", "2016-09-30": "2.23", "2016-06-30": "2.23", "2016-03-31": "2.25", "2015-12-31": "2.26", "2015-09-30": "2.26", "2015-06-30": "2.73", "2015-03-31": "2.54", "2014-12-31": "2.29", "2014-09-30": "2.09", "2014-06-30": "2.17", "2014-03-31": "2.12", "2013-12-31": "2.04", "2013-09-30": "2.19", "2013-06-30": "2.15", "2013-03-31": "2.07", "2012-12-31": "1.94", "2012-09-30": "1.64", "2012-06-30": "1.57", "2012-03-31": "1.56", "2011-12-31": "1.56", "2011-09-30": "1.44", "2011-06-30": "1.38", "2011-03-31": "1.38", "2010-12-31": "1.41", "2010-09-30": "1.38", "2010-06-30": "1.59", "2010-03-31": "1.59", "2009-12-31": "1.63", "2009-09-30": "1.67", "2009-06-30": "1.71", "2009-03-31": "1.71", "2008-12-31": "1.74", "2008-09-30": "1.53", "2008-06-30": "1.54", "2008-03-31": "1.48", "2007-12-31": "1.39", "2007-09-30": "1.41", "2007-06-30": "1.39", "2007-03-31": "1.35", "2006-12-31": "1.34", "2006-09-30": "1.60", "2006-06-30": "1.60", "2006-03-31": "1.62", "2005-12-31": "1.66", "2005-09-30": "1.59", "2005-06-30": "1.61", "2005-03-31": "1.65"}, "return on equity": {"2020-12-31": "-2.81%", "2020-09-30": "5.58%", "2020-06-30": "6.06%", "2020-03-31": "7.32%", "2019-12-31": "7.08%", "2019-09-30": "8.42%", "2019-06-30": "9.06%", "2019-03-31": "9.92%", "2018-12-31": "10.91%", "2018-09-30": "20.39%", "2018-06-30": "21.26%", "2018-03-31": "22.65%", "2017-12-31": "22.70%", "2017-09-30": "10.26%", "2017-06-30": "10.53%", "2017-03-31": "10.15%", "2016-12-31": "10.43%", "2016-09-30": "11.71%", "2016-06-30": "11.48%", "2016-03-31": "12.12%", "2015-12-31": "12.68%", "2015-09-30": "5.63%", "2015-06-30": "6.24%", "2015-03-31": "6.67%", "2014-12-31": "7.01%", "2014-09-30": "18.89%", "2014-06-30": "20.02%", "2014-03-31": "20.68%", "2013-12-31": "20.91%", "2013-09-30": "8.46%", "2013-06-30": "7.92%", "2013-03-31": "7.65%", "2012-12-31": "7.21%", "2012-09-30": "4.27%", "2012-06-30": "4.14%", "2012-03-31": "3.75%", "2011-12-31": "3.53%", "2011-09-30": "10.35%", "2011-06-30": "18.05%", "2011-03-31": "18.86%", "2010-12-31": "18.43%", "2010-09-30": "20.32%", "2010-06-30": "12.03%", "2010-03-31": "11.37%", "2009-12-31": "12.18%", "2009-09-30": "-3.63%", "2009-06-30": "-3.48%", "2009-03-31": "-2.83%", "2008-12-31": "-2.42%", "2008-09-30": "12.03%", "2008-06-30": "11.92%", "2008-03-31": "11.16%", "2007-12-31": "10.57%", "2007-09-30": "9.51%", "2007-06-30": "9.94%", "2007-03-31": "10.29%", "2006-12-31": "10.45%", "2006-09-30": "12.82%", "2006-06-30": "11.98%", "2006-03-31": "11.23%", "2005-12-31": "10.89%"}, "return on assets": {"2020-12-31": "-1.00%", "2020-09-30": "2.01%", "2020-06-30": "2.17%", "2020-03-31": "2.62%", "2019-12-31": "2.53%", "2019-09-30": "3.01%", "2019-06-30": "3.22%", "2019-03-31": "3.50%", "2018-12-31": "3.78%", "2018-09-30": "6.85%", "2018-06-30": "6.82%", "2018-03-31": "6.98%", "2017-12-31": "6.85%", "2017-09-30": "3.06%", "2017-06-30": "3.21%", "2017-03-31": "3.12%", "2016-12-31": "3.22%", "2016-09-30": "3.61%", "2016-06-30": "3.53%", "2016-03-31": "3.62%", "2015-12-31": "3.71%", "2015-09-30": "1.64%", "2015-06-30": "1.83%", "2015-03-31": "2.04%", "2014-12-31": "2.21%", "2014-09-30": "6.08%", "2014-06-30": "6.40%", "2014-03-31": "6.62%", "2013-12-31": "6.73%", "2013-09-30": "2.74%", "2013-06-30": "2.70%", "2013-03-31": "2.74%", "2012-12-31": "2.70%", "2012-09-30": "1.66%", "2012-06-30": "1.64%", "2012-03-31": "1.51%", "2011-12-31": "1.45%", "2011-09-30": "4.31%", "2011-06-30": "7.57%", "2011-03-31": "7.75%", "2010-12-31": "7.41%", "2010-09-30": "7.99%", "2010-06-30": "4.59%", "2010-03-31": "4.29%", "2009-12-31": "4.55%", "2009-09-30": "-1.34%", "2009-06-30": "-1.31%", "2009-03-31": "-1.08%", "2008-12-31": "-0.94%", "2008-09-30": "4.84%", "2008-06-30": "4.86%", "2008-03-31": "4.61%", "2007-12-31": "4.43%", "2007-09-30": "4.00%", "2007-06-30": "4.15%", "2007-03-31": "4.24%", "2006-12-31": "4.18%", "2006-09-30": "4.89%", "2006-06-30": "4.57%", "2006-03-31": "4.28%", "2005-12-31": "4.14%"}, "return on investments": {"2020-12-31": "1.87%", "2020-09-30": "6.46%", "2020-06-30": "6.97%", "2020-03-31": "8.08%", "2019-12-31": "7.92%", "2019-09-30": "8.12%", "2019-06-30": "7.91%", "2019-03-31": "7.61%", "2018-12-31": "7.75%", "2018-09-30": "6.76%", "2018-06-30": "6.68%", "2018-03-31": "7.28%", "2017-12-31": "7.59%", "2017-09-30": "8.66%", "2017-06-30": "9.24%", "2017-03-31": "9.42%", "2016-12-31": "9.73%", "2016-09-30": "11.37%", "2016-06-30": "11.17%", "2016-03-31": "11.42%", "2015-12-31": "11.63%", "2015-09-30": "6.17%", "2015-06-30": "6.68%", "2015-03-31": "6.85%", "2014-12-31": "7.41%", "2014-09-30": "18.37%", "2014-06-30": "18.99%", "2014-03-31": "19.54%", "2013-12-31": "19.45%", "2013-09-30": "7.79%", "2013-06-30": "7.61%", "2013-03-31": "7.97%", "2012-12-31": "8.00%", "2012-09-30": "6.06%", "2012-06-30": "6.05%", "2012-03-31": "5.59%", "2011-12-31": "5.37%", "2011-09-30": "11.75%", "2011-06-30": "11.29%", "2011-03-31": "11.39%", "2010-12-31": "11.63%", "2010-09-30": "13.08%", "2010-06-30": "13.25%", "2010-03-31": "12.86%", "2009-12-31": "12.74%", "2009-09-30": "-2.00%", "2009-06-30": "-1.83%", "2009-03-31": "-1.16%", "2008-12-31": "-1.00%", "2008-09-30": "13.66%", "2008-06-30": "13.60%", "2008-03-31": "12.84%", "2007-12-31": "12.12%", "2007-09-30": "10.50%", "2007-06-30": "10.36%", "2007-03-31": "10.21%", "2006-12-31": "10.00%", "2006-09-30": "10.83%", "2006-06-30": "10.44%", "2006-03-31": "9.77%", "2005-12-31": "9.53%"}, "return on tangible equity": {"2020-09-30": "-12.33%", "2020-06-30": "-13.18%", "2020-03-31": "-15.67%", "2019-12-31": "-14.83%", "2019-09-30": "-16.90%", "2019-06-30": "-17.20%", "2019-03-31": "-18.00%", "2018-12-31": "-19.74%", "2018-09-30": "-36.18%", "2018-06-30": "-35.87%", "2018-03-31": "-35.98%", "2017-12-31": "-32.23%", "2017-09-30": "-13.32%", "2017-06-30": "-13.50%", "2017-03-31": "-12.83%", "2016-12-31": "-13.05%", "2016-09-30": "-14.49%", "2016-06-30": "-13.98%", "2016-03-31": "-14.73%", "2015-12-31": "-15.40%", "2015-09-30": "-7.48%", "2015-06-30": "-9.66%", "2015-03-31": "-11.86%", "2014-12-31": "-14.44%", "2014-09-30": "-40.49%", "2014-06-30": "-41.59%", "2014-03-31": "-42.31%", "2013-12-31": "-43.24%", "2013-09-30": "-18.00%", "2013-06-30": "-19.81%", "2013-03-31": "-22.83%", "2012-12-31": "-25.65%", "2012-09-30": "-17.45%", "2012-06-30": "-19.00%", "2012-03-31": "-18.92%", "2011-12-31": "-19.07%", "2011-09-30": "-58.18%", "2011-06-30": "-98.35%", "2011-03-31": "-87.10%", "2010-12-31": "-74.40%", "2010-09-30": "-73.12%", "2010-06-30": "-38.04%", "2010-03-31": "-34.67%", "2009-12-31": "-35.38%", "2009-09-30": "9.95%", "2009-06-30": "10.57%", "2009-03-31": "9.57%", "2008-12-31": "9.94%", "2008-09-30": "-67.47%", "2008-06-30": "-76.67%", "2008-03-31": "-85.42%", "2007-12-31": "-90.17%", "2007-09-30": "-84.13%", "2007-06-30": "-958.42%", "2007-03-31": "80.59%", "2006-12-31": "32.71%", "2006-09-30": "21.12%", "2006-06-30": "17.82%", "2006-03-31": "14.98%", "2005-12-31": "12.94%"}, "dividend yield history": {"last payout": "$2.08", "last yield": "7.19%"}}