{"ticker": "ATH", "price": {"title": "Athene Holding Historical Annual Stock Price Data", "value": 44.45, "historical": {"2020": {"Average Stock Price": "35.4393", "Year Open": "47.5500", "Year High": "50.0000", "Year Low": "16.1100", "Year Close": "43.1400", "Annual % Change": "-8.27%"}, "2019": {"Average Stock Price": "42.6131", "Year Open": "40.5300", "Year High": "47.7600", "Year Low": "37.4300", "Year Close": "47.0300", "Annual % Change": "18.08%"}, "2018": {"Average Stock Price": "47.4490", "Year Open": "50.9000", "Year High": "53.3700", "Year Low": "38.0700", "Year Close": "39.8300", "Annual % Change": "-22.97%"}, "2017": {"Average Stock Price": "50.9479", "Year Open": "47.8200", "Year High": "55.0200", "Year Low": "45.9000", "Year Close": "51.7100", "Annual % Change": "7.75%"}, "2016": {"Average Stock Price": "46.2447", "Year Open": "44.0500", "Year High": "47.9900", "Year Low": "44.0500", "Year Close": "47.9900", "Annual % Change": "0.00%"}}}, "market cap": {"value": "$8.51B"}, "income statement": {"Revenue": {"2019-12-31": "16258.00000", "2018-12-31": "6637.00000", "2017-12-31": "8727.00000", "2016-12-31": "4105.00000", "2015-12-31": "2618.00000", "2014-12-31": "4100.00000", "2013-12-31": "1749.00000"}, "Cost Of Goods Sold": {"2019-12-31": "12180.00000", "2018-12-31": "4608.00000", "2017-12-31": "6184.00000", "2016-12-31": "2392.00000", "2015-12-31": "1235.00000", "2014-12-31": "2562.00000", "2013-12-31": "125.00000"}, "Gross Profit": {"2019-12-31": "4078.00000", "2018-12-31": "2029.00000", "2017-12-31": "2543.00000", "2016-12-31": "1713.00000", "2015-12-31": "1383.00000", "2014-12-31": "1538.00000", "2013-12-31": "1624.00000"}, "Research And Development Expenses": {"2019-12-31": "", "2018-12-31": "", "2017-12-31": "", "2016-12-31": "", "2015-12-31": "", "2014-12-31": "", "2013-12-31": ""}, "SG&A Expenses": {"2019-12-31": "958.00000", "2018-12-31": "174.00000", "2017-12-31": "344.00000", "2016-12-31": "318.00000", "2015-12-31": "206.00000", "2014-12-31": "4.00000", "2013-12-31": "144.00000"}, "Other Operating Income Or Expenses": {"2019-12-31": "-744.00000", "2018-12-31": "-626.00000", "2017-12-31": "-672.00000", "2016-12-31": "-627.00000", "2015-12-31": "-549.00000", "2014-12-31": "-844.00000", "2013-12-31": "-440.00000"}, "Operating Expenses": {"2019-12-31": "13956.00000", "2018-12-31": "5462.00000", "2017-12-31": "7263.00000", "2016-12-31": "3389.00000", "2015-12-31": "2028.00000", "2014-12-31": "3568.00000", "2013-12-31": "760.00000"}, "Operating Income": {"2019-12-31": "2302.00000", "2018-12-31": "1175.00000", "2017-12-31": "1464.00000", "2016-12-31": "716.00000", "2015-12-31": "590.00000", "2014-12-31": "532.00000", "2013-12-31": "989.00000"}, "Total Non-Operating Income/Expense": {"2019-12-31": "", "2018-12-31": "", "2017-12-31": "", "2016-12-31": "", "2015-12-31": "", "2014-12-31": "", "2013-12-31": ""}, "Pre-Tax Income": {"2019-12-31": "2302.00000", "2018-12-31": "1175.00000", "2017-12-31": "1464.00000", "2016-12-31": "716.00000", "2015-12-31": "590.00000", "2014-12-31": "532.00000", "2013-12-31": "989.00000"}, "Income Taxes": {"2019-12-31": "117.00000", "2018-12-31": "122.00000", "2017-12-31": "106.00000", "2016-12-31": "-52.00000", "2015-12-31": "12.00000", "2014-12-31": "54.00000", "2013-12-31": "-8.00000"}, "Income After Taxes": {"2019-12-31": "2185.00000", "2018-12-31": "1053.00000", "2017-12-31": "1358.00000", "2016-12-31": "768.00000", "2015-12-31": "578.00000", "2014-12-31": "478.00000", "2013-12-31": "997.00000"}, "Other Income": {"2019-12-31": "", "2018-12-31": "", "2017-12-31": "", "2016-12-31": "", "2015-12-31": "", "2014-12-31": "", "2013-12-31": ""}, "Income From Continuous Operations": {"2019-12-31": "2185.00000", "2018-12-31": "1053.00000", "2017-12-31": "1358.00000", "2016-12-31": "768.00000", "2015-12-31": "578.00000", "2014-12-31": "478.00000", "2013-12-31": "997.00000"}, "Income From Discontinued Operations": {"2019-12-31": "", "2018-12-31": "", "2017-12-31": "", "2016-12-31": "", "2015-12-31": "", "2014-12-31": "", "2013-12-31": ""}, "Net Income": {"2019-12-31": "2136.00000", "2018-12-31": "1053.00000", "2017-12-31": "1358.00000", "2016-12-31": "768.00000", "2015-12-31": "562.00000", "2014-12-31": "463.00000", "2013-12-31": "916.00000"}, "EBITDA": {"2019-12-31": "3240.00000", "2018-12-31": "1225.00000", "2017-12-31": "1679.00000", "2016-12-31": "914.00000", "2015-12-31": "757.00000", "2014-12-31": "772.00000", "2013-12-31": "1173.00000"}, "EBIT": {"2019-12-31": "2302.00000", "2018-12-31": "1175.00000", "2017-12-31": "1464.00000", "2016-12-31": "729.00000", "2015-12-31": "607.00000", "2014-12-31": "571.00000", "2013-12-31": "1024.00000"}, "Basic Shares Outstanding": {"2019-12-31": "186.60000", "2018-12-31": "197.10000", "2017-12-31": "195.30000", "2016-12-31": "186.75100", "2015-12-31": "175.09200", "2014-12-31": "129.51900", "2013-12-31": "113.50600"}, "Shares Outstanding": {"2019-12-31": "187.30000", "2018-12-31": "198.30000", "2017-12-31": "201.00000", "2016-12-31": "192.44100", "2015-12-31": "175.17900", "2014-12-31": "131.06800", "2013-12-31": "115.11000"}, "Basic EPS": {"2019-12-31": "11.44000", "2018-12-31": "5.34000", "2017-12-31": "6.95000", "2016-12-31": "4.11000", "2015-12-31": "3.21000", "2014-12-31": "3.58000", "2013-12-31": "8.07000"}, "EPS - Earnings Per Share": {"2019-12-31": "11.40000", "2018-12-31": "5.31000", "2017-12-31": "6.91000", "2016-12-31": "3.99100", "2015-12-31": "3.20800", "2014-12-31": "3.52000", "2013-12-31": "7.96000"}}, "income statement, quarterly": {"Revenue": {"2020-09-30": "3275.00000", "2020-06-30": "4398.00000", "2020-03-31": "-1549.00000", "2019-12-31": "3256.00000", "2019-09-30": "4584.00000", "2019-06-30": "3423.00000", "2019-03-31": "4995.00000", "2018-12-31": "1248.00000", "2018-09-30": "2576.00000", "2018-06-30": "1802.00000", "2018-03-31": "1011.00000", "2017-12-31": "3872.00000", "2017-09-30": "1473.00000", "2017-06-30": "1763.00000", "2017-03-31": "1619.00000", "2016-12-31": "1062.00000", "2016-09-30": "1272.00000", "2016-06-30": "1045.00000", "2016-03-31": "722.00000", "2015-12-31": "", "2014-12-31": "", "2013-12-31": ""}, "Cost Of Goods Sold": {"2020-09-30": "1673.00000", "2020-06-30": "2759.00000", "2020-03-31": "48.00000", "2019-12-31": "2344.00000", "2019-09-30": "3768.00000", "2019-06-30": "2214.00000", "2019-03-31": "3854.00000", "2018-12-31": "1268.00000", "2018-09-30": "1680.00000", "2018-06-30": "1215.00000", "2018-03-31": "445.00000", "2017-12-31": "3138.00000", "2017-09-30": "928.00000", "2017-06-30": "1180.00000", "2017-03-31": "938.00000", "2016-12-31": "347.00000", "2016-09-30": "917.00000", "2016-06-30": "606.00000", "2016-03-31": "494.00000", "2015-12-31": "", "2014-12-31": "", "2013-12-31": ""}, "Gross Profit": {"2020-09-30": "1602.00000", "2020-06-30": "1639.00000", "2020-03-31": "-1597.00000", "2019-12-31": "912.00000", "2019-09-30": "816.00000", "2019-06-30": "1209.00000", "2019-03-31": "1141.00000", "2018-12-31": "-20.00000", "2018-09-30": "896.00000", "2018-06-30": "587.00000", "2018-03-31": "566.00000", "2017-12-31": "734.00000", "2017-09-30": "545.00000", "2017-06-30": "583.00000", "2017-03-31": "681.00000", "2016-12-31": "715.00000", "2016-09-30": "355.00000", "2016-06-30": "439.00000", "2016-03-31": "228.00000", "2015-12-31": "", "2014-12-31": "", "2013-12-31": ""}, "Research And Development Expenses": {"2020-09-30": "", "2020-06-30": "", "2020-03-31": "", "2019-12-31": "", "2019-09-30": "", "2019-06-30": "", "2019-03-31": "", "2018-12-31": "", "2018-09-30": "", "2018-06-30": "", "2018-03-31": "", "2017-12-31": "", "2017-09-30": "", "2017-06-30": "", "2017-03-31": "", "2016-12-31": "", "2016-09-30": "", "2016-06-30": "", "2016-03-31": "", "2015-12-31": "", "2014-12-31": "", "2013-12-31": ""}, "SG&A Expenses": {"2020-09-30": "299.00000", "2020-06-30": "361.00000", "2020-03-31": "-413.00000", "2019-12-31": "143.00000", "2019-09-30": "323.00000", "2019-06-30": "261.00000", "2019-03-31": "231.00000", "2018-12-31": "-33.00000", "2018-09-30": "36.00000", "2018-06-30": "89.00000", "2018-03-31": "82.00000", "2017-12-31": "160.00000", "2017-09-30": "13.00000", "2017-06-30": "67.00000", "2017-03-31": "104.00000", "2016-12-31": "389.00000", "2016-09-30": "120.00000", "2016-06-30": "61.00000", "2016-03-31": "28.00000", "2015-12-31": "", "2014-12-31": "", "2013-12-31": ""}, "Other Operating Income Or Expenses": {"2020-09-30": "-231.00000", "2020-06-30": "-218.00000", "2020-03-31": "-188.00000", "2019-12-31": "-200.00000", "2019-09-30": "-194.00000", "2019-06-30": "-185.00000", "2019-03-31": "-165.00000", "2018-12-31": "-172.00000", "2018-09-30": "-158.00000", "2018-06-30": "-154.00000", "2018-03-31": "-142.00000", "2017-12-31": "-193.00000", "2017-09-30": "-158.00000", "2017-06-30": "-168.00000", "2017-03-31": "-153.00000", "2016-12-31": "", "2016-09-30": "-184.00000", "2016-06-30": "-168.00000", "2016-03-31": "-104.00000", "2015-12-31": "", "2014-12-31": "", "2013-12-31": ""}, "Operating Expenses": {"2020-09-30": "2251.00000", "2020-06-30": "3317.00000", "2020-03-31": "-167.00000", "2019-12-31": "2723.00000", "2019-09-30": "4305.00000", "2019-06-30": "2673.00000", "2019-03-31": "4255.00000", "2018-12-31": "1395.00000", "2018-09-30": "1897.00000", "2018-06-30": "1481.00000", "2018-03-31": "689.00000", "2017-12-31": "3445.00000", "2017-09-30": "1179.00000", "2017-06-30": "1426.00000", "2017-03-31": "1213.00000", "2016-12-31": "675.00000", "2016-09-30": "1234.00000", "2016-06-30": "837.00000", "2016-03-31": "634.00000", "2015-12-31": "", "2014-12-31": "", "2013-12-31": ""}, "Operating Income": {"2020-09-30": "1024.00000", "2020-06-30": "1081.00000", "2020-03-31": "-1382.00000", "2019-12-31": "533.00000", "2019-09-30": "279.00000", "2019-06-30": "750.00000", "2019-03-31": "740.00000", "2018-12-31": "-147.00000", "2018-09-30": "679.00000", "2018-06-30": "321.00000", "2018-03-31": "322.00000", "2017-12-31": "427.00000", "2017-09-30": "294.00000", "2017-06-30": "337.00000", "2017-03-31": "406.00000", "2016-12-31": "387.00000", "2016-09-30": "38.00000", "2016-06-30": "208.00000", "2016-03-31": "88.00000", "2015-12-31": "", "2014-12-31": "", "2013-12-31": ""}, "Total Non-Operating Income/Expense": {"2020-09-30": "", "2020-06-30": "", "2020-03-31": "", "2019-12-31": "", "2019-09-30": "", "2019-06-30": "", "2019-03-31": "", "2018-12-31": "", "2018-09-30": "", "2018-06-30": "", "2018-03-31": "", "2017-12-31": "", "2017-09-30": "", "2017-06-30": "", "2017-03-31": "", "2016-12-31": "-9.00000", "2016-09-30": "", "2016-06-30": "", "2016-03-31": "", "2015-12-31": "", "2014-12-31": "", "2013-12-31": ""}, "Pre-Tax Income": {"2020-09-30": "1024.00000", "2020-06-30": "1081.00000", "2020-03-31": "-1382.00000", "2019-12-31": "533.00000", "2019-09-30": "279.00000", "2019-06-30": "750.00000", "2019-03-31": "740.00000", "2018-12-31": "-147.00000", "2018-09-30": "679.00000", "2018-06-30": "321.00000", "2018-03-31": "322.00000", "2017-12-31": "427.00000", "2017-09-30": "294.00000", "2017-06-30": "337.00000", "2017-03-31": "406.00000", "2016-12-31": "382.00000", "2016-09-30": "38.00000", "2016-06-30": "208.00000", "2016-03-31": "88.00000", "2015-12-31": "", "2014-12-31": "", "2013-12-31": ""}, "Income Taxes": {"2020-09-30": "140.00000", "2020-06-30": "150.00000", "2020-03-31": "-166.00000", "2019-12-31": "69.00000", "2019-09-30": "-14.00000", "2019-06-30": "30.00000", "2019-03-31": "32.00000", "2018-12-31": "-43.00000", "2018-09-30": "56.00000", "2018-06-30": "64.00000", "2018-03-31": "45.00000", "2017-12-31": "53.00000", "2017-09-30": "20.00000", "2017-06-30": "11.00000", "2017-03-31": "22.00000", "2016-12-31": "20.00000", "2016-09-30": "-88.00000", "2016-06-30": "15.00000", "2016-03-31": "1.00000", "2015-12-31": "", "2014-12-31": "", "2013-12-31": ""}, "Income After Taxes": {"2020-09-30": "884.00000", "2020-06-30": "931.00000", "2020-03-31": "-1216.00000", "2019-12-31": "464.00000", "2019-09-30": "293.00000", "2019-06-30": "720.00000", "2019-03-31": "708.00000", "2018-12-31": "-104.00000", "2018-09-30": "623.00000", "2018-06-30": "257.00000", "2018-03-31": "277.00000", "2017-12-31": "374.00000", "2017-09-30": "274.00000", "2017-06-30": "326.00000", "2017-03-31": "384.00000", "2016-12-31": "362.00000", "2016-09-30": "126.00000", "2016-06-30": "193.00000", "2016-03-31": "87.00000", "2015-12-31": "", "2014-12-31": "", "2013-12-31": ""}, "Other Income": {"2020-09-30": "", "2020-06-30": "", "2020-03-31": "", "2019-12-31": "", "2019-09-30": "", "2019-06-30": "", "2019-03-31": "", "2018-12-31": "", "2018-09-30": "", "2018-06-30": "", "2018-03-31": "", "2017-12-31": "", "2017-09-30": "", "2017-06-30": "", "2017-03-31": "", "2016-12-31": "0.00000", "2016-09-30": "", "2016-06-30": "", "2016-03-31": "", "2015-12-31": "", "2014-12-31": "", "2013-12-31": ""}, "Income From Continuous Operations": {"2020-09-30": "884.00000", "2020-06-30": "931.00000", "2020-03-31": "-1216.00000", "2019-12-31": "464.00000", "2019-09-30": "293.00000", "2019-06-30": "720.00000", "2019-03-31": "708.00000", "2018-12-31": "-104.00000", "2018-09-30": "623.00000", "2018-06-30": "257.00000", "2018-03-31": "277.00000", "2017-12-31": "374.00000", "2017-09-30": "274.00000", "2017-06-30": "326.00000", "2017-03-31": "384.00000", "2016-12-31": "368.00000", "2016-09-30": "126.00000", "2016-06-30": "193.00000", "2016-03-31": "87.00000", "2015-12-31": "", "2014-12-31": "", "2013-12-31": ""}, "Income From Discontinued Operations": {"2020-09-30": "", "2020-06-30": "", "2020-03-31": "", "2019-12-31": "", "2019-09-30": "", "2019-06-30": "", "2019-03-31": "", "2018-12-31": "", "2018-09-30": "", "2018-06-30": "", "2018-03-31": "", "2017-12-31": "", "2017-09-30": "", "2017-06-30": "", "2017-03-31": "", "2016-12-31": "0.00000", "2016-09-30": "", "2016-06-30": "", "2016-03-31": "", "2015-12-31": "", "2014-12-31": "", "2013-12-31": ""}, "Net Income": {"2020-09-30": "622.00000", "2020-06-30": "824.00000", "2020-03-31": "-1065.00000", "2019-12-31": "432.00000", "2019-09-30": "276.00000", "2019-06-30": "720.00000", "2019-03-31": "708.00000", "2018-12-31": "-104.00000", "2018-09-30": "623.00000", "2018-06-30": "257.00000", "2018-03-31": "277.00000", "2017-12-31": "374.00000", "2017-09-30": "274.00000", "2017-06-30": "326.00000", "2017-03-31": "384.00000", "2016-12-31": "368.00000", "2016-09-30": "126.00000", "2016-06-30": "193.00000", "2016-03-31": "87.00000", "2015-12-31": "", "2014-12-31": "", "2013-12-31": ""}, "EBITDA": {"2020-09-30": "1323.00000", "2020-06-30": "1392.00000", "2020-03-31": "-1847.00000", "2019-12-31": "678.00000", "2019-09-30": "616.00000", "2019-06-30": "1003.00000", "2019-03-31": "943.00000", "2018-12-31": "-227.00000", "2018-09-30": "694.00000", "2018-06-30": "379.00000", "2018-03-31": "379.00000", "2017-12-31": "349.00000", "2017-09-30": "387.00000", "2017-06-30": "469.00000", "2017-03-31": "474.00000", "2016-12-31": "475.00000", "2016-09-30": "139.00000", "2016-06-30": "245.00000", "2016-03-31": "50.00000", "2015-12-31": "", "2014-12-31": "", "2013-12-31": ""}, "EBIT": {"2020-09-30": "1024.00000", "2020-06-30": "1081.00000", "2020-03-31": "-1382.00000", "2019-12-31": "533.00000", "2019-09-30": "279.00000", "2019-06-30": "750.00000", "2019-03-31": "740.00000", "2018-12-31": "-147.00000", "2018-09-30": "679.00000", "2018-06-30": "321.00000", "2018-03-31": "322.00000", "2017-12-31": "427.00000", "2017-09-30": "294.00000", "2017-06-30": "337.00000", "2017-03-31": "406.00000", "2016-12-31": "387.00000", "2016-09-30": "38.00000", "2016-06-30": "208.00000", "2016-03-31": "92.00000", "2015-12-31": "", "2014-12-31": "", "2013-12-31": ""}, "Basic Shares Outstanding": {"2020-09-30": "215.70000", "2020-06-30": "193.90000", "2020-03-31": "183.30000", "2019-12-31": "186.60000", "2019-09-30": "184.30000", "2019-06-30": "191.50000", "2019-03-31": "193.97000", "2018-12-31": "197.10000", "2018-09-30": "197.30000", "2018-06-30": "197.30000", "2018-03-31": "197.85700", "2017-12-31": "195.30000", "2017-09-30": "195.71400", "2017-06-30": "196.38600", "2017-03-31": "192.00000", "2016-12-31": "189.20000", "2016-09-30": "185.29400", "2016-06-30": "185.57700", "2016-03-31": "185.10600", "2015-12-31": "", "2014-12-31": "", "2013-12-31": ""}, "Shares Outstanding": {"2020-09-30": "218.80000", "2020-06-30": "196.90000", "2020-03-31": "183.30000", "2019-12-31": "187.30000", "2019-09-30": "185.00000", "2019-06-30": "191.80000", "2019-03-31": "193.97000", "2018-12-31": "198.30000", "2018-09-30": "198.40000", "2018-06-30": "198.20000", "2018-03-31": "197.85700", "2017-12-31": "201.00000", "2017-09-30": "195.71400", "2017-06-30": "196.38600", "2017-03-31": "192.00000", "2016-12-31": "189.20000", "2016-09-30": "185.29400", "2016-06-30": "185.57700", "2016-03-31": "185.10600", "2015-12-31": "", "2014-12-31": "", "2013-12-31": ""}, "Basic EPS": {"2020-09-30": "2.88000", "2020-06-30": "4.25000", "2020-03-31": "-5.81000", "2019-12-31": "2.53000", "2019-09-30": "1.50000", "2019-06-30": "3.76000", "2019-03-31": "3.65000", "2018-12-31": "-0.51760", "2018-09-30": "3.15760", "2018-06-30": "1.30000", "2018-03-31": "1.40000", "2017-12-31": "1.89000", "2017-09-30": "1.40000", "2017-06-30": "1.66000", "2017-03-31": "2.00000", "2016-12-31": "1.94000", "2016-09-30": "0.68000", "2016-06-30": "1.04000", "2016-03-31": "0.47000", "2015-12-31": "", "2014-12-31": "", "2013-12-31": ""}, "EPS - Earnings Per Share": {"2020-09-30": "2.84000", "2020-06-30": "4.19000", "2020-03-31": "-5.81000", "2019-12-31": "2.51000", "2019-09-30": "1.49000", "2019-06-30": "3.75000", "2019-03-31": "3.65000", "2018-12-31": "-0.53000", "2018-09-30": "3.14000", "2018-06-30": "1.30000", "2018-03-31": "1.40000", "2017-12-31": "1.85000", "2017-09-30": "1.40000", "2017-06-30": "1.66000", "2017-03-31": "2.00000", "2016-12-31": "1.80000", "2016-09-30": "0.68000", "2016-06-30": "1.04000", "2016-03-31": "0.47000", "2015-12-31": "0.00000", "2014-12-31": "0.00000", "2013-12-31": "0.00000"}}, "balance sheet": {"Cash On Hand": {"2019-12-31": "4642.00000", "2018-12-31": "3405.00000", "2017-12-31": "4997.00000", "2016-12-31": "2516.00000", "2015-12-31": "2836.00000", "2014-12-31": "2758.00000", "2013-12-31": ""}, "Receivables": {"2019-12-31": "4863.00000", "2018-12-31": "5534.00000", "2017-12-31": "5332.00000", "2016-12-31": "6001.00000", "2015-12-31": "7257.00000", "2014-12-31": "11584.00000", "2013-12-31": ""}, "Inventory": {"2019-12-31": "", "2018-12-31": "", "2017-12-31": "", "2016-12-31": "", "2015-12-31": "", "2014-12-31": "", "2013-12-31": ""}, "Pre-Paid Expenses": {"2019-12-31": "", "2018-12-31": "", "2017-12-31": "", "2016-12-31": "", "2015-12-31": "", "2014-12-31": "", "2013-12-31": ""}, "Other Current Assets": {"2019-12-31": "", "2018-12-31": "", "2017-12-31": "", "2016-12-31": "", "2015-12-31": "", "2014-12-31": "", "2013-12-31": ""}, "Total Current Assets": {"2019-12-31": "9505.00000", "2018-12-31": "8939.00000", "2017-12-31": "10329.00000", "2016-12-31": "8517.00000", "2015-12-31": "10093.00000", "2014-12-31": "14342.00000", "2013-12-31": ""}, "Property, Plant, And Equipment": {"2019-12-31": "", "2018-12-31": "", "2017-12-31": "", "2016-12-31": "", "2015-12-31": "", "2014-12-31": "", "2013-12-31": ""}, "Long-Term Investments": {"2019-12-31": "131357.00000", "2018-12-31": "109023.00000", "2017-12-31": "85890.00000", "2016-12-31": "73888.00000", "2015-12-31": "66610.00000", "2014-12-31": "64545.00000", "2013-12-31": ""}, "Goodwill And Intangible Assets": {"2019-12-31": "", "2018-12-31": "", "2017-12-31": "", "2016-12-31": "", "2015-12-31": "", "2014-12-31": "226.00000", "2013-12-31": "0.00000"}, "Other Long-Term Assets": {"2019-12-31": "1005.00000", "2018-12-31": "1636.00000", "2017-12-31": "970.00000", "2016-12-31": "1354.00000", "2015-12-31": "882.00000", "2014-12-31": "1148.00000", "2013-12-31": ""}, "Total Long-Term Assets": {"2019-12-31": "137370.00000", "2018-12-31": "116566.00000", "2017-12-31": "89832.00000", "2016-12-31": "78182.00000", "2015-12-31": "70761.00000", "2014-12-31": "68368.00000", "2013-12-31": ""}, "Total Assets": {"2019-12-31": "146875.00000", "2018-12-31": "125505.00000", "2017-12-31": "100161.00000", "2016-12-31": "86699.00000", "2015-12-31": "80854.00000", "2014-12-31": "82710.00000", "2013-12-31": "0.00000"}, "Total Current Liabilities": {"2019-12-31": "126688.00000", "2018-12-31": "113456.00000", "2017-12-31": "85867.00000", "2016-12-31": "76341.00000", "2015-12-31": "72070.00000", "2014-12-31": "72160.00000", "2013-12-31": ""}, "Long Term Debt": {"2019-12-31": "992.00000", "2018-12-31": "991.00000", "2017-12-31": "", "2016-12-31": "", "2015-12-31": "500.00000", "2014-12-31": "2017.00000", "2013-12-31": ""}, "Other Non-Current Liabilities": {"2019-12-31": "5054.00000", "2018-12-31": "2782.00000", "2017-12-31": "5118.00000", "2016-12-31": "3499.00000", "2015-12-31": "2921.00000", "2014-12-31": "3945.00000", "2013-12-31": ""}, "Total Long Term Liabilities": {"2019-12-31": "6046.00000", "2018-12-31": "3773.00000", "2017-12-31": "5118.00000", "2016-12-31": "3499.00000", "2015-12-31": "3421.00000", "2014-12-31": "5962.00000", "2013-12-31": ""}, "Total Liabilities": {"2019-12-31": "132734.00000", "2018-12-31": "117229.00000", "2017-12-31": "90985.00000", "2016-12-31": "79840.00000", "2015-12-31": "75491.00000", "2014-12-31": "78122.00000", "2013-12-31": "0.00000"}, "Common Stock Net": {"2019-12-31": "", "2018-12-31": "", "2017-12-31": "", "2016-12-31": "", "2015-12-31": "", "2014-12-31": "", "2013-12-31": "0.00000"}, "Retained Earnings (Accumulated Deficit)": {"2019-12-31": "6939.00000", "2018-12-31": "5286.00000", "2017-12-31": "4255.00000", "2016-12-31": "3070.00000", "2015-12-31": "2318.00000", "2014-12-31": "1758.00000", "2013-12-31": ""}, "Comprehensive Income": {"2019-12-31": "2281.00000", "2018-12-31": "-472.00000", "2017-12-31": "1449.00000", "2016-12-31": "367.00000", "2015-12-31": "-237.00000", "2014-12-31": "644.00000", "2013-12-31": ""}, "Other Share Holders Equity": {"2019-12-31": "", "2018-12-31": "", "2017-12-31": "", "2016-12-31": "", "2015-12-31": "", "2014-12-31": "", "2013-12-31": "0.00000"}, "Share Holder Equity": {"2019-12-31": "14141.00000", "2018-12-31": "8276.00000", "2017-12-31": "9176.00000", "2016-12-31": "6859.00000", "2015-12-31": "5363.00000", "2014-12-31": "4588.00000", "2013-12-31": "0.00000"}, "Total Liabilities And Share Holders Equity": {"2019-12-31": "146875.00000", "2018-12-31": "125505.00000", "2017-12-31": "100161.00000", "2016-12-31": "86699.00000", "2015-12-31": "80854.00000", "2014-12-31": "82710.00000", "2013-12-31": "0.00000"}}, "balance sheet, quarterly": {"Cash On Hand": {"2020-09-30": "8774.00000", "2020-06-30": "7521.00000", "2020-03-31": "5983.00000", "2019-12-31": "4642.00000", "2019-09-30": "4035.00000", "2019-06-30": "5239.00000", "2019-03-31": "3520.00000", "2018-12-31": "3405.00000", "2018-09-30": "17906.00000", "2018-06-30": "3788.00000", "2018-03-31": "2825.00000", "2017-12-31": "4997.00000", "2017-09-30": "3708.00000", "2017-06-30": "3585.00000", "2017-03-31": "2638.00000", "2016-12-31": "2516.00000", "2016-09-30": "", "2016-06-30": "", "2016-03-31": "", "2015-12-31": "2836.00000", "2014-12-31": "2758.00000", "2013-12-31": ""}, "Receivables": {"2020-09-30": "5104.00000", "2020-06-30": "5310.00000", "2020-03-31": "5087.00000", "2019-12-31": "4863.00000", "2019-09-30": "5697.00000", "2019-06-30": "5678.00000", "2019-03-31": "5647.00000", "2018-12-31": "5534.00000", "2018-09-30": "5201.00000", "2018-06-30": "4847.00000", "2018-03-31": "4834.00000", "2017-12-31": "5332.00000", "2017-09-30": "5768.00000", "2017-06-30": "5958.00000", "2017-03-31": "5960.00000", "2016-12-31": "6001.00000", "2016-09-30": "", "2016-06-30": "", "2016-03-31": "", "2015-12-31": "7777.00000", "2014-12-31": "12089.00000", "2013-12-31": ""}, "Inventory": {"2020-09-30": "", "2020-06-30": "", "2020-03-31": "", "2019-12-31": "", "2019-09-30": "", "2019-06-30": "", "2019-03-31": "", "2018-12-31": "", "2018-09-30": "", "2018-06-30": "", "2018-03-31": "", "2017-12-31": "", "2017-09-30": "", "2017-06-30": "", "2017-03-31": "", "2016-12-31": "", "2016-09-30": "", "2016-06-30": "", "2016-03-31": "", "2015-12-31": "", "2014-12-31": "", "2013-12-31": ""}, "Pre-Paid Expenses": {"2020-09-30": "", "2020-06-30": "", "2020-03-31": "", "2019-12-31": "", "2019-09-30": "", "2019-06-30": "", "2019-03-31": "", "2018-12-31": "", "2018-09-30": "", "2018-06-30": "", "2018-03-31": "", "2017-12-31": "", "2017-09-30": "", "2017-06-30": "", "2017-03-31": "", "2016-12-31": "", "2016-09-30": "", "2016-06-30": "", "2016-03-31": "", "2015-12-31": "", "2014-12-31": "", "2013-12-31": ""}, "Other Current Assets": {"2020-09-30": "", "2020-06-30": "", "2020-03-31": "", "2019-12-31": "", "2019-09-30": "", "2019-06-30": "", "2019-03-31": "", "2018-12-31": "", "2018-09-30": "", "2018-06-30": "", "2018-03-31": "", "2017-12-31": "", "2017-09-30": "", "2017-06-30": "", "2017-03-31": "", "2016-12-31": "", "2016-09-30": "", "2016-06-30": "", "2016-03-31": "", "2015-12-31": "", "2014-12-31": "", "2013-12-31": ""}, "Total Current Assets": {"2020-09-30": "13878.00000", "2020-06-30": "12831.00000", "2020-03-31": "11070.00000", "2019-12-31": "9505.00000", "2019-09-30": "9732.00000", "2019-06-30": "10917.00000", "2019-03-31": "9167.00000", "2018-12-31": "8939.00000", "2018-09-30": "23107.00000", "2018-06-30": "8635.00000", "2018-03-31": "7659.00000", "2017-12-31": "10329.00000", "2017-09-30": "9476.00000", "2017-06-30": "9543.00000", "2017-03-31": "8598.00000", "2016-12-31": "8517.00000", "2016-09-30": "", "2016-06-30": "", "2016-03-31": "", "2015-12-31": "10613.00000", "2014-12-31": "14847.00000", "2013-12-31": ""}, "Property, Plant, And Equipment": {"2020-09-30": "", "2020-06-30": "", "2020-03-31": "", "2019-12-31": "", "2019-09-30": "", "2019-06-30": "", "2019-03-31": "", "2018-12-31": "", "2018-09-30": "", "2018-06-30": "", "2018-03-31": "", "2017-12-31": "", "2017-09-30": "", "2017-06-30": "", "2017-03-31": "", "2016-12-31": "", "2016-09-30": "", "2016-06-30": "", "2016-03-31": "", "2015-12-31": "", "2014-12-31": "", "2013-12-31": ""}, "Long-Term Investments": {"2020-09-30": "171001.00000", "2020-06-30": "163875.00000", "2020-03-31": "122771.00000", "2019-12-31": "131357.00000", "2019-09-30": "128526.00000", "2019-06-30": "121503.00000", "2019-03-31": "117097.00000", "2018-12-31": "109023.00000", "2018-09-30": "88936.00000", "2018-06-30": "100135.00000", "2018-03-31": "81687.00000", "2017-12-31": "85890.00000", "2017-09-30": "82770.00000", "2017-06-30": "80251.00000", "2017-03-31": "76660.00000", "2016-12-31": "73888.00000", "2016-09-30": "", "2016-06-30": "", "2016-03-31": "", "2015-12-31": "63215.00000", "2014-12-31": "60960.00000", "2013-12-31": ""}, "Goodwill And Intangible Assets": {"2020-09-30": "", "2020-06-30": "", "2020-03-31": "", "2019-12-31": "", "2019-09-30": "", "2019-06-30": "", "2019-03-31": "", "2018-12-31": "", "2018-09-30": "", "2018-06-30": "", "2018-03-31": "", "2017-12-31": "", "2017-09-30": "", "2017-06-30": "", "2017-03-31": "", "2016-12-31": "", "2016-09-30": "0.00000", "2016-06-30": "0.00000", "2016-03-31": "0.00000", "2015-12-31": "0.00000", "2014-12-31": "226.00000", "2013-12-31": "0.00000"}, "Other Long-Term Assets": {"2020-09-30": "1044.00000", "2020-06-30": "1067.00000", "2020-03-31": "1946.00000", "2019-12-31": "1005.00000", "2019-09-30": "984.00000", "2019-06-30": "1236.00000", "2019-03-31": "974.00000", "2018-12-31": "1636.00000", "2018-09-30": "1189.00000", "2018-06-30": "1270.00000", "2018-03-31": "1069.00000", "2017-12-31": "970.00000", "2017-09-30": "900.00000", "2017-06-30": "859.00000", "2017-03-31": "834.00000", "2016-12-31": "1354.00000", "2016-09-30": "", "2016-06-30": "", "2016-03-31": "", "2015-12-31": "882.00000", "2014-12-31": "1148.00000", "2013-12-31": ""}, "Total Long-Term Assets": {"2020-09-30": "177210.00000", "2020-06-30": "170410.00000", "2020-03-31": "131109.00000", "2019-12-31": "137370.00000", "2019-09-30": "134470.00000", "2019-06-30": "128063.00000", "2019-03-31": "123690.00000", "2018-12-31": "116566.00000", "2018-09-30": "95097.00000", "2018-06-30": "106120.00000", "2018-03-31": "85898.00000", "2017-12-31": "89832.00000", "2017-09-30": "86585.00000", "2017-06-30": "84051.00000", "2017-03-31": "80622.00000", "2016-12-31": "78182.00000", "2016-09-30": "", "2016-06-30": "", "2016-03-31": "", "2015-12-31": "67366.00000", "2014-12-31": "64783.00000", "2013-12-31": ""}, "Total Assets": {"2020-09-30": "191088.00000", "2020-06-30": "183241.00000", "2020-03-31": "142179.00000", "2019-12-31": "146875.00000", "2019-09-30": "144202.00000", "2019-06-30": "138980.00000", "2019-03-31": "132857.00000", "2018-12-31": "125505.00000", "2018-09-30": "118204.00000", "2018-06-30": "114755.00000", "2018-03-31": "93557.00000", "2017-12-31": "100161.00000", "2017-09-30": "96061.00000", "2017-06-30": "93594.00000", "2017-03-31": "89220.00000", "2016-12-31": "86699.00000", "2016-09-30": "0.00000", "2016-06-30": "0.00000", "2016-03-31": "0.00000", "2015-12-31": "80854.00000", "2014-12-31": "82710.00000", "2013-12-31": "0.00000"}, "Total Current Liabilities": {"2020-09-30": "166148.00000", "2020-06-30": "160257.00000", "2020-03-31": "126197.00000", "2019-12-31": "126688.00000", "2019-09-30": "124704.00000", "2019-06-30": "120527.00000", "2019-03-31": "117630.00000", "2018-12-31": "113456.00000", "2018-09-30": "103814.00000", "2018-06-30": "101341.00000", "2018-03-31": "80747.00000", "2017-12-31": "85867.00000", "2017-09-30": "82922.00000", "2017-06-30": "80597.00000", "2017-03-31": "77575.00000", "2016-12-31": "76341.00000", "2016-09-30": "", "2016-06-30": "", "2016-03-31": "", "2015-12-31": "72115.00000", "2014-12-31": "72160.00000", "2013-12-31": ""}, "Long Term Debt": {"2020-09-30": "1487.00000", "2020-06-30": "1486.00000", "2020-03-31": "986.00000", "2019-12-31": "992.00000", "2019-09-30": "992.00000", "2019-06-30": "991.00000", "2019-03-31": "991.00000", "2018-12-31": "991.00000", "2018-09-30": "993.00000", "2018-06-30": "991.00000", "2018-03-31": "992.00000", "2017-12-31": "", "2017-09-30": "", "2017-06-30": "", "2017-03-31": "", "2016-12-31": "", "2016-09-30": "", "2016-06-30": "", "2016-03-31": "", "2015-12-31": "500.00000", "2014-12-31": "2017.00000", "2013-12-31": ""}, "Other Non-Current Liabilities": {"2020-09-30": "6336.00000", "2020-06-30": "5859.00000", "2020-03-31": "4466.00000", "2019-12-31": "5054.00000", "2019-09-30": "4961.00000", "2019-06-30": "5097.00000", "2019-03-31": "4119.00000", "2018-12-31": "2782.00000", "2018-09-30": "4328.00000", "2018-06-30": "3918.00000", "2018-03-31": "3123.00000", "2017-12-31": "5118.00000", "2017-09-30": "4470.00000", "2017-06-30": "4713.00000", "2017-03-31": "4048.00000", "2016-12-31": "3499.00000", "2016-09-30": "", "2016-06-30": "", "2016-03-31": "", "2015-12-31": "2876.00000", "2014-12-31": "3945.00000", "2013-12-31": ""}, "Total Long Term Liabilities": {"2020-09-30": "7823.00000", "2020-06-30": "7345.00000", "2020-03-31": "5452.00000", "2019-12-31": "6046.00000", "2019-09-30": "5953.00000", "2019-06-30": "6088.00000", "2019-03-31": "5110.00000", "2018-12-31": "3773.00000", "2018-09-30": "5321.00000", "2018-06-30": "4909.00000", "2018-03-31": "4115.00000", "2017-12-31": "5118.00000", "2017-09-30": "4470.00000", "2017-06-30": "4713.00000", "2017-03-31": "4048.00000", "2016-12-31": "3499.00000", "2016-09-30": "", "2016-06-30": "", "2016-03-31": "", "2015-12-31": "3376.00000", "2014-12-31": "5962.00000", "2013-12-31": ""}, "Total Liabilities": {"2020-09-30": "173971.00000", "2020-06-30": "167602.00000", "2020-03-31": "131649.00000", "2019-12-31": "132734.00000", "2019-09-30": "130657.00000", "2019-06-30": "126615.00000", "2019-03-31": "122740.00000", "2018-12-31": "117229.00000", "2018-09-30": "109135.00000", "2018-06-30": "106250.00000", "2018-03-31": "84862.00000", "2017-12-31": "90985.00000", "2017-09-30": "87392.00000", "2017-06-30": "85310.00000", "2017-03-31": "81623.00000", "2016-12-31": "79840.00000", "2016-09-30": "0.00000", "2016-06-30": "0.00000", "2016-03-31": "0.00000", "2015-12-31": "75491.00000", "2014-12-31": "78122.00000", "2013-12-31": "0.00000"}, "Common Stock Net": {"2020-09-30": "", "2020-06-30": "", "2020-03-31": "", "2019-12-31": "", "2019-09-30": "", "2019-06-30": "", "2019-03-31": "", "2018-12-31": "", "2018-09-30": "", "2018-06-30": "", "2018-03-31": "", "2017-12-31": "", "2017-09-30": "", "2017-06-30": "", "2017-03-31": "", "2016-12-31": "", "2016-09-30": "0.00000", "2016-06-30": "0.00000", "2016-03-31": "0.00000", "2015-12-31": "0.00000", "2014-12-31": "0.00000", "2013-12-31": "0.00000"}, "Retained Earnings (Accumulated Deficit)": {"2020-09-30": "7010.00000", "2020-06-30": "6437.00000", "2020-03-31": "5613.00000", "2019-12-31": "6939.00000", "2019-09-30": "6668.00000", "2019-06-30": "6461.00000", "2019-03-31": "5963.00000", "2018-12-31": "5286.00000", "2018-09-30": "5527.00000", "2018-06-30": "4887.00000", "2018-03-31": "4625.00000", "2017-12-31": "4255.00000", "2017-09-30": "4046.00000", "2017-06-30": "3772.00000", "2017-03-31": "3488.00000", "2016-12-31": "3070.00000", "2016-09-30": "", "2016-06-30": "", "2016-03-31": "", "2015-12-31": "2318.00000", "2014-12-31": "1758.00000", "2013-12-31": ""}, "Comprehensive Income": {"2020-09-30": "2888.00000", "2020-06-30": "2184.00000", "2020-03-31": "-1174.00000", "2019-12-31": "2281.00000", "2019-09-30": "2442.00000", "2019-06-30": "1760.00000", "2019-03-31": "706.00000", "2018-12-31": "-472.00000", "2018-09-30": "43.00000", "2018-06-30": "126.00000", "2018-03-31": "585.00000", "2017-12-31": "1449.00000", "2017-09-30": "1162.00000", "2017-06-30": "1060.00000", "2017-03-31": "673.00000", "2016-12-31": "367.00000", "2016-09-30": "", "2016-06-30": "", "2016-03-31": "", "2015-12-31": "", "2014-12-31": "", "2013-12-31": ""}, "Other Share Holders Equity": {"2020-09-30": "", "2020-06-30": "", "2020-03-31": "", "2019-12-31": "", "2019-09-30": "", "2019-06-30": "", "2019-03-31": "", "2018-12-31": "", "2018-09-30": "", "2018-06-30": "", "2018-03-31": "", "2017-12-31": "", "2017-09-30": "", "2017-06-30": "", "2017-03-31": "", "2016-12-31": "", "2016-09-30": "0.00000", "2016-06-30": "0.00000", "2016-03-31": "0.00000", "2015-12-31": "-236.00000", "2014-12-31": "677.00000", "2013-12-31": "0.00000"}, "Share Holder Equity": {"2020-09-30": "17117.00000", "2020-06-30": "15639.00000", "2020-03-31": "10530.00000", "2019-12-31": "14141.00000", "2019-09-30": "13545.00000", "2019-06-30": "12365.00000", "2019-03-31": "10117.00000", "2018-12-31": "8276.00000", "2018-09-30": "9069.00000", "2018-06-30": "8505.00000", "2018-03-31": "8695.00000", "2017-12-31": "9176.00000", "2017-09-30": "8669.00000", "2017-06-30": "8284.00000", "2017-03-31": "7597.00000", "2016-12-31": "6859.00000", "2016-09-30": "0.00000", "2016-06-30": "0.00000", "2016-03-31": "0.00000", "2015-12-31": "5363.00000", "2014-12-31": "4588.00000", "2013-12-31": "0.00000"}, "Total Liabilities And Share Holders Equity": {"2020-09-30": "191088.00000", "2020-06-30": "183241.00000", "2020-03-31": "142179.00000", "2019-12-31": "146875.00000", "2019-09-30": "144202.00000", "2019-06-30": "138980.00000", "2019-03-31": "132857.00000", "2018-12-31": "125505.00000", "2018-09-30": "118204.00000", "2018-06-30": "114755.00000", "2018-03-31": "93557.00000", "2017-12-31": "100161.00000", "2017-09-30": "96061.00000", "2017-06-30": "93594.00000", "2017-03-31": "89220.00000", "2016-12-31": "86699.00000", "2016-09-30": "0.00000", "2016-06-30": "0.00000", "2016-03-31": "0.00000", "2015-12-31": "80854.00000", "2014-12-31": "82710.00000", "2013-12-31": "0.00000"}}, "cash flow statement": {"Net Income/Loss": {"2019-12-31": "2185.00000", "2018-12-31": "1053.00000", "2017-12-31": "1358.00000", "2016-12-31": "768.00000", "2015-12-31": "578.00000", "2014-12-31": "478.00000", "2013-12-31": "997.00000"}, "Total Depreciation And Amortization - Cash Flow": {"2019-12-31": "938.00000", "2018-12-31": "50.00000", "2017-12-31": "215.00000", "2016-12-31": "185.00000", "2015-12-31": "150.00000", "2014-12-31": "201.00000", "2013-12-31": "149.00000"}, "Other Non-Cash Items": {"2019-12-31": "-3296.00000", "2018-12-31": "-285.00000", "2017-12-31": "-2717.00000", "2016-12-31": "-859.00000", "2015-12-31": "262.00000", "2014-12-31": "-1402.00000", "2013-12-31": "-2087.00000"}, "Total Non-Cash Items": {"2019-12-31": "-2358.00000", "2018-12-31": "-235.00000", "2017-12-31": "-2502.00000", "2016-12-31": "-674.00000", "2015-12-31": "412.00000", "2014-12-31": "-1201.00000", "2013-12-31": "-1938.00000"}, "Change In Accounts Receivable": {"2019-12-31": "", "2018-12-31": "", "2017-12-31": "", "2016-12-31": "", "2015-12-31": "", "2014-12-31": "", "2013-12-31": ""}, "Change In Inventories": {"2019-12-31": "", "2018-12-31": "", "2017-12-31": "", "2016-12-31": "", "2015-12-31": "", "2014-12-31": "", "2013-12-31": ""}, "Change In Accounts Payable": {"2019-12-31": "1043.00000", "2018-12-31": "2391.00000", "2017-12-31": "1928.00000", "2016-12-31": "310.00000", "2015-12-31": "-535.00000", "2014-12-31": "-698.00000", "2013-12-31": "719.00000"}, "Change In Assets/Liabilities": {"2019-12-31": "1788.00000", "2018-12-31": "-335.00000", "2017-12-31": "2383.00000", "2016-12-31": "764.00000", "2015-12-31": "586.00000", "2014-12-31": "2097.00000", "2013-12-31": "705.00000"}, "Total Change In Assets/Liabilities": {"2019-12-31": "2831.00000", "2018-12-31": "2056.00000", "2017-12-31": "4311.00000", "2016-12-31": "1074.00000", "2015-12-31": "51.00000", "2014-12-31": "1322.00000", "2013-12-31": "1350.00000"}, "Cash Flow From Operating Activities": {"2019-12-31": "2656.00000", "2018-12-31": "2874.00000", "2017-12-31": "3170.00000", "2016-12-31": "1199.00000", "2015-12-31": "1049.00000", "2014-12-31": "599.00000", "2013-12-31": "409.00000"}, "Net Change In Property, Plant, And Equipment": {"2019-12-31": "", "2018-12-31": "", "2017-12-31": "-72.00000", "2016-12-31": "-3.00000", "2015-12-31": "57.00000", "2014-12-31": "", "2013-12-31": ""}, "Net Change In Intangible Assets": {"2019-12-31": "", "2018-12-31": "", "2017-12-31": "", "2016-12-31": "", "2015-12-31": "", "2014-12-31": "", "2013-12-31": ""}, "Net Acquisitions/Divestitures": {"2019-12-31": "", "2018-12-31": "-296.00000", "2017-12-31": "", "2016-12-31": "", "2015-12-31": "162.00000", "2014-12-31": "33.00000", "2013-12-31": "1386.00000"}, "Net Change In Short-term Investments": {"2019-12-31": "-627.00000", "2018-12-31": "354.00000", "2017-12-31": "-3.00000", "2016-12-31": "-123.00000", "2015-12-31": "-243.00000", "2014-12-31": "239.00000", "2013-12-31": "633.00000"}, "Net Change In Long-Term Investments": {"2019-12-31": "-9488.00000", "2018-12-31": "-8648.00000", "2017-12-31": "-6962.00000", "2016-12-31": "-2166.00000", "2015-12-31": "-746.00000", "2014-12-31": "59.00000", "2013-12-31": "893.00000"}, "Net Change In Investments - Total": {"2019-12-31": "-10115.00000", "2018-12-31": "-8294.00000", "2017-12-31": "-6965.00000", "2016-12-31": "-2289.00000", "2015-12-31": "-989.00000", "2014-12-31": "298.00000", "2013-12-31": "1526.00000"}, "Investing Activities - Other": {"2019-12-31": "159.00000", "2018-12-31": "417.00000", "2017-12-31": "1268.00000", "2016-12-31": "-310.00000", "2015-12-31": "718.00000", "2014-12-31": "1001.00000", "2013-12-31": "93.00000"}, "Cash Flow From Investing Activities": {"2019-12-31": "-9956.00000", "2018-12-31": "-8173.00000", "2017-12-31": "-5769.00000", "2016-12-31": "-2602.00000", "2015-12-31": "-52.00000", "2014-12-31": "1332.00000", "2013-12-31": "3005.00000"}, "Net Long-Term Debt": {"2019-12-31": "", "2018-12-31": "998.00000", "2017-12-31": "", "2016-12-31": "-500.00000", "2015-12-31": "-4.00000", "2014-12-31": "-704.00000", "2013-12-31": "346.00000"}, "Net Current Debt": {"2019-12-31": "475.00000", "2018-12-31": "", "2017-12-31": "", "2016-12-31": "", "2015-12-31": "", "2014-12-31": "", "2013-12-31": ""}, "Debt Issuance/Retirement Net - Total": {"2019-12-31": "475.00000", "2018-12-31": "998.00000", "2017-12-31": "", "2016-12-31": "-500.00000", "2015-12-31": "-4.00000", "2014-12-31": "-704.00000", "2013-12-31": "346.00000"}, "Net Common Equity Issued/Repurchased": {"2019-12-31": "-832.00000", "2018-12-31": "-105.00000", "2017-12-31": "-10.00000", "2016-12-31": "-20.00000", "2015-12-31": "-3.00000", "2014-12-31": "-78.00000", "2013-12-31": ""}, "Net Total Equity Issued/Repurchased": {"2019-12-31": "340.00000", "2018-12-31": "-105.00000", "2017-12-31": "-10.00000", "2016-12-31": "-20.00000", "2015-12-31": "-3.00000", "2014-12-31": "-78.00000", "2013-12-31": ""}, "Total Common And Preferred Stock Dividends Paid": {"2019-12-31": "539.00000", "2018-12-31": "", "2017-12-31": "", "2016-12-31": "", "2015-12-31": "-30.00000", "2014-12-31": "21.00000", "2013-12-31": "-38.00000"}, "Financial Activities - Other": {"2019-12-31": "7183.00000", "2018-12-31": "2814.00000", "2017-12-31": "5058.00000", "2016-12-31": "1675.00000", "2015-12-31": "-907.00000", "2014-12-31": "-1567.00000", "2013-12-31": "-1049.00000"}, "Cash Flow From Financial Activities": {"2019-12-31": "8537.00000", "2018-12-31": "3707.00000", "2017-12-31": "5048.00000", "2016-12-31": "1155.00000", "2015-12-31": "-944.00000", "2014-12-31": "-2328.00000", "2013-12-31": "-741.00000"}, "Net Cash Flow": {"2019-12-31": "1237.00000", "2018-12-31": "-1592.00000", "2017-12-31": "2481.00000", "2016-12-31": "-261.00000", "2015-12-31": "49.00000", "2014-12-31": "-397.00000", "2013-12-31": "2673.00000"}, "Stock-Based Compensation": {"2019-12-31": "", "2018-12-31": "", "2017-12-31": "45.00000", "2016-12-31": "84.00000", "2015-12-31": "67.00000", "2014-12-31": "373.00000", "2013-12-31": "131.00000"}, "Common Stock Dividends Paid": {"2019-12-31": "575.00000", "2018-12-31": "", "2017-12-31": "", "2016-12-31": "", "2015-12-31": "-30.00000", "2014-12-31": "21.00000", "2013-12-31": "-38.00000"}}, "cash flow statement, quarterly": {"Net Income/Loss": {"2020-09-30": 884, "2020-06-30": 931, "2020-03-31": "-1216.00000", "2019-12-31": 464, "2019-09-30": 293, "2019-06-30": 720, "2019-03-31": "708.00000", "2018-12-31": -104, "2018-09-30": 623, "2018-06-30": 257, "2018-03-31": "277.00000", "2017-12-31": 374, "2017-09-30": 274, "2017-06-30": 326, "2017-03-31": "384.00000", "2016-12-31": 401, "2016-09-30": 126, "2016-06-30": 191, "2016-03-31": "87.00000", "2015-12-31": 100, "2014-12-31": -519, "2013-12-31": 997}, "Total Depreciation And Amortization - Cash Flow": {"2020-09-30": 299, "2020-06-30": 311, "2020-03-31": "-465.00000", "2019-12-31": 145, "2019-09-30": 337, "2019-06-30": 253, "2019-03-31": "203.00000", "2018-12-31": -80, "2018-09-30": 15, "2018-06-30": 58, "2018-03-31": "57.00000", "2017-12-31": -78, "2017-09-30": 93, "2017-06-30": 132, "2017-03-31": "68.00000", "2016-12-31": 79, "2016-09-30": 101, "2016-06-30": 37, "2016-03-31": "-42.00000", "2015-12-31": -51, "2014-12-31": 52, "2013-12-31": 149}, "Other Non-Cash Items": {"2020-09-30": -1753, "2020-06-30": -1443, "2020-03-31": "2375.00000", "2019-12-31": -999, "2019-09-30": -370, "2019-06-30": -829, "2019-03-31": "-1098.00000", "2018-12-31": 1242, "2018-09-30": -963, "2018-06-30": -616, "2018-03-31": "52.00000", "2017-12-31": -1022, "2017-09-30": -438, "2017-06-30": -587, "2017-03-31": "-670.00000", "2016-12-31": -270, "2016-09-30": -455, "2016-06-30": -188, "2016-03-31": "54.00000", "2015-12-31": 0, "2014-12-31": 0, "2013-12-31": 0}, "Total Non-Cash Items": {"2020-09-30": -1454, "2020-06-30": -1132, "2020-03-31": "1910.00000", "2019-12-31": -854, "2019-09-30": -33, "2019-06-30": -576, "2019-03-31": "-895.00000", "2018-12-31": 1162, "2018-09-30": -948, "2018-06-30": -558, "2018-03-31": "109.00000", "2017-12-31": -1100, "2017-09-30": -345, "2017-06-30": -455, "2017-03-31": "-602.00000", "2016-12-31": 668, "2016-09-30": -354, "2016-06-30": -151, "2016-03-31": "12.00000", "2015-12-31": -51, "2014-12-31": 52, "2013-12-31": 149}, "Change In Accounts Receivable": {"2020-09-30": 0, "2020-06-30": 0, "2020-03-31": "", "2019-12-31": 0, "2019-09-30": 0, "2019-06-30": 0, "2019-03-31": "", "2018-12-31": 0, "2018-09-30": 0, "2018-06-30": 0, "2018-03-31": "", "2017-12-31": 0, "2017-09-30": 0, "2017-06-30": 0, "2017-03-31": "", "2016-12-31": 0, "2016-09-30": 0, "2016-06-30": 0, "2016-03-31": "", "2015-12-31": 0, "2014-12-31": 0, "2013-12-31": 0}, "Change In Inventories": {"2020-09-30": 0, "2020-06-30": 0, "2020-03-31": "", "2019-12-31": 0, "2019-09-30": 0, "2019-06-30": 0, "2019-03-31": "", "2018-12-31": 0, "2018-09-30": 0, "2018-06-30": 0, "2018-03-31": "", "2017-12-31": 0, "2017-09-30": 0, "2017-06-30": 0, "2017-03-31": "", "2016-12-31": 0, "2016-09-30": 0, "2016-06-30": 0, "2016-03-31": "", "2015-12-31": 0, "2014-12-31": 0, "2013-12-31": 0}, "Change In Accounts Payable": {"2020-09-30": 301, "2020-06-30": -181, "2020-03-31": "191.00000", "2019-12-31": 169, "2019-09-30": 29, "2019-06-30": 261, "2019-03-31": "584.00000", "2018-12-31": 1464, "2018-09-30": 712, "2018-06-30": -91, "2018-03-31": "306.00000", "2017-12-31": 1535, "2017-09-30": 15, "2017-06-30": 417, "2017-03-31": "-39.00000", "2016-12-31": 108, "2016-09-30": 207, "2016-06-30": 71, "2016-03-31": "-76.00000", "2015-12-31": 0, "2014-12-31": 0, "2013-12-31": 0}, "Change In Assets/Liabilities": {"2020-09-30": -208, "2020-06-30": 1013, "2020-03-31": "-114.00000", "2019-12-31": 894, "2019-09-30": 113, "2019-06-30": 169, "2019-03-31": "612.00000", "2018-12-31": -791, "2018-09-30": 330, "2018-06-30": 245, "2018-03-31": "-119.00000", "2017-12-31": 1017, "2017-09-30": 324, "2017-06-30": 357, "2017-03-31": "685.00000", "2016-12-31": -77, "2016-09-30": 309, "2016-06-30": 206, "2016-03-31": "326.00000", "2015-12-31": 0, "2014-12-31": 0, "2013-12-31": 0}, "Total Change In Assets/Liabilities": {"2020-09-30": 93, "2020-06-30": 832, "2020-03-31": "77.00000", "2019-12-31": 1063, "2019-09-30": 142, "2019-06-30": 430, "2019-03-31": "1196.00000", "2018-12-31": 673, "2018-09-30": 1042, "2018-06-30": 154, "2018-03-31": "187.00000", "2017-12-31": 2552, "2017-09-30": 339, "2017-06-30": 774, "2017-03-31": "646.00000", "2016-12-31": 44, "2016-09-30": 488, "2016-06-30": 276, "2016-03-31": "289.00000", "2015-12-31": -1299, "2014-12-31": -28, "2013-12-31": 1350}, "Cash Flow From Operating Activities": {"2020-09-30": -477, "2020-06-30": 631, "2020-03-31": "771.00000", "2019-12-31": 671, "2019-09-30": 402, "2019-06-30": 574, "2019-03-31": "1009.00000", "2018-12-31": 1731, "2018-09-30": 716, "2018-06-30": -146, "2018-03-31": "573.00000", "2017-12-31": 1828, "2017-09-30": 269, "2017-06-30": 644, "2017-03-31": "429.00000", "2016-12-31": 235, "2016-09-30": 260, "2016-06-30": 316, "2016-03-31": "388.00000", "2015-12-31": 450, "2014-12-31": 190, "2013-12-31": 409}, "Net Change In Property, Plant, And Equipment": {"2020-09-30": 0, "2020-06-30": 0, "2020-03-31": "", "2019-12-31": 0, "2019-09-30": 0, "2019-06-30": 0, "2019-03-31": "", "2018-12-31": 0, "2018-09-30": -6309, "2018-06-30": 6309, "2018-03-31": "", "2017-12-31": -93, "2017-09-30": -5953, "2017-06-30": 5981, "2017-03-31": "-7.00000", "2016-12-31": 22, "2016-09-30": -4, "2016-06-30": -15, "2016-03-31": "-6.00000", "2015-12-31": 57, "2014-12-31": 0, "2013-12-31": 0}, "Net Change In Intangible Assets": {"2020-09-30": 0, "2020-06-30": 0, "2020-03-31": "", "2019-12-31": 0, "2019-09-30": 0, "2019-06-30": 0, "2019-03-31": "", "2018-12-31": 0, "2018-09-30": 0, "2018-06-30": 0, "2018-03-31": "", "2017-12-31": 0, "2017-09-30": 0, "2017-06-30": 0, "2017-03-31": "", "2016-12-31": 0, "2016-09-30": 0, "2016-06-30": 0, "2016-03-31": "", "2015-12-31": 0, "2014-12-31": 0, "2013-12-31": 0}, "Net Acquisitions/Divestitures": {"2020-09-30": 3, "2020-06-30": -3, "2020-03-31": "", "2019-12-31": 0, "2019-09-30": 0, "2019-06-30": 0, "2019-03-31": "", "2018-12-31": 0, "2018-09-30": 0, "2018-06-30": 0, "2018-03-31": "-296.00000", "2017-12-31": 0, "2017-09-30": 0, "2017-06-30": 0, "2017-03-31": "", "2016-12-31": 0, "2016-09-30": 0, "2016-06-30": 0, "2016-03-31": "", "2015-12-31": 129, "2014-12-31": -1353, "2013-12-31": 1386}, "Net Change In Short-term Investments": {"2020-09-30": 91, "2020-06-30": 186, "2020-03-31": "-15.00000", "2019-12-31": -18, "2019-09-30": -274, "2019-06-30": -120, "2019-03-31": "-215.00000", "2018-12-31": -427, "2018-09-30": 726, "2018-06-30": 162, "2018-03-31": "-107.00000", "2017-12-31": -9532, "2017-09-30": 9463, "2017-06-30": 39, "2017-03-31": "27.00000", "2016-12-31": -3, "2016-09-30": 457, "2016-06-30": -276, "2016-03-31": "-301.00000", "2015-12-31": 0, "2014-12-31": 0, "2013-12-31": 0}, "Net Change In Long-Term Investments": {"2020-09-30": -2668, "2020-06-30": -4491, "2020-03-31": "-420.00000", "2019-12-31": -2162, "2019-09-30": -2940, "2019-06-30": -1255, "2019-03-31": "-3131.00000", "2018-12-31": -1289, "2018-09-30": 3208, "2018-06-30": -7532, "2018-03-31": "-3035.00000", "2017-12-31": -6308, "2017-09-30": 9067, "2017-06-30": -8047, "2017-03-31": "-1674.00000", "2016-12-31": -736, "2016-09-30": -2027, "2016-06-30": 357, "2016-03-31": "240.00000", "2015-12-31": 0, "2014-12-31": 0, "2013-12-31": 0}, "Net Change In Investments - Total": {"2020-09-30": -2577, "2020-06-30": -4305, "2020-03-31": "-435.00000", "2019-12-31": -2180, "2019-09-30": -3214, "2019-06-30": -1375, "2019-03-31": "-3346.00000", "2018-12-31": -1716, "2018-09-30": 3934, "2018-06-30": -7370, "2018-03-31": "-3142.00000", "2017-12-31": -15840, "2017-09-30": 18530, "2017-06-30": -8008, "2017-03-31": "-1647.00000", "2016-12-31": -739, "2016-09-30": -1570, "2016-06-30": 81, "2016-03-31": "-61.00000", "2015-12-31": -1287, "2014-12-31": -1228, "2013-12-31": 1526}, "Investing Activities - Other": {"2020-09-30": 211, "2020-06-30": -50, "2020-03-31": "57.00000", "2019-12-31": -517, "2019-09-30": -27, "2019-06-30": 133, "2019-03-31": "570.00000", "2018-12-31": -403, "2018-09-30": 133, "2018-06-30": 133, "2018-03-31": "554.00000", "2017-12-31": 14623, "2017-09-30": -14444, "2017-06-30": 563, "2017-03-31": "526.00000", "2016-12-31": -203, "2016-09-30": -75, "2016-06-30": -214, "2016-03-31": "182.00000", "2015-12-31": -283, "2014-12-31": 908, "2013-12-31": 93}, "Cash Flow From Investing Activities": {"2020-09-30": -2363, "2020-06-30": -4358, "2020-03-31": "-378.00000", "2019-12-31": -2697, "2019-09-30": -3241, "2019-06-30": -1242, "2019-03-31": "-2776.00000", "2018-12-31": -2119, "2018-09-30": -2242, "2018-06-30": -928, "2018-03-31": "-2884.00000", "2017-12-31": -1310, "2017-09-30": -1867, "2017-06-30": -1464, "2017-03-31": "-1128.00000", "2016-12-31": -920, "2016-09-30": -1649, "2016-06-30": -148, "2016-03-31": "115.00000", "2015-12-31": -1384, "2014-12-31": -1673, "2013-12-31": 3005}, "Net Long-Term Debt": {"2020-09-30": 0, "2020-06-30": 574, "2020-03-31": "-75.00000", "2019-12-31": 0, "2019-09-30": 0, "2019-06-30": 0, "2019-03-31": "", "2018-12-31": 0, "2018-09-30": 0, "2018-06-30": 0, "2018-03-31": "998.00000", "2017-12-31": 0, "2017-09-30": 0, "2017-06-30": 0, "2017-03-31": "", "2016-12-31": 0, "2016-09-30": -500, "2016-06-30": 0, "2016-03-31": "", "2015-12-31": 0, "2014-12-31": 0, "2013-12-31": 0}, "Net Current Debt": {"2020-09-30": 0, "2020-06-30": -75, "2020-03-31": "", "2019-12-31": 475, "2019-09-30": 0, "2019-06-30": 0, "2019-03-31": "", "2018-12-31": 0, "2018-09-30": -183, "2018-06-30": 183, "2018-03-31": "", "2017-12-31": 0, "2017-09-30": 0, "2017-06-30": 0, "2017-03-31": "", "2016-12-31": 0, "2016-09-30": 0, "2016-06-30": 0, "2016-03-31": "", "2015-12-31": 0, "2014-12-31": 0, "2013-12-31": 0}, "Debt Issuance/Retirement Net - Total": {"2020-09-30": 0, "2020-06-30": 499, "2020-03-31": "-75.00000", "2019-12-31": 475, "2019-09-30": 0, "2019-06-30": 0, "2019-03-31": "", "2018-12-31": 0, "2018-09-30": -183, "2018-06-30": 183, "2018-03-31": "998.00000", "2017-12-31": 0, "2017-09-30": 0, "2017-06-30": 0, "2017-03-31": "", "2016-12-31": 0, "2016-09-30": -500, "2016-06-30": 0, "2016-03-31": "", "2015-12-31": 700, "2014-12-31": -1050, "2013-12-31": 346}, "Net Common Equity Issued/Repurchased": {"2020-09-30": -97, "2020-06-30": 0, "2020-03-31": "22.00000", "2019-12-31": -284, "2019-09-30": -121, "2019-06-30": -376, "2019-03-31": "-51.00000", "2018-12-31": -100, "2018-09-30": 0, "2018-06-30": -2, "2018-03-31": "-3.00000", "2017-12-31": -2, "2017-09-30": 0, "2017-06-30": -6, "2017-03-31": "-2.00000", "2016-12-31": -18, "2016-09-30": -1, "2016-06-30": 0, "2016-03-31": "-1.00000", "2015-12-31": 0, "2014-12-31": 0, "2013-12-31": 0}, "Net Total Equity Issued/Repurchased": {"2020-09-30": -97, "2020-06-30": 583, "2020-03-31": "22.00000", "2019-12-31": -284, "2019-09-30": 212, "2019-06-30": 463, "2019-03-31": "-51.00000", "2018-12-31": -100, "2018-09-30": 0, "2018-06-30": -2, "2018-03-31": "-3.00000", "2017-12-31": -2, "2017-09-30": 0, "2017-06-30": -6, "2017-03-31": "-2.00000", "2016-12-31": -18, "2016-09-30": -1, "2016-06-30": 0, "2016-03-31": "-1.00000", "2015-12-31": 75, "2014-12-31": -78, "2013-12-31": 0}, "Total Common And Preferred Stock Dividends Paid": {"2020-09-30": -30, "2020-06-30": -19, "2020-03-31": "-64.00000", "2019-12-31": 556, "2019-09-30": -17, "2019-06-30": 0, "2019-03-31": "", "2018-12-31": 0, "2018-09-30": 0, "2018-06-30": 0, "2018-03-31": "", "2017-12-31": 0, "2017-09-30": 0, "2017-06-30": 0, "2017-03-31": "", "2016-12-31": 0, "2016-09-30": 0, "2016-06-30": 0, "2016-03-31": "", "2015-12-31": 67, "2014-12-31": -59, "2013-12-31": -38}, "Financial Activities - Other": {"2020-09-30": 4227, "2020-06-30": 4201, "2020-03-31": "1087.00000", "2019-12-31": 1886, "2019-09-30": 1440, "2019-06-30": 1924, "2019-03-31": "1933.00000", "2018-12-31": -50, "2018-09-30": 1864, "2018-06-30": 1856, "2018-03-31": "-856.00000", "2017-12-31": 771, "2017-09-30": 1710, "2017-06-30": 1758, "2017-03-31": "819.00000", "2016-12-31": 606, "2016-09-30": 1142, "2016-06-30": 422, "2016-03-31": "-495.00000", "2015-12-31": 575, "2014-12-31": -400, "2013-12-31": -1049}, "Cash Flow From Financial Activities": {"2020-09-30": 4100, "2020-06-30": 5264, "2020-03-31": "970.00000", "2019-12-31": 2633, "2019-09-30": 1635, "2019-06-30": 2387, "2019-03-31": "1882.00000", "2018-12-31": -150, "2018-09-30": 1681, "2018-06-30": 2037, "2018-03-31": "139.00000", "2017-12-31": 769, "2017-09-30": 1710, "2017-06-30": 1752, "2017-03-31": "817.00000", "2016-12-31": 588, "2016-09-30": 641, "2016-06-30": 422, "2016-03-31": "-496.00000", "2015-12-31": 1417, "2014-12-31": -1587, "2013-12-31": -741}, "Net Cash Flow": {"2020-09-30": 1253, "2020-06-30": 1538, "2020-03-31": "1341.00000", "2019-12-31": 607, "2019-09-30": -1204, "2019-06-30": 1719, "2019-03-31": "115.00000", "2018-12-31": -538, "2018-09-30": 155, "2018-06-30": 963, "2018-03-31": "-2172.00000", "2017-12-31": 1289, "2017-09-30": 123, "2017-06-30": 947, "2017-03-31": "122.00000", "2016-12-31": -108, "2016-09-30": -746, "2016-06-30": 576, "2016-03-31": "17.00000", "2015-12-31": 479, "2014-12-31": -3070, "2013-12-31": 2673}, "Stock-Based Compensation": {"2020-09-30": 0, "2020-06-30": 0, "2020-03-31": "", "2019-12-31": 0, "2019-09-30": 0, "2019-06-30": 0, "2019-03-31": "", "2018-12-31": 0, "2018-09-30": 0, "2018-06-30": 0, "2018-03-31": "", "2017-12-31": 5, "2017-09-30": 11, "2017-06-30": 16, "2017-03-31": "13.00000", "2016-12-31": 23, "2016-09-30": 47, "2016-06-30": 29, "2016-03-31": "-15.00000", "2015-12-31": 0, "2014-12-31": 0, "2013-12-31": 0}, "Common Stock Dividends Paid": {"2020-09-30": 0, "2020-06-30": 0, "2020-03-31": "-46.00000", "2019-12-31": 575, "2019-09-30": 0, "2019-06-30": 0, "2019-03-31": "", "2018-12-31": 0, "2018-09-30": 0, "2018-06-30": 0, "2018-03-31": "", "2017-12-31": 0, "2017-09-30": 0, "2017-06-30": 0, "2017-03-31": "", "2016-12-31": 0, "2016-09-30": 0, "2016-06-30": 0, "2016-03-31": "", "2015-12-31": 0, "2014-12-31": 0, "2013-12-31": 0}}, "financial ratios": {"Current Ratio": {"2019-12-31": "", "2018-12-31": "", "2017-12-31": "", "2016-12-31": "", "2015-12-31": "", "2014-12-31": "", "2013-12-31": ""}, "Long-term Debt / Capital": {"2019-12-31": "0.06560", "2018-12-31": "0.10690", "2017-12-31": "", "2016-12-31": "", "2015-12-31": "0.08530", "2014-12-31": "0.30540", "2013-12-31": ""}, "Debt/Equity Ratio": {"2019-12-31": "0.10370", "2018-12-31": "0.11970", "2017-12-31": "", "2016-12-31": "", "2015-12-31": "0.09320", "2014-12-31": "0.43960", "2013-12-31": ""}, "Gross Margin": {"2019-12-31": "", "2018-12-31": "", "2017-12-31": "", "2016-12-31": "", "2015-12-31": "", "2014-12-31": "", "2013-12-31": ""}, "Operating Margin": {"2019-12-31": "14.15920", "2018-12-31": "17.70380", "2017-12-31": "16.77550", "2016-12-31": "17.44210", "2015-12-31": "22.53630", "2014-12-31": "12.97560", "2013-12-31": "56.54660"}, "EBIT Margin": {"2019-12-31": "14.15920", "2018-12-31": "17.70380", "2017-12-31": "16.77550", "2016-12-31": "17.75880", "2015-12-31": "23.18560", "2014-12-31": "13.92680", "2013-12-31": "58.54770"}, "EBITDA Margin": {"2019-12-31": "19.92870", "2018-12-31": "18.45710", "2017-12-31": "19.23910", "2016-12-31": "22.26550", "2015-12-31": "28.91520", "2014-12-31": "18.82930", "2013-12-31": "67.06690"}, "Pre-Tax Profit Margin": {"2019-12-31": "14.15920", "2018-12-31": "17.70380", "2017-12-31": "16.77550", "2016-12-31": "17.44210", "2015-12-31": "22.53630", "2014-12-31": "12.97560", "2013-12-31": "56.54660"}, "Net Profit Margin": {"2019-12-31": "13.13820", "2018-12-31": "15.86560", "2017-12-31": "15.56090", "2016-12-31": "18.70890", "2015-12-31": "21.46680", "2014-12-31": "11.29270", "2013-12-31": "52.37280"}, "Asset Turnover": {"2019-12-31": "0.11070", "2018-12-31": "0.05290", "2017-12-31": "0.08710", "2016-12-31": "0.04730", "2015-12-31": "0.03240", "2014-12-31": "0.04960", "2013-12-31": ""}, "Inventory Turnover Ratio": {"2019-12-31": "", "2018-12-31": "", "2017-12-31": "", "2016-12-31": "", "2015-12-31": "", "2014-12-31": "", "2013-12-31": ""}, "Receiveable Turnover": {"2019-12-31": "", "2018-12-31": "", "2017-12-31": "", "2016-12-31": "", "2015-12-31": "", "2014-12-31": "", "2013-12-31": ""}, "Days Sales In Receivables": {"2019-12-31": "", "2018-12-31": "", "2017-12-31": "", "2016-12-31": "", "2015-12-31": "", "2014-12-31": "", "2013-12-31": ""}, "ROE - Return On Equity": {"2019-12-31": "15.45150", "2018-12-31": "12.72350", "2017-12-31": "14.79950", "2016-12-31": "11.19700", "2015-12-31": "10.77760", "2014-12-31": "10.41850", "2013-12-31": ""}, "Return On Tangible Equity": {"2019-12-31": "15.45150", "2018-12-31": "12.72350", "2017-12-31": "14.79950", "2016-12-31": "11.19700", "2015-12-31": "10.77760", "2014-12-31": "10.95830", "2013-12-31": ""}, "ROA - Return On Assets": {"2019-12-31": "1.48770", "2018-12-31": "0.83900", "2017-12-31": "1.35580", "2016-12-31": "0.88580", "2015-12-31": "0.71490", "2014-12-31": "0.57790", "2013-12-31": ""}, "ROI - Return On Investment": {"2019-12-31": "14.43860", "2018-12-31": "11.36290", "2017-12-31": "14.79950", "2016-12-31": "11.19700", "2015-12-31": "9.85840", "2014-12-31": "7.23690", "2013-12-31": ""}, "Book Value Per Share": {"2019-12-31": "79.57790", "2018-12-31": "41.98880", "2017-12-31": "45.90300", "2016-12-31": "21.96870", "2015-12-31": "26.47250", "2014-12-31": "22.86110", "2013-12-31": ""}, "Operating Cash Flow Per Share": {"2019-12-31": -0.3127, "2018-12-31": -1.2779, "2017-12-31": 9.5406, "2016-12-31": 0.2423, "2015-12-31": 1.4181, "2014-12-31": 1.017, "2013-12-31": 3.5531}, "Free Cash Flow Per Share": {"2019-12-31": -0.3127, "2018-12-31": -0.9197, "2017-12-31": 9.198, "2016-12-31": -0.0986, "2015-12-31": 1.7434, "2014-12-31": 1.017, "2013-12-31": 3.5531}}, "financial ratios, quarterly": {"Current Ratio": {"2020-09-30": "", "2020-06-30": "", "2020-03-31": "", "2019-12-31": "", "2019-09-30": "", "2019-06-30": "", "2019-03-31": "", "2018-12-31": "", "2018-09-30": "", "2018-06-30": "", "2018-03-31": "", "2017-12-31": "", "2017-09-30": "", "2017-06-30": "", "2017-03-31": "", "2016-12-31": "", "2016-09-30": "", "2016-06-30": "", "2016-03-31": "", "2015-12-31": "", "2014-12-31": "", "2013-12-31": ""}, "Long-term Debt / Capital": {"2020-09-30": "0.07990", "2020-06-30": "0.08680", "2020-03-31": "0.08560", "2019-12-31": "0.06560", "2019-09-30": "0.06820", "2019-06-30": "0.07420", "2019-03-31": "0.08920", "2018-12-31": "0.10690", "2018-09-30": "0.09870", "2018-06-30": "0.10440", "2018-03-31": "0.10240", "2017-12-31": "", "2017-09-30": "", "2017-06-30": "", "2017-03-31": "", "2016-12-31": "", "2016-09-30": "", "2016-06-30": "", "2016-03-31": "", "2015-12-31": "", "2014-12-31": "", "2013-12-31": ""}, "Debt/Equity Ratio": {"2020-09-30": "0.08690", "2020-06-30": "0.09500", "2020-03-31": "0.13160", "2019-12-31": "0.10370", "2019-09-30": "0.07320", "2019-06-30": "0.08010", "2019-03-31": "0.09800", "2018-12-31": "0.11970", "2018-09-30": "0.10950", "2018-06-30": "0.13800", "2018-03-31": "0.11410", "2017-12-31": "", "2017-09-30": "", "2017-06-30": "", "2017-03-31": "", "2016-12-31": "", "2016-09-30": "", "2016-06-30": "", "2016-03-31": "", "2015-12-31": "", "2014-12-31": "", "2013-12-31": ""}, "Gross Margin": {"2020-09-30": "", "2020-06-30": "", "2020-03-31": "", "2019-12-31": "", "2019-09-30": "", "2019-06-30": "", "2019-03-31": "", "2018-12-31": "", "2018-09-30": "", "2018-06-30": "", "2018-03-31": "", "2017-12-31": "", "2017-09-30": "", "2017-06-30": "", "2017-03-31": "", "2016-12-31": "", "2016-09-30": "", "2016-06-30": "", "2016-03-31": "", "2015-12-31": "", "2014-12-31": "", "2013-12-31": ""}, "Operating Margin": {"2020-09-30": "31.26720", "2020-06-30": "24.57940", "2020-03-31": "89.21890", "2019-12-31": "16.36980", "2019-09-30": "6.08640", "2019-06-30": "21.91060", "2019-03-31": "14.81480", "2018-12-31": "-11.77890", "2018-09-30": "26.35870", "2018-06-30": "17.81350", "2018-03-31": "31.84970", "2017-12-31": "11.02790", "2017-09-30": "19.95930", "2017-06-30": "19.11510", "2017-03-31": "25.07720", "2016-12-31": "36.44070", "2016-09-30": "2.98740", "2016-06-30": "19.90430", "2016-03-31": "12.18840", "2015-12-31": "", "2014-12-31": "", "2013-12-31": ""}, "EBIT Margin": {"2020-09-30": "31.26720", "2020-06-30": "24.57940", "2020-03-31": "89.21890", "2019-12-31": "16.36980", "2019-09-30": "6.08640", "2019-06-30": "21.91060", "2019-03-31": "14.81480", "2018-12-31": "-11.77890", "2018-09-30": "26.35870", "2018-06-30": "17.81350", "2018-03-31": "31.84970", "2017-12-31": "11.02790", "2017-09-30": "19.95930", "2017-06-30": "19.11510", "2017-03-31": "25.07720", "2016-12-31": "36.44070", "2016-09-30": "2.98740", "2016-06-30": "19.90430", "2016-03-31": "12.74240", "2015-12-31": "", "2014-12-31": "", "2013-12-31": ""}, "EBITDA Margin": {"2020-09-30": "", "2020-06-30": "", "2020-03-31": "", "2019-12-31": "", "2019-09-30": "", "2019-06-30": "", "2019-03-31": "", "2018-12-31": "", "2018-09-30": "", "2018-06-30": "", "2018-03-31": "", "2017-12-31": "", "2017-09-30": "", "2017-06-30": "", "2017-03-31": "", "2016-12-31": "", "2016-09-30": "", "2016-06-30": "", "2016-03-31": "", "2015-12-31": "", "2014-12-31": "", "2013-12-31": ""}, "Pre-Tax Profit Margin": {"2020-09-30": "31.26720", "2020-06-30": "24.57940", "2020-03-31": "89.21890", "2019-12-31": "16.36980", "2019-09-30": "6.08640", "2019-06-30": "21.91060", "2019-03-31": "14.81480", "2018-12-31": "-11.77890", "2018-09-30": "26.35870", "2018-06-30": "17.81350", "2018-03-31": "31.84970", "2017-12-31": "11.02790", "2017-09-30": "19.95930", "2017-06-30": "19.11510", "2017-03-31": "25.07720", "2016-12-31": "35.96990", "2016-09-30": "2.98740", "2016-06-30": "19.90430", "2016-03-31": "12.18840", "2015-12-31": "", "2014-12-31": "", "2013-12-31": ""}, "Net Profit Margin": {"2020-09-30": "18.99240", "2020-06-30": "18.73580", "2020-03-31": "68.75400", "2019-12-31": "13.26780", "2019-09-30": "6.02090", "2019-06-30": "21.03420", "2019-03-31": "14.17420", "2018-12-31": "-8.33330", "2018-09-30": "24.18480", "2018-06-30": "14.26190", "2018-03-31": "27.39860", "2017-12-31": "9.65910", "2017-09-30": "18.60150", "2017-06-30": "18.49120", "2017-03-31": "23.71840", "2016-12-31": "34.65160", "2016-09-30": "9.90570", "2016-06-30": "18.46890", "2016-03-31": "12.04990", "2015-12-31": "", "2014-12-31": "", "2013-12-31": ""}, "Asset Turnover": {"2020-09-30": "0.01710", "2020-06-30": "0.02400", "2020-03-31": "-0.01090", "2019-12-31": "0.02220", "2019-09-30": "0.03180", "2019-06-30": "0.02460", "2019-03-31": "0.03760", "2018-12-31": "0.00990", "2018-09-30": "0.02180", "2018-06-30": "0.01570", "2018-03-31": "0.01080", "2017-12-31": "0.03870", "2017-09-30": "0.01530", "2017-06-30": "0.01880", "2017-03-31": "0.01810", "2016-12-31": "0.01220", "2016-09-30": "", "2016-06-30": "", "2016-03-31": "", "2015-12-31": "", "2014-12-31": "", "2013-12-31": ""}, "Inventory Turnover Ratio": {"2020-09-30": "", "2020-06-30": "", "2020-03-31": "", "2019-12-31": "", "2019-09-30": "", "2019-06-30": "", "2019-03-31": "", "2018-12-31": "", "2018-09-30": "", "2018-06-30": "", "2018-03-31": "", "2017-12-31": "", "2017-09-30": "", "2017-06-30": "", "2017-03-31": "", "2016-12-31": "", "2016-09-30": "", "2016-06-30": "", "2016-03-31": "", "2015-12-31": "", "2014-12-31": "", "2013-12-31": ""}, "Receiveable Turnover": {"2020-09-30": "", "2020-06-30": "", "2020-03-31": "", "2019-12-31": "", "2019-09-30": "", "2019-06-30": "", "2019-03-31": "", "2018-12-31": "", "2018-09-30": "", "2018-06-30": "", "2018-03-31": "", "2017-12-31": "", "2017-09-30": "", "2017-06-30": "", "2017-03-31": "", "2016-12-31": "", "2016-09-30": "", "2016-06-30": "", "2016-03-31": "", "2015-12-31": "", "2014-12-31": "", "2013-12-31": ""}, "Days Sales In Receivables": {"2020-09-30": "", "2020-06-30": "", "2020-03-31": "", "2019-12-31": "", "2019-09-30": "", "2019-06-30": "", "2019-03-31": "", "2018-12-31": "", "2018-09-30": "", "2018-06-30": "", "2018-03-31": "", "2017-12-31": "", "2017-09-30": "", "2017-06-30": "", "2017-03-31": "", "2016-12-31": "", "2016-09-30": "", "2016-06-30": "", "2016-03-31": "", "2015-12-31": "", "2014-12-31": "", "2013-12-31": ""}, "ROE - Return On Equity": {"2020-09-30": "5.16450", "2020-06-30": "5.95310", "2020-03-31": "-11.54800", "2019-12-31": "3.28120", "2019-09-30": "2.16320", "2019-06-30": "5.82290", "2019-03-31": "6.99810", "2018-12-31": "-1.25660", "2018-09-30": "6.86960", "2018-06-30": "3.02180", "2018-03-31": "3.18570", "2017-12-31": "4.07590", "2017-09-30": "3.16070", "2017-06-30": "3.93530", "2017-03-31": "5.05460", "2016-12-31": "5.36520", "2016-09-30": "", "2016-06-30": "", "2016-03-31": "", "2015-12-31": "", "2014-12-31": "", "2013-12-31": ""}, "Return On Tangible Equity": {"2020-09-30": "5.16450", "2020-06-30": "5.95310", "2020-03-31": "-11.54800", "2019-12-31": "3.28120", "2019-09-30": "2.16320", "2019-06-30": "5.82290", "2019-03-31": "6.99810", "2018-12-31": "-1.25660", "2018-09-30": "6.86960", "2018-06-30": "3.02180", "2018-03-31": "3.18570", "2017-12-31": "4.07590", "2017-09-30": "3.16070", "2017-06-30": "3.93530", "2017-03-31": "5.05460", "2016-12-31": "5.36520", "2016-09-30": "", "2016-06-30": "", "2016-03-31": "", "2015-12-31": "", "2014-12-31": "", "2013-12-31": ""}, "ROA - Return On Assets": {"2020-09-30": "0.46260", "2020-06-30": "0.50810", "2020-03-31": "-0.85530", "2019-12-31": "0.31590", "2019-09-30": "0.20320", "2019-06-30": "0.51810", "2019-03-31": "0.53290", "2018-12-31": "-0.08290", "2018-09-30": "0.52710", "2018-06-30": "0.22400", "2018-03-31": "0.29610", "2017-12-31": "0.37340", "2017-09-30": "0.28520", "2017-06-30": "0.34830", "2017-03-31": "0.43040", "2016-12-31": "0.42450", "2016-09-30": "", "2016-06-30": "", "2016-03-31": "", "2015-12-31": "", "2014-12-31": "", "2013-12-31": ""}, "ROI - Return On Investment": {"2020-09-30": "4.75170", "2020-06-30": "5.43650", "2020-03-31": "-10.55920", "2019-12-31": "3.06610", "2019-09-30": "2.01550", "2019-06-30": "5.39080", "2019-03-31": "6.37380", "2018-12-31": "-1.12230", "2018-09-30": "6.19160", "2018-06-30": "2.70640", "2018-03-31": "2.85950", "2017-12-31": "4.07590", "2017-09-30": "3.16070", "2017-06-30": "3.93530", "2017-03-31": "5.05460", "2016-12-31": "5.36520", "2016-09-30": "", "2016-06-30": "", "2016-03-31": "", "2015-12-31": "", "2014-12-31": "", "2013-12-31": ""}, "Book Value Per Share": {"2020-09-30": "89.38380", "2020-06-30": "80.48890", "2020-03-31": "54.19450", "2019-12-31": "79.57790", "2019-09-30": "73.37490", "2019-06-30": "65.94670", "2019-03-31": "51.56470", "2018-12-31": "41.98880", "2018-09-30": "45.40020", "2018-06-30": "42.56500", "2018-03-31": "43.50760", "2017-12-31": "45.90300", "2017-09-30": "43.33010", "2017-06-30": "41.40590", "2017-03-31": "37.90180", "2016-12-31": "21.96870", "2016-09-30": "", "2016-06-30": "", "2016-03-31": "", "2015-12-31": "", "2014-12-31": "", "2013-12-31": ""}, "Operating Cash Flow Per Share": {"2020-09-30": -2.8928, "2020-06-30": 2.9142, "2020-03-31": "4.20620", "2019-12-31": 3.4508, "2019-09-30": 2.4763, "2019-06-30": 3.0516, "2019-03-31": "5.20180", "2018-12-31": 8.7321, "2018-09-30": 3.6067, "2018-06-30": -0.7416, "2018-03-31": "2.89600", "2017-12-31": 8.9142, "2017-09-30": 1.3932, "2017-06-30": 3.2293, "2017-03-31": "2.23440", "2016-12-31": 1.1347, "2016-09-30": 1.4089, "2016-06-30": 1.6975, "2016-03-31": "2.09610", "2015-12-31": 0, "2014-12-31": 0, "2013-12-31": 0}, "Free Cash Flow Per Share": {"2020-09-30": -2.8928, "2020-06-30": 2.9142, "2020-03-31": "4.20620", "2019-12-31": 3.4508, "2019-09-30": 2.4763, "2019-06-30": 3.0516, "2019-03-31": "5.20180", "2018-12-31": 8.7321, "2018-09-30": -28.2248, "2018-06-30": 31.0899, "2018-03-31": "2.89600", "2017-12-31": 8.4487, "2017-09-30": -28.9192, "2017-06-30": 33.6855, "2017-03-31": "2.19790", "2016-12-31": 1.2538, "2016-09-30": 1.3872, "2016-06-30": 1.6167, "2016-03-31": "2.06370", "2015-12-31": 0, "2014-12-31": 0, "2013-12-31": 0}}, "revenue": {"Athene Holding Annual Revenue (Millions of US $)": {"2019": "$16,258", "2018": "$6,637", "2017": "$8,727", "2016": "$4,105", "2015": "$2,618", "2014": "$4,100", "2013": "$1,749"}, "Athene Holding Quarterly Revenue (Millions of US $)": {"2020-09-30": "$3,275", "2020-06-30": "$4,398", "2020-03-31": "$-1,549", "2019-12-31": "$3,256", "2019-09-30": "$4,584", "2019-06-30": "$3,423", "2019-03-31": "$4,995", "2018-12-31": "$1,248", "2018-09-30": "$2,576", "2018-06-30": "$1,802", "2018-03-31": "$1,011", "2017-12-31": "$3,872", "2017-09-30": "$1,473", "2017-06-30": "$1,763", "2017-03-31": "$1,619", "2016-12-31": "$1,062", "2016-09-30": "$1,272", "2016-06-30": "$1,045", "2016-03-31": "$722", "2015-12-31": "", "2014-12-31": "", "2013-12-31": ""}}, "gross-profit": {"Athene Holding Annual Gross Profit (Millions of US $)": {"2019": "$4,078", "2018": "$2,029", "2017": "$2,543", "2016": "$1,713", "2015": "$1,383", "2014": "$1,538", "2013": "$1,624"}, "Athene Holding Quarterly Gross Profit (Millions of US $)": {"2020-09-30": "$1,602", "2020-06-30": "$1,639", "2020-03-31": "$-1,597", "2019-12-31": "$912", "2019-09-30": "$816", "2019-06-30": "$1,209", "2019-03-31": "$1,141", "2018-12-31": "$-20", "2018-09-30": "$896", "2018-06-30": "$587", "2018-03-31": "$566", "2017-12-31": "$734", "2017-09-30": "$545", "2017-06-30": "$583", "2017-03-31": "$681", "2016-12-31": "$715", "2016-09-30": "$355", "2016-06-30": "$439", "2016-03-31": "$228", "2015-12-31": "", "2014-12-31": "", "2013-12-31": ""}}, "operating-income": {"Athene Holding Annual Operating Income (Millions of US $)": {"2019": "$2,302", "2018": "$1,175", "2017": "$1,464", "2016": "$716", "2015": "$590", "2014": "$532", "2013": "$989"}, "Athene Holding Quarterly Operating Income (Millions of US $)": {"2020-09-30": "$1,024", "2020-06-30": "$1,081", "2020-03-31": "$-1,382", "2019-12-31": "$533", "2019-09-30": "$279", "2019-06-30": "$750", "2019-03-31": "$740", "2018-12-31": "$-147", "2018-09-30": "$679", "2018-06-30": "$321", "2018-03-31": "$322", "2017-12-31": "$427", "2017-09-30": "$294", "2017-06-30": "$337", "2017-03-31": "$406", "2016-12-31": "$387", "2016-09-30": "$38", "2016-06-30": "$208", "2016-03-31": "$88", "2015-12-31": "", "2014-12-31": "", "2013-12-31": ""}}, "ebitda": {"Athene Holding Annual EBITDA (Millions of US $)": {"2019": "$3,240", "2018": "$1,225", "2017": "$1,679", "2016": "$914", "2015": "$757", "2014": "$772", "2013": "$1,173"}, "Athene Holding Quarterly EBITDA (Millions of US $)": {"2020-09-30": "$1,323", "2020-06-30": "$1,392", "2020-03-31": "$-1,847", "2019-12-31": "$678", "2019-09-30": "$616", "2019-06-30": "$1,003", "2019-03-31": "$943", "2018-12-31": "$-227", "2018-09-30": "$694", "2018-06-30": "$379", "2018-03-31": "$379", "2017-12-31": "$349", "2017-09-30": "$387", "2017-06-30": "$469", "2017-03-31": "$474", "2016-12-31": "$475", "2016-09-30": "$139", "2016-06-30": "$245", "2016-03-31": "$50", "2015-12-31": "", "2014-12-31": "", "2013-12-31": ""}}, "net-income": {"Athene Holding Annual Net Income (Millions of US $)": {"2019": "$2,136", "2018": "$1,053", "2017": "$1,358", "2016": "$768", "2015": "$562", "2014": "$463", "2013": "$916"}, "Athene Holding Quarterly Net Income (Millions of US $)": {"2020-09-30": "$622", "2020-06-30": "$824", "2020-03-31": "$-1,065", "2019-12-31": "$432", "2019-09-30": "$276", "2019-06-30": "$720", "2019-03-31": "$708", "2018-12-31": "$-104", "2018-09-30": "$623", "2018-06-30": "$257", "2018-03-31": "$277", "2017-12-31": "$374", "2017-09-30": "$274", "2017-06-30": "$326", "2017-03-31": "$384", "2016-12-31": "$368", "2016-09-30": "$126", "2016-06-30": "$193", "2016-03-31": "$87", "2015-12-31": "", "2014-12-31": "", "2013-12-31": ""}}, "eps-earnings-per-share-diluted": {"Athene Holding Annual EPS": {"2019": "$11.40", "2018": "$5.31", "2017": "$6.91", "2016": "$3.99", "2015": "$3.21", "2014": "$3.52", "2013": "$7.96"}, "Athene Holding Quarterly EPS": {"2020-09-30": "$2.84", "2020-06-30": "$4.19", "2020-03-31": "$-5.81", "2019-12-31": "$2.51", "2019-09-30": "$1.49", "2019-06-30": "$3.75", "2019-03-31": "$3.65", "2018-12-31": "$-0.53", "2018-09-30": "$3.14", "2018-06-30": "$1.30", "2018-03-31": "$1.40", "2017-12-31": "$1.85", "2017-09-30": "$1.40", "2017-06-30": "$1.66", "2017-03-31": "$2.00", "2016-12-31": "$1.80", "2016-09-30": "$0.68", "2016-06-30": "$1.04", "2016-03-31": "$0.47", "2015-12-31": "$0.00", "2014-12-31": "$0.00", "2013-12-31": "$0.00"}}, "shares-outstanding": {"Athene Holding Annual Shares Outstanding (Millions of Shares)": {"2019": "187", "2018": "198", "2017": "201", "2016": "192", "2015": "175", "2014": "131", "2013": "115"}, "Athene Holding Quarterly Shares Outstanding (Millions of Shares)": {"2020-09-30": "219", "2020-06-30": "197", "2020-03-31": "183", "2019-12-31": "187", "2019-09-30": "185", "2019-06-30": "192", "2019-03-31": "194", "2018-12-31": "198", "2018-09-30": "198", "2018-06-30": "198", "2018-03-31": "198", "2017-12-31": "201", "2017-09-30": "196", "2017-06-30": "196", "2017-03-31": "192", "2016-12-31": "189", "2016-09-30": "185", "2016-06-30": "186", "2016-03-31": "185", "2015-12-31": "", "2014-12-31": "", "2013-12-31": ""}}, "total-assets": {"Athene Holding Annual Total Assets (Millions of US $)": {"2019": "$146,875", "2018": "$125,505", "2017": "$100,161", "2016": "$86,699", "2015": "$80,854", "2014": "$82,710", "2013": "$0"}, "Athene Holding Quarterly Total Assets (Millions of US $)": {"2020-09-30": "$191,088", "2020-06-30": "$183,241", "2020-03-31": "$142,179", "2019-12-31": "$146,875", "2019-09-30": "$144,202", "2019-06-30": "$138,980", "2019-03-31": "$132,857", "2018-12-31": "$125,505", "2018-09-30": "$118,204", "2018-06-30": "$114,755", "2018-03-31": "$93,557", "2017-12-31": "$100,161", "2017-09-30": "$96,061", "2017-06-30": "$93,594", "2017-03-31": "$89,220", "2016-12-31": "$86,699", "2016-09-30": "$0", "2016-06-30": "$0", "2016-03-31": "$0", "2015-12-31": "$80,854", "2014-12-31": "$82,710", "2013-12-31": "$0"}}, "cash-on-hand": {"Athene Holding Annual Cash on Hand (Millions of US $)": {"2019": "$4,642", "2018": "$3,405", "2017": "$4,997", "2016": "$2,516", "2015": "$2,836", "2014": "$2,758", "2013": "$"}, "Athene Holding Quarterly Cash on Hand (Millions of US $)": {"2020-09-30": "$8,774", "2020-06-30": "$7,521", "2020-03-31": "$5,983", "2019-12-31": "$4,642", "2019-09-30": "$4,035", "2019-06-30": "$5,239", "2019-03-31": "$3,520", "2018-12-31": "$3,405", "2018-09-30": "$17,906", "2018-06-30": "$3,788", "2018-03-31": "$2,825", "2017-12-31": "$4,997", "2017-09-30": "$3,708", "2017-06-30": "$3,585", "2017-03-31": "$2,638", "2016-12-31": "$2,516", "2016-09-30": "", "2016-06-30": "", "2016-03-31": "", "2015-12-31": "$2,836", "2014-12-31": "$2,758", "2013-12-31": ""}}, "long-term-debt": {"Athene Holding Annual Long Term Debt (Millions of US $)": {"2019": "$992", "2018": "$991", "2017": "$", "2016": "$", "2015": "$500", "2014": "$2,017", "2013": "$"}, "Athene Holding Quarterly Long Term Debt (Millions of US $)": {"2020-09-30": "$1,487", "2020-06-30": "$1,486", "2020-03-31": "$986", "2019-12-31": "$992", "2019-09-30": "$992", "2019-06-30": "$991", "2019-03-31": "$991", "2018-12-31": "$991", "2018-09-30": "$993", "2018-06-30": "$991", "2018-03-31": "$992", "2017-12-31": "", "2017-09-30": "", "2017-06-30": "", "2017-03-31": "", "2016-12-31": "", "2016-09-30": "", "2016-06-30": "", "2016-03-31": "", "2015-12-31": "$500", "2014-12-31": "$2,017", "2013-12-31": ""}}, "total-liabilities": {"Athene Holding Annual Total Liabilities (Millions of US $)": {"2019": "$132,734", "2018": "$117,229", "2017": "$90,985", "2016": "$79,840", "2015": "$75,491", "2014": "$78,122", "2013": "$0"}, "Athene Holding Quarterly Total Liabilities (Millions of US $)": {"2020-09-30": "$173,971", "2020-06-30": "$167,602", "2020-03-31": "$131,649", "2019-12-31": "$132,734", "2019-09-30": "$130,657", "2019-06-30": "$126,615", "2019-03-31": "$122,740", "2018-12-31": "$117,229", "2018-09-30": "$109,135", "2018-06-30": "$106,250", "2018-03-31": "$84,862", "2017-12-31": "$90,985", "2017-09-30": "$87,392", "2017-06-30": "$85,310", "2017-03-31": "$81,623", "2016-12-31": "$79,840", "2016-09-30": "$0", "2016-06-30": "$0", "2016-03-31": "$0", "2015-12-31": "$75,491", "2014-12-31": "$78,122", "2013-12-31": "$0"}}, "total-share-holder-equity": {"Athene Holding Annual Share Holder Equity (Millions of US $)": {"2019": "$14,141", "2018": "$8,276", "2017": "$9,176", "2016": "$6,859", "2015": "$5,363", "2014": "$4,588", "2013": "$0"}, "Athene Holding Quarterly Share Holder Equity (Millions of US $)": {"2020-09-30": "$17,117", "2020-06-30": "$15,639", "2020-03-31": "$10,530", "2019-12-31": "$14,141", "2019-09-30": "$13,545", "2019-06-30": "$12,365", "2019-03-31": "$10,117", "2018-12-31": "$8,276", "2018-09-30": "$9,069", "2018-06-30": "$8,505", "2018-03-31": "$8,695", "2017-12-31": "$9,176", "2017-09-30": "$8,669", "2017-06-30": "$8,284", "2017-03-31": "$7,597", "2016-12-31": "$6,859", "2016-09-30": "$0", "2016-06-30": "$0", "2016-03-31": "$0", "2015-12-31": "$5,363", "2014-12-31": "$4,588", "2013-12-31": "$0"}}, "profit-margins": {"current": "0%"}, "gross margin": {"2020-09-30": "27.25%", "2020-06-30": "16.56%", "2020-03-31": "13.79%", "2019-12-31": "25.08%", "2019-09-30": "22.08%", "2019-06-30": "26.35%", "2019-03-31": "24.52%", "2018-12-31": "30.57%", "2018-09-30": "30.05%", "2018-06-30": "29.81%", "2018-03-31": "29.91%", "2017-12-31": "29.14%", "2017-09-30": "42.66%", "2017-06-30": "40.83%", "2017-03-31": "43.82%", "2016-12-31": "42.36%"}, "operating margin": {"2020-09-30": "13.39%", "2020-06-30": "4.78%", "2020-03-31": "1.85%", "2019-12-31": "14.16%", "2019-09-30": "11.38%", "2019-06-30": "16.52%", "2019-03-31": "15.00%", "2018-12-31": "17.70%", "2018-09-30": "18.89%", "2018-06-30": "16.72%", "2018-03-31": "17.00%", "2017-12-31": "16.78%", "2017-09-30": "24.07%", "2017-06-30": "20.43%", "2017-03-31": "20.79%", "2016-12-31": "17.58%"}, "ebitda margin": {"2020-09-30": "16.48%", "2020-06-30": "7.85%", "2020-03-31": "4.63%", "2019-12-31": "19.93%", "2019-09-30": "16.39%", "2019-06-30": "19.71%", "2019-03-31": "16.84%", "2018-12-31": "18.46%", "2018-09-30": "19.45%", "2018-06-30": "18.31%", "2018-03-31": "19.51%", "2017-12-31": "19.24%", "2017-09-30": "30.51%", "2017-06-30": "27.24%", "2017-03-31": "26.67%", "2016-12-31": "22.17%"}, "pre tax profit margin": {"2020-09-30": "13.39%", "2020-06-30": "4.78%", "2020-03-31": "1.85%", "2019-12-31": "14.16%", "2019-09-30": "11.38%", "2019-06-30": "16.52%", "2019-03-31": "15.00%", "2018-12-31": "17.70%", "2018-09-30": "18.89%", "2018-06-30": "16.72%", "2018-03-31": "17.00%", "2017-12-31": "16.78%", "2017-09-30": "23.98%", "2017-06-30": "20.35%", "2017-03-31": "20.69%", "2016-12-31": "17.46%"}, "net profit margin": {"2020-09-30": "8.67%", "2020-06-30": "4.37%", "2020-03-31": "3.74%", "2019-12-31": "13.14%", "2019-09-30": "11.23%", "2019-06-30": "15.90%", "2019-03-31": "13.97%", "2018-12-31": "15.87%", "2018-09-30": "16.53%", "2018-06-30": "14.49%", "2018-03-31": "15.41%", "2017-12-31": "15.56%", "2017-09-30": "22.85%", "2017-06-30": "21.06%", "2017-03-31": "21.43%", "2016-12-31": "18.87%"}, "pe ratio": {"current": "7.91", "2021-02-05": "11.22", "2020-09-30": "8.61", "2020-06-30": "13.56", "2020-03-31": "13.34", "2019-12-31": "4.15", "2019-09-30": "5.03", "2019-06-30": "4.26", "2019-03-31": "5.31", "2018-12-31": "7.38", "2018-09-30": "6.24", "2018-06-30": "6.82", "2018-03-31": "7.07", "2017-12-31": "7.04", "2017-09-30": "7.93"}, "price sales": {"2021-02-05": "0.96", "2020-09-30": "0.74", "2020-06-30": "0.56", "2020-03-31": "0.48", "2019-12-31": "0.55", "2019-09-30": "0.56", "2019-06-30": "0.68", "2019-03-31": "0.75", "2018-12-31": "1.19", "2018-09-30": "1.11", "2018-06-30": "1.07", "2018-03-31": "1.17", "2017-12-31": "1.17", "2017-09-30": "1.76"}, "price book": {"current": "0.50", "2021-02-05": "0.50", "2020-09-30": "0.38", "2020-06-30": "0.39", "2020-03-31": "0.46", "2019-12-31": "0.59", "2019-09-30": "0.57", "2019-06-30": "0.65", "2019-03-31": "0.79", "2018-12-31": "0.95", "2018-09-30": "1.14", "2018-06-30": "1.03", "2018-03-31": "1.10", "2017-12-31": "1.13", "2017-09-30": "1.24", "2017-06-30": "1.20", "2017-03-31": "1.32", "2016-12-31": "2.18"}, "price fcf": {"2021-02-05": "", "2020-09-30": "$7.68", "2020-06-30": "$13.05", "2020-03-31": "$13.18", "2019-12-31": "$14.18", "2019-09-30": "$19.46", "2019-06-30": "$-11.24", "2019-03-31": "$16.80", "2018-12-31": "$14.49", "2018-09-30": "$14.21", "2018-06-30": "$13.52", "2018-03-31": "$16.11", "2017-12-31": "$15.41", "2017-09-30": "$13.29"}, "net worth": {"value": "$8.51B"}, "current ratio": {"2020-09-30": "0.08", "2020-06-30": "0.08", "2020-03-31": "0.09", "2019-12-31": "0.08", "2019-09-30": "0.08", "2019-06-30": "0.09", "2019-03-31": "0.08", "2018-12-31": "0.08", "2018-09-30": "0.22", "2018-06-30": "0.09", "2018-03-31": "0.10", "2017-12-31": "0.12", "2017-09-30": "0.11", "2017-06-30": "0.12", "2017-03-31": "0.11", "2016-12-31": "0.11", "2016-09-30": "0.00", "2016-06-30": "0.00", "2016-03-31": "0.00", "2015-12-31": "0.15", "2014-12-31": "0.21", "2013-12-31": "0.00"}, "quick ratio": {"2020-09-30": "0.00", "2020-06-30": "0.00", "2020-03-31": "0.00", "2019-12-31": "0.00", "2019-09-30": "0.00", "2019-06-30": "0.00", "2019-03-31": "0.00", "2018-12-31": "0.00", "2018-09-30": "0.00", "2018-06-30": "0.00", "2018-03-31": "0.00", "2017-12-31": "0.00", "2017-09-30": "0.00", "2017-06-30": "0.00", "2017-03-31": "0.00", "2016-12-31": "0.00", "2016-09-30": "0.00", "2016-06-30": "0.00", "2016-03-31": "0.00", "2015-12-31": "0.00", "2014-12-31": "0.00", "2013-12-31": "0.00"}, "debt equity ratio": {"current": "0.09", "2020-09-30": "10.16", "2020-06-30": "10.72", "2020-03-31": "12.50", "2019-12-31": "9.39", "2019-09-30": "9.65", "2019-06-30": "10.24", "2019-03-31": "12.13", "2018-12-31": "14.17", "2018-09-30": "12.03", "2018-06-30": "12.49", "2018-03-31": "9.76", "2017-12-31": "9.92", "2017-09-30": "10.08", "2017-06-30": "10.30", "2017-03-31": "10.74", "2016-12-31": "11.64", "2016-09-30": "0.00", "2016-06-30": "0.00", "2016-03-31": "0.00", "2015-12-31": "14.08", "2014-12-31": "17.03", "2013-12-31": "0.00"}, "return on equity": {"2020-09-30": "5.66%", "2020-06-30": "3.47%", "2020-03-31": "2.87%", "2019-12-31": "17.03%", "2019-09-30": "14.45%", "2019-06-30": "19.55%", "2019-03-31": "16.50%", "2018-12-31": "12.19%", "2018-09-30": "17.28%", "2018-06-30": "13.49%", "2018-03-31": "14.37%", "2017-12-31": "16.11%", "2017-09-30": "17.22%", "2017-06-30": "21.18%", "2017-03-31": "29.63%", "2016-12-31": "45.14%"}, "return on assets": {"2020-09-30": "0.49%", "2020-06-30": "0.30%", "2020-03-31": "0.25%", "2019-12-31": "1.52%", "2019-09-30": "1.18%", "2019-06-30": "1.51%", "2019-03-31": "1.21%", "2018-12-31": "0.93%", "2018-09-30": "1.44%", "2018-06-30": "1.17%", "2018-03-31": "1.31%", "2017-12-31": "1.43%", "2017-09-30": "1.48%", "2017-06-30": "1.79%", "2017-03-31": "2.44%", "2016-12-31": "3.57%"}, "return on investments": {"2020-09-30": "8.05%", "2020-06-30": "3.51%", "2020-03-31": "1.32%", "2019-12-31": "17.01%", "2019-09-30": "13.44%", "2019-06-30": "18.47%", "2019-03-31": "15.96%", "2018-12-31": "12.20%", "2018-09-30": "23.92%", "2018-06-30": "28.44%", "2018-03-31": "56.98%", "2017-12-31": "inf%", "2017-09-30": "inf%", "2017-06-30": "inf%", "2017-03-31": "inf%", "2016-12-31": "inf%"}, "return on tangible equity": {"2020-09-30": "5.66%", "2020-06-30": "3.47%", "2020-03-31": "2.87%", "2019-12-31": "17.03%", "2019-09-30": "14.45%", "2019-06-30": "19.55%", "2019-03-31": "16.50%", "2018-12-31": "12.19%", "2018-09-30": "17.28%", "2018-06-30": "13.49%", "2018-03-31": "14.37%", "2017-12-31": "16.11%", "2017-09-30": "17.22%", "2017-06-30": "21.18%", "2017-03-31": "29.63%", "2016-12-31": "45.14%"}, "dividend yield history": {"last payout": "$0.00", "last yield": "0.00%"}}