{"ticker": "TEAM", "price": {"title": "Atlassian Historical Annual Stock Price Data", "value": 243.8, "historical": {"2020": {"Average Stock Price": "174.2103", "Year Open": "122.8800", "Year High": "248.1900", "Year Low": "120.5700", "Year Close": "233.8700", "Annual % Change": "94.34%"}, "2019": {"Average Stock Price": "120.3733", "Year Open": "89.0300", "Year High": "146.7000", "Year Low": "84.4800", "Year Close": "120.3400", "Annual % Change": "35.24%"}, "2018": {"Average Stock Price": "68.6623", "Year Open": "47.0600", "Year High": "96.1400", "Year Low": "47.0600", "Year Close": "88.9800", "Annual % Change": "95.47%"}, "2017": {"Average Stock Price": "36.2482", "Year Open": "24.6000", "Year High": "52.9400", "Year Low": "24.6000", "Year Close": "45.5200", "Annual % Change": "89.04%"}, "2016": {"Average Stock Price": "25.8722", "Year Open": "27.4100", "Year High": "31.9700", "Year Low": "17.9200", "Year Close": "24.0800", "Annual % Change": "-19.95%"}, "2015": {"Average Stock Price": "28.4833", "Year Open": "27.7800", "Year High": "31.1000", "Year Low": "26.2600", "Year Close": "30.0800", "Annual % Change": "0.00%"}}}, "market cap": {"value": "$32.22B"}, "income statement": {"Revenue": {"2020-06-30": "1614.17300", "2019-06-30": "1210.12700", "2018-06-30": "880.97800", "2017-06-30": "619.93600", "2016-06-30": "457.05800", "2015-06-30": "319.52100", "2014-06-30": "215.10900", "2013-06-30": "148.51200"}, "Cost Of Goods Sold": {"2020-06-30": "268.80700", "2019-06-30": "210.28500", "2018-06-30": "172.69000", "2017-06-30": "119.16100", "2016-06-30": "75.78300", "2015-06-30": "52.93200", "2014-06-30": "37.98600", "2013-06-30": "33.03100"}, "Gross Profit": {"2020-06-30": "1345.36600", "2019-06-30": "999.84190", "2018-06-30": "708.28800", "2017-06-30": "500.77500", "2016-06-30": "381.27500", "2015-06-30": "266.58900", "2014-06-30": "177.12300", "2013-06-30": "115.48100"}, "Research And Development Expenses": {"2020-06-30": "763.18800", "2019-06-30": "579.13400", "2018-06-30": "415.77600", "2017-06-30": "310.16800", "2016-06-30": "208.30600", "2015-06-30": "140.85300", "2014-06-30": "78.64000", "2013-06-30": "57.30100"}, "SG&A Expenses": {"2020-06-30": "568.09200", "2019-06-30": "484.07000", "2018-06-30": "338.55700", "2017-06-30": "253.69300", "2016-06-30": "178.84900", "2015-06-30": "124.02200", "2014-06-30": "75.78200", "2013-06-30": "45.06100"}, "Other Operating Income Or Expenses": {"2020-06-30": "", "2019-06-30": "", "2018-06-30": "", "2017-06-30": "", "2016-06-30": "", "2015-06-30": "", "2014-06-30": "", "2013-06-30": ""}, "Operating Expenses": {"2020-06-30": "1600.08700", "2019-06-30": "1273.48900", "2018-06-30": "927.02300", "2017-06-30": "683.02200", "2016-06-30": "462.93800", "2015-06-30": "317.80700", "2014-06-30": "192.40800", "2013-06-30": "135.39300"}, "Operating Income": {"2020-06-30": "14.08610", "2019-06-30": "-63.36210", "2018-06-30": "-46.04500", "2017-06-30": "-63.08610", "2016-06-30": "-5.88000", "2015-06-30": "1.71400", "2014-06-30": "22.70100", "2013-06-30": "13.11900"}, "Total Non-Operating Income/Expense": {"2020-06-30": "-360.29500", "2019-06-30": "-542.19400", "2018-06-30": "-12.08600", "2017-06-30": "3.43400", "2016-06-30": "0.97300", "2015-06-30": "-2.46300", "2014-06-30": "-0.47300", "2013-06-30": "-1.71600"}, "Pre-Tax Income": {"2020-06-30": "-346.20900", "2019-06-30": "-605.55600", "2018-06-30": "-58.13100", "2017-06-30": "-59.65200", "2016-06-30": "-4.90700", "2015-06-30": "-0.74900", "2014-06-30": "22.22800", "2013-06-30": "11.40300"}, "Income Taxes": {"2020-06-30": "4.44500", "2019-06-30": "32.06500", "2018-06-30": "55.30100", "2017-06-30": "-17.14800", "2016-06-30": "-9.28000", "2015-06-30": "-7.52400", "2014-06-30": "3.24600", "2013-06-30": "0.64200"}, "Income After Taxes": {"2020-06-30": "-350.65400", "2019-06-30": "-637.62100", "2018-06-30": "-113.43200", "2017-06-30": "-42.50400", "2016-06-30": "4.37300", "2015-06-30": "6.77500", "2014-06-30": "18.98200", "2013-06-30": "10.76100"}, "Other Income": {"2020-06-30": "", "2019-06-30": "", "2018-06-30": "", "2017-06-30": "", "2016-06-30": "", "2015-06-30": "", "2014-06-30": "", "2013-06-30": ""}, "Income From Continuous Operations": {"2020-06-30": "-350.65400", "2019-06-30": "-637.62100", "2018-06-30": "-113.43200", "2017-06-30": "-42.50400", "2016-06-30": "4.37300", "2015-06-30": "6.77500", "2014-06-30": "18.98200", "2013-06-30": "10.76100"}, "Income From Discontinued Operations": {"2020-06-30": "", "2019-06-30": "", "2018-06-30": "", "2017-06-30": "", "2016-06-30": "", "2015-06-30": "", "2014-06-30": "", "2013-06-30": ""}, "Net Income": {"2020-06-30": "-350.65400", "2019-06-30": "-637.62100", "2018-06-30": "-113.43200", "2017-06-30": "-42.50400", "2016-06-30": "4.37300", "2015-06-30": "6.77500", "2014-06-30": "18.98200", "2013-06-30": "10.76100"}, "EBITDA": {"2020-06-30": "111.48410", "2019-06-30": "6.88590", "2018-06-30": "33.39000", "2017-06-30": "-1.54010", "2016-06-30": "16.04600", "2015-06-30": "17.22500", "2014-06-30": "36.01700", "2013-06-30": "25.17900"}, "EBIT": {"2020-06-30": "14.08610", "2019-06-30": "-63.36210", "2018-06-30": "-46.04500", "2017-06-30": "-63.08610", "2016-06-30": "-5.88000", "2015-06-30": "1.71400", "2014-06-30": "22.70100", "2013-06-30": "13.11900"}, "Basic Shares Outstanding": {"2020-06-30": "244.84400", "2019-06-30": "238.61100", "2018-06-30": "231.18400", "2017-06-30": "222.22400", "2016-06-30": "182.77300", "2015-06-30": "144.00800", "2014-06-30": "141.53000", "2013-06-30": "140.74800"}, "Shares Outstanding": {"2020-06-30": "244.84400", "2019-06-30": "238.61100", "2018-06-30": "231.18400", "2017-06-30": "222.22400", "2016-06-30": "193.48100", "2015-06-30": "145.50000", "2014-06-30": "143.60200", "2013-06-30": "142.55800"}, "Basic EPS": {"2020-06-30": "-1.43000", "2019-06-30": "-2.67000", "2018-06-30": "-0.49000", "2017-06-30": "-0.19000", "2016-06-30": "0.02000", "2015-06-30": "0.04000", "2014-06-30": "0.11000", "2013-06-30": "0.07000"}, "EPS - Earnings Per Share": {"2020-06-30": "-1.43000", "2019-06-30": "-2.67000", "2018-06-30": "-0.49000", "2017-06-30": "-0.19000", "2016-06-30": "0.02000", "2015-06-30": "0.04000", "2014-06-30": "0.11000", "2013-06-30": "0.07000"}}, "income statement, quarterly": {"Revenue": {"2020-12-31": "501.35900", "2020-09-30": "459.50600", "2020-06-30": "430.47600", "2020-03-31": "411.58200", "2019-12-31": "408.72500", "2019-09-30": "363.39000", "2019-06-30": "334.58590", "2019-03-31": "309.27000", "2018-12-31": "298.97900", "2018-09-30": "267.29200", "2018-06-30": "246.59000", "2018-03-31": "224.33000", "2017-12-31": "214.57800", "2017-09-30": "195.48000", "2017-06-30": "174.33100", "2017-03-31": "159.90900", "2016-12-31": "148.90900", "2016-09-30": "136.78700", "2016-06-30": "127.58800", "2016-03-31": "117.94200", "2015-12-31": "109.70600", "2015-09-30": "101.82200", "2015-06-30": "91.81000", "2015-03-31": "83.96300", "2014-12-31": "75.82600", "2014-09-30": "67.92200", "2014-06-30": "", "2013-06-30": ""}, "Cost Of Goods Sold": {"2020-12-31": "79.48200", "2020-09-30": "73.68400", "2020-06-30": "70.11200", "2020-03-31": "70.65500", "2019-12-31": "65.76100", "2019-09-30": "62.27900", "2019-06-30": "61.12900", "2019-03-31": "54.18900", "2018-12-31": "49.78200", "2018-09-30": "45.18500", "2018-06-30": "44.19600", "2018-03-31": "45.24000", "2017-12-31": "43.16400", "2017-09-30": "40.09000", "2017-06-30": "36.80500", "2017-03-31": "32.89500", "2016-12-31": "26.89900", "2016-09-30": "22.56200", "2016-06-30": "21.12600", "2016-03-31": "19.76400", "2015-12-31": "18.47300", "2015-09-30": "16.42000", "2015-06-30": "15.28000", "2015-03-31": "13.46800", "2014-12-31": "12.35400", "2014-09-30": "11.84600", "2014-06-30": "", "2013-06-30": ""}, "Gross Profit": {"2020-12-31": "421.87700", "2020-09-30": "385.82200", "2020-06-30": "360.36400", "2020-03-31": "340.92700", "2019-12-31": "342.96400", "2019-09-30": "301.11100", "2019-06-30": "273.45690", "2019-03-31": "255.08100", "2018-12-31": "249.19700", "2018-09-30": "222.10700", "2018-06-30": "202.39400", "2018-03-31": "179.09000", "2017-12-31": "171.41400", "2017-09-30": "155.39000", "2017-06-30": "137.52600", "2017-03-31": "127.01400", "2016-12-31": "122.01000", "2016-09-30": "114.22500", "2016-06-30": "106.46200", "2016-03-31": "98.17800", "2015-12-31": "91.23300", "2015-09-30": "85.40200", "2015-06-30": "76.53000", "2015-03-31": "70.49500", "2014-12-31": "63.47200", "2014-09-30": "56.07600", "2014-06-30": "", "2013-06-30": ""}, "Research And Development Expenses": {"2020-12-31": "241.06400", "2020-09-30": "232.23500", "2020-06-30": "210.73800", "2020-03-31": "204.14800", "2019-12-31": "172.42000", "2019-09-30": "175.88200", "2019-06-30": "170.32100", "2019-03-31": "153.06900", "2018-12-31": "131.36400", "2018-09-30": "124.38000", "2018-06-30": "111.04600", "2018-03-31": "108.54400", "2017-12-31": "101.32400", "2017-09-30": "94.86200", "2017-06-30": "90.69000", "2017-03-31": "82.26200", "2016-12-31": "69.75800", "2016-09-30": "67.45800", "2016-06-30": "60.83000", "2016-03-31": "54.17000", "2015-12-31": "47.84600", "2015-09-30": "45.46000", "2015-06-30": "43.18000", "2015-03-31": "36.91000", "2014-12-31": "31.54300", "2014-09-30": "29.22500", "2014-06-30": "", "2013-06-30": ""}, "SG&A Expenses": {"2020-12-31": "153.10000", "2020-09-30": "141.65500", "2020-06-30": "152.90600", "2020-03-31": "156.69900", "2019-12-31": "128.70300", "2019-09-30": "129.78400", "2019-06-30": "135.58000", "2019-03-31": "129.56900", "2018-12-31": "121.00200", "2018-09-30": "97.91900", "2018-06-30": "93.81500", "2018-03-31": "80.82200", "2017-12-31": "83.10300", "2017-09-30": "80.81700", "2017-06-30": "79.09200", "2017-03-31": "67.81500", "2016-12-31": "54.89100", "2016-09-30": "51.89500", "2016-06-30": "57.02200", "2016-03-31": "48.94300", "2015-12-31": "40.02000", "2015-09-30": "32.86400", "2015-06-30": "36.39000", "2015-03-31": "35.08300", "2014-12-31": "27.80900", "2014-09-30": "24.75500", "2014-06-30": "", "2013-06-30": ""}, "Other Operating Income Or Expenses": {"2020-12-31": "", "2020-09-30": "", "2020-06-30": "", "2020-03-31": "", "2019-12-31": "", "2019-09-30": "", "2019-06-30": "", "2019-03-31": "", "2018-12-31": "", "2018-09-30": "", "2018-06-30": "", "2018-03-31": "", "2017-12-31": "", "2017-09-30": "", "2017-06-30": "", "2017-03-31": "", "2016-12-31": "", "2016-09-30": "", "2016-06-30": "", "2016-03-31": "", "2015-12-31": "", "2015-09-30": "", "2015-06-30": "", "2015-03-31": "", "2014-12-31": "", "2014-09-30": "", "2014-06-30": "", "2013-06-30": ""}, "Operating Expenses": {"2020-12-31": "473.64600", "2020-09-30": "447.57400", "2020-06-30": "433.75590", "2020-03-31": "431.50200", "2019-12-31": "366.88400", "2019-09-30": "367.94500", "2019-06-30": "367.03000", "2019-03-31": "336.82700", "2018-12-31": "302.14800", "2018-09-30": "267.48400", "2018-06-30": "249.05700", "2018-03-31": "234.60600", "2017-12-31": "227.59100", "2017-09-30": "215.76900", "2017-06-30": "206.58700", "2017-03-31": "182.97200", "2016-12-31": "151.54800", "2016-09-30": "141.91500", "2016-06-30": "138.97800", "2016-03-31": "122.87700", "2015-12-31": "106.33900", "2015-09-30": "94.74400", "2015-06-30": "94.85000", "2015-03-31": "85.46100", "2014-12-31": "71.70600", "2014-09-30": "65.82600", "2014-06-30": "", "2013-06-30": ""}, "Operating Income": {"2020-12-31": "27.71300", "2020-09-30": "11.93200", "2020-06-30": "-3.28000", "2020-03-31": "-19.92000", "2019-12-31": "41.84100", "2019-09-30": "-4.55500", "2019-06-30": "-32.44400", "2019-03-31": "-27.55700", "2018-12-31": "-3.16900", "2018-09-30": "-0.19200", "2018-06-30": "-2.46700", "2018-03-31": "-10.27600", "2017-12-31": "-13.01300", "2017-09-30": "-20.28900", "2017-06-30": "-32.25610", "2017-03-31": "-23.06300", "2016-12-31": "-2.63900", "2016-09-30": "-5.12800", "2016-06-30": "-11.38990", "2016-03-31": "-4.93500", "2015-12-31": "3.36700", "2015-09-30": "7.07800", "2015-06-30": "-3.04000", "2015-03-31": "-1.49800", "2014-12-31": "4.12000", "2014-09-30": "2.09600", "2014-06-30": "", "2013-06-30": ""}, "Total Non-Operating Income/Expense": {"2020-12-31": "-635.08500", "2020-09-30": "-36.25600", "2020-06-30": "-392.32800", "2020-03-31": "-146.93700", "2019-12-31": "99.95000", "2019-09-30": "79.02000", "2019-06-30": "-158.41800", "2019-03-31": "-174.12400", "2018-12-31": "30.23200", "2018-09-30": "-239.88400", "2018-06-30": "-16.46800", "2018-03-31": "2.73300", "2017-12-31": "1.06800", "2017-09-30": "0.58100", "2017-06-30": "0.48800", "2017-03-31": "0.54200", "2016-12-31": "1.15200", "2016-09-30": "1.25200", "2016-06-30": "0.89300", "2016-03-31": "0.75200", "2015-12-31": "-0.10700", "2015-09-30": "-0.56500", "2015-06-30": "0.71000", "2015-03-31": "-1.27700", "2014-12-31": "-0.84300", "2014-09-30": "-0.82400", "2014-06-30": "", "2013-06-30": ""}, "Pre-Tax Income": {"2020-12-31": "-607.37200", "2020-09-30": "-24.32400", "2020-06-30": "-395.60800", "2020-03-31": "-166.85700", "2019-12-31": "141.79100", "2019-09-30": "74.46500", "2019-06-30": "-190.86200", "2019-03-31": "-201.68100", "2018-12-31": "27.06300", "2018-09-30": "-240.07600", "2018-06-30": "-18.93500", "2018-03-31": "-7.54300", "2017-12-31": "-11.94500", "2017-09-30": "-19.70800", "2017-06-30": "-31.76800", "2017-03-31": "-22.52100", "2016-12-31": "-1.48700", "2016-09-30": "-3.87600", "2016-06-30": "-10.49700", "2016-03-31": "-4.18300", "2015-12-31": "3.26000", "2015-09-30": "6.51300", "2015-06-30": "-2.51000", "2015-03-31": "-2.77500", "2014-12-31": "3.27700", "2014-09-30": "1.27200", "2014-06-30": "", "2013-06-30": ""}, "Income Taxes": {"2020-12-31": "14.15600", "2020-09-30": "-2.77000", "2020-06-30": "-10.38500", "2020-03-31": "-8.03200", "2019-12-31": "17.71700", "2019-09-30": "5.14500", "2019-06-30": "46.65500", "2019-03-31": "1.16300", "2018-12-31": "-18.12200", "2018-09-30": "2.36900", "2018-06-30": "2.99500", "2018-03-31": "8.28000", "2017-12-31": "52.26400", "2017-09-30": "-8.23800", "2017-06-30": "-11.06000", "2017-03-31": "-5.06000", "2016-12-31": "0.21100", "2016-09-30": "-1.23900", "2016-06-30": "-5.79500", "2016-03-31": "-3.11100", "2015-12-31": "-1.80500", "2015-09-30": "1.43100", "2015-06-30": "-1.36000", "2015-03-31": "-2.12700", "2014-12-31": "-1.73400", "2014-09-30": "-2.31100", "2014-06-30": "", "2013-06-30": ""}, "Income After Taxes": {"2020-12-31": "-621.52800", "2020-09-30": "-21.55400", "2020-06-30": "-385.22300", "2020-03-31": "-158.82500", "2019-12-31": "124.07400", "2019-09-30": "69.32000", "2019-06-30": "-237.51700", "2019-03-31": "-202.84400", "2018-12-31": "45.18500", "2018-09-30": "-242.44500", "2018-06-30": "-21.93000", "2018-03-31": "-15.82300", "2017-12-31": "-64.20900", "2017-09-30": "-11.47000", "2017-06-30": "-20.70800", "2017-03-31": "-17.46100", "2016-12-31": "-1.69800", "2016-09-30": "-2.63700", "2016-06-30": "-4.70200", "2016-03-31": "-1.07200", "2015-12-31": "5.06500", "2015-09-30": "5.08200", "2015-06-30": "-1.15000", "2015-03-31": "-0.64800", "2014-12-31": "5.01100", "2014-09-30": "3.58300", "2014-06-30": "", "2013-06-30": ""}, "Other Income": {"2020-12-31": "", "2020-09-30": "", "2020-06-30": "", "2020-03-31": "", "2019-12-31": "", "2019-09-30": "", "2019-06-30": "", "2019-03-31": "", "2018-12-31": "", "2018-09-30": "", "2018-06-30": "", "2018-03-31": "", "2017-12-31": "", "2017-09-30": "", "2017-06-30": "", "2017-03-31": "", "2016-12-31": "", "2016-09-30": "", "2016-06-30": "", "2016-03-31": "", "2015-12-31": "", "2015-09-30": "", "2015-06-30": "0.00000", "2015-03-31": "", "2014-12-31": "", "2014-09-30": "", "2014-06-30": "", "2013-06-30": ""}, "Income From Continuous Operations": {"2020-12-31": "-621.52800", "2020-09-30": "-21.55400", "2020-06-30": "-385.22300", "2020-03-31": "-158.82500", "2019-12-31": "124.07400", "2019-09-30": "69.32000", "2019-06-30": "-237.51700", "2019-03-31": "-202.84400", "2018-12-31": "45.18500", "2018-09-30": "-242.44500", "2018-06-30": "-21.93000", "2018-03-31": "-15.82300", "2017-12-31": "-64.20900", "2017-09-30": "-11.47000", "2017-06-30": "-20.70800", "2017-03-31": "-17.46100", "2016-12-31": "-1.69800", "2016-09-30": "-2.63700", "2016-06-30": "-4.70200", "2016-03-31": "-1.07200", "2015-12-31": "5.06500", "2015-09-30": "5.08200", "2015-06-30": "-1.17100", "2015-03-31": "-0.64800", "2014-12-31": "5.01100", "2014-09-30": "3.58300", "2014-06-30": "", "2013-06-30": ""}, "Income From Discontinued Operations": {"2020-12-31": "", "2020-09-30": "", "2020-06-30": "", "2020-03-31": "", "2019-12-31": "", "2019-09-30": "", "2019-06-30": "", "2019-03-31": "", "2018-12-31": "", "2018-09-30": "", "2018-06-30": "", "2018-03-31": "", "2017-12-31": "", "2017-09-30": "", "2017-06-30": "", "2017-03-31": "", "2016-12-31": "", "2016-09-30": "", "2016-06-30": "", "2016-03-31": "", "2015-12-31": "", "2015-09-30": "", "2015-06-30": "0.00000", "2015-03-31": "", "2014-12-31": "", "2014-09-30": "", "2014-06-30": "", "2013-06-30": ""}, "Net Income": {"2020-12-31": "-621.52800", "2020-09-30": "-21.55400", "2020-06-30": "-385.22300", "2020-03-31": "-158.82500", "2019-12-31": "124.07400", "2019-09-30": "69.32000", "2019-06-30": "-237.51700", "2019-03-31": "-202.84400", "2018-12-31": "45.18500", "2018-09-30": "-242.44500", "2018-06-30": "-21.93000", "2018-03-31": "-15.82300", "2017-12-31": "-64.20900", "2017-09-30": "-11.47000", "2017-06-30": "-20.70800", "2017-03-31": "-17.46100", "2016-12-31": "-1.69800", "2016-09-30": "-2.63700", "2016-06-30": "-4.70200", "2016-03-31": "-1.07200", "2015-12-31": "5.06500", "2015-09-30": "5.08200", "2015-06-30": "-1.17100", "2015-03-31": "-0.64800", "2014-12-31": "5.01100", "2014-09-30": "3.58300", "2014-06-30": "", "2013-06-30": ""}, "EBITDA": {"2020-12-31": "50.89800", "2020-09-30": "34.55700", "2020-06-30": "18.79800", "2020-03-31": "3.76300", "2019-12-31": "68.46300", "2019-09-30": "20.46000", "2019-06-30": "-16.59900", "2019-03-31": "-11.25400", "2018-12-31": "17.51600", "2018-09-30": "17.22300", "2018-06-30": "15.28700", "2018-03-31": "9.83500", "2017-12-31": "7.97700", "2017-09-30": "0.29100", "2017-06-30": "-8.49010", "2017-03-31": "-4.57800", "2016-12-31": "8.61400", "2016-09-30": "2.91400", "2016-06-30": "-5.04790", "2016-03-31": "0.74300", "2015-12-31": "8.73900", "2015-09-30": "11.61200", "2015-06-30": "1.51800", "2015-03-31": "2.31500", "2014-12-31": "7.67100", "2014-09-30": "5.68400", "2014-06-30": "", "2013-06-30": ""}, "EBIT": {"2020-12-31": "27.71300", "2020-09-30": "11.93200", "2020-06-30": "-3.28000", "2020-03-31": "-19.92000", "2019-12-31": "41.84100", "2019-09-30": "-4.55500", "2019-06-30": "-32.44400", "2019-03-31": "-27.55700", "2018-12-31": "-3.16900", "2018-09-30": "-0.19200", "2018-06-30": "-2.46700", "2018-03-31": "-10.27600", "2017-12-31": "-13.01300", "2017-09-30": "-20.28900", "2017-06-30": "-32.25600", "2017-03-31": "-23.06300", "2016-12-31": "-2.63900", "2016-09-30": "-5.12800", "2016-06-30": "-11.39000", "2016-03-31": "-4.93500", "2015-12-31": "3.36700", "2015-09-30": "7.07800", "2015-06-30": "-3.04000", "2015-03-31": "-1.49800", "2014-12-31": "4.12000", "2014-09-30": "2.09600", "2014-06-30": "", "2013-06-30": ""}, "Basic Shares Outstanding": {"2020-12-31": "249.18800", "2020-09-30": "248.01500", "2020-06-30": "244.84400", "2020-03-31": "245.50400", "2019-12-31": "244.20300", "2019-09-30": "242.79100", "2019-06-30": "238.61100", "2019-03-31": "239.41000", "2018-12-31": "237.74000", "2018-09-30": "236.21900", "2018-06-30": "231.18400", "2018-03-31": "232.22100", "2017-12-31": "230.20800", "2017-09-30": "228.15600", "2017-06-30": "222.22400", "2017-03-31": "223.33300", "2016-12-31": "221.31600", "2016-09-30": "218.50400", "2016-06-30": "182.77300", "2016-03-31": "212.92000", "2015-12-31": "160.32800", "2015-09-30": "144.00800", "2015-06-30": "144.00800", "2015-03-31": "144.00800", "2014-12-31": "144.00800", "2014-09-30": "144.00800", "2014-06-30": "", "2013-06-30": ""}, "Shares Outstanding": {"2020-12-31": "249.18800", "2020-09-30": "248.01500", "2020-06-30": "244.84400", "2020-03-31": "245.50400", "2019-12-31": "250.96000", "2019-09-30": "250.88300", "2019-06-30": "238.61100", "2019-03-31": "239.41000", "2018-12-31": "247.25500", "2018-09-30": "236.21900", "2018-06-30": "231.18400", "2018-03-31": "232.22100", "2017-12-31": "230.20800", "2017-09-30": "228.15600", "2017-06-30": "222.22400", "2017-03-31": "223.33300", "2016-12-31": "221.31600", "2016-09-30": "218.50400", "2016-06-30": "193.48100", "2016-03-31": "212.92000", "2015-12-31": "165.73000", "2015-09-30": "145.51300", "2015-06-30": "144.00800", "2015-03-31": "144.00800", "2014-12-31": "145.49300", "2014-09-30": "145.48800", "2014-06-30": "", "2013-06-30": ""}, "Basic EPS": {"2020-12-31": "-2.49000", "2020-09-30": "-0.09000", "2020-06-30": "-1.58000", "2020-03-31": "-0.65000", "2019-12-31": "0.51000", "2019-09-30": "0.29000", "2019-06-30": "-0.98000", "2019-03-31": "-0.85000", "2018-12-31": "0.19000", "2018-09-30": "-1.03000", "2018-06-30": "-0.09000", "2018-03-31": "-0.07000", "2017-12-31": "-0.28000", "2017-09-30": "-0.05000", "2017-06-30": "-0.09000", "2017-03-31": "-0.08000", "2016-12-31": "-0.01000", "2016-09-30": "-0.01000", "2016-06-30": "-0.03000", "2016-03-31": "-0.01000", "2015-12-31": "0.03000", "2015-09-30": "0.03000", "2015-06-30": "-0.01000", "2015-03-31": "0.00000", "2014-12-31": "0.03000", "2014-09-30": "0.02000", "2014-06-30": "", "2013-06-30": ""}, "EPS - Earnings Per Share": {"2020-12-31": "-2.49000", "2020-09-30": "-0.09000", "2020-06-30": "-1.55000", "2020-03-31": "-0.65000", "2019-12-31": "0.49000", "2019-09-30": "0.28000", "2019-06-30": "-0.97000", "2019-03-31": "-0.85000", "2018-12-31": "0.18000", "2018-09-30": "-1.03000", "2018-06-30": "-0.09000", "2018-03-31": "-0.07000", "2017-12-31": "-0.28000", "2017-09-30": "-0.05000", "2017-06-30": "-0.09000", "2017-03-31": "-0.08000", "2016-12-31": "-0.01000", "2016-09-30": "-0.01000", "2016-06-30": "-0.03000", "2016-03-31": "-0.01000", "2015-12-31": "0.03000", "2015-09-30": "0.03000", "2015-06-30": "-0.01000", "2015-03-31": "0.00000", "2014-12-31": "0.03000", "2014-09-30": "0.02000", "2014-06-30": "0.00000", "2013-06-30": "0.00000"}}, "balance sheet": {"Cash On Hand": {"2020-06-30": "2483.52800", "2019-06-30": "1928.64300", "2018-06-30": "1733.53300", "2017-06-30": "549.91900", "2016-06-30": "743.11400", "2015-06-30": "217.34500", "2014-06-30": "162.00100", "2013-06-30": ""}, "Receivables": {"2020-06-30": "113.52800", "2019-06-30": "83.23200", "2018-06-30": "58.76300", "2017-06-30": "39.25200", "2016-06-30": "21.24600", "2015-06-30": "12.68600", "2014-06-30": "6.16200", "2013-06-30": ""}, "Inventory": {"2020-06-30": "", "2019-06-30": "", "2018-06-30": "", "2017-06-30": "", "2016-06-30": "", "2015-06-30": "", "2014-06-30": "", "2013-06-30": ""}, "Pre-Paid Expenses": {"2020-06-30": "46.73000", "2019-06-30": "30.23600", "2018-06-30": "29.73500", "2017-06-30": "23.31700", "2016-06-30": "14.17800", "2015-06-30": "8.60000", "2014-06-30": "3.04000", "2013-06-30": ""}, "Other Current Assets": {"2020-06-30": "", "2019-06-30": "", "2018-06-30": "", "2017-06-30": "", "2016-06-30": "", "2015-06-30": "", "2014-06-30": "", "2013-06-30": ""}, "Total Current Assets": {"2020-06-30": "2643.78600", "2019-06-30": "2042.11100", "2018-06-30": "1822.03100", "2017-06-30": "612.48800", "2016-06-30": "778.53800", "2015-06-30": "238.63100", "2014-06-30": "171.20300", "2013-06-30": ""}, "Property, Plant, And Equipment": {"2020-06-30": "97.64800", "2019-06-30": "81.45900", "2018-06-30": "51.65600", "2017-06-30": "41.17300", "2016-06-30": "58.76200", "2015-06-30": "41.94800", "2014-06-30": "16.03800", "2013-06-30": ""}, "Long-Term Investments": {"2020-06-30": "", "2019-06-30": "", "2018-06-30": "99.93500", "2017-06-30": "", "2016-06-30": "", "2015-06-30": "", "2014-06-30": "", "2013-06-30": ""}, "Goodwill And Intangible Assets": {"2020-06-30": "774.83000", "2019-06-30": "759.88200", "2018-06-30": "375.52000", "2017-06-30": "432.68900", "2016-06-30": "20.71500", "2015-06-30": "28.25100", "2014-06-30": "20.70800", "2013-06-30": "0.00000"}, "Other Long-Term Assets": {"2020-06-30": "124.77400", "2019-06-30": "76.72200", "2018-06-30": "13.46600", "2017-06-30": "9.26900", "2016-06-30": "5.54700", "2015-06-30": "6.81200", "2014-06-30": "5.86700", "2013-06-30": ""}, "Total Long-Term Assets": {"2020-06-30": "1250.28600", "2019-06-30": "935.14690", "2018-06-30": "599.79690", "2017-06-30": "671.37000", "2016-06-30": "212.43500", "2015-06-30": "158.53000", "2014-06-30": "90.83500", "2013-06-30": ""}, "Total Assets": {"2020-06-30": "3894.07200", "2019-06-30": "2977.25800", "2018-06-30": "2421.82800", "2017-06-30": "1283.85800", "2016-06-30": "990.97300", "2015-06-30": "397.16100", "2014-06-30": "262.03800", "2013-06-30": "0.00000"}, "Total Current Liabilities": {"2020-06-30": "3018.77900", "2019-06-30": "2329.70800", "2018-06-30": "444.88600", "2017-06-30": "326.86700", "2016-06-30": "236.50000", "2015-06-30": "188.15400", "2014-06-30": "126.52900", "2013-06-30": ""}, "Long Term Debt": {"2020-06-30": "", "2019-06-30": "", "2018-06-30": "819.63700", "2017-06-30": "", "2016-06-30": "", "2015-06-30": "", "2014-06-30": "", "2013-06-30": ""}, "Other Non-Current Liabilities": {"2020-06-30": "11.66600", "2019-06-30": "40.34500", "2018-06-30": "219.34800", "2017-06-30": "8.30200", "2016-06-30": "8.71500", "2015-06-30": "8.70000", "2014-06-30": "3.32300", "2013-06-30": ""}, "Total Long Term Liabilities": {"2020-06-30": "299.98700", "2019-06-30": "82.08300", "2018-06-30": "1069.62200", "2017-06-30": "62.94300", "2016-06-30": "22.81000", "2015-06-30": "18.95300", "2014-06-30": "10.18000", "2013-06-30": ""}, "Total Liabilities": {"2020-06-30": "3318.76600", "2019-06-30": "2411.79100", "2018-06-30": "1514.50800", "2017-06-30": "389.81000", "2016-06-30": "259.31000", "2015-06-30": "207.10700", "2014-06-30": "136.70900", "2013-06-30": "0.00000"}, "Common Stock Net": {"2020-06-30": "24.74400", "2019-06-30": "24.19900", "2018-06-30": "23.53100", "2017-06-30": "22.72600", "2016-06-30": "21.62000", "2015-06-30": "18.46100", "2014-06-30": "18.19000", "2013-06-30": "0.00000"}, "Retained Earnings (Accumulated Deficit)": {"2020-06-30": "-1116.39200", "2019-06-30": "-765.63700", "2018-06-30": "-128.01600", "2017-06-30": "-23.22900", "2016-06-30": "19.27500", "2015-06-30": "14.90200", "2014-06-30": "8.12700", "2013-06-30": ""}, "Comprehensive Income": {"2020-06-30": "", "2019-06-30": "", "2018-06-30": "", "2017-06-30": "", "2016-06-30": "", "2015-06-30": "", "2014-06-30": "", "2013-06-30": ""}, "Other Share Holders Equity": {"2020-06-30": "1207.06200", "2019-06-30": "848.73900", "2018-06-30": "557.03900", "2017-06-30": "443.59200", "2016-06-30": "249.03400", "2015-06-30": "150.94700", "2014-06-30": "96.33500", "2013-06-30": "0.00000"}, "Share Holder Equity": {"2020-06-30": "575.30600", "2019-06-30": "565.46700", "2018-06-30": "907.32000", "2017-06-30": "894.04800", "2016-06-30": "731.66300", "2015-06-30": "190.05400", "2014-06-30": "125.32900", "2013-06-30": "0.00000"}, "Total Liabilities And Share Holders Equity": {"2020-06-30": "3894.07200", "2019-06-30": "2977.25800", "2018-06-30": "2421.82800", "2017-06-30": "1283.85800", "2016-06-30": "990.97300", "2015-06-30": "397.16100", "2014-06-30": "262.03800", "2013-06-30": "0.00000"}}, "balance sheet, quarterly": {"Cash On Hand": {"2020-12-31": "2049.83500", "2020-09-30": "2500.96800", "2020-06-30": "2483.52800", "2020-03-31": "2317.40600", "2019-12-31": "2163.73100", "2019-09-30": "1989.02900", "2019-06-30": "1928.64300", "2019-03-31": "1773.22800", "2018-12-31": "1644.36100", "2018-09-30": "1795.02600", "2018-06-30": "1733.53300", "2018-03-31": "763.86600", "2017-12-31": "679.09900", "2017-09-30": "613.54000", "2017-06-30": "549.91900", "2017-03-31": "503.55800", "2016-12-31": "795.27400", "2016-09-30": "754.34400", "2016-06-30": "743.11400", "2016-03-31": "723.27500", "2015-12-31": "681.98600", "2015-09-30": "223.38900", "2015-06-30": "743.11400", "2015-03-31": "", "2014-12-31": "", "2014-09-30": "", "2014-06-30": "161.99000", "2013-06-30": ""}, "Receivables": {"2020-12-31": "160.12500", "2020-09-30": "123.06300", "2020-06-30": "113.52800", "2020-03-31": "95.49400", "2019-12-31": "125.54400", "2019-09-30": "100.84700", "2019-06-30": "83.23200", "2019-03-31": "64.76800", "2018-12-31": "72.63000", "2018-09-30": "53.15000", "2018-06-30": "58.76300", "2018-03-31": "51.59800", "2017-12-31": "48.10500", "2017-09-30": "43.13600", "2017-06-30": "39.25200", "2017-03-31": "32.55100", "2016-12-31": "33.90900", "2016-09-30": "22.40400", "2016-06-30": "21.24600", "2016-03-31": "19.18300", "2015-12-31": "25.13000", "2015-09-30": "15.39600", "2015-06-30": "21.24600", "2015-03-31": "", "2014-12-31": "", "2014-09-30": "", "2014-06-30": "6.16000", "2013-06-30": ""}, "Inventory": {"2020-12-31": "", "2020-09-30": "", "2020-06-30": "", "2020-03-31": "", "2019-12-31": "", "2019-09-30": "", "2019-06-30": "", "2019-03-31": "", "2018-12-31": "", "2018-09-30": "", "2018-06-30": "", "2018-03-31": "", "2017-12-31": "", "2017-09-30": "", "2017-06-30": "", "2017-03-31": "", "2016-12-31": "", "2016-09-30": "", "2016-06-30": "", "2016-03-31": "", "2015-12-31": "", "2015-09-30": "", "2015-06-30": "", "2015-03-31": "", "2014-12-31": "", "2014-09-30": "", "2014-06-30": "", "2013-06-30": ""}, "Pre-Paid Expenses": {"2020-12-31": "54.65300", "2020-09-30": "55.57600", "2020-06-30": "46.73000", "2020-03-31": "45.47000", "2019-12-31": "45.74100", "2019-09-30": "47.91500", "2019-06-30": "30.23600", "2019-03-31": "44.49500", "2018-12-31": "47.74100", "2018-09-30": "28.73400", "2018-06-30": "29.73500", "2018-03-31": "22.69700", "2017-12-31": "22.20400", "2017-09-30": "20.18400", "2017-06-30": "23.31700", "2017-03-31": "19.33700", "2016-12-31": "17.05300", "2016-09-30": "21.25600", "2016-06-30": "14.17800", "2016-03-31": "7.74700", "2015-12-31": "6.79200", "2015-09-30": "8.71700", "2015-06-30": "14.17800", "2015-03-31": "", "2014-12-31": "", "2014-09-30": "", "2014-06-30": "", "2013-06-30": ""}, "Other Current Assets": {"2020-12-31": "", "2020-09-30": "", "2020-06-30": "", "2020-03-31": "", "2019-12-31": "", "2019-09-30": "", "2019-06-30": "", "2019-03-31": "", "2018-12-31": "", "2018-09-30": "", "2018-06-30": "", "2018-03-31": "", "2017-12-31": "", "2017-09-30": "", "2017-06-30": "", "2017-03-31": "", "2016-12-31": "", "2016-09-30": "", "2016-06-30": "", "2016-03-31": "", "2015-12-31": "", "2015-09-30": "", "2015-06-30": "", "2015-03-31": "", "2014-12-31": "", "2014-09-30": "", "2014-06-30": "", "2013-06-30": ""}, "Total Current Assets": {"2020-12-31": "2264.61300", "2020-09-30": "2679.60700", "2020-06-30": "2643.78600", "2020-03-31": "2458.37000", "2019-12-31": "2335.01600", "2019-09-30": "2137.79100", "2019-06-30": "2042.11100", "2019-03-31": "1882.49100", "2018-12-31": "1764.73200", "2018-09-30": "1876.91000", "2018-06-30": "1822.03100", "2018-03-31": "838.16100", "2017-12-31": "749.40800", "2017-09-30": "676.86000", "2017-06-30": "612.48800", "2017-03-31": "555.44600", "2016-12-31": "846.23600", "2016-09-30": "798.00400", "2016-06-30": "778.53800", "2016-03-31": "750.20500", "2015-12-31": "713.90800", "2015-09-30": "247.50200", "2015-06-30": "778.53800", "2015-03-31": "", "2014-12-31": "", "2014-09-30": "", "2014-06-30": "171.20000", "2013-06-30": ""}, "Property, Plant, And Equipment": {"2020-12-31": "103.86100", "2020-09-30": "100.39300", "2020-06-30": "97.64800", "2020-03-31": "85.03800", "2019-12-31": "83.26800", "2019-09-30": "80.73500", "2019-06-30": "81.45900", "2019-03-31": "65.24900", "2018-12-31": "63.71600", "2018-09-30": "57.01600", "2018-06-30": "51.65600", "2018-03-31": "35.09800", "2017-12-31": "37.79200", "2017-09-30": "38.94400", "2017-06-30": "41.17300", "2017-03-31": "45.19000", "2016-12-31": "49.68700", "2016-09-30": "54.55700", "2016-06-30": "58.76200", "2016-03-31": "48.23100", "2015-12-31": "41.20200", "2015-09-30": "42.02900", "2015-06-30": "58.76200", "2015-03-31": "", "2014-12-31": "", "2014-09-30": "", "2014-06-30": "28.09000", "2013-06-30": ""}, "Long-Term Investments": {"2020-12-31": "", "2020-09-30": "", "2020-06-30": "", "2020-03-31": "", "2019-12-31": "", "2019-09-30": "", "2019-06-30": "", "2019-03-31": "", "2018-12-31": "", "2018-09-30": "", "2018-06-30": "99.93500", "2018-03-31": "", "2017-12-31": "", "2017-09-30": "", "2017-06-30": "", "2017-03-31": "", "2016-12-31": "", "2016-09-30": "", "2016-06-30": "", "2016-03-31": "", "2015-12-31": "", "2015-09-30": "", "2015-06-30": "", "2015-03-31": "", "2014-12-31": "", "2014-09-30": "", "2014-06-30": "", "2013-06-30": ""}, "Goodwill And Intangible Assets": {"2020-12-31": "810.61690", "2020-09-30": "806.63400", "2020-06-30": "774.83000", "2020-03-31": "764.71300", "2019-12-31": "774.33700", "2019-09-30": "748.40800", "2019-06-30": "759.88200", "2019-03-31": "614.22400", "2018-12-31": "627.06300", "2018-09-30": "362.01200", "2018-06-30": "375.52000", "2018-03-31": "390.02600", "2017-12-31": "404.25100", "2017-09-30": "418.51400", "2017-06-30": "432.68900", "2017-03-31": "446.74000", "2016-12-31": "39.91600", "2016-09-30": "42.60400", "2016-06-30": "20.71500", "2016-03-31": "22.73300", "2015-12-31": "24.51200", "2015-09-30": "26.51500", "2015-06-30": "20.71500", "2015-03-31": "0.00000", "2014-12-31": "0.00000", "2014-09-30": "0.00000", "2014-06-30": "0.00000", "2013-06-30": "0.00000"}, "Other Long-Term Assets": {"2020-12-31": "128.07100", "2020-09-30": "186.77400", "2020-06-30": "124.77400", "2020-03-31": "87.21200", "2019-12-31": "59.89600", "2019-09-30": "62.75200", "2019-06-30": "76.72200", "2019-03-31": "228.42800", "2018-12-31": "188.37800", "2018-09-30": "197.89400", "2018-06-30": "13.46600", "2018-03-31": "12.22600", "2017-12-31": "12.09400", "2017-09-30": "9.20200", "2017-06-30": "9.26900", "2017-03-31": "8.51300", "2016-12-31": "8.40400", "2016-09-30": "5.64900", "2016-06-30": "5.54700", "2016-03-31": "5.69100", "2015-12-31": "5.81200", "2015-09-30": "8.94100", "2015-06-30": "5.54700", "2015-03-31": "", "2014-12-31": "", "2014-09-30": "", "2014-06-30": "", "2013-06-30": ""}, "Total Long-Term Assets": {"2020-12-31": "1296.57700", "2020-09-30": "1358.54100", "2020-06-30": "1250.28600", "2020-03-31": "1182.58700", "2019-12-31": "1168.15800", "2019-09-30": "1142.80900", "2019-06-30": "935.14690", "2019-03-31": "992.65300", "2018-12-31": "960.21200", "2018-09-30": "676.61200", "2018-06-30": "599.79690", "2018-03-31": "534.58400", "2017-12-31": "557.11700", "2017-09-30": "666.68600", "2017-06-30": "671.37000", "2017-03-31": "680.21800", "2016-12-31": "236.87100", "2016-09-30": "250.24300", "2016-06-30": "212.43500", "2016-03-31": "196.16700", "2015-12-31": "201.82300", "2015-09-30": "166.65300", "2015-06-30": "212.43500", "2015-03-31": "", "2014-12-31": "", "2014-09-30": "", "2014-06-30": "28.09000", "2013-06-30": ""}, "Total Assets": {"2020-12-31": "3561.19000", "2020-09-30": "4038.14800", "2020-06-30": "3894.07200", "2020-03-31": "3640.95700", "2019-12-31": "3503.17400", "2019-09-30": "3280.60000", "2019-06-30": "2977.25800", "2019-03-31": "2875.14400", "2018-12-31": "2724.94400", "2018-09-30": "2553.52200", "2018-06-30": "2421.82800", "2018-03-31": "1372.74500", "2017-12-31": "1306.52500", "2017-09-30": "1343.54600", "2017-06-30": "1283.85800", "2017-03-31": "1235.66400", "2016-12-31": "1083.10700", "2016-09-30": "1048.24700", "2016-06-30": "990.97300", "2016-03-31": "946.37200", "2015-12-31": "915.73100", "2015-09-30": "414.15500", "2015-06-30": "990.97300", "2015-03-31": "0.00000", "2014-12-31": "0.00000", "2014-09-30": "0.00000", "2014-06-30": "262.03000", "2013-06-30": "0.00000"}, "Total Current Liabilities": {"2020-12-31": "3085.90400", "2020-09-30": "3039.80400", "2020-06-30": "3018.77900", "2020-03-31": "2524.50400", "2019-12-31": "2295.55900", "2019-09-30": "2287.14200", "2019-06-30": "2329.70800", "2019-03-31": "564.20400", "2018-12-31": "512.77500", "2018-09-30": "449.72600", "2018-06-30": "444.88600", "2018-03-31": "415.19100", "2017-12-31": "371.60300", "2017-09-30": "347.36100", "2017-06-30": "326.86700", "2017-03-31": "304.07600", "2016-12-31": "259.11000", "2016-09-30": "237.19900", "2016-06-30": "236.50000", "2016-03-31": "217.62400", "2015-12-31": "190.85600", "2015-09-30": "179.57500", "2015-06-30": "236.50000", "2015-03-31": "", "2014-12-31": "", "2014-09-30": "", "2014-06-30": "126.52000", "2013-06-30": ""}, "Long Term Debt": {"2020-12-31": "", "2020-09-30": "", "2020-06-30": "", "2020-03-31": "", "2019-12-31": "", "2019-09-30": "", "2019-06-30": "", "2019-03-31": "844.93800", "2018-12-31": "836.40300", "2018-09-30": "827.97000", "2018-06-30": "819.63700", "2018-03-31": "", "2017-12-31": "", "2017-09-30": "", "2017-06-30": "", "2017-03-31": "", "2016-12-31": "", "2016-09-30": "", "2016-06-30": "", "2016-03-31": "", "2015-12-31": "", "2015-09-30": "", "2015-06-30": "", "2015-03-31": "", "2014-12-31": "", "2014-09-30": "", "2014-06-30": "", "2013-06-30": ""}, "Other Non-Current Liabilities": {"2020-12-31": "12.97700", "2020-09-30": "15.79000", "2020-06-30": "11.66600", "2020-03-31": "8.66200", "2019-12-31": "7.20400", "2019-09-30": "6.56700", "2019-06-30": "40.34500", "2019-03-31": "708.35400", "2018-12-31": "489.98600", "2018-09-30": "530.88000", "2018-06-30": "219.34800", "2018-03-31": "14.02900", "2017-12-31": "10.44500", "2017-09-30": "9.02300", "2017-06-30": "8.30200", "2017-03-31": "9.85600", "2016-12-31": "12.12400", "2016-09-30": "11.71700", "2016-06-30": "8.71500", "2016-03-31": "9.81100", "2015-12-31": "9.12600", "2015-09-30": "8.27700", "2015-06-30": "8.71500", "2015-03-31": "", "2014-12-31": "", "2014-09-30": "", "2014-06-30": "", "2013-06-30": ""}, "Total Long Term Liabilities": {"2020-12-31": "306.14600", "2020-09-30": "309.90000", "2020-06-30": "299.98700", "2020-03-31": "296.29400", "2019-12-31": "312.60700", "2019-09-30": "299.21000", "2019-06-30": "82.08300", "2019-03-31": "1617.42200", "2018-12-31": "1392.42100", "2018-09-30": "1390.52600", "2018-06-30": "1069.62200", "2018-03-31": "74.84100", "2017-12-31": "71.49800", "2017-09-30": "66.81600", "2017-06-30": "62.94300", "2017-03-31": "77.98000", "2016-12-31": "31.79500", "2016-09-30": "30.27800", "2016-06-30": "22.81000", "2016-03-31": "22.04300", "2015-12-31": "20.24100", "2015-09-30": "18.60100", "2015-06-30": "22.81000", "2015-03-31": "", "2014-12-31": "", "2014-09-30": "", "2014-06-30": "", "2013-06-30": ""}, "Total Liabilities": {"2020-12-31": "3392.05000", "2020-09-30": "3349.70400", "2020-06-30": "3318.76600", "2020-03-31": "2820.79800", "2019-12-31": "2608.16600", "2019-09-30": "2586.35200", "2019-06-30": "2411.79100", "2019-03-31": "2181.62600", "2018-12-31": "1905.19600", "2018-09-30": "1840.25200", "2018-06-30": "1514.50800", "2018-03-31": "490.03200", "2017-12-31": "443.10100", "2017-09-30": "414.17700", "2017-06-30": "389.81000", "2017-03-31": "382.05600", "2016-12-31": "290.90500", "2016-09-30": "267.47700", "2016-06-30": "259.31000", "2016-03-31": "239.66700", "2015-12-31": "211.09700", "2015-09-30": "198.17600", "2015-06-30": "259.31000", "2015-03-31": "0.00000", "2014-12-31": "0.00000", "2014-09-30": "0.00000", "2014-06-30": "136.70000", "2013-06-30": "0.00000"}, "Common Stock Net": {"2020-12-31": "24.96300", "2020-09-30": "24.86400", "2020-06-30": "24.74400", "2020-03-31": "24.62900", "2019-12-31": "24.47800", "2019-09-30": "24.35600", "2019-06-30": "24.19900", "2019-03-31": "24.02700", "2018-12-31": "23.84400", "2018-09-30": "23.71100", "2018-06-30": "23.53100", "2018-03-31": "23.31800", "2017-12-31": "23.12100", "2017-09-30": "22.90500", "2017-06-30": "22.72600", "2017-03-31": "22.42200", "2016-12-31": "22.24000", "2016-09-30": "22.00000", "2016-06-30": "21.62000", "2016-03-31": "21.31900", "2015-12-31": "21.21300", "2015-09-30": "18.63100", "2015-06-30": "21.62000", "2015-03-31": "0.00000", "2014-12-31": "0.00000", "2014-09-30": "0.00000", "2014-06-30": "0.00000", "2013-06-30": "0.00000"}, "Retained Earnings (Accumulated Deficit)": {"2020-12-31": "-1759.47400", "2020-09-30": "-1137.94600", "2020-06-30": "-1116.39200", "2020-03-31": "-731.16900", "2019-12-31": "-572.34400", "2019-09-30": "-696.41800", "2019-06-30": "-765.63700", "2019-03-31": "-528.12000", "2018-12-31": "-325.27600", "2018-09-30": "-370.46100", "2018-06-30": "-128.01600", "2018-03-31": "-116.71900", "2017-12-31": "-102.45300", "2017-09-30": "-37.22300", "2017-06-30": "-23.22900", "2017-03-31": "-2.52100", "2016-12-31": "14.94000", "2016-09-30": "16.63800", "2016-06-30": "19.27500", "2016-03-31": "23.97700", "2015-12-31": "25.04900", "2015-09-30": "19.98400", "2015-06-30": "19.27500", "2015-03-31": "", "2014-12-31": "", "2014-09-30": "", "2014-06-30": "8.12000", "2013-06-30": ""}, "Comprehensive Income": {"2020-12-31": "", "2020-09-30": "", "2020-06-30": "", "2020-03-31": "", "2019-12-31": "", "2019-09-30": "", "2019-06-30": "", "2019-03-31": "", "2018-12-31": "", "2018-09-30": "", "2018-06-30": "", "2018-03-31": "", "2017-12-31": "", "2017-09-30": "", "2017-06-30": "", "2017-03-31": "", "2016-12-31": "", "2016-09-30": "", "2016-06-30": "", "2016-03-31": "", "2015-12-31": "", "2015-09-30": "", "2015-06-30": "", "2015-03-31": "", "2014-12-31": "", "2014-09-30": "", "2014-06-30": "", "2013-06-30": ""}, "Other Share Holders Equity": {"2020-12-31": "1442.64900", "2020-09-30": "1340.74100", "2020-06-30": "1207.06200", "2020-03-31": "1067.10900", "2019-12-31": "983.76000", "2019-09-30": "907.51400", "2019-06-30": "848.73900", "2019-03-31": "740.13000", "2018-12-31": "664.77600", "2018-09-30": "604.29300", "2018-06-30": "557.03900", "2018-03-31": "522.22000", "2017-12-31": "489.74000", "2017-09-30": "491.87700", "2017-06-30": "443.59200", "2017-03-31": "384.72100", "2016-12-31": "307.55400", "2016-09-30": "295.99800", "2016-06-30": "249.03400", "2016-03-31": "222.08200", "2015-12-31": "219.88500", "2015-09-30": "170.37500", "2015-06-30": "249.03400", "2015-03-31": "0.00000", "2014-12-31": "0.00000", "2014-09-30": "0.00000", "2014-06-30": "0.00000", "2013-06-30": "0.00000"}, "Share Holder Equity": {"2020-12-31": "169.14000", "2020-09-30": "688.44400", "2020-06-30": "575.30600", "2020-03-31": "820.15900", "2019-12-31": "895.00800", "2019-09-30": "694.24800", "2019-06-30": "565.46700", "2019-03-31": "693.51800", "2018-12-31": "819.74800", "2018-09-30": "713.27000", "2018-06-30": "907.32000", "2018-03-31": "882.71300", "2017-12-31": "863.42400", "2017-09-30": "929.36900", "2017-06-30": "894.04800", "2017-03-31": "853.60800", "2016-12-31": "792.20200", "2016-09-30": "780.77000", "2016-06-30": "731.66300", "2016-03-31": "706.70500", "2015-12-31": "704.63400", "2015-09-30": "215.97900", "2015-06-30": "731.66300", "2015-03-31": "0.00000", "2014-12-31": "0.00000", "2014-09-30": "0.00000", "2014-06-30": "125.32000", "2013-06-30": "0.00000"}, "Total Liabilities And Share Holders Equity": {"2020-12-31": "3561.19000", "2020-09-30": "4038.14800", "2020-06-30": "3894.07200", "2020-03-31": "3640.95700", "2019-12-31": "3503.17400", "2019-09-30": "3280.60000", "2019-06-30": "2977.25800", "2019-03-31": "2875.14400", "2018-12-31": "2724.94400", "2018-09-30": "2553.52200", "2018-06-30": "2421.82800", "2018-03-31": "1372.74500", "2017-12-31": "1306.52500", "2017-09-30": "1343.54600", "2017-06-30": "1283.85800", "2017-03-31": "1235.66400", "2016-12-31": "1083.10700", "2016-09-30": "1048.24700", "2016-06-30": "990.97300", "2016-03-31": "946.37200", "2015-12-31": "915.73100", "2015-09-30": "414.15500", "2015-06-30": "990.97300", "2015-03-31": "0.00000", "2014-12-31": "0.00000", "2014-09-30": "0.00000", "2014-06-30": "0.00000", "2013-06-30": "0.00000"}}, "cash flow statement": {"Net Income/Loss": {"2020-06-30": "-346.20900", "2019-06-30": "-605.55600", "2018-06-30": "-58.13100", "2017-06-30": "-59.65200", "2016-06-30": "-4.90700", "2015-06-30": "-0.74900", "2014-06-30": "22.22800", "2013-06-30": "11.40300"}, "Total Depreciation And Amortization - Cash Flow": {"2020-06-30": "97.39800", "2019-06-30": "70.24800", "2018-06-30": "79.43500", "2017-06-30": "61.54600", "2016-06-30": "21.92600", "2015-06-30": "15.51100", "2014-06-30": "13.31600", "2013-06-30": "12.06000"}, "Other Non-Cash Items": {"2020-06-30": "668.66100", "2019-06-30": "795.28410", "2018-06-30": "172.65000", "2017-06-30": "132.29300", "2016-06-30": "73.68100", "2015-06-30": "42.69800", "2014-06-30": "9.97900", "2013-06-30": "5.62600"}, "Total Non-Cash Items": {"2020-06-30": "766.05900", "2019-06-30": "865.53200", "2018-06-30": "252.08500", "2017-06-30": "193.83900", "2016-06-30": "95.60700", "2015-06-30": "58.20900", "2014-06-30": "23.29500", "2013-06-30": "17.68600"}, "Change In Accounts Receivable": {"2020-06-30": "-29.44000", "2019-06-30": "-30.21100", "2018-06-30": "-19.63500", "2017-06-30": "-10.20800", "2016-06-30": "-3.48700", "2015-06-30": "-7.93200", "2014-06-30": "-1.95900", "2013-06-30": "-0.06300"}, "Change In Inventories": {"2020-06-30": "", "2019-06-30": "", "2018-06-30": "", "2017-06-30": "", "2016-06-30": "", "2015-06-30": "", "2014-06-30": "", "2013-06-30": ""}, "Change In Accounts Payable": {"2020-06-30": "51.53200", "2019-06-30": "75.62400", "2018-06-30": "43.47700", "2017-06-30": "10.94700", "2016-06-30": "11.62200", "2015-06-30": "16.06700", "2014-06-30": "13.27800", "2013-06-30": "12.88300"}, "Change In Assets/Liabilities": {"2020-06-30": "150.14400", "2019-06-30": "153.91500", "2018-06-30": "97.90600", "2017-06-30": "73.49700", "2016-06-30": "43.13900", "2015-06-30": "37.69100", "2014-06-30": "20.32200", "2013-06-30": "17.75900"}, "Total Change In Assets/Liabilities": {"2020-06-30": "154.36000", "2019-06-30": "206.36600", "2018-06-30": "117.50200", "2017-06-30": "65.19400", "2016-06-30": "38.84200", "2015-06-30": "40.76100", "2014-06-30": "29.75700", "2013-06-30": "25.22100"}, "Cash Flow From Operating Activities": {"2020-06-30": "574.21000", "2019-06-30": "466.34200", "2018-06-30": "311.45600", "2017-06-30": "199.38100", "2016-06-30": "129.54200", "2015-06-30": "98.22100", "2014-06-30": "75.28000", "2013-06-30": "54.31000"}, "Net Change In Property, Plant, And Equipment": {"2020-06-30": "-35.70900", "2019-06-30": "-40.47100", "2018-06-30": "-27.43400", "2017-06-30": "-14.78700", "2016-06-30": "-34.21300", "2015-06-30": "-31.77600", "2014-06-30": "-8.11000", "2013-06-30": "-7.24600"}, "Net Change In Intangible Assets": {"2020-06-30": "", "2019-06-30": "-2.11000", "2018-06-30": "", "2017-06-30": "-0.92500", "2016-06-30": "", "2015-06-30": "-0.90000", "2014-06-30": "-2.14900", "2013-06-30": ""}, "Net Acquisitions/Divestitures": {"2020-06-30": "-53.21200", "2019-06-30": "-418.59500", "2018-06-30": "", "2017-06-30": "-381.09000", "2016-06-30": "", "2015-06-30": "-10.61500", "2014-06-30": "", "2013-06-30": ""}, "Net Change In Short-term Investments": {"2020-06-30": "", "2019-06-30": "", "2018-06-30": "", "2017-06-30": "-312.13700", "2016-06-30": "-503.77300", "2015-06-30": "14.72500", "2014-06-30": "-33.85700", "2013-06-30": "-5.09600"}, "Net Change In Long-Term Investments": {"2020-06-30": "-227.16500", "2019-06-30": "-142.47000", "2018-06-30": "-17.84100", "2017-06-30": "488.67200", "2016-06-30": "49.50100", "2015-06-30": "", "2014-06-30": "", "2013-06-30": ""}, "Net Change In Investments - Total": {"2020-06-30": "-227.16500", "2019-06-30": "-142.47000", "2018-06-30": "-17.84100", "2017-06-30": "176.53500", "2016-06-30": "-454.27200", "2015-06-30": "14.72500", "2014-06-30": "-33.85700", "2013-06-30": "-5.09600"}, "Investing Activities - Other": {"2020-06-30": "-2.84500", "2019-06-30": "-0.55200", "2018-06-30": "-6.42100", "2017-06-30": "-4.30600", "2016-06-30": "-1.02500", "2015-06-30": "", "2014-06-30": "-2.43800", "2013-06-30": "-0.10000"}, "Cash Flow From Investing Activities": {"2020-06-30": "-318.93100", "2019-06-30": "-604.19800", "2018-06-30": "-51.69600", "2017-06-30": "-224.57300", "2016-06-30": "-489.51000", "2015-06-30": "-28.56600", "2014-06-30": "-46.55400", "2013-06-30": "-12.44200"}, "Net Long-Term Debt": {"2020-06-30": "-0.00200", "2019-06-30": "-0.41000", "2018-06-30": "990.49400", "2017-06-30": "", "2016-06-30": "", "2015-06-30": "", "2014-06-30": "", "2013-06-30": ""}, "Net Current Debt": {"2020-06-30": "-38.12500", "2019-06-30": "", "2018-06-30": "", "2017-06-30": "", "2016-06-30": "", "2015-06-30": "", "2014-06-30": "", "2013-06-30": ""}, "Debt Issuance/Retirement Net - Total": {"2020-06-30": "-38.12700", "2019-06-30": "-0.41000", "2018-06-30": "990.49400", "2017-06-30": "", "2016-06-30": "", "2015-06-30": "", "2014-06-30": "", "2013-06-30": ""}, "Net Common Equity Issued/Repurchased": {"2020-06-30": "1.80200", "2019-06-30": "3.54200", "2018-06-30": "3.99500", "2017-06-30": "9.43800", "2016-06-30": "438.17900", "2015-06-30": "2.33800", "2014-06-30": "7.42900", "2013-06-30": "3.04200"}, "Net Total Equity Issued/Repurchased": {"2020-06-30": "1.80200", "2019-06-30": "3.54200", "2018-06-30": "3.99500", "2017-06-30": "9.43800", "2016-06-30": "438.17900", "2015-06-30": "2.33800", "2014-06-30": "7.42900", "2013-06-30": "5.04200"}, "Total Common And Preferred Stock Dividends Paid": {"2020-06-30": "", "2019-06-30": "", "2018-06-30": "", "2017-06-30": "", "2016-06-30": "", "2015-06-30": "", "2014-06-30": "-10.00000", "2013-06-30": "-2.20100"}, "Financial Activities - Other": {"2020-06-30": "-6.25000", "2019-06-30": "-6.31900", "2018-06-30": "-87.70000", "2017-06-30": "", "2016-06-30": "-5.39500", "2015-06-30": "", "2014-06-30": "", "2013-06-30": ""}, "Cash Flow From Financial Activities": {"2020-06-30": "-42.57500", "2019-06-30": "-3.18700", "2018-06-30": "906.78900", "2017-06-30": "9.43800", "2016-06-30": "432.78400", "2015-06-30": "2.33800", "2014-06-30": "-2.57100", "2013-06-30": "2.84100"}, "Net Cash Flow": {"2020-06-30": "211.52800", "2019-06-30": "-141.89800", "2018-06-30": "1165.91900", "2017-06-30": "-15.28900", "2016-06-30": "72.61500", "2015-06-30": "70.32800", "2014-06-30": "26.60000", "2013-06-30": "43.36000"}, "Stock-Based Compensation": {"2020-06-30": "313.39500", "2019-06-30": "257.76200", "2018-06-30": "162.87300", "2017-06-30": "137.44800", "2016-06-30": "75.48000", "2015-06-30": "41.53400", "2014-06-30": "11.36400", "2013-06-30": "3.49100"}, "Common Stock Dividends Paid": {"2020-06-30": "", "2019-06-30": "", "2018-06-30": "", "2017-06-30": "", "2016-06-30": "", "2015-06-30": "", "2014-06-30": "-10.00000", "2013-06-30": "-2.20100"}}, "cash flow statement, quarterly": {"Net Income/Loss": {"2020-12-31": -607.372, "2020-09-30": "-24.32400", "2020-06-30": -395.608, "2020-03-31": -166.857, "2019-12-31": 141.791, "2019-09-30": "74.46500", "2019-06-30": -190.862, "2019-03-31": -201.681, "2018-12-31": 27.063, "2018-09-30": "-240.07600", "2018-06-30": -18.935, "2018-03-31": -7.543, "2017-12-31": -11.945, "2017-09-30": "-19.70800", "2017-06-30": -31.768, "2017-03-31": -22.521, "2016-12-31": -1.487, "2016-09-30": "-3.87600", "2016-06-30": -10.497, "2016-03-31": -4.183, "2015-12-31": 3.26, "2015-09-30": "6.51300", "2015-06-30": -2.514, "2015-03-31": -2.775, "2014-12-31": 3.277, "2014-09-30": "1.27200", "2014-06-30": 0, "2013-06-30": 0}, "Total Depreciation And Amortization - Cash Flow": {"2020-12-31": 23.185, "2020-09-30": "22.62500", "2020-06-30": 22.078, "2020-03-31": 23.683, "2019-12-31": 26.622, "2019-09-30": "25.01500", "2019-06-30": 15.845, "2019-03-31": 16.303, "2018-12-31": 20.685, "2018-09-30": "17.41500", "2018-06-30": 17.754, "2018-03-31": 20.111, "2017-12-31": 20.99, "2017-09-30": "20.58000", "2017-06-30": 23.766, "2017-03-31": 18.485, "2016-12-31": 11.253, "2016-09-30": "8.04200", "2016-06-30": 6.342, "2016-03-31": 5.678, "2015-12-31": 5.372, "2015-09-30": "4.53400", "2015-06-30": 4.558, "2015-03-31": 3.813, "2014-12-31": 3.551, "2014-09-30": "3.58800", "2014-06-30": 0, "2013-06-30": 0}, "Other Non-Cash Items": {"2020-12-31": 741.805, "2020-09-30": "129.02700", "2020-06-30": 471.461, "2020-03-31": 229.832, "2019-12-31": -28.754, "2019-09-30": "-3.87800", "2019-06-30": 233.2961, "2019-03-31": 245.275, "2018-12-31": 29.755, "2018-09-30": "286.95800", "2018-06-30": 54.397, "2018-03-31": 31.794, "2017-12-31": 43.625, "2017-09-30": "42.83400", "2017-06-30": 40.406, "2017-03-31": 36.936, "2016-12-31": 26.185, "2016-09-30": "28.76600", "2016-06-30": 23.969, "2016-03-31": 20.162, "2015-12-31": 14.936, "2015-09-30": "14.61400", "2015-06-30": 12.034, "2015-03-31": 11.932, "2014-12-31": 10.113, "2014-09-30": "8.61900", "2014-06-30": 0, "2013-06-30": 0}, "Total Non-Cash Items": {"2020-12-31": 764.99, "2020-09-30": "151.65200", "2020-06-30": 493.539, "2020-03-31": 253.515, "2019-12-31": -2.132, "2019-09-30": "21.13700", "2019-06-30": 249.141, "2019-03-31": 261.578, "2018-12-31": 50.44, "2018-09-30": "304.37300", "2018-06-30": 72.151, "2018-03-31": 51.905, "2017-12-31": 64.615, "2017-09-30": "63.41400", "2017-06-30": 64.172, "2017-03-31": 55.421, "2016-12-31": 37.438, "2016-09-30": "36.80800", "2016-06-30": 30.311, "2016-03-31": 25.84, "2015-12-31": 20.308, "2015-09-30": "19.14800", "2015-06-30": -26.106, "2015-03-31": 15.745, "2014-12-31": 13.664, "2014-09-30": "12.20700", "2014-06-30": 0, "2013-06-30": 0}, "Change In Accounts Receivable": {"2020-12-31": -37.145, "2020-09-30": "-8.37800", "2020-06-30": -18.229, "2020-03-31": 29.902, "2019-12-31": -24.276, "2019-09-30": "-16.83700", "2019-06-30": -14.584, "2019-03-31": 7.513, "2018-12-31": -17.769, "2018-09-30": "-5.37100", "2018-06-30": -7.748, "2018-03-31": -3.5, "2017-12-31": -4.668, "2017-09-30": "-3.71900", "2017-06-30": -0.295, "2017-03-31": 2.155, "2016-12-31": -12.695, "2016-09-30": "0.62700", "2016-06-30": -0.176, "2016-03-31": -1.723, "2015-12-31": -2.866, "2015-09-30": "1.27800", "2015-06-30": -0.494, "2015-03-31": -6.714, "2014-12-31": 2.303, "2014-09-30": "-3.02700", "2014-06-30": 0, "2013-06-30": 0}, "Change In Inventories": {"2020-12-31": 0, "2020-09-30": "", "2020-06-30": 0, "2020-03-31": 0, "2019-12-31": 0, "2019-09-30": "", "2019-06-30": 0, "2019-03-31": 0, "2018-12-31": 0, "2018-09-30": "", "2018-06-30": 0, "2018-03-31": 0, "2017-12-31": 0, "2017-09-30": "", "2017-06-30": 0, "2017-03-31": 0, "2016-12-31": 0, "2016-09-30": "", "2016-06-30": 0, "2016-03-31": 0, "2015-12-31": 0, "2015-09-30": "", "2015-06-30": 0, "2015-03-31": 0, "2014-12-31": 0, "2014-09-30": "", "2014-06-30": 0, "2013-06-30": 0}, "Change In Accounts Payable": {"2020-12-31": 32.823, "2020-09-30": "-47.38400", "2020-06-30": 26.08, "2020-03-31": 30.961, "2019-12-31": 26.32, "2019-09-30": "-31.82900", "2019-06-30": 19.419, "2019-03-31": 38.231, "2018-12-31": 32.252, "2018-09-30": "-14.27800", "2018-06-30": 9.908, "2018-03-31": 27.311, "2017-12-31": 5.105, "2017-09-30": "1.15300", "2017-06-30": 1.639, "2017-03-31": 12.707, "2016-12-31": 5.135, "2016-09-30": "-8.53400", "2016-06-30": 5.647, "2016-03-31": 10.717, "2015-12-31": 5.966, "2015-09-30": "-10.70800", "2015-06-30": 3.363, "2015-03-31": 14.538, "2014-12-31": 7.716, "2014-09-30": "-9.55000", "2014-06-30": 0, "2013-06-30": 0}, "Change In Assets/Liabilities": {"2020-12-31": 68.652, "2020-09-30": "15.37400", "2020-06-30": 19.585, "2020-03-31": 11.88, "2019-12-31": 87.041, "2019-09-30": "31.63800", "2019-06-30": 56.174, "2019-03-31": 28.482, "2018-12-31": 39.193, "2018-09-30": "30.06600", "2018-06-30": 27.369, "2018-03-31": 25.18, "2017-12-31": 19.991, "2017-09-30": "25.36600", "2017-06-30": 21.857, "2017-03-31": 26.416, "2016-12-31": 20.426, "2016-09-30": "4.79800", "2016-06-30": 12.981, "2016-03-31": 18.554, "2015-12-31": 8.944, "2015-09-30": "2.66000", "2015-06-30": 6.823, "2015-03-31": 13.34, "2014-12-31": 8.73, "2014-09-30": "8.79800", "2014-06-30": 0, "2013-06-30": 0}, "Total Change In Assets/Liabilities": {"2020-12-31": 42.844, "2020-09-30": "-47.86300", "2020-06-30": 25.41, "2020-03-31": 69.655, "2019-12-31": 78.706, "2019-09-30": "-19.41100", "2019-06-30": 59.447, "2019-03-31": 73.354, "2018-12-31": 52.933, "2018-09-30": "20.63200", "2018-06-30": 28.987, "2018-03-31": 47.314, "2017-12-31": 19.658, "2017-09-30": "21.54300", "2017-06-30": 18.193, "2017-03-31": 40.023, "2016-12-31": 11.448, "2016-09-30": "-4.47000", "2016-06-30": 15.181, "2016-03-31": 26.587, "2015-12-31": 8.331, "2015-09-30": "-11.25700", "2015-06-30": 6.646, "2015-03-31": 20.333, "2014-12-31": 17.546, "2014-09-30": "-3.82500", "2014-06-30": 0, "2013-06-30": 0}, "Cash Flow From Operating Activities": {"2020-12-31": 200.462, "2020-09-30": "79.46500", "2020-06-30": 123.341, "2020-03-31": 156.313, "2019-12-31": 218.365, "2019-09-30": "76.19100", "2019-06-30": 117.726, "2019-03-31": 133.251, "2018-12-31": 130.436, "2018-09-30": "84.92900", "2018-06-30": 82.203, "2018-03-31": 91.676, "2017-12-31": 72.328, "2017-09-30": "65.24900", "2017-06-30": 50.597, "2017-03-31": 72.923, "2016-12-31": 47.399, "2016-09-30": "28.46200", "2016-06-30": 34.995, "2016-03-31": 48.244, "2015-12-31": 31.899, "2015-09-30": "14.40400", "2015-06-30": 20.776, "2015-03-31": 33.303, "2014-12-31": 34.487, "2014-09-30": "9.65400", "2014-06-30": 0, "2013-06-30": 0}, "Net Change In Property, Plant, And Equipment": {"2020-12-31": -9.548, "2020-09-30": "-7.81700", "2020-06-30": -15.844, "2020-03-31": -6.742, "2019-12-31": -7.01, "2019-09-30": "-6.11300", "2019-06-30": -19.563, "2019-03-31": -6.106, "2018-12-31": -4.807, "2018-09-30": "-9.99500", "2018-06-30": -16.027, "2018-03-31": -4.293, "2017-12-31": -4.55, "2017-09-30": "-2.56400", "2017-06-30": -5.208, "2017-03-31": -4.623, "2016-12-31": -2.907, "2016-09-30": "-2.04900", "2016-06-30": -17.394, "2016-03-31": -7.531, "2015-12-31": -3.133, "2015-09-30": "-6.15500", "2015-06-30": -13.724, "2015-03-31": -4.108, "2014-12-31": -8.76, "2014-09-30": "-5.17800", "2014-06-30": 0, "2013-06-30": 0}, "Net Change In Intangible Assets": {"2020-12-31": 0, "2020-09-30": "", "2020-06-30": 0, "2020-03-31": 0, "2019-12-31": 0, "2019-09-30": "", "2019-06-30": -1.26, "2019-03-31": 0, "2018-12-31": 0, "2018-09-30": "-0.85000", "2018-06-30": 0, "2018-03-31": 0, "2017-12-31": 0, "2017-09-30": "", "2017-06-30": -0.925, "2017-03-31": 0, "2016-12-31": 0, "2016-09-30": "", "2016-06-30": 0, "2016-03-31": 0, "2015-12-31": 0, "2015-09-30": "", "2015-06-30": 0, "2015-03-31": 0, "2014-12-31": 0, "2014-09-30": "-0.90000", "2014-06-30": 0, "2013-06-30": 0}, "Net Acquisitions/Divestitures": {"2020-12-31": -9.7, "2020-09-30": "-32.46400", "2020-06-30": -15.229, "2020-03-31": 0, "2019-12-31": -37.168, "2019-09-30": "-0.81500", "2019-06-30": -155.041, "2019-03-31": 0, "2018-12-31": -263.554, "2018-09-30": "", "2018-06-30": 0, "2018-03-31": 0, "2017-12-31": 0, "2017-09-30": "", "2017-06-30": 0, "2017-03-31": -362.795, "2016-12-31": 0, "2016-09-30": "-18.29500", "2016-06-30": 0, "2016-03-31": 0, "2015-12-31": 0, "2015-09-30": "", "2015-06-30": -7.275, "2015-03-31": 0, "2014-12-31": -0.135, "2014-09-30": "-3.20000", "2014-06-30": 0, "2013-06-30": 0}, "Net Change In Short-term Investments": {"2020-12-31": -74.677, "2020-09-30": "74.67700", "2020-06-30": 0, "2020-03-31": 0, "2019-12-31": -122.449, "2019-09-30": "122.44900", "2019-06-30": 0, "2019-03-31": 0, "2018-12-31": 0, "2018-09-30": "", "2018-06-30": 0, "2018-03-31": 0, "2017-12-31": 51.573, "2017-09-30": "-51.57300", "2017-06-30": -53.94, "2017-03-31": -81.933, "2016-12-31": -59.378, "2016-09-30": "-116.88600", "2016-06-30": -116.169, "2016-03-31": -305.583, "2015-12-31": -97.203, "2015-09-30": "15.18200", "2015-06-30": 14.992, "2015-03-31": -0.476, "2014-12-31": 0.077, "2014-09-30": "0.13200", "2014-06-30": 0, "2013-06-30": 0}, "Net Change In Long-Term Investments": {"2020-12-31": 199.898, "2020-09-30": "-26.16500", "2020-06-30": 61.418, "2020-03-31": -36.684, "2019-12-31": 12.838, "2019-09-30": "-264.73700", "2019-06-30": -116.148, "2019-03-31": -23.519, "2018-12-31": -36.216, "2018-09-30": "33.41300", "2018-06-30": 48.114, "2018-03-31": -2.772, "2017-12-31": -112.567, "2017-09-30": "49.38400", "2017-06-30": 54.911, "2017-03-31": 235.173, "2016-12-31": 86.706, "2016-09-30": "111.88200", "2016-06-30": 43.14, "2016-03-31": 6.361, "2015-12-31": 0, "2015-09-30": "", "2015-06-30": 0, "2015-03-31": 0, "2014-12-31": 0, "2014-09-30": "", "2014-06-30": 0, "2013-06-30": 0}, "Net Change In Investments - Total": {"2020-12-31": 125.221, "2020-09-30": "48.51200", "2020-06-30": 61.418, "2020-03-31": -36.684, "2019-12-31": -109.611, "2019-09-30": "-142.28800", "2019-06-30": -116.148, "2019-03-31": -23.519, "2018-12-31": -36.216, "2018-09-30": "33.41300", "2018-06-30": 48.114, "2018-03-31": -2.772, "2017-12-31": -60.994, "2017-09-30": "-2.18900", "2017-06-30": 0.971, "2017-03-31": 153.24, "2016-12-31": 27.328, "2016-09-30": "-5.00400", "2016-06-30": -73.029, "2016-03-31": -299.222, "2015-12-31": -97.203, "2015-09-30": "15.18200", "2015-06-30": 14.987, "2015-03-31": -0.476, "2014-12-31": 0.077, "2014-09-30": "0.13200", "2014-06-30": 0, "2013-06-30": 0}, "Investing Activities - Other": {"2020-12-31": -2.162, "2020-09-30": "-0.18500", "2020-06-30": -2.845, "2020-03-31": 0, "2019-12-31": 0, "2019-09-30": "", "2019-06-30": 0, "2019-03-31": 0, "2018-12-31": -0.552, "2018-09-30": "", "2018-06-30": 0.106, "2018-03-31": -3.386, "2017-12-31": -3.009, "2017-09-30": "-0.13200", "2017-06-30": -0.002, "2017-03-31": 0, "2016-12-31": -4.119, "2016-09-30": "-0.18500", "2016-06-30": 0, "2016-03-31": 0, "2015-12-31": 0, "2015-09-30": "-1.02500", "2015-06-30": -0.9, "2015-03-31": 0, "2014-12-31": 0, "2014-09-30": "", "2014-06-30": 0, "2013-06-30": 0}, "Cash Flow From Investing Activities": {"2020-12-31": 103.811, "2020-09-30": "8.04600", "2020-06-30": 27.5, "2020-03-31": -43.426, "2019-12-31": -153.789, "2019-09-30": "-149.21600", "2019-06-30": -292.012, "2019-03-31": -29.625, "2018-12-31": -305.129, "2018-09-30": "22.56800", "2018-06-30": 32.193, "2018-03-31": -10.451, "2017-12-31": -68.553, "2017-09-30": "-4.88500", "2017-06-30": -5.164, "2017-03-31": -214.178, "2016-12-31": 20.302, "2016-09-30": "-25.53300", "2016-06-30": -90.423, "2016-03-31": -306.753, "2015-12-31": -100.336, "2015-09-30": "8.00200", "2015-06-30": -6.012, "2015-03-31": -4.584, "2014-12-31": -8.818, "2014-09-30": "-9.14600", "2014-06-30": 0, "2013-06-30": 0}, "Net Long-Term Debt": {"2020-12-31": -671.497, "2020-09-30": "", "2020-06-30": 0, "2020-03-31": -0.002, "2019-12-31": 0, "2019-09-30": "", "2019-06-30": 0, "2019-03-31": 0, "2018-12-31": -0.41, "2018-09-30": "", "2018-06-30": 990.494, "2018-03-31": 0, "2017-12-31": 0, "2017-09-30": "", "2017-06-30": 0, "2017-03-31": 0, "2016-12-31": 0, "2016-09-30": "", "2016-06-30": 0, "2016-03-31": 0, "2015-12-31": 0, "2015-09-30": "", "2015-06-30": 0, "2015-03-31": 0, "2014-12-31": 0, "2014-09-30": "", "2014-06-30": 0, "2013-06-30": 0}, "Net Current Debt": {"2020-12-31": -11.139, "2020-09-30": "-11.09600", "2020-06-30": -11.79, "2020-03-31": -9.308, "2019-12-31": -9.357, "2019-09-30": "-7.67000", "2019-06-30": 0, "2019-03-31": 0, "2018-12-31": 0, "2018-09-30": "", "2018-06-30": 0, "2018-03-31": 0, "2017-12-31": 0, "2017-09-30": "", "2017-06-30": 0, "2017-03-31": 0, "2016-12-31": 0, "2016-09-30": "", "2016-06-30": 0, "2016-03-31": 0, "2015-12-31": 0, "2015-09-30": "", "2015-06-30": 0, "2015-03-31": 0, "2014-12-31": 0, "2014-09-30": "", "2014-06-30": 0, "2013-06-30": 0}, "Debt Issuance/Retirement Net - Total": {"2020-12-31": -682.636, "2020-09-30": "-11.09600", "2020-06-30": -11.79, "2020-03-31": -9.31, "2019-12-31": -9.357, "2019-09-30": "-7.67000", "2019-06-30": 0, "2019-03-31": 0, "2018-12-31": -0.41, "2018-09-30": "", "2018-06-30": 990.494, "2018-03-31": 0, "2017-12-31": 0, "2017-09-30": "", "2017-06-30": 0, "2017-03-31": 0, "2016-12-31": 0, "2016-09-30": "", "2016-06-30": 0, "2016-03-31": 0, "2015-12-31": 0, "2015-09-30": "", "2015-06-30": 0, "2015-03-31": 0, "2014-12-31": 0, "2014-09-30": "", "2014-06-30": 0, "2013-06-30": 0}, "Net Common Equity Issued/Repurchased": {"2020-12-31": 0.225, "2020-09-30": "0.92200", "2020-06-30": 0.317, "2020-03-31": 0.499, "2019-12-31": 0.331, "2019-09-30": "0.65500", "2019-06-30": 0.713, "2019-03-31": 1.125, "2018-12-31": 0.707, "2018-09-30": "0.99700", "2018-06-30": 0.908, "2018-03-31": 0.932, "2017-12-31": 1.278, "2017-09-30": "0.87700", "2017-06-30": 2.035, "2017-03-31": 1.535, "2016-12-31": 2.151, "2016-09-30": "3.71700", "2016-06-30": 2.466, "2016-03-31": 0.764, "2015-12-31": 433.738, "2015-09-30": "1.21100", "2015-06-30": 1.113, "2015-03-31": 0.485, "2014-12-31": 0.286, "2014-09-30": "0.45400", "2014-06-30": 0, "2013-06-30": 0}, "Net Total Equity Issued/Repurchased": {"2020-12-31": 0.225, "2020-09-30": "0.92200", "2020-06-30": 0.317, "2020-03-31": 0.499, "2019-12-31": 0.331, "2019-09-30": "0.65500", "2019-06-30": 0.713, "2019-03-31": 1.125, "2018-12-31": 0.707, "2018-09-30": "0.99700", "2018-06-30": 0.908, "2018-03-31": 0.932, "2017-12-31": 1.278, "2017-09-30": "0.87700", "2017-06-30": 2.035, "2017-03-31": 1.535, "2016-12-31": 2.151, "2016-09-30": "3.71700", "2016-06-30": 2.466, "2016-03-31": 0.764, "2015-12-31": 433.738, "2015-09-30": "1.21100", "2015-06-30": 1.105, "2015-03-31": 0.485, "2014-12-31": 0.286, "2014-09-30": "0.45400", "2014-06-30": 0, "2013-06-30": 0}, "Total Common And Preferred Stock Dividends Paid": {"2020-12-31": 0, "2020-09-30": "", "2020-06-30": 0, "2020-03-31": 0, "2019-12-31": 0, "2019-09-30": "", "2019-06-30": 0, "2019-03-31": 0, "2018-12-31": 0, "2018-09-30": "", "2018-06-30": 0, "2018-03-31": 0, "2017-12-31": 0, "2017-09-30": "", "2017-06-30": 0, "2017-03-31": 0, "2016-12-31": 0, "2016-09-30": "", "2016-06-30": 0, "2016-03-31": 0, "2015-12-31": 0, "2015-09-30": "", "2015-06-30": 0, "2015-03-31": 0, "2014-12-31": 0, "2014-09-30": "", "2014-06-30": 0, "2013-06-30": 0}, "Financial Activities - Other": {"2020-12-31": 65.045, "2020-09-30": "-0.00800", "2020-06-30": -3.125, "2020-03-31": 0, "2019-12-31": -3.125, "2019-09-30": "", "2019-06-30": -3.125, "2019-03-31": 0, "2018-12-31": -2.784, "2018-09-30": "-0.41000", "2018-06-30": -87.7, "2018-03-31": 0, "2017-12-31": 0, "2017-09-30": "", "2017-06-30": 0, "2017-03-31": 0, "2016-12-31": 0, "2016-09-30": "", "2016-06-30": 0, "2016-03-31": 0, "2015-12-31": -3.65, "2015-09-30": "-1.74500", "2015-06-30": 0, "2015-03-31": 0, "2014-12-31": 0, "2014-09-30": "", "2014-06-30": 0, "2013-06-30": 0}, "Cash Flow From Financial Activities": {"2020-12-31": -617.366, "2020-09-30": "-10.18200", "2020-06-30": -14.598, "2020-03-31": -8.811, "2019-12-31": -12.151, "2019-09-30": "-7.01500", "2019-06-30": -2.412, "2019-03-31": 1.125, "2018-12-31": -2.487, "2018-09-30": "0.58700", "2018-06-30": 903.702, "2018-03-31": 0.932, "2017-12-31": 1.278, "2017-09-30": "0.87700", "2017-06-30": 2.035, "2017-03-31": 1.535, "2016-12-31": 2.151, "2016-09-30": "3.71700", "2016-06-30": 2.466, "2016-03-31": 0.764, "2015-12-31": 430.088, "2015-09-30": "-0.53400", "2015-06-30": 1.105, "2015-03-31": 0.485, "2014-12-31": 0.286, "2014-09-30": "0.45400", "2014-06-30": 0, "2013-06-30": 0}, "Net Cash Flow": {"2020-12-31": -308.547, "2020-09-30": "80.29300", "2020-06-30": 141.776, "2020-03-31": 98.468, "2019-12-31": 52.534, "2019-09-30": "-81.25000", "2019-06-30": -176.843, "2019-03-31": 104.695, "2018-12-31": -177.191, "2018-09-30": "107.44100", "2018-06-30": 1016.826, "2018-03-31": 82.608, "2017-12-31": 5.034, "2017-09-30": "61.45100", "2017-06-30": 47.538, "2017-03-31": -139.28, "2016-12-31": 69.417, "2016-09-30": "7.03600", "2016-06-30": -53.185, "2016-03-31": -257.374, "2015-12-31": 361.936, "2015-09-30": "21.23800", "2015-06-30": 15.914, "2015-03-31": 28.6, "2014-12-31": 25.54, "2014-09-30": "0.26600", "2014-06-30": 0, "2013-06-30": 0}, "Stock-Based Compensation": {"2020-12-31": 107.692, "2020-09-30": "85.73100", "2020-06-30": 78.139, "2020-03-31": 87.522, "2019-12-31": 70.438, "2019-09-30": "77.29600", "2019-06-30": 76.132, "2019-03-31": 72.746, "2018-12-31": 60.504, "2018-09-30": "48.38000", "2018-06-30": 38.476, "2018-03-31": 34.921, "2017-12-31": 45.351, "2017-09-30": "44.12500", "2017-06-30": 41.337, "2017-03-31": 37.782, "2016-12-31": 27.806, "2016-09-30": "30.52300", "2016-06-30": 25.086, "2016-03-31": 21.246, "2015-12-31": 15.052, "2015-09-30": "14.09600", "2015-06-30": 12.92, "2015-03-31": 11.031, "2014-12-31": 9.657, "2014-09-30": "7.92600", "2014-06-30": 0, "2013-06-30": 0}, "Common Stock Dividends Paid": {"2020-12-31": 0, "2020-09-30": "", "2020-06-30": 0, "2020-03-31": 0, "2019-12-31": 0, "2019-09-30": "", "2019-06-30": 0, "2019-03-31": 0, "2018-12-31": 0, "2018-09-30": "", "2018-06-30": 0, "2018-03-31": 0, "2017-12-31": 0, "2017-09-30": "", "2017-06-30": 0, "2017-03-31": 0, "2016-12-31": 0, "2016-09-30": "", "2016-06-30": 0, "2016-03-31": 0, "2015-12-31": 0, "2015-09-30": "", "2015-06-30": 0, "2015-03-31": 0, "2014-12-31": 0, "2014-09-30": "", "2014-06-30": 0, "2013-06-30": 0}}, "financial ratios": {"Current Ratio": {"2020-06-30": "0.87580", "2019-06-30": "0.87660", "2018-06-30": "4.09550", "2017-06-30": "1.87380", "2016-06-30": "3.29190", "2015-06-30": "1.26830", "2014-06-30": "1.35310", "2013-06-30": ""}, "Long-term Debt / Capital": {"2020-06-30": "", "2019-06-30": "", "2018-06-30": "0.47460", "2017-06-30": "", "2016-06-30": "", "2015-06-30": "", "2014-06-30": "", "2013-06-30": ""}, "Debt/Equity Ratio": {"2020-06-30": "1.54560", "2019-06-30": "1.50950", "2018-06-30": "0.90340", "2017-06-30": "", "2016-06-30": "", "2015-06-30": "", "2014-06-30": "", "2013-06-30": ""}, "Gross Margin": {"2020-06-30": "83.34710", "2019-06-30": "82.62290", "2018-06-30": "80.39790", "2017-06-30": "80.77850", "2016-06-30": "83.41940", "2015-06-30": "83.43400", "2014-06-30": "82.34110", "2013-06-30": "77.75870"}, "Operating Margin": {"2020-06-30": "0.87260", "2019-06-30": "-5.23600", "2018-06-30": "-5.22660", "2017-06-30": "-10.17620", "2016-06-30": "-1.28650", "2015-06-30": "0.53640", "2014-06-30": "10.55330", "2013-06-30": "8.83360"}, "EBIT Margin": {"2020-06-30": "0.87260", "2019-06-30": "-5.23600", "2018-06-30": "-5.22660", "2017-06-30": "-10.17620", "2016-06-30": "-1.28650", "2015-06-30": "0.53640", "2014-06-30": "10.55330", "2013-06-30": "8.83360"}, "EBITDA Margin": {"2020-06-30": "6.90660", "2019-06-30": "0.56900", "2018-06-30": "3.79010", "2017-06-30": "-0.24840", "2016-06-30": "3.51070", "2015-06-30": "5.39090", "2014-06-30": "16.74360", "2013-06-30": "16.95420"}, "Pre-Tax Profit Margin": {"2020-06-30": "-21.44810", "2019-06-30": "-50.04070", "2018-06-30": "-6.59850", "2017-06-30": "-9.62230", "2016-06-30": "-1.07360", "2015-06-30": "-0.23440", "2014-06-30": "10.33340", "2013-06-30": "7.67820"}, "Net Profit Margin": {"2020-06-30": "-21.72350", "2019-06-30": "-52.69040", "2018-06-30": "-12.87570", "2017-06-30": "-6.85620", "2016-06-30": "0.95680", "2015-06-30": "2.12040", "2014-06-30": "8.82440", "2013-06-30": "7.24590"}, "Asset Turnover": {"2020-06-30": "0.41450", "2019-06-30": "0.40650", "2018-06-30": "0.36380", "2017-06-30": "0.48290", "2016-06-30": "0.46120", "2015-06-30": "0.80450", "2014-06-30": "0.82090", "2013-06-30": ""}, "Inventory Turnover Ratio": {"2020-06-30": "", "2019-06-30": "", "2018-06-30": "", "2017-06-30": "", "2016-06-30": "", "2015-06-30": "", "2014-06-30": "", "2013-06-30": ""}, "Receiveable Turnover": {"2020-06-30": "14.21830", "2019-06-30": "14.53920", "2018-06-30": "14.99210", "2017-06-30": "15.79370", "2016-06-30": "21.51270", "2015-06-30": "25.18690", "2014-06-30": "34.90900", "2013-06-30": ""}, "Days Sales In Receivables": {"2020-06-30": "25.67120", "2019-06-30": "25.10450", "2018-06-30": "24.34620", "2017-06-30": "23.11040", "2016-06-30": "16.96680", "2015-06-30": "14.49170", "2014-06-30": "10.45580", "2013-06-30": ""}, "ROE - Return On Equity": {"2020-06-30": "-60.95090", "2019-06-30": "-112.76010", "2018-06-30": "-12.50190", "2017-06-30": "-4.75410", "2016-06-30": "0.59770", "2015-06-30": "3.56480", "2014-06-30": "15.14570", "2013-06-30": ""}, "Return On Tangible Equity": {"2020-06-30": "175.74520", "2019-06-30": "327.96920", "2018-06-30": "-21.32980", "2017-06-30": "-9.21280", "2016-06-30": "0.61510", "2015-06-30": "4.18720", "2014-06-30": "18.14360", "2013-06-30": ""}, "ROA - Return On Assets": {"2020-06-30": "-9.00480", "2019-06-30": "-21.41640", "2018-06-30": "-4.68370", "2017-06-30": "-3.31060", "2016-06-30": "0.44130", "2015-06-30": "1.70590", "2014-06-30": "7.24400", "2013-06-30": ""}, "ROI - Return On Investment": {"2020-06-30": "-60.95090", "2019-06-30": "-112.76010", "2018-06-30": "-6.56830", "2017-06-30": "-4.75410", "2016-06-30": "0.59770", "2015-06-30": "3.56480", "2014-06-30": "15.14570", "2013-06-30": ""}, "Book Value Per Share": {"2020-06-30": "2.32500", "2019-06-30": "2.33670", "2018-06-30": "3.85580", "2017-06-30": "3.93400", "2016-06-30": "3.38420", "2015-06-30": "1.02950", "2014-06-30": "", "2013-06-30": ""}, "Operating Cash Flow Per Share": {"2020-06-30": 0.3908, "2019-06-30": 0.6072, "2018-06-30": 0.45, "2017-06-30": 0.2277, "2016-06-30": -0.0056, "2015-06-30": 0.1509, "2014-06-30": 0.1432, "2013-06-30": 0.381}, "Free Cash Flow Per Share": {"2020-06-30": 0.4146, "2019-06-30": 0.5562, "2018-06-30": 0.3979, "2017-06-30": 0.338, "2016-06-30": 0.036, "2015-06-30": -0.0111, "2014-06-30": 0.1377, "2013-06-30": 0.3301}}, "financial ratios, quarterly": {"Current Ratio": {"2020-12-31": "0.73390", "2020-09-30": "0.88150", "2020-06-30": "0.87580", "2020-03-31": "0.97380", "2019-12-31": "1.01720", "2019-09-30": "0.93470", "2019-06-30": "0.87660", "2019-03-31": "3.33650", "2018-12-31": "3.44150", "2018-09-30": "4.17350", "2018-06-30": "4.09550", "2018-03-31": "2.01870", "2017-12-31": "2.01670", "2017-09-30": "1.94860", "2017-06-30": "1.87380", "2017-03-31": "1.82670", "2016-12-31": "3.26590", "2016-09-30": "3.36430", "2016-06-30": "3.29190", "2016-03-31": "3.44730", "2015-12-31": "3.74060", "2015-09-30": "1.37830", "2015-06-30": "3.29190", "2015-03-31": "", "2014-12-31": "", "2014-09-30": "", "2014-06-30": "", "2013-06-30": ""}, "Long-term Debt / Capital": {"2020-12-31": "", "2020-09-30": "", "2020-06-30": "", "2020-03-31": "", "2019-12-31": "", "2019-09-30": "", "2019-06-30": "", "2019-03-31": "0.54920", "2018-12-31": "0.50500", "2018-09-30": "0.53720", "2018-06-30": "0.47460", "2018-03-31": "", "2017-12-31": "", "2017-09-30": "", "2017-06-30": "", "2017-03-31": "", "2016-12-31": "", "2016-09-30": "", "2016-06-30": "", "2016-03-31": "", "2015-12-31": "", "2015-09-30": "", "2015-06-30": "", "2015-03-31": "", "2014-12-31": "", "2014-09-30": "", "2014-06-30": "", "2013-06-30": ""}, "Debt/Equity Ratio": {"2020-12-31": "4.34940", "2020-09-30": "1.30490", "2020-06-30": "1.54560", "2020-03-31": "1.07310", "2019-12-31": "0.97340", "2019-09-30": "1.24210", "2019-06-30": "1.50950", "2019-03-31": "1.21830", "2018-12-31": "1.02030", "2018-09-30": "1.16080", "2018-06-30": "0.90340", "2018-03-31": "", "2017-12-31": "", "2017-09-30": "", "2017-06-30": "", "2017-03-31": "", "2016-12-31": "", "2016-09-30": "", "2016-06-30": "", "2016-03-31": "", "2015-12-31": "", "2015-09-30": "", "2015-06-30": "", "2015-03-31": "", "2014-12-31": "", "2014-09-30": "", "2014-06-30": "", "2013-06-30": ""}, "Gross Margin": {"2020-12-31": "84.14670", "2020-09-30": "83.96450", "2020-06-30": "83.71290", "2020-03-31": "82.83330", "2019-12-31": "83.91070", "2019-09-30": "82.86170", "2019-06-30": "81.73000", "2019-03-31": "82.47840", "2018-12-31": "83.34930", "2018-09-30": "83.09530", "2018-06-30": "82.07710", "2018-03-31": "79.83330", "2017-12-31": "79.88420", "2017-09-30": "79.49150", "2017-06-30": "78.88790", "2017-03-31": "79.42890", "2016-12-31": "81.93600", "2016-09-30": "83.50570", "2016-06-30": "83.44200", "2016-03-31": "83.24260", "2015-12-31": "83.16140", "2015-09-30": "83.87380", "2015-06-30": "83.37870", "2015-03-31": "83.95960", "2014-12-31": "83.70740", "2014-09-30": "82.55940", "2014-06-30": "", "2013-06-30": ""}, "Operating Margin": {"2020-12-31": "5.52760", "2020-09-30": "2.59670", "2020-06-30": "-0.76190", "2020-03-31": "-4.83990", "2019-12-31": "10.23700", "2019-09-30": "-1.25350", "2019-06-30": "-9.69680", "2019-03-31": "-8.91030", "2018-12-31": "-1.05990", "2018-09-30": "-0.07180", "2018-06-30": "-1.00040", "2018-03-31": "-4.58070", "2017-12-31": "-6.06450", "2017-09-30": "-10.37910", "2017-06-30": "-18.50280", "2017-03-31": "-14.42260", "2016-12-31": "-1.77220", "2016-09-30": "-3.74890", "2016-06-30": "-8.92710", "2016-03-31": "-4.18430", "2015-12-31": "3.06910", "2015-09-30": "6.95130", "2015-06-30": "-3.31120", "2015-03-31": "-1.78410", "2014-12-31": "5.43350", "2014-09-30": "3.08590", "2014-06-30": "", "2013-06-30": ""}, "EBIT Margin": {"2020-12-31": "5.52760", "2020-09-30": "2.59670", "2020-06-30": "-0.76190", "2020-03-31": "-4.83990", "2019-12-31": "10.23700", "2019-09-30": "-1.25350", "2019-06-30": "-9.69680", "2019-03-31": "-8.91030", "2018-12-31": "-1.05990", "2018-09-30": "-0.07180", "2018-06-30": "-1.00040", "2018-03-31": "-4.58070", "2017-12-31": "-6.06450", "2017-09-30": "-10.37910", "2017-06-30": "-18.50280", "2017-03-31": "-14.42260", "2016-12-31": "-1.77220", "2016-09-30": "-3.74890", "2016-06-30": "-8.92720", "2016-03-31": "-4.18430", "2015-12-31": "3.06910", "2015-09-30": "6.95130", "2015-06-30": "-3.31120", "2015-03-31": "-1.78410", "2014-12-31": "5.43350", "2014-09-30": "3.08590", "2014-06-30": "", "2013-06-30": ""}, "EBITDA Margin": {"2020-12-31": "", "2020-09-30": "", "2020-06-30": "", "2020-03-31": "", "2019-12-31": "", "2019-09-30": "", "2019-06-30": "", "2019-03-31": "", "2018-12-31": "", "2018-09-30": "", "2018-06-30": "", "2018-03-31": "", "2017-12-31": "", "2017-09-30": "", "2017-06-30": "", "2017-03-31": "", "2016-12-31": "", "2016-09-30": "", "2016-06-30": "", "2016-03-31": "", "2015-12-31": "", "2015-09-30": "", "2015-06-30": "", "2015-03-31": "", "2014-12-31": "", "2014-09-30": "", "2014-06-30": "", "2013-06-30": ""}, "Pre-Tax Profit Margin": {"2020-12-31": "-121.14510", "2020-09-30": "-5.29350", "2020-06-30": "-91.90010", "2020-03-31": "-40.54040", "2019-12-31": "34.69110", "2019-09-30": "20.49180", "2019-06-30": "-57.04420", "2019-03-31": "-65.21200", "2018-12-31": "9.05180", "2018-09-30": "-89.81790", "2018-06-30": "-7.67870", "2018-03-31": "-3.36250", "2017-12-31": "-5.56670", "2017-09-30": "-10.08190", "2017-06-30": "-18.22280", "2017-03-31": "-14.08360", "2016-12-31": "-0.99860", "2016-09-30": "-2.83360", "2016-06-30": "-8.22730", "2016-03-31": "-3.54670", "2015-12-31": "2.97160", "2015-09-30": "6.39650", "2015-06-30": "-2.73390", "2015-03-31": "-3.30500", "2014-12-31": "4.32170", "2014-09-30": "1.87270", "2014-06-30": "", "2013-06-30": ""}, "Net Profit Margin": {"2020-12-31": "-123.96870", "2020-09-30": "-4.69070", "2020-06-30": "-89.48770", "2020-03-31": "-38.58890", "2019-12-31": "30.35640", "2019-09-30": "19.07590", "2019-06-30": "-70.98830", "2019-03-31": "-65.58800", "2018-12-31": "15.11310", "2018-09-30": "-90.70420", "2018-06-30": "-8.89330", "2018-03-31": "-7.05340", "2017-12-31": "-29.92340", "2017-09-30": "-5.86760", "2017-06-30": "-11.87860", "2017-03-31": "-10.91930", "2016-12-31": "-1.14030", "2016-09-30": "-1.92780", "2016-06-30": "-3.68530", "2016-03-31": "-0.90890", "2015-12-31": "4.61690", "2015-09-30": "4.99110", "2015-06-30": "-1.27550", "2015-03-31": "-0.77180", "2014-12-31": "6.60860", "2014-09-30": "5.27520", "2014-06-30": "", "2013-06-30": ""}, "Asset Turnover": {"2020-12-31": "0.14080", "2020-09-30": "0.11380", "2020-06-30": "0.11050", "2020-03-31": "0.11300", "2019-12-31": "0.11670", "2019-09-30": "0.11080", "2019-06-30": "0.11240", "2019-03-31": "0.10760", "2018-12-31": "0.10970", "2018-09-30": "0.10470", "2018-06-30": "0.10180", "2018-03-31": "0.16340", "2017-12-31": "0.16420", "2017-09-30": "0.14550", "2017-06-30": "0.13580", "2017-03-31": "0.12940", "2016-12-31": "0.13750", "2016-09-30": "0.13050", "2016-06-30": "0.12880", "2016-03-31": "0.12460", "2015-12-31": "0.11980", "2015-09-30": "0.24590", "2015-06-30": "0.09260", "2015-03-31": "", "2014-12-31": "", "2014-09-30": "", "2014-06-30": "", "2013-06-30": ""}, "Inventory Turnover Ratio": {"2020-12-31": "", "2020-09-30": "", "2020-06-30": "", "2020-03-31": "", "2019-12-31": "", "2019-09-30": "", "2019-06-30": "", "2019-03-31": "", "2018-12-31": "", "2018-09-30": "", "2018-06-30": "", "2018-03-31": "", "2017-12-31": "", "2017-09-30": "", "2017-06-30": "", "2017-03-31": "", "2016-12-31": "", "2016-09-30": "", "2016-06-30": "", "2016-03-31": "", "2015-12-31": "", "2015-09-30": "", "2015-06-30": "", "2015-03-31": "", "2014-12-31": "", "2014-09-30": "", "2014-06-30": "", "2013-06-30": ""}, "Receiveable Turnover": {"2020-12-31": "3.13100", "2020-09-30": "3.73390", "2020-06-30": "3.79180", "2020-03-31": "4.31000", "2019-12-31": "3.25560", "2019-09-30": "3.60340", "2019-06-30": "4.01990", "2019-03-31": "4.77500", "2018-12-31": "4.11650", "2018-09-30": "5.02900", "2018-06-30": "4.19630", "2018-03-31": "4.34760", "2017-12-31": "4.46060", "2017-09-30": "4.53170", "2017-06-30": "4.44130", "2017-03-31": "4.91260", "2016-12-31": "4.39140", "2016-09-30": "6.10550", "2016-06-30": "6.00530", "2016-03-31": "6.14830", "2015-12-31": "4.36550", "2015-09-30": "6.61350", "2015-06-30": "4.32130", "2015-03-31": "", "2014-12-31": "", "2014-09-30": "", "2014-06-30": "", "2013-06-30": ""}, "Days Sales In Receivables": {"2020-12-31": "28.74440", "2020-09-30": "24.10340", "2020-06-30": "23.73540", "2020-03-31": "20.88150", "2019-12-31": "27.64440", "2019-09-30": "24.97660", "2019-06-30": "22.38850", "2019-03-31": "18.84800", "2018-12-31": "21.86340", "2018-09-30": "17.89620", "2018-06-30": "21.44720", "2018-03-31": "20.70080", "2017-12-31": "20.17660", "2017-09-30": "19.86000", "2017-06-30": "20.26420", "2017-03-31": "18.32040", "2016-12-31": "20.49450", "2016-09-30": "14.74090", "2016-06-30": "14.98680", "2016-03-31": "14.63830", "2015-12-31": "20.61600", "2015-09-30": "13.60850", "2015-06-30": "20.82710", "2015-03-31": "", "2014-12-31": "", "2014-09-30": "", "2014-06-30": "", "2013-06-30": ""}, "ROE - Return On Equity": {"2020-12-31": "-367.46360", "2020-09-30": "-3.13080", "2020-06-30": "-66.95970", "2020-03-31": "-19.36520", "2019-12-31": "13.86290", "2019-09-30": "9.98490", "2019-06-30": "-42.00370", "2019-03-31": "-29.24860", "2018-12-31": "5.51210", "2018-09-30": "-33.99060", "2018-06-30": "-2.41700", "2018-03-31": "-1.79250", "2017-12-31": "-7.43660", "2017-09-30": "-1.23420", "2017-06-30": "-2.31620", "2017-03-31": "-2.04560", "2016-12-31": "-0.21430", "2016-09-30": "-0.33770", "2016-06-30": "-0.64260", "2016-03-31": "-0.15170", "2015-12-31": "0.71880", "2015-09-30": "2.35300", "2015-06-30": "-0.16000", "2015-03-31": "", "2014-12-31": "", "2014-09-30": "", "2014-06-30": "", "2013-06-30": ""}, "Return On Tangible Equity": {"2020-12-31": "96.89010", "2020-09-30": "18.23670", "2020-06-30": "193.07090", "2020-03-31": "-286.45030", "2019-12-31": "102.82010", "2019-09-30": "-127.99120", "2019-06-30": "122.17020", "2019-03-31": "-255.81230", "2018-12-31": "23.45020", "2018-09-30": "-69.02190", "2018-06-30": "-4.12370", "2018-03-31": "-3.21160", "2017-12-31": "-13.98360", "2017-09-30": "-2.24530", "2017-06-30": "-4.48850", "2017-03-31": "-4.29160", "2016-12-31": "-0.22570", "2016-09-30": "-0.35720", "2016-06-30": "-0.66140", "2016-03-31": "-0.15670", "2015-12-31": "0.74470", "2015-09-30": "2.68230", "2015-06-30": "-0.16470", "2015-03-31": "", "2014-12-31": "", "2014-09-30": "", "2014-06-30": "", "2013-06-30": ""}, "ROA - Return On Assets": {"2020-12-31": "-17.45280", "2020-09-30": "-0.53380", "2020-06-30": "-9.89260", "2020-03-31": "-4.36220", "2019-12-31": "3.54180", "2019-09-30": "2.11300", "2019-06-30": "-7.97770", "2019-03-31": "-7.05510", "2018-12-31": "1.65820", "2018-09-30": "-9.49450", "2018-06-30": "-0.90550", "2018-03-31": "-1.15270", "2017-12-31": "-4.91450", "2017-09-30": "-0.85370", "2017-06-30": "-1.61300", "2017-03-31": "-1.41310", "2016-12-31": "-0.15680", "2016-09-30": "-0.25160", "2016-06-30": "-0.47450", "2016-03-31": "-0.11330", "2015-12-31": "0.55310", "2015-09-30": "1.22710", "2015-06-30": "-0.11820", "2015-03-31": "", "2014-12-31": "", "2014-09-30": "", "2014-06-30": "", "2013-06-30": ""}, "ROI - Return On Investment": {"2020-12-31": "-367.46370", "2020-09-30": "-3.13080", "2020-06-30": "-66.95970", "2020-03-31": "-19.36520", "2019-12-31": "13.86290", "2019-09-30": "9.98490", "2019-06-30": "-42.00370", "2019-03-31": "-13.18490", "2018-12-31": "2.72830", "2018-09-30": "-15.73050", "2018-06-30": "-1.26990", "2018-03-31": "-1.79250", "2017-12-31": "-7.43660", "2017-09-30": "-1.23420", "2017-06-30": "-2.31620", "2017-03-31": "-2.04560", "2016-12-31": "-0.21430", "2016-09-30": "-0.33770", "2016-06-30": "-0.64260", "2016-03-31": "-0.15170", "2015-12-31": "0.71880", "2015-09-30": "2.35300", "2015-06-30": "-0.16000", "2015-03-31": "", "2014-12-31": "", "2014-09-30": "", "2014-06-30": "", "2013-06-30": ""}, "Book Value Per Share": {"2020-12-31": "", "2020-09-30": "", "2020-06-30": "", "2020-03-31": "", "2019-12-31": "", "2019-09-30": "", "2019-06-30": "2.33670", "2019-03-31": "", "2018-12-31": "", "2018-09-30": "", "2018-06-30": "3.85580", "2018-03-31": "", "2017-12-31": "", "2017-09-30": "", "2017-06-30": "3.93400", "2017-03-31": "", "2016-12-31": "3.56100", "2016-09-30": "", "2016-06-30": "3.38420", "2016-03-31": "", "2015-12-31": "3.31760", "2015-09-30": "1.15700", "2015-06-30": "", "2015-03-31": "", "2014-12-31": "", "2014-09-30": "", "2014-06-30": "", "2013-06-30": ""}, "Operating Cash Flow Per Share": {"2020-12-31": 0.803, "2020-09-30": "0.32040", "2020-06-30": 0.5087, "2020-03-31": 0.6628, "2019-12-31": 0.87, "2019-09-30": "0.30370", "2019-06-30": 0.4983, "2019-03-31": 0.5851, "2018-12-31": 0.5115, "2018-09-30": "0.35950", "2018-06-30": 0.36, "2018-03-31": 0.3896, "2017-12-31": 0.3116, "2017-09-30": "0.28600", "2017-06-30": 0.231, "2017-03-31": 0.3234, "2016-12-31": 0.2125, "2016-09-30": "0.13030", "2016-06-30": 0.2255, "2016-03-31": 0.1646, "2015-12-31": 0.1804, "2015-09-30": "0.09900", "2015-06-30": 0.1442, "2015-03-31": 0.2344, "2014-12-31": 0.237, "2014-09-30": "0.06640", "2014-06-30": 0, "2013-06-30": 0}, "Free Cash Flow Per Share": {"2020-12-31": 0.7648, "2020-09-30": "0.28890", "2020-06-30": 0.4438, "2020-03-31": 0.6342, "2019-12-31": 0.8421, "2019-09-30": "0.27930", "2019-06-30": 0.416, "2019-03-31": 0.5576, "2018-12-31": 0.494, "2018-09-30": "0.31720", "2018-06-30": 0.2905, "2018-03-31": 0.3714, "2017-12-31": 0.292, "2017-09-30": "0.27470", "2017-06-30": 0.2074, "2017-03-31": 0.3029, "2016-12-31": 0.1995, "2016-09-30": "0.12090", "2016-06-30": 0.1276, "2016-03-31": 0.1418, "2015-12-31": 0.1666, "2015-09-30": "0.05670", "2015-06-30": 0.0489, "2015-03-31": 0.2049, "2014-12-31": 0.1768, "2014-09-30": "0.03080", "2014-06-30": 0, "2013-06-30": 0}}, "revenue": {"Atlassian Annual Revenue (Millions of US $)": {"2020": "$1,614", "2019": "$1,210", "2018": "$881", "2017": "$620", "2016": "$457", "2015": "$320", "2014": "$215", "2013": "$149"}, "Atlassian Quarterly Revenue (Millions of US $)": {"2020-12-31": "$501", "2020-09-30": "$460", "2020-06-30": "$430", "2020-03-31": "$412", "2019-12-31": "$409", "2019-09-30": "$363", "2019-06-30": "$335", "2019-03-31": "$309", "2018-12-31": "$299", "2018-09-30": "$267", "2018-06-30": "$247", "2018-03-31": "$224", "2017-12-31": "$215", "2017-09-30": "$195", "2017-06-30": "$174", "2017-03-31": "$160", "2016-12-31": "$149", "2016-09-30": "$137", "2016-06-30": "$128", "2016-03-31": "$118", "2015-12-31": "$110", "2015-09-30": "$102", "2015-06-30": "$92", "2015-03-31": "$84", "2014-12-31": "$76", "2014-09-30": "$68", "2014-06-30": "", "2013-06-30": ""}}, "gross-profit": {"Atlassian Annual Gross Profit (Millions of US $)": {"2020": "$1,345", "2019": "$1,000", "2018": "$708", "2017": "$501", "2016": "$381", "2015": "$267", "2014": "$177", "2013": "$115"}, "Atlassian Quarterly Gross Profit (Millions of US $)": {"2020-12-31": "$422", "2020-09-30": "$386", "2020-06-30": "$360", "2020-03-31": "$341", "2019-12-31": "$343", "2019-09-30": "$301", "2019-06-30": "$273", "2019-03-31": "$255", "2018-12-31": "$249", "2018-09-30": "$222", "2018-06-30": "$202", "2018-03-31": "$179", "2017-12-31": "$171", "2017-09-30": "$155", "2017-06-30": "$138", "2017-03-31": "$127", "2016-12-31": "$122", "2016-09-30": "$114", "2016-06-30": "$106", "2016-03-31": "$98", "2015-12-31": "$91", "2015-09-30": "$85", "2015-06-30": "$77", "2015-03-31": "$70", "2014-12-31": "$63", "2014-09-30": "$56", "2014-06-30": "", "2013-06-30": ""}}, "operating-income": {"Atlassian Annual Operating Income (Millions of US $)": {"2020": "$14", "2019": "$-63", "2018": "$-46", "2017": "$-63", "2016": "$-6", "2015": "$2", "2014": "$23", "2013": "$13"}, "Atlassian Quarterly Operating Income (Millions of US $)": {"2020-12-31": "$28", "2020-09-30": "$12", "2020-06-30": "$-3", "2020-03-31": "$-20", "2019-12-31": "$42", "2019-09-30": "$-5", "2019-06-30": "$-32", "2019-03-31": "$-28", "2018-12-31": "$-3", "2018-09-30": "$-0", "2018-06-30": "$-2", "2018-03-31": "$-10", "2017-12-31": "$-13", "2017-09-30": "$-20", "2017-06-30": "$-32", "2017-03-31": "$-23", "2016-12-31": "$-3", "2016-09-30": "$-5", "2016-06-30": "$-11", "2016-03-31": "$-5", "2015-12-31": "$3", "2015-09-30": "$7", "2015-06-30": "$-3", "2015-03-31": "$-1", "2014-12-31": "$4", "2014-09-30": "$2", "2014-06-30": "", "2013-06-30": ""}}, "ebitda": {"Atlassian Annual EBITDA (Millions of US $)": {"2020": "$111", "2019": "$7", "2018": "$33", "2017": "$-2", "2016": "$16", "2015": "$17", "2014": "$36", "2013": "$25"}, "Atlassian Quarterly EBITDA (Millions of US $)": {"2020-12-31": "$51", "2020-09-30": "$35", "2020-06-30": "$19", "2020-03-31": "$4", "2019-12-31": "$68", "2019-09-30": "$20", "2019-06-30": "$-17", "2019-03-31": "$-11", "2018-12-31": "$18", "2018-09-30": "$17", "2018-06-30": "$15", "2018-03-31": "$10", "2017-12-31": "$8", "2017-09-30": "$0", "2017-06-30": "$-8", "2017-03-31": "$-5", "2016-12-31": "$9", "2016-09-30": "$3", "2016-06-30": "$-5", "2016-03-31": "$1", "2015-12-31": "$9", "2015-09-30": "$12", "2015-06-30": "$2", "2015-03-31": "$2", "2014-12-31": "$8", "2014-09-30": "$6", "2014-06-30": "", "2013-06-30": ""}}, "net-income": {"Atlassian Annual Net Income (Millions of US $)": {"2020": "$-351", "2019": "$-638", "2018": "$-113", "2017": "$-43", "2016": "$4", "2015": "$7", "2014": "$19", "2013": "$11"}, "Atlassian Quarterly Net Income (Millions of US $)": {"2020-12-31": "$-622", "2020-09-30": "$-22", "2020-06-30": "$-385", "2020-03-31": "$-159", "2019-12-31": "$124", "2019-09-30": "$69", "2019-06-30": "$-238", "2019-03-31": "$-203", "2018-12-31": "$45", "2018-09-30": "$-242", "2018-06-30": "$-22", "2018-03-31": "$-16", "2017-12-31": "$-64", "2017-09-30": "$-11", "2017-06-30": "$-21", "2017-03-31": "$-17", "2016-12-31": "$-2", "2016-09-30": "$-3", "2016-06-30": "$-5", "2016-03-31": "$-1", "2015-12-31": "$5", "2015-09-30": "$5", "2015-06-30": "$-1", "2015-03-31": "$-1", "2014-12-31": "$5", "2014-09-30": "$4", "2014-06-30": "", "2013-06-30": ""}}, "eps-earnings-per-share-diluted": {"Atlassian Annual EPS": {"2020": "$-1.43", "2019": "$-2.67", "2018": "$-0.49", "2017": "$-0.19", "2016": "$0.02", "2015": "$0.04", "2014": "$0.11", "2013": "$0.07"}, "Atlassian Quarterly EPS": {"2020-12-31": "$-2.49", "2020-09-30": "$-0.09", "2020-06-30": "$-1.55", "2020-03-31": "$-0.65", "2019-12-31": "$0.49", "2019-09-30": "$0.28", "2019-06-30": "$-0.97", "2019-03-31": "$-0.85", "2018-12-31": "$0.18", "2018-09-30": "$-1.03", "2018-06-30": "$-0.09", "2018-03-31": "$-0.07", "2017-12-31": "$-0.28", "2017-09-30": "$-0.05", "2017-06-30": "$-0.09", "2017-03-31": "$-0.08", "2016-12-31": "$-0.01", "2016-09-30": "$-0.01", "2016-06-30": "$-0.03", "2016-03-31": "$-0.01", "2015-12-31": "$0.03", "2015-09-30": "$0.03", "2015-06-30": "$-0.01", "2015-03-31": "$0.00", "2014-12-31": "$0.03", "2014-09-30": "$0.02", "2014-06-30": "$0.00", "2013-06-30": "$0.00"}}, "shares-outstanding": {"Atlassian Annual Shares Outstanding (Millions of Shares)": {"2020": "245", "2019": "239", "2018": "231", "2017": "222", "2016": "193", "2015": "146", "2014": "144", "2013": "143"}, "Atlassian Quarterly Shares Outstanding (Millions of Shares)": {"2020-12-31": "249", "2020-09-30": "248", "2020-06-30": "245", "2020-03-31": "246", "2019-12-31": "251", "2019-09-30": "251", "2019-06-30": "239", "2019-03-31": "239", "2018-12-31": "247", "2018-09-30": "236", "2018-06-30": "231", "2018-03-31": "232", "2017-12-31": "230", "2017-09-30": "228", "2017-06-30": "222", "2017-03-31": "223", "2016-12-31": "221", "2016-09-30": "219", "2016-06-30": "193", "2016-03-31": "213", "2015-12-31": "166", "2015-09-30": "146", "2015-06-30": "144", "2015-03-31": "144", "2014-12-31": "145", "2014-09-30": "145", "2014-06-30": "", "2013-06-30": ""}}, "total-assets": {"Atlassian Annual Total Assets (Millions of US $)": {"2020": "$3,894", "2019": "$2,977", "2018": "$2,422", "2017": "$1,284", "2016": "$991", "2015": "$397", "2014": "$262", "2013": "$0"}, "Atlassian Quarterly Total Assets (Millions of US $)": {"2020-12-31": "$3,561", "2020-09-30": "$4,038", "2020-06-30": "$3,894", "2020-03-31": "$3,641", "2019-12-31": "$3,503", "2019-09-30": "$3,281", "2019-06-30": "$2,977", "2019-03-31": "$2,875", "2018-12-31": "$2,725", "2018-09-30": "$2,554", "2018-06-30": "$2,422", "2018-03-31": "$1,373", "2017-12-31": "$1,307", "2017-09-30": "$1,344", "2017-06-30": "$1,284", "2017-03-31": "$1,236", "2016-12-31": "$1,083", "2016-09-30": "$1,048", "2016-06-30": "$991", "2016-03-31": "$946", "2015-12-31": "$916", "2015-09-30": "$414", "2015-06-30": "$991", "2015-03-31": "$0", "2014-12-31": "$0", "2014-09-30": "$0", "2014-06-30": "$262", "2013-06-30": "$0"}}, "cash-on-hand": {"Atlassian Annual Cash on Hand (Millions of US $)": {"2020": "$2,484", "2019": "$1,929", "2018": "$1,734", "2017": "$550", "2016": "$743", "2015": "$217", "2014": "$162", "2013": "$"}, "Atlassian Quarterly Cash on Hand (Millions of US $)": {"2020-12-31": "$2,050", "2020-09-30": "$2,501", "2020-06-30": "$2,484", "2020-03-31": "$2,317", "2019-12-31": "$2,164", "2019-09-30": "$1,989", "2019-06-30": "$1,929", "2019-03-31": "$1,773", "2018-12-31": "$1,644", "2018-09-30": "$1,795", "2018-06-30": "$1,734", "2018-03-31": "$764", "2017-12-31": "$679", "2017-09-30": "$614", "2017-06-30": "$550", "2017-03-31": "$504", "2016-12-31": "$795", "2016-09-30": "$754", "2016-06-30": "$743", "2016-03-31": "$723", "2015-12-31": "$682", "2015-09-30": "$223", "2015-06-30": "$743", "2015-03-31": "", "2014-12-31": "", "2014-09-30": "", "2014-06-30": "$162", "2013-06-30": ""}}, "long-term-debt": {"Atlassian Annual Long Term Debt (Millions of US $)": {"2020": "$", "2019": "$", "2018": "$820", "2017": "$", "2016": "$", "2015": "$", "2014": "$", "2013": "$"}, "Atlassian Quarterly Long Term Debt (Millions of US $)": {"2020-12-31": "", "2020-09-30": "", "2020-06-30": "", "2020-03-31": "", "2019-12-31": "", "2019-09-30": "", "2019-06-30": "", "2019-03-31": "$845", "2018-12-31": "$836", "2018-09-30": "$828", "2018-06-30": "$820", "2018-03-31": "", "2017-12-31": "", "2017-09-30": "", "2017-06-30": "", "2017-03-31": "", "2016-12-31": "", "2016-09-30": "", "2016-06-30": "", "2016-03-31": "", "2015-12-31": "", "2015-09-30": "", "2015-06-30": "", "2015-03-31": "", "2014-12-31": "", "2014-09-30": "", "2014-06-30": "", "2013-06-30": ""}}, "total-liabilities": {"Atlassian Annual Total Liabilities (Millions of US $)": {"2020": "$3,319", "2019": "$2,412", "2018": "$1,515", "2017": "$390", "2016": "$259", "2015": "$207", "2014": "$137", "2013": "$0"}, "Atlassian Quarterly Total Liabilities (Millions of US $)": {"2020-12-31": "$3,392", "2020-09-30": "$3,350", "2020-06-30": "$3,319", "2020-03-31": "$2,821", "2019-12-31": "$2,608", "2019-09-30": "$2,586", "2019-06-30": "$2,412", "2019-03-31": "$2,182", "2018-12-31": "$1,905", "2018-09-30": "$1,840", "2018-06-30": "$1,515", "2018-03-31": "$490", "2017-12-31": "$443", "2017-09-30": "$414", "2017-06-30": "$390", "2017-03-31": "$382", "2016-12-31": "$291", "2016-09-30": "$267", "2016-06-30": "$259", "2016-03-31": "$240", "2015-12-31": "$211", "2015-09-30": "$198", "2015-06-30": "$259", "2015-03-31": "$0", "2014-12-31": "$0", "2014-09-30": "$0", "2014-06-30": "$137", "2013-06-30": "$0"}}, "total-share-holder-equity": {"Atlassian Annual Share Holder Equity (Millions of US $)": {"2020": "$575", "2019": "$565", "2018": "$907", "2017": "$894", "2016": "$732", "2015": "$190", "2014": "$125", "2013": "$0"}, "Atlassian Quarterly Share Holder Equity (Millions of US $)": {"2020-12-31": "$169", "2020-09-30": "$688", "2020-06-30": "$575", "2020-03-31": "$820", "2019-12-31": "$895", "2019-09-30": "$694", "2019-06-30": "$565", "2019-03-31": "$694", "2018-12-31": "$820", "2018-09-30": "$713", "2018-06-30": "$907", "2018-03-31": "$883", "2017-12-31": "$863", "2017-09-30": "$929", "2017-06-30": "$894", "2017-03-31": "$854", "2016-12-31": "$792", "2016-09-30": "$781", "2016-06-30": "$732", "2016-03-31": "$707", "2015-12-31": "$705", "2015-09-30": "$216", "2015-06-30": "$732", "2015-03-31": "$0", "2014-12-31": "$0", "2014-09-30": "$0", "2014-06-30": "$125", "2013-06-30": "$0"}}, "profit-margins": {"current": "-65.85%"}, "gross margin": {"2020-12-31": "83.69%", "2020-09-30": "83.58%", "2020-06-30": "83.33%", "2020-03-31": "82.82%", "2019-12-31": "82.77%", "2019-09-30": "82.54%", "2019-06-30": "82.56%", "2019-03-31": "82.71%", "2018-12-31": "82.16%", "2018-09-30": "81.22%", "2018-06-30": "80.25%", "2018-03-31": "79.58%", "2017-12-31": "79.44%", "2017-09-30": "79.94%", "2017-06-30": "80.81%", "2017-03-31": "81.71%", "2016-12-31": "82.71%", "2016-09-30": "82.96%", "2016-06-30": "82.97%", "2016-03-31": "83.18%", "2015-12-31": "83.25%", "2015-09-30": "83.33%", "2015-06-30": "83.13%"}, "operating margin": {"2020-12-31": "0.94%", "2020-09-30": "1.81%", "2020-06-30": "0.87%", "2020-03-31": "-0.99%", "2019-12-31": "-1.62%", "2019-09-30": "-5.21%", "2019-06-30": "-5.21%", "2019-03-31": "-2.94%", "2018-12-31": "-1.45%", "2018-09-30": "-2.62%", "2018-06-30": "-5.11%", "2018-03-31": "-9.28%", "2017-12-31": "-11.83%", "2017-09-30": "-11.50%", "2017-06-30": "-10.16%", "2017-03-31": "-7.32%", "2016-12-31": "-4.51%", "2016-09-30": "-3.65%", "2016-06-30": "-1.31%", "2016-03-31": "0.47%", "2015-12-31": "1.55%", "2015-09-30": "1.98%", "2015-06-30": "0.63%"}, "ebitda margin": {"2020-12-31": "6.05%", "2020-09-30": "7.36%", "2020-06-30": "6.88%", "2020-03-31": "4.94%", "2019-12-31": "4.24%", "2019-09-30": "0.77%", "2019-06-30": "0.58%", "2019-03-31": "3.48%", "2018-12-31": "5.79%", "2018-09-30": "5.25%", "2018-06-30": "3.75%", "2018-03-31": "1.24%", "2017-12-31": "-0.67%", "2017-09-30": "-0.59%", "2017-06-30": "-0.16%", "2017-03-31": "0.35%", "2016-12-31": "1.50%", "2016-09-30": "1.62%", "2016-06-30": "3.71%", "2016-03-31": "5.69%", "2015-12-31": "6.44%", "2015-09-30": "6.78%", "2015-06-30": "5.63%"}, "pre tax profit margin": {"2020-12-31": "-66.22%", "2020-09-30": "-26.01%", "2020-06-30": "-21.50%", "2020-03-31": "-9.35%", "2019-12-31": "-12.50%", "2019-09-30": "-22.36%", "2019-06-30": "-50.08%", "2019-03-31": "-38.68%", "2018-12-31": "-23.14%", "2018-09-30": "-29.28%", "2018-06-30": "-6.70%", "2018-03-31": "-8.91%", "2017-12-31": "-11.69%", "2017-09-30": "-11.21%", "2017-06-30": "-9.68%", "2017-03-31": "-6.62%", "2016-12-31": "-3.57%", "2016-09-30": "-3.04%", "2016-06-30": "-0.87%", "2016-03-31": "0.71%", "2015-12-31": "1.03%", "2015-09-30": "1.13%", "2015-06-30": "-0.63%"}, "net profit margin": {"2020-12-31": "-65.89%", "2020-09-30": "-25.83%", "2020-06-30": "-21.75%", "2020-03-31": "-13.43%", "2019-12-31": "-17.51%", "2019-09-30": "-25.04%", "2019-06-30": "-52.73%", "2019-03-31": "-37.61%", "2018-12-31": "-22.66%", "2018-09-30": "-36.10%", "2018-06-30": "-12.83%", "2018-03-31": "-13.86%", "2017-12-31": "-15.19%", "2017-09-30": "-7.52%", "2017-06-30": "-6.94%", "2017-03-31": "-4.70%", "2016-12-31": "-2.07%", "2016-09-30": "-0.81%", "2016-06-30": "0.87%", "2016-03-31": "1.90%", "2015-12-31": "2.06%", "2015-09-30": "2.26%", "2015-06-30": "2.19%"}, "pe ratio": {"current": "0.00", "2021-02-05": "0.00", "2020-12-31": "0.00", "2020-09-30": "0.00", "2020-06-30": "0.00", "2020-03-31": "0.00", "2019-12-31": "0.00", "2019-09-30": "0.00", "2019-06-30": "0.00", "2019-03-31": "0.00", "2018-12-31": "0.00", "2018-09-30": "0.00", "2018-06-30": "0.00", "2018-03-31": "0.00", "2017-12-31": "0.00", "2017-09-30": "0.00", "2017-06-30": "0.00", "2017-03-31": "0.00", "2016-12-31": "0.00", "2016-09-30": "0.00"}, "price sales": {"2021-02-05": "33.40", "2020-12-31": "32.04", "2020-09-30": "26.29", "2020-06-30": "27.68", "2020-03-31": "22.30", "2019-12-31": "20.85", "2019-09-30": "23.44", "2019-06-30": "25.99", "2019-03-31": "23.92", "2018-12-31": "20.35", "2018-09-30": "23.47", "2018-06-30": "16.36", "2018-03-31": "15.23", "2017-12-31": "13.84", "2017-09-30": "11.60", "2017-06-30": "12.57", "2017-03-31": "11.20", "2016-12-31": "9.59", "2016-09-30": "11.98"}, "price book": {"current": "190.50", "2021-02-05": "inf", "2020-12-31": "0.00", "2020-09-30": "0.00", "2020-06-30": "0.00", "2020-03-31": "0.00", "2019-12-31": "0.00", "2019-09-30": "0.00", "2019-06-30": "55.99", "2019-03-31": "0.00", "2018-12-31": "0.00", "2018-09-30": "0.00", "2018-06-30": "16.21", "2018-03-31": "0.00", "2017-12-31": "0.00", "2017-09-30": "0.00", "2017-06-30": "8.94", "2017-03-31": "0.00", "2016-12-31": "6.76", "2016-09-30": "0.00", "2016-06-30": "7.65", "2016-03-31": "0.00", "2015-12-31": "9.07"}, "price fcf": {"2021-02-05": "", "2020-12-31": "$2.13", "2020-09-30": "$2.21", "2020-06-30": "$2.20", "2020-03-31": "$2.17", "2019-12-31": "$2.10", "2019-09-30": "$1.75", "2019-06-30": "$1.78", "2019-03-31": "$1.66", "2018-12-31": "$1.47", "2018-09-30": "$1.27", "2018-06-30": "$1.23", "2018-03-31": "$1.15", "2017-12-31": "$1.08", "2017-09-30": "$0.98", "2017-06-30": "$0.83", "2017-03-31": "$0.75", "2016-12-31": "$0.59", "2016-09-30": "$0.61"}, "net worth": {"value": "$32.22B"}, "current ratio": {"current": "0.73", "2020-12-31": "0.73", "2020-09-30": "0.88", "2020-06-30": "0.88", "2020-03-31": "0.97", "2019-12-31": "1.02", "2019-09-30": "0.94", "2019-06-30": "0.88", "2019-03-31": "3.34", "2018-12-31": "3.44", "2018-09-30": "4.17", "2018-06-30": "4.10", "2018-03-31": "2.02", "2017-12-31": "2.02", "2017-09-30": "1.95", "2017-06-30": "1.87", "2017-03-31": "1.83", "2016-12-31": "3.27", "2016-09-30": "3.36", "2016-06-30": "3.29", "2016-03-31": "3.45", "2015-12-31": "3.74", "2015-09-30": "1.38", "2015-06-30": "3.29", "2015-03-31": "0.00", "2014-12-31": "0.00", "2014-09-30": "0.00", "2014-06-30": "1.35", "2013-06-30": "0.00"}, "quick ratio": {"2020-12-31": "0.00", "2020-09-30": "0.00", "2020-06-30": "0.00", "2020-03-31": "0.00", "2019-12-31": "0.00", "2019-09-30": "0.00", "2019-06-30": "0.00", "2019-03-31": "0.00", "2018-12-31": "0.00", "2018-09-30": "0.00", "2018-06-30": "0.00", "2018-03-31": "0.00", "2017-12-31": "0.00", "2017-09-30": "0.00", "2017-06-30": "0.00", "2017-03-31": "0.00", "2016-12-31": "0.00", "2016-09-30": "0.00", "2016-06-30": "0.00", "2016-03-31": "0.00", "2015-12-31": "0.00", "2015-09-30": "0.00", "2015-06-30": "0.00", "2015-03-31": "0.00", "2014-12-31": "0.00", "2014-09-30": "0.00", "2014-06-30": "0.00", "2013-06-30": "0.00"}, "debt equity ratio": {"current": "0.00", "2020-12-31": "20.06", "2020-09-30": "4.87", "2020-06-30": "5.77", "2020-03-31": "3.44", "2019-12-31": "2.91", "2019-09-30": "3.73", "2019-06-30": "4.27", "2019-03-31": "3.15", "2018-12-31": "2.32", "2018-09-30": "2.58", "2018-06-30": "1.67", "2018-03-31": "0.56", "2017-12-31": "0.51", "2017-09-30": "0.45", "2017-06-30": "0.44", "2017-03-31": "0.45", "2016-12-31": "0.37", "2016-09-30": "0.34", "2016-06-30": "0.35", "2016-03-31": "0.34", "2015-12-31": "0.30", "2015-09-30": "0.92", "2015-06-30": "0.35", "2015-03-31": "0.00", "2014-12-31": "0.00", "2014-09-30": "0.00", "2014-06-30": "1.09", "2013-06-30": "0.00"}, "return on equity": {"2020-12-31": "-211.01%", "2020-09-30": "-59.37%", "2020-06-30": "-47.05%", "2020-03-31": "-27.44%", "2019-12-31": "-34.83%", "2019-09-30": "-47.17%", "2019-06-30": "-91.40%", "2019-03-31": "-53.86%", "2018-12-31": "-28.29%", "2018-09-30": "-40.88%", "2018-06-30": "-12.62%", "2018-03-31": "-12.55%", "2017-12-31": "-12.77%", "2017-09-30": "-5.88%", "2017-06-30": "-5.18%", "2017-03-31": "-3.42%", "2016-12-31": "-1.46%", "2016-09-30": "-0.55%", "2016-06-30": "0.68%", "2016-03-31": "1.36%", "2015-12-31": "1.94%", "2015-09-30": "3.38%", "2015-06-30": "3.83%"}, "return on assets": {"2020-12-31": "-31.40%", "2020-09-30": "-11.73%", "2020-06-30": "-9.81%", "2020-03-31": "-6.09%", "2019-12-31": "-7.85%", "2019-09-30": "-11.03%", "2019-06-30": "-22.93%", "2019-03-31": "-15.96%", "2018-12-31": "-10.36%", "2018-09-30": "-17.97%", "2018-06-30": "-7.01%", "2018-03-31": "-8.44%", "2017-12-31": "-8.74%", "2017-09-30": "-4.12%", "2017-06-30": "-3.70%", "2017-03-31": "-2.48%", "2016-12-31": "-1.08%", "2016-09-30": "-0.41%", "2016-06-30": "0.49%", "2016-03-31": "0.98%", "2015-12-31": "1.38%", "2015-09-30": "2.28%", "2015-06-30": "2.83%"}, "return on investments": {"2020-12-31": "inf%", "2020-09-30": "inf%", "2020-06-30": "inf%", "2020-03-31": "inf%", "2019-12-31": "-5.98%", "2019-09-30": "-8.52%", "2019-06-30": "-5.32%", "2019-03-31": "-2.04%", "2018-12-31": "-1.22%", "2018-09-30": "-3.06%", "2018-06-30": "-10.42%", "2018-03-31": "inf%", "2017-12-31": "inf%", "2017-09-30": "inf%", "2017-06-30": "inf%", "2017-03-31": "inf%", "2016-12-31": "inf%", "2016-09-30": "inf%", "2016-06-30": "inf%", "2016-03-31": "inf%", "2015-12-31": "inf%", "2015-09-30": "inf%", "2015-06-30": "inf%"}, "return on tangible equity": {"2020-12-31": "525.66%", "2020-09-30": "1245.07%", "2020-06-30": "1800.00%", "2020-03-31": "1133.33%", "2019-12-31": "2066.67%", "2019-09-30": "-5450.00%", "2019-06-30": "-594.87%", "2019-03-31": "-146.15%", "2018-12-31": "-59.91%", "2018-09-30": "-74.99%", "2018-06-30": "-22.66%", "2018-03-31": "-23.28%", "2017-12-31": "-24.59%", "2017-09-30": "-9.57%", "2017-06-30": "-7.29%", "2017-03-31": "-4.14%", "2016-12-31": "-1.53%", "2016-09-30": "-0.57%", "2016-06-30": "0.71%", "2016-03-31": "1.41%", "2015-12-31": "2.03%", "2015-09-30": "3.56%", "2015-06-30": "3.94%"}, "dividend yield history": {"last payout": "$0.00", "last yield": "0.00%"}}