{"ticker": "ATO", "price": {"title": "Atmos Energy Historical Annual Stock Price Data", "value": 91.85, "historical": {"2021": {"Average Stock Price": "89.7044", "Year Open": "94.0300", "Year High": "94.0300", "Year Low": "87.0500", "Year Close": "91.8500", "Annual % Change": "-3.75%"}, "2020": {"Average Stock Price": "101.7059", "Year Open": "110.3800", "Year High": "120.5700", "Year Low": "80.5000", "Year Close": "95.4300", "Annual % Change": "-14.69%"}, "2019": {"Average Stock Price": "104.8083", "Year Open": "89.8500", "Year High": "114.6500", "Year Low": "89.8500", "Year Close": "111.8600", "Annual % Change": "20.64%"}, "2018": {"Average Stock Price": "89.0111", "Year Open": "85.0400", "Year High": "99.5000", "Year Low": "78.0300", "Year Close": "92.7200", "Annual % Change": "7.95%"}, "2017": {"Average Stock Price": "83.2688", "Year Open": "74.5500", "Year High": "92.2900", "Year Low": "73.2100", "Year Close": "85.8900", "Annual % Change": "15.83%"}, "2016": {"Average Stock Price": "73.0481", "Year Open": "62.3700", "Year High": "81.3200", "Year Low": "61.7400", "Year Close": "74.1500", "Annual % Change": "17.62%"}, "2015": {"Average Stock Price": "56.2744", "Year Open": "55.9000", "Year High": "64.2500", "Year Low": "51.2800", "Year Close": "63.0400", "Annual % Change": "13.10%"}, "2014": {"Average Stock Price": "49.8261", "Year Open": "44.6700", "Year High": "58.0800", "Year Low": "44.1900", "Year Close": "55.7400", "Annual % Change": "22.72%"}, "2013": {"Average Stock Price": "41.9036", "Year Open": "35.7700", "Year High": "47.0600", "Year Low": "35.1100", "Year Close": "45.4200", "Annual % Change": "29.33%"}, "2012": {"Average Stock Price": "33.9675", "Year Open": "33.1500", "Year High": "36.9400", "Year Low": "30.6000", "Year Close": "35.1200", "Annual % Change": "5.31%"}, "2011": {"Average Stock Price": "33.2084", "Year Open": "31.5200", "Year High": "35.4000", "Year Low": "28.8700", "Year Close": "33.3500", "Annual % Change": "6.89%"}, "2010": {"Average Stock Price": "28.8944", "Year Open": "29.5200", "Year High": "31.7200", "Year Low": "26.4100", "Year Close": "31.2000", "Annual % Change": "6.12%"}, "2009": {"Average Stock Price": "25.9717", "Year Open": "24.1600", "Year High": "30.0600", "Year Low": "20.2000", "Year Close": "29.4000", "Annual % Change": "24.05%"}, "2008": {"Average Stock Price": "26.1337", "Year Open": "27.9500", "Year High": "28.9600", "Year Low": "21.1700", "Year Close": "23.7000", "Annual % Change": "-15.48%"}, "2007": {"Average Stock Price": "29.8463", "Year Open": "32.2400", "Year High": "33.1100", "Year Low": "26.1100", "Year Close": "28.0400", "Annual % Change": "-12.13%"}, "2006": {"Average Stock Price": "28.2387", "Year Open": "26.7400", "Year High": "33.0100", "Year Low": "26.0000", "Year Close": "31.9100", "Annual % Change": "21.98%"}, "2005": {"Average Stock Price": "27.6772", "Year Open": "26.6100", "Year High": "29.7600", "Year Low": "25.7900", "Year Close": "26.1600", "Annual % Change": "-4.35%"}, "2004": {"Average Stock Price": "25.4741", "Year Open": "24.7300", "Year High": "27.4300", "Year Low": "23.6800", "Year Close": "27.3500", "Annual % Change": "12.55%"}, "2003": {"Average Stock Price": "23.6107", "Year Open": "23.5400", "Year High": "25.4500", "Year Low": "20.9500", "Year Close": "24.3000", "Annual % Change": "4.20%"}, "2002": {"Average Stock Price": "22.2558", "Year Open": "21.4500", "Year High": "24.4600", "Year Low": "18.3700", "Year Close": "23.3200", "Annual % Change": "9.74%"}, "2001": {"Average Stock Price": "22.3550", "Year Open": "25.1900", "Year High": "25.2500", "Year Low": "19.4600", "Year Close": "21.2500", "Annual % Change": "-12.84%"}, "2000": {"Average Stock Price": "19.5432", "Year Open": "20.0600", "Year High": "26.2500", "Year Low": "14.7500", "Year Close": "24.3800", "Annual % Change": "19.28%"}, "1999": {"Average Stock Price": "24.7969", "Year Open": "32.6900", "Year High": "32.6900", "Year Low": "20.0000", "Year Close": "20.4400", "Annual % Change": "-36.62%"}, "1998": {"Average Stock Price": "29.3133", "Year Open": "28.8100", "Year High": "32.2500", "Year Low": "25.7500", "Year Close": "32.2500", "Annual % Change": "6.61%"}, "1997": {"Average Stock Price": "24.8463", "Year Open": "23.6200", "Year High": "30.4400", "Year Low": "22.6200", "Year Close": "30.2500", "Annual % Change": "26.68%"}, "1996": {"Average Stock Price": "23.4944", "Year Open": "22.8800", "Year High": "30.6200", "Year Low": "21.0000", "Year Close": "23.8800", "Annual % Change": "3.83%"}, "1995": {"Average Stock Price": "19.1121", "Year Open": "16.8800", "Year High": "23.0000", "Year Low": "16.1200", "Year Close": "23.0000", "Annual % Change": "35.29%"}, "1994": {"Average Stock Price": "18.1345", "Year Open": "18.8333", "Year High": "20.0000", "Year Low": "16.2500", "Year Close": "17.0000", "Annual % Change": "-7.71%"}, "1993": {"Average Stock Price": "18.4449", "Year Open": "15.6667", "Year High": "20.9200", "Year Low": "15.2533", "Year Close": "18.4200", "Annual % Change": "17.57%"}, "1992": {"Average Stock Price": "14.1643", "Year Open": "15.1667", "Year High": "15.8333", "Year Low": "12.6667", "Year Close": "15.6667", "Annual % Change": "2.17%"}, "1991": {"Average Stock Price": "12.2464", "Year Open": "10.9200", "Year High": "15.3333", "Year Low": "10.5000", "Year Close": "15.3333", "Annual % Change": "38.39%"}, "1990": {"Average Stock Price": "11.4395", "Year Open": "11.8333", "Year High": "12.4200", "Year Low": "10.5000", "Year Close": "11.0800", "Annual % Change": "-7.05%"}, "1989": {"Average Stock Price": "10.6054", "Year Open": "10.8333", "Year High": "11.9200", "Year Low": "9.8333", "Year Close": "11.9200", "Annual % Change": "10.03%"}, "1988": {"Average Stock Price": "10.4182", "Year Open": "8.5000", "Year High": "11.4200", "Year Low": "8.5000", "Year Close": "10.8333", "Annual % Change": "32.65%"}, "1987": {"Average Stock Price": "9.2651", "Year Open": "9.9200", "Year High": "10.5000", "Year Low": "7.1667", "Year Close": "8.1667", "Annual % Change": "-17.67%"}, "1986": {"Average Stock Price": "10.3594", "Year Open": "10.5800", "Year High": "11.8333", "Year Low": "9.0000", "Year Close": "9.9200", "Annual % Change": "-7.00%"}, "1985": {"Average Stock Price": "8.6089", "Year Open": "6.5000", "Year High": "11.2533", "Year Low": "5.8333", "Year Close": "10.6667", "Annual % Change": "63.02%"}, "1984": {"Average Stock Price": "5.7382", "Year Open": "5.5000", "Year High": "6.6667", "Year Low": "5.0433", "Year Close": "6.5433", "Annual % Change": "18.04%"}}}, "market cap": {"value": "$11.48B"}, "income statement": {"Revenue": {"2020-09-30": "2821.13700", "2019-09-30": "2901.84800", "2018-09-30": "3115.54600", "2017-09-30": "2759.73500", "2016-09-30": "2454.64800", "2015-09-30": "2926.98500", "2014-09-30": "4940.91600", "2013-09-30": "3875.46000", "2012-09-30": "3436.16200", "2011-09-30": "4286.43500", "2010-09-30": "4661.06000", "2009-09-30": "4869.11100", "2008-09-30": "7221.30500", "2007-09-30": "5898.43100", "2006-09-30": "6152.36300", "2005-09-30": "4961.87300"}, "Cost Of Goods Sold": {"2020-09-30": "658.85400", "2019-09-30": "858.83700", "2018-09-30": "1167.84800", "2017-09-30": "925.53600", "2016-09-30": "746.19200", "2015-09-30": "1295.67500", "2014-09-30": "3358.49000", "2013-09-30": "2463.41000", "2012-09-30": "2112.42300", "2011-09-30": "2985.61500", "2010-09-30": "3346.92400", "2009-09-30": "3549.43300", "2008-09-30": "5899.97900", "2007-09-30": "4648.34900", "2006-09-30": "4935.79300", "2005-09-30": "3844.23600"}, "Gross Profit": {"2020-09-30": "2162.28300", "2019-09-30": "2043.01100", "2018-09-30": "1947.69800", "2017-09-30": "1834.19900", "2016-09-30": "1708.45600", "2015-09-30": "1631.31000", "2014-09-30": "1582.42600", "2013-09-30": "1412.05000", "2012-09-30": "1323.73900", "2011-09-30": "1300.82000", "2010-09-30": "1314.13600", "2009-09-30": "1319.67800", "2008-09-30": "1321.32700", "2007-09-30": "1250.08200", "2006-09-30": "1216.57000", "2005-09-30": "1117.63700"}, "Research And Development Expenses": {"2020-09-30": "", "2019-09-30": "", "2018-09-30": "", "2017-09-30": "", "2016-09-30": "", "2015-09-30": "", "2014-09-30": "", "2013-09-30": "", "2012-09-30": "", "2011-09-30": "", "2010-09-30": "", "2009-09-30": "", "2008-09-30": "", "2007-09-30": "", "2006-09-30": "", "2005-09-30": ""}, "SG&A Expenses": {"2020-09-30": "908.35600", "2019-09-30": "905.49690", "2018-09-30": "858.68100", "2017-09-30": "779.12300", "2016-09-30": "760.43500", "2015-09-30": "746.67000", "2014-09-30": "717.09000", "2013-09-30": "675.09200", "2012-09-30": "634.68600", "2011-09-30": "620.73200", "2010-09-30": "641.76400", "2009-09-30": "665.94600", "2008-09-30": "692.98910", "2007-09-30": "646.23900", "2006-09-30": "625.41090", "2005-09-30": "590.97700"}, "Other Operating Income Or Expenses": {"2020-09-30": "", "2019-09-30": "", "2018-09-30": "", "2017-09-30": "", "2016-09-30": "", "2015-09-30": "", "2014-09-30": "", "2013-09-30": "", "2012-09-30": "-5.28800", "2011-09-30": "-30.27000", "2010-09-30": "", "2009-09-30": "-5.38200", "2008-09-30": "", "2007-09-30": "-6.34400", "2006-09-30": "-22.94700", "2005-09-30": ""}, "Operating Expenses": {"2020-09-30": "1997.03800", "2019-09-30": "2155.79000", "2018-09-30": "2387.61200", "2017-09-30": "2024.10700", "2016-09-30": "1797.41800", "2015-09-30": "2314.75300", "2014-09-30": "4329.56700", "2013-09-30": "3373.58100", "2012-09-30": "2989.92200", "2011-09-30": "3860.44900", "2010-09-30": "4197.22700", "2009-09-30": "4432.74500", "2008-09-30": "6793.41000", "2007-09-30": "5499.79500", "2006-09-30": "5769.74700", "2005-09-30": "4613.21800"}, "Operating Income": {"2020-09-30": "824.09890", "2019-09-30": "746.05790", "2018-09-30": "727.93380", "2017-09-30": "735.62820", "2016-09-30": "657.23000", "2015-09-30": "612.23220", "2014-09-30": "611.34910", "2013-09-30": "501.87890", "2012-09-30": "446.24000", "2011-09-30": "425.98610", "2010-09-30": "463.83300", "2009-09-30": "436.36570", "2008-09-30": "427.89550", "2007-09-30": "398.63570", "2006-09-30": "382.61570", "2005-09-30": "348.65530"}, "Total Non-Operating Income/Expense": {"2020-09-30": "-77.30300", "2019-09-30": "-95.74900", "2018-09-30": "-116.79000", "2017-09-30": "-131.53400", "2016-09-30": "-115.04600", "2015-09-30": "-117.06000", "2014-09-30": "-134.53000", "2013-09-30": "-128.58200", "2012-09-30": "-155.81800", "2011-09-30": "-129.57900", "2010-09-30": "-154.77900", "2009-09-30": "-155.70500", "2008-09-30": "-135.19100", "2007-09-30": "-136.05200", "2006-09-30": "-145.72600", "2005-09-30": "-130.63700"}, "Pre-Tax Income": {"2020-09-30": "746.79600", "2019-09-30": "650.30900", "2018-09-30": "611.14400", "2017-09-30": "604.09400", "2016-09-30": "542.18400", "2015-09-30": "495.17200", "2014-09-30": "476.81900", "2013-09-30": "373.29700", "2012-09-30": "290.42200", "2011-09-30": "296.40700", "2010-09-30": "309.05400", "2009-09-30": "280.66100", "2008-09-30": "292.70400", "2007-09-30": "262.58400", "2006-09-30": "236.89000", "2005-09-30": "218.01800"}, "Income Taxes": {"2020-09-30": "145.35300", "2019-09-30": "138.90300", "2018-09-30": "8.08000", "2017-09-30": "221.38300", "2016-09-30": "196.64200", "2015-09-30": "189.54900", "2014-09-30": "187.00200", "2013-09-30": "142.59900", "2012-09-30": "98.22600", "2011-09-30": "106.81900", "2010-09-30": "119.20300", "2009-09-30": "97.36200", "2008-09-30": "112.37300", "2007-09-30": "94.09200", "2006-09-30": "89.15300", "2005-09-30": "82.23300"}, "Income After Taxes": {"2020-09-30": "601.44300", "2019-09-30": "511.40600", "2018-09-30": "603.06400", "2017-09-30": "382.71100", "2016-09-30": "345.54200", "2015-09-30": "305.62300", "2014-09-30": "289.81700", "2013-09-30": "230.69800", "2012-09-30": "192.19600", "2011-09-30": "189.58800", "2010-09-30": "189.85100", "2009-09-30": "183.29900", "2008-09-30": "180.33100", "2007-09-30": "168.49200", "2006-09-30": "147.73700", "2005-09-30": "135.78500"}, "Other Income": {"2020-09-30": "", "2019-09-30": "", "2018-09-30": "", "2017-09-30": "", "2016-09-30": "", "2015-09-30": "", "2014-09-30": "", "2013-09-30": "", "2012-09-30": "", "2011-09-30": "", "2010-09-30": "", "2009-09-30": "", "2008-09-30": "", "2007-09-30": "", "2006-09-30": "", "2005-09-30": ""}, "Income From Continuous Operations": {"2020-09-30": "601.44300", "2019-09-30": "511.40600", "2018-09-30": "603.06400", "2017-09-30": "382.71100", "2016-09-30": "345.54200", "2015-09-30": "305.62300", "2014-09-30": "289.81700", "2013-09-30": "230.69800", "2012-09-30": "192.19600", "2011-09-30": "189.58800", "2010-09-30": "189.85100", "2009-09-30": "183.29900", "2008-09-30": "180.33100", "2007-09-30": "168.49200", "2006-09-30": "147.73700", "2005-09-30": "135.78500"}, "Income From Discontinued Operations": {"2020-09-30": "", "2019-09-30": "", "2018-09-30": "", "2017-09-30": "13.69800", "2016-09-30": "4.56200", "2015-09-30": "9.45200", "2014-09-30": "", "2013-09-30": "12.49600", "2012-09-30": "24.52100", "2011-09-30": "18.01300", "2010-09-30": "15.98800", "2009-09-30": "7.67900", "2008-09-30": "", "2007-09-30": "", "2006-09-30": "", "2005-09-30": ""}, "Net Income": {"2020-09-30": "601.44300", "2019-09-30": "511.40600", "2018-09-30": "603.06400", "2017-09-30": "395.93400", "2016-09-30": "350.10400", "2015-09-30": "315.07500", "2014-09-30": "289.10600", "2013-09-30": "243.19400", "2012-09-30": "216.71700", "2011-09-30": "207.60100", "2010-09-30": "205.83900", "2009-09-30": "190.97800", "2008-09-30": "180.33100", "2007-09-30": "168.49200", "2006-09-30": "147.73700", "2005-09-30": "135.78500"}, "EBITDA": {"2020-09-30": "1265.47000", "2019-09-30": "1146.97800", "2018-09-30": "1096.88200", "2017-09-30": "1061.73000", "2016-09-30": "950.32600", "2015-09-30": "887.02820", "2014-09-30": "865.33610", "2013-09-30": "738.80690", "2012-09-30": "692.33300", "2011-09-30": "659.14110", "2010-09-30": "680.79300", "2009-09-30": "653.57370", "2008-09-30": "628.33750", "2007-09-30": "597.49880", "2006-09-30": "568.21170", "2005-09-30": "526.66030"}, "EBIT": {"2020-09-30": "824.09890", "2019-09-30": "746.05790", "2018-09-30": "727.93380", "2017-09-30": "735.62820", "2016-09-30": "657.23000", "2015-09-30": "612.23220", "2014-09-30": "611.34910", "2013-09-30": "501.87890", "2012-09-30": "446.24000", "2011-09-30": "425.98610", "2010-09-30": "463.83300", "2009-09-30": "436.36570", "2008-09-30": "427.89550", "2007-09-30": "398.63570", "2006-09-30": "382.61570", "2005-09-30": "348.65530"}, "Basic Shares Outstanding": {"2020-09-30": "122.78800", "2019-09-30": "117.20000", "2018-09-30": "111.01200", "2017-09-30": "106.10000", "2016-09-30": "103.52400", "2015-09-30": "101.89200", "2014-09-30": "97.60600", "2013-09-30": "90.53300", "2012-09-30": "90.15000", "2011-09-30": "90.20100", "2010-09-30": "91.85200", "2009-09-30": "91.11700", "2008-09-30": "89.38500", "2007-09-30": "86.97500", "2006-09-30": "80.73100", "2005-09-30": "78.50800"}, "Shares Outstanding": {"2020-09-30": "122.87200", "2019-09-30": "117.46100", "2018-09-30": "111.01200", "2017-09-30": "106.10000", "2016-09-30": "103.52400", "2015-09-30": "101.89200", "2014-09-30": "97.60800", "2013-09-30": "91.71100", "2012-09-30": "91.17200", "2011-09-30": "90.65200", "2010-09-30": "92.42200", "2009-09-30": "91.62000", "2008-09-30": "89.94100", "2007-09-30": "87.74500", "2006-09-30": "81.39000", "2005-09-30": "79.01200"}, "Basic EPS": {"2020-09-30": "4.89000", "2019-09-30": "4.36000", "2018-09-30": "5.43000", "2017-09-30": "3.73000", "2016-09-30": "3.38000", "2015-09-30": "3.09000", "2014-09-30": "2.96000", "2013-09-30": "2.68000", "2012-09-30": "2.39000", "2011-09-30": "2.28000", "2010-09-30": "2.22000", "2009-09-30": "2.08000", "2008-09-30": "2.00000", "2007-09-30": "1.94000", "2006-09-30": "1.83000", "2005-09-30": "1.73000"}, "EPS - Earnings Per Share": {"2020-09-30": "4.89000", "2019-09-30": "4.35000", "2018-09-30": "5.43000", "2017-09-30": "3.73000", "2016-09-30": "3.38000", "2015-09-30": "3.09000", "2014-09-30": "2.96000", "2013-09-30": "2.64000", "2012-09-30": "2.37000", "2011-09-30": "2.27000", "2010-09-30": "2.20000", "2009-09-30": "2.07000", "2008-09-30": "1.99000", "2007-09-30": "1.92000", "2006-09-30": "1.82000", "2005-09-30": "1.72000"}}, "income statement, quarterly": {"Revenue": {"2020-12-31": "914.48000", "2020-09-30": "474.91410", "2020-06-30": "492.99500", "2020-03-31": "977.66500", "2019-12-31": "875.56300", "2019-09-30": "443.68290", "2019-06-30": "485.73800", "2019-03-31": "1094.64500", "2018-12-31": "877.78200", "2018-09-30": "444.69970", "2018-06-30": "562.24500", "2018-03-31": "1219.40900", "2017-12-31": "889.19200", "2017-09-30": "464.88010", "2017-06-30": "526.50100", "2017-03-31": "988.18600", "2016-12-31": "780.16800", "2016-09-30": "433.64300", "2016-06-30": "456.21200", "2016-03-31": "890.04000", "2015-12-31": "674.75300", "2015-09-30": "656.90200", "2015-06-30": "686.40100", "2015-03-31": "1540.06800", "2014-12-31": "1258.76500", "2014-09-30": "789.03410", "2014-06-30": "943.17000", "2014-03-31": "1964.85400", "2013-12-31": "1243.85800", "2013-09-30": "674.37390", "2013-06-30": "857.93500", "2013-03-31": "1308.99600", "2012-12-31": "1034.15500", "2012-09-30": "550.24500", "2012-06-30": "576.41400", "2012-03-31": "1225.50900", "2011-12-31": "1083.99400", "2011-09-30": "728.06120", "2011-06-30": "843.61500", "2011-03-31": "1581.49700", "2010-12-31": "1133.26200", "2010-09-30": "666.63710", "2010-06-30": "761.30500", "2010-03-31": "1940.26600", "2009-12-31": "1292.85200", "2009-09-30": "550.59790", "2009-06-30": "780.77500", "2009-03-31": "1821.40600", "2008-12-31": "1716.33200", "2008-09-30": "1440.66500", "2008-06-30": "1639.14500", "2008-03-31": "2483.98500", "2007-12-31": "1657.51000", "2007-09-30": "1002.06400", "2007-06-30": "1218.15200", "2007-03-31": "2075.58200", "2006-12-31": "1602.63300", "2006-09-30": "971.45360", "2006-06-30": "863.24300", "2006-03-31": "2033.84600", "2005-12-31": "2283.82000", "2005-09-30": "1001.28700", "2005-06-30": "906.87700", "2005-03-31": "1685.08500"}, "Cost Of Goods Sold": {"2020-12-31": "288.26000", "2020-09-30": "18.03100", "2020-06-30": "26.07200", "2020-03-31": "317.88300", "2019-12-31": "296.86800", "2019-09-30": "13.67000", "2019-06-30": "31.32600", "2019-03-31": "471.67600", "2018-12-31": "342.16500", "2018-09-30": "43.08500", "2018-06-30": "130.88600", "2018-03-31": "626.96000", "2017-12-31": "366.91700", "2017-09-30": "72.56100", "2017-06-30": "114.17600", "2017-03-31": "427.49400", "2016-12-31": "311.30500", "2016-09-30": "63.92690", "2016-06-30": "64.58300", "2016-03-31": "377.35600", "2015-12-31": "240.32600", "2015-09-30": "-863.86300", "2015-06-30": "304.72800", "2015-03-31": "1019.33000", "2014-12-31": "835.48000", "2014-09-30": "451.37520", "2014-06-30": "583.63700", "2014-03-31": "1468.57700", "2013-12-31": "854.90090", "2013-09-30": "373.93390", "2013-06-30": "541.43800", "2013-03-31": "876.24500", "2012-12-31": "671.79300", "2012-09-30": "300.85610", "2012-06-30": "283.24300", "2012-03-31": "799.72200", "2011-12-31": "728.60200", "2011-09-30": "512.43770", "2011-06-30": "576.81000", "2011-03-31": "1127.82900", "2010-12-31": "768.53800", "2010-09-30": "465.33670", "2010-06-30": "513.63900", "2010-03-31": "1485.94500", "2009-12-31": "882.00300", "2009-09-30": "345.82290", "2009-06-30": "521.13490", "2009-03-31": "1361.35500", "2008-12-31": "1321.12000", "2008-09-30": "1169.59300", "2008-06-30": "1392.92300", "2008-03-31": "2049.59100", "2007-12-31": "1287.87200", "2007-09-30": "784.27600", "2007-06-30": "990.13600", "2007-03-31": "1646.89600", "2006-12-31": "1227.04100", "2006-09-30": "711.37650", "2006-06-30": "658.74300", "2006-03-31": "1628.44300", "2005-12-31": "1937.23000", "2005-09-30": "802.92100", "2005-06-30": "685.60300", "2005-03-31": "1309.19100"}, "Gross Profit": {"2020-12-31": "626.22000", "2020-09-30": "456.88310", "2020-06-30": "466.92300", "2020-03-31": "659.78200", "2019-12-31": "578.69490", "2019-09-30": "430.01280", "2019-06-30": "454.41200", "2019-03-31": "622.96900", "2018-12-31": "535.61700", "2018-09-30": "401.61470", "2018-06-30": "431.35900", "2018-03-31": "592.44900", "2017-12-31": "522.27500", "2017-09-30": "392.31910", "2017-06-30": "412.32500", "2017-03-31": "560.69200", "2016-12-31": "468.86300", "2016-09-30": "369.71610", "2016-06-30": "391.62900", "2016-03-31": "512.68400", "2015-12-31": "434.42700", "2015-09-30": "1520.76500", "2015-06-30": "381.67300", "2015-03-31": "520.73800", "2014-12-31": "423.28500", "2014-09-30": "337.65890", "2014-06-30": "359.53300", "2014-03-31": "496.27710", "2013-12-31": "388.95710", "2013-09-30": "300.44000", "2013-06-30": "316.49690", "2013-03-31": "432.75100", "2012-12-31": "362.36200", "2012-09-30": "249.38890", "2012-06-30": "293.17100", "2012-03-31": "425.78700", "2011-12-31": "355.39200", "2011-09-30": "215.62340", "2011-06-30": "266.80500", "2011-03-31": "453.66800", "2010-12-31": "364.72400", "2010-09-30": "201.30040", "2010-06-30": "247.66600", "2010-03-31": "454.32100", "2009-12-31": "410.84910", "2009-09-30": "204.77500", "2009-06-30": "259.64010", "2009-03-31": "460.05090", "2008-12-31": "395.21220", "2008-09-30": "271.07240", "2008-06-30": "246.22190", "2008-03-31": "434.39400", "2007-12-31": "369.63810", "2007-09-30": "217.78820", "2007-06-30": "228.01600", "2007-03-31": "428.68590", "2006-12-31": "375.59200", "2006-09-30": "260.07710", "2006-06-30": "204.49990", "2006-03-31": "405.40270", "2005-12-31": "346.59010", "2005-09-30": "198.36610", "2005-06-30": "221.27400", "2005-03-31": "375.89390"}, "Research And Development Expenses": {"2020-12-31": "", "2020-09-30": "", "2020-06-30": "", "2020-03-31": "", "2019-12-31": "", "2019-09-30": "", "2019-06-30": "", "2019-03-31": "", "2018-12-31": "", "2018-09-30": "", "2018-06-30": "", "2018-03-31": "", "2017-12-31": "", "2017-09-30": "", "2017-06-30": "", "2017-03-31": "", "2016-12-31": "", "2016-09-30": "", "2016-06-30": "", "2016-03-31": "", "2015-12-31": "", "2015-09-30": "", "2015-06-30": "", "2015-03-31": "", "2014-12-31": "", "2014-09-30": "", "2014-06-30": "", "2014-03-31": "", "2013-12-31": "", "2013-09-30": "", "2013-06-30": "", "2013-03-31": "", "2012-12-31": "", "2012-09-30": "", "2012-06-30": "", "2012-03-31": "", "2011-12-31": "", "2011-09-30": "", "2011-06-30": "", "2011-03-31": "", "2010-12-31": "", "2010-09-30": "", "2010-06-30": "", "2010-03-31": "", "2009-12-31": "", "2009-09-30": "", "2009-06-30": "", "2009-03-31": "", "2008-12-31": "", "2008-09-30": "", "2008-06-30": "", "2008-03-31": "", "2007-12-31": "", "2007-09-30": "", "2007-06-30": "", "2007-03-31": "", "2006-12-31": "", "2006-09-30": "", "2006-06-30": "", "2006-03-31": "", "2005-12-31": "", "2005-09-30": "", "2005-06-30": "", "2005-03-31": ""}, "SG&A Expenses": {"2020-12-31": "212.09500", "2020-09-30": "244.29200", "2020-06-30": "220.78400", "2020-03-31": "222.42800", "2019-12-31": "220.85200", "2019-09-30": "239.37900", "2019-06-30": "234.51000", "2019-03-31": "228.52000", "2018-12-31": "203.08800", "2018-09-30": "218.32900", "2018-06-30": "216.36800", "2018-03-31": "232.16600", "2017-12-31": "191.81800", "2017-09-30": "207.64500", "2017-06-30": "191.63800", "2017-03-31": "197.85300", "2016-12-31": "181.98700", "2016-09-30": "209.40300", "2016-06-30": "190.35300", "2016-03-31": "189.63700", "2015-12-31": "171.04200", "2015-09-30": "180.57500", "2015-06-30": "195.62200", "2015-03-31": "202.50600", "2014-12-31": "167.96700", "2014-09-30": "185.45900", "2014-06-30": "188.97300", "2014-03-31": "184.89000", "2013-12-31": "157.76800", "2013-09-30": "189.86600", "2013-06-30": "171.97200", "2013-03-31": "165.39300", "2012-12-31": "147.86100", "2012-09-30": "160.52700", "2012-06-30": "152.66900", "2012-03-31": "163.93500", "2011-12-31": "157.55500", "2011-09-30": "133.54700", "2011-06-30": "164.80700", "2011-03-31": "167.72000", "2010-12-31": "154.65800", "2010-09-30": "135.18210", "2010-06-30": "163.46700", "2010-03-31": "176.70100", "2009-12-31": "166.41400", "2009-09-30": "150.60600", "2009-06-30": "158.47200", "2009-03-31": "180.05400", "2008-12-31": "176.81400", "2008-09-30": "180.75510", "2008-06-30": "175.15700", "2008-03-31": "174.46100", "2007-12-31": "162.61600", "2007-09-30": "154.17210", "2007-06-30": "168.02200", "2007-03-31": "168.60800", "2006-12-31": "155.43700", "2006-09-30": "141.42490", "2006-06-30": "152.85900", "2006-03-31": "177.49400", "2005-12-31": "153.63300", "2005-09-30": "144.80000", "2005-06-30": "138.35800", "2005-03-31": "158.38700"}, "Other Operating Income Or Expenses": {"2020-12-31": "", "2020-09-30": "", "2020-06-30": "", "2020-03-31": "", "2019-12-31": "", "2019-09-30": "", "2019-06-30": "", "2019-03-31": "", "2018-12-31": "", "2018-09-30": "", "2018-06-30": "", "2018-03-31": "", "2017-12-31": "", "2017-09-30": "", "2017-06-30": "", "2017-03-31": "", "2016-12-31": "", "2016-09-30": "", "2016-06-30": "", "2016-03-31": "", "2015-12-31": "", "2015-09-30": "", "2015-06-30": "", "2015-03-31": "", "2014-12-31": "", "2014-09-30": "", "2014-06-30": "", "2014-03-31": "", "2013-12-31": "", "2013-09-30": "", "2013-06-30": "", "2013-03-31": "", "2012-12-31": "", "2012-09-30": "", "2012-06-30": "", "2012-03-31": "", "2011-12-31": "", "2011-09-30": "0.00000", "2011-06-30": "-10.98800", "2011-03-31": "-19.28200", "2010-12-31": "", "2010-09-30": "", "2010-06-30": "", "2010-03-31": "0.00000", "2009-12-31": "", "2009-09-30": "", "2009-06-30": "-3.30400", "2009-03-31": "", "2008-12-31": "-2.07800", "2008-09-30": "", "2008-06-30": "", "2008-03-31": "", "2007-12-31": "", "2007-09-30": "-3.05500", "2007-06-30": "-3.28900", "2007-03-31": "", "2006-12-31": "", "2006-09-30": "", "2006-06-30": "", "2006-03-31": "", "2005-12-31": "", "2005-09-30": "", "2005-06-30": "", "2005-03-31": ""}, "Operating Expenses": {"2020-12-31": "615.64000", "2020-09-30": "374.06920", "2020-06-30": "353.96000", "2020-03-31": "646.22700", "2019-12-31": "622.78200", "2019-09-30": "353.96810", "2019-06-30": "363.53600", "2019-03-31": "796.96800", "2018-12-31": "641.31790", "2018-09-30": "354.07090", "2018-06-30": "437.92500", "2018-03-31": "948.50700", "2017-12-31": "647.10910", "2017-09-30": "365.00590", "2017-06-30": "385.83700", "2017-03-31": "703.01400", "2016-12-31": "570.25000", "2016-09-30": "349.19390", "2016-06-30": "327.81600", "2016-03-31": "638.38400", "2015-12-31": "482.02400", "2015-09-30": "-614.93900", "2015-06-30": "568.79400", "2015-03-31": "1289.85800", "2014-12-31": "1071.04000", "2014-09-30": "705.09010", "2014-06-30": "836.56500", "2014-03-31": "1714.77400", "2013-12-31": "1073.13800", "2013-09-30": "623.99100", "2013-06-30": "771.53910", "2013-03-31": "1098.81800", "2012-12-31": "879.23300", "2012-09-30": "527.45420", "2012-06-30": "494.86800", "2012-03-31": "1023.07700", "2011-12-31": "944.52300", "2011-09-30": "702.64120", "2011-06-30": "809.53690", "2011-03-31": "1370.29800", "2010-12-31": "977.97290", "2010-09-30": "650.19900", "2010-06-30": "729.04610", "2010-03-31": "1715.72600", "2009-12-31": "1102.25600", "2009-09-30": "547.65610", "2009-06-30": "737.09200", "2009-03-31": "1594.85900", "2008-12-31": "1553.13800", "2008-09-30": "1403.13100", "2008-06-30": "1618.43600", "2008-03-31": "2272.84200", "2007-12-31": "1499.00100", "2007-09-30": "991.33140", "2007-06-30": "1210.42100", "2007-03-31": "1866.57000", "2006-12-31": "1431.47300", "2006-09-30": "924.17070", "2006-06-30": "858.44010", "2006-03-31": "1853.01300", "2005-12-31": "2134.12300", "2005-09-30": "992.95480", "2005-06-30": "867.40900", "2005-03-31": "1512.90400"}, "Operating Income": {"2020-12-31": "298.84000", "2020-09-30": "100.84490", "2020-06-30": "139.03500", "2020-03-31": "331.43800", "2019-12-31": "252.78100", "2019-09-30": "89.71480", "2019-06-30": "122.20200", "2019-03-31": "297.67700", "2018-12-31": "236.46410", "2018-09-30": "90.62880", "2018-06-30": "124.32000", "2018-03-31": "270.90200", "2017-12-31": "242.08290", "2017-09-30": "99.87420", "2017-06-30": "140.66400", "2017-03-31": "285.17200", "2016-12-31": "209.91800", "2016-09-30": "84.44910", "2016-06-30": "128.39600", "2016-03-31": "251.65590", "2015-12-31": "192.72900", "2015-09-30": "1271.84100", "2015-06-30": "117.60700", "2015-03-31": "250.21010", "2014-12-31": "187.72500", "2014-09-30": "83.94400", "2014-06-30": "106.60500", "2014-03-31": "250.08010", "2013-12-31": "170.72010", "2013-09-30": "50.38290", "2013-06-30": "86.39590", "2013-03-31": "210.17800", "2012-12-31": "154.92210", "2012-09-30": "22.79080", "2012-06-30": "81.54610", "2012-03-31": "202.43200", "2011-12-31": "139.47100", "2011-09-30": "25.41990", "2011-06-30": "34.07810", "2011-03-31": "211.19900", "2010-12-31": "155.28910", "2010-09-30": "16.43810", "2010-06-30": "32.25890", "2010-03-31": "224.54000", "2009-12-31": "190.59610", "2009-09-30": "2.94180", "2009-06-30": "43.68300", "2009-03-31": "226.54700", "2008-12-31": "163.19420", "2008-09-30": "37.53440", "2008-06-30": "20.70900", "2008-03-31": "211.14310", "2007-12-31": "158.50900", "2007-09-30": "10.73280", "2007-06-30": "7.73110", "2007-03-31": "209.01200", "2006-12-31": "171.16000", "2006-09-30": "47.28300", "2006-06-30": "4.80290", "2006-03-31": "180.83250", "2005-12-31": "149.69700", "2005-09-30": "8.33230", "2005-06-30": "39.46800", "2005-03-31": "172.18080"}, "Total Non-Operating Income/Expense": {"2020-12-31": "-15.93800", "2020-09-30": "-17.45600", "2020-06-30": "-12.34500", "2020-03-31": "-25.16000", "2019-12-31": "-22.34200", "2019-09-30": "-19.51300", "2019-06-30": "-17.94700", "2019-03-31": "-22.71700", "2018-12-31": "-35.57200", "2018-09-30": "-26.57400", "2018-06-30": "-26.67900", "2018-03-31": "-29.47100", "2017-12-31": "-34.06600", "2017-09-30": "-44.61200", "2017-06-30": "-28.78700", "2017-03-31": "-26.11100", "2016-12-31": "-32.02400", "2016-09-30": "-30.18100", "2016-06-30": "-26.56100", "2016-03-31": "-27.88800", "2015-12-31": "-30.41600", "2015-09-30": "-29.26000", "2015-06-30": "-27.32100", "2015-03-31": "-29.00800", "2014-12-31": "-31.47100", "2014-09-30": "-34.95200", "2014-06-30": "-32.21400", "2014-03-31": "-33.11700", "2013-12-31": "-34.24700", "2013-09-30": "-33.93100", "2013-06-30": "-33.20800", "2013-03-31": "-31.61900", "2012-12-31": "-29.82400", "2012-09-30": "-44.95500", "2012-06-30": "-36.98400", "2012-03-31": "-36.13700", "2011-12-31": "-37.74200", "2011-09-30": "-41.01000", "2011-06-30": "-37.27500", "2011-03-31": "-11.67300", "2010-12-31": "-39.62100", "2010-09-30": "-38.20400", "2010-06-30": "-38.06500", "2010-03-31": "-39.53300", "2009-12-31": "-38.97700", "2009-09-30": "-39.02300", "2009-06-30": "-40.29200", "2009-03-31": "-37.09800", "2008-12-31": "-39.29200", "2008-09-30": "-34.36200", "2008-06-30": "-31.87000", "2008-03-31": "-32.04900", "2007-12-31": "-36.91000", "2007-09-30": "-34.46200", "2007-06-30": "-30.21300", "2007-03-31": "-33.42400", "2006-12-31": "-37.95300", "2006-09-30": "-37.07300", "2006-06-30": "-34.98100", "2006-03-31": "-37.93100", "2005-12-31": "-35.74100", "2005-09-30": "-34.20000", "2005-06-30": "-32.16500", "2005-03-31": "-32.11500"}, "Pre-Tax Income": {"2020-12-31": "282.90200", "2020-09-30": "83.38900", "2020-06-30": "126.69000", "2020-03-31": "306.27800", "2019-12-31": "230.43900", "2019-09-30": "70.20200", "2019-06-30": "104.25500", "2019-03-31": "274.96000", "2018-12-31": "200.89200", "2018-09-30": "64.05500", "2018-06-30": "97.64100", "2018-03-31": "241.43100", "2017-12-31": "208.01700", "2017-09-30": "55.26200", "2017-06-30": "111.87700", "2017-03-31": "259.06100", "2016-12-31": "177.89400", "2016-09-30": "54.26800", "2016-06-30": "101.83500", "2016-03-31": "223.76800", "2015-12-31": "162.31300", "2015-09-30": "656.90200", "2015-06-30": "90.28600", "2015-03-31": "221.20200", "2014-12-31": "156.25400", "2014-09-30": "48.99200", "2014-06-30": "74.39100", "2014-03-31": "216.96300", "2013-12-31": "136.47300", "2013-09-30": "16.45200", "2013-06-30": "53.18800", "2013-03-31": "178.55900", "2012-12-31": "125.09800", "2012-09-30": "-22.16400", "2012-06-30": "44.56200", "2012-03-31": "166.29500", "2011-12-31": "101.72900", "2011-09-30": "-15.59000", "2011-06-30": "-3.19700", "2011-03-31": "199.52600", "2010-12-31": "115.66800", "2010-09-30": "-21.76600", "2010-06-30": "-5.80600", "2010-03-31": "185.00700", "2009-12-31": "151.61900", "2009-09-30": "-36.08100", "2009-06-30": "3.39100", "2009-03-31": "189.44900", "2008-12-31": "123.90200", "2008-09-30": "3.17200", "2008-06-30": "-11.16100", "2008-03-31": "179.09400", "2007-12-31": "121.59900", "2007-09-30": "-23.72900", "2007-06-30": "-22.48200", "2007-03-31": "175.58800", "2006-12-31": "133.20700", "2006-09-30": "10.21000", "2006-06-30": "-30.17800", "2006-03-31": "142.90200", "2005-12-31": "113.95600", "2005-09-30": "-25.86800", "2005-06-30": "7.30300", "2005-03-31": "140.06600"}, "Income Taxes": {"2020-12-31": "65.22400", "2020-09-30": "18.05600", "2020-06-30": "8.89900", "2020-03-31": "66.63200", "2019-12-31": "51.76600", "2019-09-30": "11.79600", "2019-06-30": "23.78900", "2019-03-31": "60.07200", "2018-12-31": "43.24600", "2018-09-30": "25.30800", "2018-06-30": "26.44800", "2018-03-31": "62.43900", "2017-12-31": "-106.11500", "2017-09-30": "19.40900", "2017-06-30": "41.06900", "2017-03-31": "97.04900", "2016-12-31": "63.85600", "2016-09-30": "19.41800", "2016-06-30": "35.69200", "2016-03-31": "80.76500", "2015-12-31": "60.76700", "2015-09-30": "13.36700", "2015-06-30": "34.00500", "2015-03-31": "83.51800", "2014-12-31": "58.65900", "2014-09-30": "25.27900", "2014-06-30": "28.67000", "2014-03-31": "83.59600", "2013-12-31": "49.45700", "2013-09-30": "8.91600", "2013-06-30": "19.71400", "2013-03-31": "66.21900", "2012-12-31": "47.75000", "2012-09-30": "-21.87800", "2012-06-30": "16.54800", "2012-03-31": "64.21100", "2011-12-31": "39.34500", "2011-09-30": "-7.39200", "2011-06-30": "-1.72300", "2011-03-31": "71.36600", "2010-12-31": "44.56800", "2010-09-30": "-8.39000", "2010-06-30": "-1.57700", "2010-03-31": "70.88100", "2009-12-31": "58.28900", "2009-09-30": "-12.45000", "2009-06-30": "1.42700", "2009-03-31": "60.44600", "2008-12-31": "47.93900", "2008-09-30": "1.59000", "2008-06-30": "-4.57300", "2008-03-31": "67.56000", "2007-12-31": "47.79600", "2007-09-30": "-17.81500", "2007-06-30": "-9.12200", "2007-03-31": "69.08300", "2006-12-31": "51.94600", "2006-09-30": "4.15100", "2006-06-30": "-12.03300", "2006-03-31": "54.10600", "2005-12-31": "42.92900", "2005-09-30": "-9.06600", "2005-06-30": "2.81700", "2005-03-31": "51.56400"}, "Income After Taxes": {"2020-12-31": "217.67800", "2020-09-30": "65.33300", "2020-06-30": "117.79100", "2020-03-31": "239.64600", "2019-12-31": "178.67300", "2019-09-30": "58.40600", "2019-06-30": "80.46600", "2019-03-31": "214.88800", "2018-12-31": "157.64600", "2018-09-30": "38.74700", "2018-06-30": "71.19300", "2018-03-31": "178.99200", "2017-12-31": "314.13200", "2017-09-30": "35.85300", "2017-06-30": "70.80800", "2017-03-31": "162.01200", "2016-12-31": "114.03800", "2016-09-30": "34.85000", "2016-06-30": "66.14300", "2016-03-31": "143.00300", "2015-12-31": "101.54600", "2015-09-30": "656.90200", "2015-06-30": "56.28100", "2015-03-31": "137.68400", "2014-12-31": "97.59500", "2014-09-30": "23.71300", "2014-06-30": "45.72100", "2014-03-31": "133.36700", "2013-12-31": "87.01600", "2013-09-30": "7.53600", "2013-06-30": "33.47400", "2013-03-31": "112.34000", "2012-12-31": "77.34800", "2012-09-30": "-0.28600", "2012-06-30": "28.01400", "2012-03-31": "102.08400", "2011-12-31": "62.38400", "2011-09-30": "-8.19800", "2011-06-30": "-1.47400", "2011-03-31": "128.16000", "2010-12-31": "71.10000", "2010-09-30": "-13.37600", "2010-06-30": "-4.22900", "2010-03-31": "114.12600", "2009-12-31": "93.33000", "2009-09-30": "-23.63100", "2009-06-30": "1.96400", "2009-03-31": "129.00300", "2008-12-31": "75.96300", "2008-09-30": "1.58200", "2008-06-30": "-6.58800", "2008-03-31": "111.53400", "2007-12-31": "73.80300", "2007-09-30": "-5.91400", "2007-06-30": "-13.36000", "2007-03-31": "106.50500", "2006-12-31": "81.26100", "2006-09-30": "6.05900", "2006-06-30": "-18.14500", "2006-03-31": "88.79600", "2005-12-31": "71.02700", "2005-09-30": "-16.80200", "2005-06-30": "4.48600", "2005-03-31": "88.50200"}, "Other Income": {"2020-12-31": "", "2020-09-30": "", "2020-06-30": "", "2020-03-31": "", "2019-12-31": "", "2019-09-30": "", "2019-06-30": "", "2019-03-31": "", "2018-12-31": "", "2018-09-30": "", "2018-06-30": "", "2018-03-31": "", "2017-12-31": "", "2017-09-30": "", "2017-06-30": "", "2017-03-31": "", "2016-12-31": "", "2016-09-30": "", "2016-06-30": "", "2016-03-31": "", "2015-12-31": "", "2015-09-30": "", "2015-06-30": "", "2015-03-31": "", "2014-12-31": "", "2014-09-30": "", "2014-06-30": "", "2014-03-31": "", "2013-12-31": "", "2013-09-30": "", "2013-06-30": "", "2013-03-31": "", "2012-12-31": "", "2012-09-30": "", "2012-06-30": "", "2012-03-31": "", "2011-12-31": "", "2011-09-30": "", "2011-06-30": "", "2011-03-31": "", "2010-12-31": "", "2010-09-30": "", "2010-06-30": "", "2010-03-31": "", "2009-12-31": "", "2009-09-30": "", "2009-06-30": "", "2009-03-31": "", "2008-12-31": "", "2008-09-30": "", "2008-06-30": "", "2008-03-31": "", "2007-12-31": "", "2007-09-30": "", "2007-06-30": "", "2007-03-31": "", "2006-12-31": "", "2006-09-30": "", "2006-06-30": "", "2006-03-31": "", "2005-12-31": "", "2005-09-30": "", "2005-06-30": "", "2005-03-31": ""}, "Income From Continuous Operations": {"2020-12-31": "217.67800", "2020-09-30": "65.33300", "2020-06-30": "117.79100", "2020-03-31": "239.64600", "2019-12-31": "178.67300", "2019-09-30": "58.40600", "2019-06-30": "80.46600", "2019-03-31": "214.88800", "2018-12-31": "157.64600", "2018-09-30": "38.74700", "2018-06-30": "71.19300", "2018-03-31": "178.99200", "2017-12-31": "314.13200", "2017-09-30": "35.85300", "2017-06-30": "70.80800", "2017-03-31": "162.01200", "2016-12-31": "114.03800", "2016-09-30": "34.85000", "2016-06-30": "66.14300", "2016-03-31": "143.00300", "2015-12-31": "101.54600", "2015-09-30": "656.90200", "2015-06-30": "56.28100", "2015-03-31": "137.68400", "2014-12-31": "97.59500", "2014-09-30": "23.71300", "2014-06-30": "45.72100", "2014-03-31": "133.36700", "2013-12-31": "87.01600", "2013-09-30": "7.53600", "2013-06-30": "33.47400", "2013-03-31": "112.34000", "2012-12-31": "77.34800", "2012-09-30": "-0.28600", "2012-06-30": "28.01400", "2012-03-31": "102.08400", "2011-12-31": "62.38400", "2011-09-30": "-8.19800", "2011-06-30": "-1.47400", "2011-03-31": "128.16000", "2010-12-31": "71.10000", "2010-09-30": "-13.37600", "2010-06-30": "-4.22900", "2010-03-31": "114.12600", "2009-12-31": "93.33000", "2009-09-30": "-23.63100", "2009-06-30": "1.96400", "2009-03-31": "129.00300", "2008-12-31": "75.96300", "2008-09-30": "1.58200", "2008-06-30": "-6.58800", "2008-03-31": "111.53400", "2007-12-31": "73.80300", "2007-09-30": "-5.91400", "2007-06-30": "-13.36000", "2007-03-31": "106.50500", "2006-12-31": "81.26100", "2006-09-30": "6.05900", "2006-06-30": "-18.14500", "2006-03-31": "88.79600", "2005-12-31": "71.02700", "2005-09-30": "-16.80200", "2005-06-30": "4.48600", "2005-03-31": "88.50200"}, "Income From Discontinued Operations": {"2020-12-31": "", "2020-09-30": "", "2020-06-30": "", "2020-03-31": "", "2019-12-31": "", "2019-09-30": "", "2019-06-30": "", "2019-03-31": "", "2018-12-31": "", "2018-09-30": "", "2018-06-30": "", "2018-03-31": "", "2017-12-31": "", "2017-09-30": "-0.01200", "2017-06-30": "", "2017-03-31": "2.71600", "2016-12-31": "10.99400", "2016-09-30": "-0.61000", "2016-06-30": "5.05000", "2016-03-31": "-1.19300", "2015-12-31": "1.31500", "2015-09-30": "", "2015-06-30": "", "2015-03-31": "", "2014-12-31": "", "2014-09-30": "", "2014-06-30": "", "2014-03-31": "", "2013-12-31": "", "2013-09-30": "", "2013-06-30": "5.29400", "2013-03-31": "4.08500", "2012-12-31": "3.11700", "2012-09-30": "8.25300", "2012-06-30": "3.11800", "2012-03-31": "7.02700", "2011-12-31": "6.12300", "2011-09-30": "10.15900", "2011-06-30": "0.90800", "2011-03-31": "4.04900", "2010-12-31": "2.89700", "2010-09-30": "14.91300", "2010-06-30": "1.07500", "2010-03-31": "", "2009-12-31": "", "2009-09-30": "", "2009-06-30": "", "2009-03-31": "", "2008-12-31": "", "2008-09-30": "", "2008-06-30": "", "2008-03-31": "", "2007-12-31": "", "2007-09-30": "", "2007-06-30": "", "2007-03-31": "", "2006-12-31": "", "2006-09-30": "", "2006-06-30": "", "2006-03-31": "", "2005-12-31": "", "2005-09-30": "", "2005-06-30": "", "2005-03-31": ""}, "Net Income": {"2020-12-31": "217.67800", "2020-09-30": "65.59900", "2020-06-30": "117.70300", "2020-03-31": "239.46800", "2019-12-31": "178.67300", "2019-09-30": "58.77500", "2019-06-30": "80.40200", "2019-03-31": "214.71800", "2018-12-31": "157.51100", "2018-09-30": "39.07500", "2018-06-30": "71.19300", "2018-03-31": "178.99200", "2017-12-31": "313.80400", "2017-09-30": "35.60800", "2017-06-30": "70.73300", "2017-03-31": "164.72800", "2016-12-31": "124.86500", "2016-09-30": "34.24000", "2016-06-30": "71.19300", "2016-03-31": "141.81000", "2015-12-31": "102.86100", "2015-09-30": "23.51500", "2015-06-30": "56.17000", "2015-03-31": "137.68400", "2014-12-31": "97.59500", "2014-09-30": "23.67400", "2014-06-30": "45.61500", "2014-03-31": "133.03300", "2013-12-31": "86.78400", "2013-09-30": "7.53600", "2013-06-30": "38.76800", "2013-03-31": "116.42500", "2012-12-31": "80.46500", "2012-09-30": "7.96700", "2012-06-30": "31.13200", "2012-03-31": "109.11100", "2011-12-31": "68.50700", "2011-09-30": "1.96100", "2011-06-30": "-0.56600", "2011-03-31": "132.20900", "2010-12-31": "73.99700", "2010-09-30": "1.53700", "2010-06-30": "-3.15400", "2010-03-31": "114.12600", "2009-12-31": "93.33000", "2009-09-30": "-15.95200", "2009-06-30": "1.96400", "2009-03-31": "129.00300", "2008-12-31": "75.96300", "2008-09-30": "1.58200", "2008-06-30": "-6.58800", "2008-03-31": "111.53400", "2007-12-31": "73.80300", "2007-09-30": "-5.91400", "2007-06-30": "-13.36000", "2007-03-31": "106.50500", "2006-12-31": "81.26100", "2006-09-30": "6.05900", "2006-06-30": "-18.14500", "2006-03-31": "88.79600", "2005-12-31": "71.02700", "2005-09-30": "-16.80200", "2005-06-30": "4.48600", "2005-03-31": "88.50200"}, "EBITDA": {"2020-12-31": "414.12500", "2020-09-30": "224.13390", "2020-06-30": "246.13900", "2020-03-31": "437.35400", "2019-12-31": "357.84300", "2019-09-30": "200.09780", "2019-06-30": "219.90200", "2019-03-31": "394.44900", "2018-12-31": "332.52910", "2018-09-30": "191.15080", "2018-06-30": "214.99100", "2018-03-31": "360.28310", "2017-12-31": "330.45690", "2017-09-30": "191.14310", "2017-06-30": "220.68700", "2017-03-31": "362.83900", "2016-12-31": "287.06100", "2016-09-30": "160.87510", "2016-06-30": "201.85500", "2016-03-31": "323.62790", "2015-12-31": "263.96800", "2015-09-30": "1342.57800", "2015-06-30": "186.05100", "2015-03-31": "318.23210", "2014-12-31": "255.31800", "2014-09-30": "152.20000", "2014-06-30": "170.56000", "2014-03-31": "311.38710", "2013-12-31": "231.18910", "2013-09-30": "110.57390", "2013-06-30": "144.52490", "2013-03-31": "268.28600", "2012-12-31": "215.42210", "2012-09-30": "84.99980", "2012-06-30": "142.89810", "2012-03-31": "264.23100", "2011-12-31": "200.20400", "2011-09-30": "86.84890", "2011-06-30": "92.50710", "2011-03-31": "268.33500", "2010-12-31": "211.45010", "2010-09-30": "73.19110", "2010-06-30": "85.54690", "2010-03-31": "277.62000", "2009-12-31": "244.43510", "2009-09-30": "59.39280", "2009-06-30": "97.86410", "2009-03-31": "279.99700", "2008-12-31": "216.32020", "2008-09-30": "90.31740", "2008-06-30": "71.06500", "2008-03-31": "259.93310", "2007-12-31": "207.02200", "2007-09-30": "60.56080", "2007-06-30": "56.70510", "2007-03-31": "260.07800", "2006-12-31": "220.15500", "2006-09-30": "95.70500", "2006-06-30": "51.64090", "2006-03-31": "227.90850", "2005-12-31": "192.95700", "2005-09-30": "53.56630", "2005-06-30": "82.91600", "2005-03-31": "217.50680"}, "EBIT": {"2020-12-31": "298.84000", "2020-09-30": "100.84490", "2020-06-30": "139.03500", "2020-03-31": "331.43800", "2019-12-31": "252.78100", "2019-09-30": "89.71480", "2019-06-30": "122.20200", "2019-03-31": "297.67700", "2018-12-31": "236.46410", "2018-09-30": "90.62890", "2018-06-30": "124.32000", "2018-03-31": "270.90200", "2017-12-31": "242.08290", "2017-09-30": "99.87420", "2017-06-30": "140.66400", "2017-03-31": "285.17200", "2016-12-31": "209.91800", "2016-09-30": "84.44900", "2016-06-30": "128.39600", "2016-03-31": "251.65590", "2015-12-31": "192.72900", "2015-09-30": "656.90200", "2015-06-30": "117.60700", "2015-03-31": "250.21010", "2014-12-31": "187.72500", "2014-09-30": "83.94400", "2014-06-30": "106.60500", "2014-03-31": "250.08010", "2013-12-31": "170.72010", "2013-09-30": "50.38290", "2013-06-30": "86.39590", "2013-03-31": "210.17800", "2012-12-31": "154.92210", "2012-09-30": "22.79090", "2012-06-30": "81.54610", "2012-03-31": "202.43200", "2011-12-31": "139.47100", "2011-09-30": "25.42000", "2011-06-30": "34.07810", "2011-03-31": "211.19900", "2010-12-31": "155.28910", "2010-09-30": "16.43800", "2010-06-30": "32.25890", "2010-03-31": "224.54000", "2009-12-31": "190.59610", "2009-09-30": "2.94150", "2009-06-30": "43.68300", "2009-03-31": "226.54700", "2008-12-31": "163.19420", "2008-09-30": "37.53440", "2008-06-30": "20.70900", "2008-03-31": "211.14310", "2007-12-31": "158.50900", "2007-09-30": "10.73270", "2007-06-30": "7.73110", "2007-03-31": "209.01200", "2006-12-31": "171.16000", "2006-09-30": "47.28330", "2006-06-30": "4.80290", "2006-03-31": "180.83250", "2005-12-31": "149.69700", "2005-09-30": "8.33240", "2005-06-30": "39.46800", "2005-03-31": "172.18080"}, "Basic Shares Outstanding": {"2020-12-31": "127.03400", "2020-09-30": "122.78800", "2020-06-30": "123.02600", "2020-03-31": "122.91600", "2019-12-31": "121.11300", "2019-09-30": "117.20000", "2019-06-30": "118.07500", "2019-03-31": "117.58100", "2018-12-31": "113.80000", "2018-09-30": "111.01200", "2018-06-30": "111.85100", "2018-03-31": "111.70600", "2017-12-31": "108.56400", "2017-09-30": "106.10000", "2017-06-30": "106.36400", "2017-03-31": "105.93500", "2016-12-31": "105.28400", "2016-09-30": "103.52400", "2016-06-30": "103.75000", "2016-03-31": "102.94600", "2015-12-31": "102.71300", "2015-09-30": "102.23910", "2015-06-30": "102.00000", "2015-03-31": "101.74600", "2014-12-31": "101.58100", "2014-09-30": "97.60600", "2014-06-30": "101.16200", "2014-03-31": "96.17400", "2013-12-31": "91.84100", "2013-09-30": "90.53300", "2013-06-30": "90.60300", "2013-03-31": "90.53000", "2012-12-31": "90.35900", "2012-09-30": "90.15000", "2012-06-30": "90.11800", "2012-03-31": "90.02000", "2011-12-31": "90.25400", "2011-09-30": "90.20100", "2011-06-30": "90.12700", "2011-03-31": "90.24600", "2010-12-31": "90.08200", "2010-09-30": "91.85200", "2010-06-30": "92.64800", "2010-03-31": "92.51800", "2009-12-31": "92.15200", "2009-09-30": "91.11700", "2009-06-30": "91.33800", "2009-03-31": "90.89500", "2008-12-31": "90.47100", "2008-09-30": "89.38500", "2008-06-30": "89.64800", "2008-03-31": "89.31400", "2007-12-31": "89.00600", "2007-09-30": "86.97500", "2007-06-30": "88.36600", "2007-03-31": "88.07800", "2006-12-31": "82.72600", "2006-09-30": "80.73100", "2006-06-30": "80.84000", "2006-03-31": "80.57300", "2005-12-31": "80.25900", "2005-09-30": "78.50800", "2005-06-30": "79.68300", "2005-03-31": "79.27000"}, "Shares Outstanding": {"2020-12-31": "127.03400", "2020-09-30": "122.87200", "2020-06-30": "123.03200", "2020-03-31": "122.99700", "2019-12-31": "121.35900", "2019-09-30": "117.46100", "2019-06-30": "118.43000", "2019-03-31": "117.75600", "2018-12-31": "113.83200", "2018-09-30": "111.01200", "2018-06-30": "111.85100", "2018-03-31": "111.70600", "2017-12-31": "108.56400", "2017-09-30": "106.10000", "2017-06-30": "106.36400", "2017-03-31": "105.93500", "2016-12-31": "105.28400", "2016-09-30": "103.52400", "2016-06-30": "103.75000", "2016-03-31": "102.94600", "2015-12-31": "102.71300", "2015-09-30": "102.23910", "2015-06-30": "102.00000", "2015-03-31": "101.74600", "2014-12-31": "101.58100", "2014-09-30": "97.60800", "2014-06-30": "101.16300", "2014-03-31": "96.17600", "2013-12-31": "91.84300", "2013-09-30": "91.71100", "2013-06-30": "91.55000", "2013-03-31": "91.49200", "2012-12-31": "91.30900", "2012-09-30": "91.17200", "2012-06-30": "90.99300", "2012-03-31": "90.32200", "2011-12-31": "90.54600", "2011-09-30": "90.65200", "2011-06-30": "90.12700", "2011-03-31": "90.53300", "2010-12-31": "90.40800", "2010-09-30": "92.42200", "2010-06-30": "92.64800", "2010-03-31": "92.85300", "2009-12-31": "92.50900", "2009-09-30": "91.62000", "2009-06-30": "91.65200", "2009-03-31": "91.19200", "2008-12-31": "90.76900", "2008-09-30": "89.94100", "2008-06-30": "89.64800", "2008-03-31": "89.99000", "2007-12-31": "89.60800", "2007-09-30": "87.74500", "2007-06-30": "88.36600", "2007-03-31": "88.73500", "2006-12-31": "83.35000", "2006-09-30": "81.39000", "2006-06-30": "80.84000", "2006-03-31": "81.04000", "2005-12-31": "80.72200", "2005-09-30": "79.01200", "2005-06-30": "80.14400", "2005-03-31": "79.76000"}, "Basic EPS": {"2020-12-31": "1.71000", "2020-09-30": "0.51000", "2020-06-30": "0.96000", "2020-03-31": "1.95000", "2019-12-31": "1.47000", "2019-09-30": "0.47000", "2019-06-30": "0.68000", "2019-03-31": "1.83000", "2018-12-31": "1.38000", "2018-09-30": "0.30000", "2018-06-30": "0.64000", "2018-03-31": "1.60000", "2017-12-31": "2.89000", "2017-09-30": "0.32000", "2017-06-30": "0.67000", "2017-03-31": "1.55000", "2016-12-31": "1.19000", "2016-09-30": "0.31000", "2016-06-30": "0.69000", "2016-03-31": "1.38000", "2015-12-31": "1.00000", "2015-09-30": "0.23000", "2015-06-30": "0.55000", "2015-03-31": "1.35000", "2014-12-31": "0.96000", "2014-09-30": "0.18000", "2014-06-30": "0.45000", "2014-03-31": "1.38000", "2013-12-31": "0.95000", "2013-09-30": "0.08000", "2013-06-30": "0.43000", "2013-03-31": "1.28000", "2012-12-31": "0.89000", "2012-09-30": "0.10000", "2012-06-30": "0.34000", "2012-03-31": "1.20000", "2011-12-31": "0.75000", "2011-09-30": "0.03000", "2011-06-30": "-0.01000", "2011-03-31": "1.45000", "2010-12-31": "0.81000", "2010-09-30": "0.03000", "2010-06-30": "-0.03000", "2010-03-31": "1.22000", "2009-12-31": "1.00000", "2009-09-30": "-0.18000", "2009-06-30": "0.02000", "2009-03-31": "1.41000", "2008-12-31": "0.83000", "2008-09-30": "-0.01000", "2008-06-30": "-0.07000", "2008-03-31": "1.25000", "2007-12-31": "0.83000", "2007-09-30": "-0.10000", "2007-06-30": "-0.15000", "2007-03-31": "1.21000", "2006-12-31": "0.98000", "2006-09-30": "0.07000", "2006-06-30": "-0.22000", "2006-03-31": "1.10000", "2005-12-31": "0.88000", "2005-09-30": "-0.24000", "2005-06-30": "0.06000", "2005-03-31": "1.12000"}, "EPS - Earnings Per Share": {"2020-12-31": "1.71000", "2020-09-30": "0.51000", "2020-06-30": "0.96000", "2020-03-31": "1.95000", "2019-12-31": "1.47000", "2019-09-30": "0.47000", "2019-06-30": "0.68000", "2019-03-31": "1.82000", "2018-12-31": "1.38000", "2018-09-30": "0.30000", "2018-06-30": "0.64000", "2018-03-31": "1.60000", "2017-12-31": "2.89000", "2017-09-30": "0.32000", "2017-06-30": "0.67000", "2017-03-31": "1.55000", "2016-12-31": "1.19000", "2016-09-30": "0.31000", "2016-06-30": "0.69000", "2016-03-31": "1.38000", "2015-12-31": "1.00000", "2015-09-30": "0.23000", "2015-06-30": "0.55000", "2015-03-31": "1.35000", "2014-12-31": "0.96000", "2014-09-30": "0.18000", "2014-06-30": "0.45000", "2014-03-31": "1.38000", "2013-12-31": "0.95000", "2013-09-30": "0.07000", "2013-06-30": "0.42000", "2013-03-31": "1.27000", "2012-12-31": "0.88000", "2012-09-30": "0.08000", "2012-06-30": "0.34000", "2012-03-31": "1.20000", "2011-12-31": "0.75000", "2011-09-30": "0.02000", "2011-06-30": "-0.01000", "2011-03-31": "1.45000", "2010-12-31": "0.81000", "2010-09-30": "0.01000", "2010-06-30": "-0.03000", "2010-03-31": "1.22000", "2009-12-31": "1.00000", "2009-09-30": "-0.18000", "2009-06-30": "0.02000", "2009-03-31": "1.40000", "2008-12-31": "0.83000", "2008-09-30": "0.00000", "2008-06-30": "-0.07000", "2008-03-31": "1.24000", "2007-12-31": "0.82000", "2007-09-30": "-0.10000", "2007-06-30": "-0.15000", "2007-03-31": "1.20000", "2006-12-31": "0.97000", "2006-09-30": "0.06000", "2006-06-30": "-0.22000", "2006-03-31": "1.10000", "2005-12-31": "0.88000", "2005-09-30": "-0.24000", "2005-06-30": "0.06000", "2005-03-31": "1.11000"}}, "balance sheet": {"Cash On Hand": {"2020-09-30": "20.80800", "2019-09-30": "24.55000", "2018-09-30": "13.77100", "2017-09-30": "26.40900", "2016-09-30": "47.53400", "2015-09-30": "28.65300", "2014-09-30": "42.25800", "2013-09-30": "66.19900", "2012-09-30": "64.23900", "2011-09-30": "131.41900", "2010-09-30": "131.95200", "2009-09-30": "111.20300", "2008-09-30": "46.71700", "2007-09-30": "60.72500", "2006-09-30": "111.46200", "2005-09-30": "121.07200"}, "Receivables": {"2020-09-30": "230.59500", "2019-09-30": "230.57100", "2018-09-30": "253.29500", "2017-09-30": "222.26300", "2016-09-30": "215.88000", "2015-09-30": "295.16000", "2014-09-30": "343.40000", "2013-09-30": "301.99200", "2012-09-30": "234.52600", "2011-09-30": "273.30300", "2010-09-30": "273.20700", "2009-09-30": "232.80600", "2008-09-30": "477.15100", "2007-09-30": "380.13300", "2006-09-30": "374.62900", "2005-09-30": "454.31300"}, "Inventory": {"2020-09-30": "111.95000", "2019-09-30": "130.13800", "2018-09-30": "165.73200", "2017-09-30": "184.65300", "2016-09-30": "179.07000", "2015-09-30": "236.60300", "2014-09-30": "278.91700", "2013-09-30": "244.74100", "2012-09-30": "256.41500", "2011-09-30": "289.76000", "2010-09-30": "319.03800", "2009-09-30": "352.72800", "2008-09-30": "576.61700", "2007-09-30": "515.12800", "2006-09-30": "461.50200", "2005-09-30": "450.80700"}, "Pre-Paid Expenses": {"2020-09-30": "", "2019-09-30": "", "2018-09-30": "", "2017-09-30": "", "2016-09-30": "", "2015-09-30": "", "2014-09-30": "", "2013-09-30": "", "2012-09-30": "", "2011-09-30": "", "2010-09-30": "", "2009-09-30": "", "2008-09-30": "", "2007-09-30": "", "2006-09-30": "", "2005-09-30": ""}, "Other Current Assets": {"2020-09-30": "107.90500", "2019-09-30": "72.77200", "2018-09-30": "46.05500", "2017-09-30": "106.32100", "2016-09-30": "239.20200", "2015-09-30": "65.89000", "2014-09-30": "111.26500", "2013-09-30": "64.20100", "2012-09-30": "272.78200", "2011-09-30": "316.47100", "2010-09-30": "150.99500", "2009-09-30": "132.20300", "2008-09-30": "184.61900", "2007-09-30": "111.18900", "2006-09-30": "169.95200", "2005-09-30": "238.23800"}, "Total Current Assets": {"2020-09-30": "471.25800", "2019-09-30": "458.03100", "2018-09-30": "478.85300", "2017-09-30": "539.64600", "2016-09-30": "681.68600", "2015-09-30": "626.30600", "2014-09-30": "775.84000", "2013-09-30": "677.13300", "2012-09-30": "827.96200", "2011-09-30": "1010.95300", "2010-09-30": "875.19200", "2009-09-30": "828.94000", "2008-09-30": "1285.10400", "2007-09-30": "1067.17500", "2006-09-30": "1117.54500", "2005-09-30": "1264.43000"}, "Property, Plant, And Equipment": {"2020-09-30": "13355.35000", "2019-09-30": "11787.67000", "2018-09-30": "10371.15000", "2017-09-30": "9259.18200", "2016-09-30": "8268.60600", "2015-09-30": "7430.58000", "2014-09-30": "6725.90600", "2013-09-30": "6030.65500", "2012-09-30": "5475.60400", "2011-09-30": "5147.91800", "2010-09-30": "4793.07500", "2009-09-30": "4439.10300", "2008-09-30": "4136.85900", "2007-09-30": "3836.83600", "2006-09-30": "3629.15600", "2005-09-30": "3374.36700"}, "Long-Term Investments": {"2020-09-30": "", "2019-09-30": "", "2018-09-30": "", "2017-09-30": "", "2016-09-30": "", "2015-09-30": "", "2014-09-30": "", "2013-09-30": "", "2012-09-30": "", "2011-09-30": "", "2010-09-30": "", "2009-09-30": "", "2008-09-30": "", "2007-09-30": "", "2006-09-30": "", "2005-09-30": ""}, "Goodwill And Intangible Assets": {"2020-09-30": "731.25700", "2019-09-30": "730.70600", "2018-09-30": "730.41900", "2017-09-30": "730.13200", "2016-09-30": "726.96200", "2015-09-30": "742.70200", "2014-09-30": "742.02900", "2013-09-30": "741.36300", "2012-09-30": "740.84700", "2011-09-30": "740.20700", "2010-09-30": "740.14800", "2009-09-30": "740.06400", "2008-09-30": "739.08600", "2007-09-30": "737.69200", "2006-09-30": "738.52100", "2005-09-30": "737.78700"}, "Other Long-Term Assets": {"2020-09-30": "", "2019-09-30": "", "2018-09-30": "", "2017-09-30": "", "2016-09-30": "28.61600", "2015-09-30": "", "2014-09-30": "", "2013-09-30": "", "2012-09-30": "", "2011-09-30": "", "2010-09-30": "", "2009-09-30": "", "2008-09-30": "", "2007-09-30": "", "2006-09-30": "", "2005-09-30": ""}, "Total Long-Term Assets": {"2020-09-30": "14887.77000", "2019-09-30": "12909.59000", "2018-09-30": "11395.58000", "2017-09-30": "10209.95000", "2016-09-30": "9329.20300", "2015-09-30": "8448.76700", "2014-09-30": "7818.86400", "2013-09-30": "7257.13500", "2012-09-30": "6667.71300", "2011-09-30": "6271.91800", "2010-09-30": "5888.59900", "2009-09-30": "5538.14300", "2008-09-30": "5101.59500", "2007-09-30": "4828.02200", "2006-09-30": "4602.00200", "2005-09-30": "4389.09700"}, "Total Assets": {"2020-09-30": "15359.03000", "2019-09-30": "13367.62000", "2018-09-30": "11874.44000", "2017-09-30": "10749.60000", "2016-09-30": "10010.89000", "2015-09-30": "9075.07200", "2014-09-30": "8594.70400", "2013-09-30": "7934.26800", "2012-09-30": "7495.67500", "2011-09-30": "7282.87100", "2010-09-30": "6763.79100", "2009-09-30": "6367.08300", "2008-09-30": "6386.69900", "2007-09-30": "5895.19700", "2006-09-30": "5719.54700", "2005-09-30": "5653.52700"}, "Total Current Liabilities": {"2020-09-30": "782.40100", "2019-09-30": "1209.44000", "2018-09-30": "1915.13100", "2017-09-30": "1013.44300", "2016-09-30": "1788.28100", "2015-09-30": "1154.82300", "2014-09-30": "910.65000", "2013-09-30": "978.48600", "2012-09-30": "1275.95400", "2011-09-30": "867.59800", "2010-09-30": "1166.07900", "2009-09-30": "737.42100", "2008-09-30": "1207.08700", "2007-09-30": "917.95800", "2006-09-30": "1119.16100", "2005-09-30": "1112.75500"}, "Long Term Debt": {"2020-09-30": "4531.77900", "2019-09-30": "3529.45200", "2018-09-30": "2493.66500", "2017-09-30": "3067.04500", "2016-09-30": "2188.77900", "2015-09-30": "2437.51500", "2014-09-30": "2455.98600", "2013-09-30": "2455.67100", "2012-09-30": "1956.30500", "2011-09-30": "2206.11700", "2010-09-30": "1809.55100", "2009-09-30": "2169.40000", "2008-09-30": "2119.79200", "2007-09-30": "2126.31500", "2006-09-30": "2180.36200", "2005-09-30": "2183.10400"}, "Other Non-Current Liabilities": {"2020-09-30": "457.18800", "2019-09-30": "473.17200", "2018-09-30": "466.40500", "2017-09-30": "485.42000", "2016-09-30": "424.59700", "2015-09-30": "427.55300", "2014-09-30": "445.38700", "2013-09-30": "359.29900", "2012-09-30": "381.16400", "2011-09-30": "428.94700", "2010-09-30": "350.52100", "2009-09-30": "344.40300", "2008-09-30": "298.64500", "2007-09-30": "271.05900", "2006-09-30": "261.37600", "2005-09-30": "263.42400"}, "Total Long Term Liabilities": {"2020-09-30": "7785.42800", "2019-09-30": "6407.95600", "2018-09-30": "5189.35500", "2017-09-30": "5837.48700", "2016-09-30": "4759.54900", "2015-09-30": "4725.45200", "2014-09-30": "4597.82200", "2013-09-30": "4375.37300", "2012-09-30": "3860.47800", "2011-09-30": "4159.85200", "2010-09-30": "3419.36400", "2009-09-30": "3452.90100", "2008-09-30": "3127.12000", "2007-09-30": "3011.48500", "2006-09-30": "2952.28800", "2005-09-30": "2938.35000"}, "Total Liabilities": {"2020-09-30": "8567.82900", "2019-09-30": "7617.39600", "2018-09-30": "7104.48900", "2017-09-30": "6850.93000", "2016-09-30": "6547.83000", "2015-09-30": "5880.27500", "2014-09-30": "5508.47200", "2013-09-30": "5353.85900", "2012-09-30": "5136.43200", "2011-09-30": "5027.45000", "2010-09-30": "4585.44300", "2009-09-30": "4190.32200", "2008-09-30": "4334.20700", "2007-09-30": "3929.44300", "2006-09-30": "4071.44900", "2005-09-30": "4051.10500"}, "Common Stock Net": {"2020-09-30": "0.62900", "2019-09-30": "0.59700", "2018-09-30": "0.55600", "2017-09-30": "0.53100", "2016-09-30": "0.52000", "2015-09-30": "0.50700", "2014-09-30": "0.50200", "2013-09-30": "0.45300", "2012-09-30": "0.45100", "2011-09-30": "0.45100", "2010-09-30": "0.45100", "2009-09-30": "0.46300", "2008-09-30": "0.45400", "2007-09-30": "0.44700", "2006-09-30": "0.40900", "2005-09-30": "0.40300"}, "Retained Earnings (Accumulated Deficit)": {"2020-09-30": "2471.01400", "2019-09-30": "2152.01500", "2018-09-30": "1878.11600", "2017-09-30": "1467.02400", "2016-09-30": "1262.53400", "2015-09-30": "1073.02900", "2014-09-30": "917.97200", "2013-09-30": "775.26700", "2012-09-30": "660.93200", "2011-09-30": "570.49500", "2010-09-30": "486.90500", "2009-09-30": "405.35300", "2008-09-30": "343.60100", "2007-09-30": "281.12700", "2006-09-30": "224.29900", "2005-09-30": "178.83700"}, "Comprehensive Income": {"2020-09-30": "-57.58900", "2019-09-30": "-114.58300", "2018-09-30": "-83.64700", "2017-09-30": "-105.25400", "2016-09-30": "-188.02200", "2015-09-30": "-109.33000", "2014-09-30": "-12.39300", "2013-09-30": "38.87800", "2012-09-30": "-47.60700", "2011-09-30": "-48.46000", "2010-09-30": "-23.37200", "2009-09-30": "-20.18400", "2008-09-30": "-35.94700", "2007-09-30": "-16.19800", "2006-09-30": "-43.85000", "2005-09-30": "-3.34100"}, "Other Share Holders Equity": {"2020-09-30": "", "2019-09-30": "", "2018-09-30": "", "2017-09-30": "", "2016-09-30": "", "2015-09-30": "", "2014-09-30": "", "2013-09-30": "", "2012-09-30": "", "2011-09-30": "", "2010-09-30": "", "2009-09-30": "", "2008-09-30": "", "2007-09-30": "", "2006-09-30": "", "2005-09-30": ""}, "Share Holder Equity": {"2020-09-30": "6791.20300", "2019-09-30": "5750.22300", "2018-09-30": "4769.95100", "2017-09-30": "3898.66600", "2016-09-30": "3463.05900", "2015-09-30": "3194.79700", "2014-09-30": "3086.23200", "2013-09-30": "2580.40900", "2012-09-30": "2359.24300", "2011-09-30": "2255.42100", "2010-09-30": "2178.34800", "2009-09-30": "2176.76100", "2008-09-30": "2052.49200", "2007-09-30": "1965.75400", "2006-09-30": "1648.09800", "2005-09-30": "1602.42200"}, "Total Liabilities And Share Holders Equity": {"2020-09-30": "15359.03000", "2019-09-30": "13367.62000", "2018-09-30": "11874.44000", "2017-09-30": "10749.60000", "2016-09-30": "10010.89000", "2015-09-30": "9075.07200", "2014-09-30": "8594.70400", "2013-09-30": "7934.26800", "2012-09-30": "7495.67500", "2011-09-30": "7282.87100", "2010-09-30": "6763.79100", "2009-09-30": "6367.08300", "2008-09-30": "6386.69900", "2007-09-30": "5895.19700", "2006-09-30": "5719.54700", "2005-09-30": "5653.52700"}}, "balance sheet, quarterly": {"Cash On Hand": {"2020-12-31": "457.59900", "2020-09-30": "20.80800", "2020-06-30": "208.06400", "2020-03-31": "320.09900", "2019-12-31": "189.27200", "2019-09-30": "24.55000", "2019-06-30": "46.16300", "2019-03-31": "108.35300", "2018-12-31": "218.19700", "2018-09-30": "13.77100", "2018-06-30": "20.93000", "2018-03-31": "71.07400", "2017-12-31": "54.75000", "2017-09-30": "26.40900", "2017-06-30": "69.77700", "2017-03-31": "45.40300", "2016-12-31": "44.62400", "2016-09-30": "47.53400", "2016-06-30": "66.20600", "2016-03-31": "47.91800", "2015-12-31": "78.90300", "2015-09-30": "28.65300", "2015-06-30": "43.15300", "2015-03-31": "95.52500", "2014-12-31": "123.83200", "2014-09-30": "42.25800", "2014-06-30": "51.42100", "2014-03-31": "136.74000", "2013-12-31": "194.56300", "2013-09-30": "66.19900", "2013-06-30": "31.97900", "2013-03-31": "65.54700", "2012-12-31": "124.60100", "2012-09-30": "64.23900", "2012-06-30": "27.70600", "2012-03-31": "47.04000", "2011-12-31": "85.16000", "2011-09-30": "131.41900", "2011-06-30": "117.42900", "2011-03-31": "153.24600", "2010-12-31": "129.89200", "2010-09-30": "131.95200", "2010-06-30": "180.38300", "2010-03-31": "231.15300", "2009-12-31": "174.82900", "2009-09-30": "111.20300", "2009-06-30": "125.73500", "2009-03-31": "482.08500", "2008-12-31": "69.79900", "2008-09-30": "46.71700", "2008-06-30": "108.65300", "2008-03-31": "169.22700", "2007-12-31": "51.87400", "2007-09-30": "60.72500", "2007-06-30": "363.95900", "2007-03-31": "217.04300", "2006-12-31": "94.40600", "2006-09-30": "111.46200", "2006-06-30": "85.02500", "2006-03-31": "62.43600", "2005-12-31": "123.52700", "2005-09-30": "121.07200", "2005-06-30": "46.29700", "2005-03-31": "264.11600"}, "Receivables": {"2020-12-31": "492.52600", "2020-09-30": "230.59500", "2020-06-30": "236.46600", "2020-03-31": "377.81700", "2019-12-31": "435.61600", "2019-09-30": "230.57100", "2019-06-30": "285.43300", "2019-03-31": "419.61200", "2018-12-31": "478.37300", "2018-09-30": "253.29500", "2018-06-30": "253.54600", "2018-03-31": "407.13400", "2017-12-31": "489.21700", "2017-09-30": "222.26300", "2017-06-30": "250.22400", "2017-03-31": "336.63700", "2016-12-31": "458.81300", "2016-09-30": "215.88000", "2016-06-30": "277.36200", "2016-03-31": "361.58200", "2015-12-31": "456.90400", "2015-09-30": "295.16000", "2015-06-30": "301.74300", "2015-03-31": "511.83000", "2014-12-31": "607.42100", "2014-09-30": "343.40000", "2014-06-30": "388.87400", "2014-03-31": "671.02100", "2013-12-31": "661.21300", "2013-09-30": "301.99200", "2013-06-30": "350.23700", "2013-03-31": "485.60100", "2012-12-31": "500.86300", "2012-09-30": "234.52600", "2012-06-30": "216.75300", "2012-03-31": "350.26100", "2011-12-31": "489.79700", "2011-09-30": "273.30300", "2011-06-30": "342.09200", "2011-03-31": "458.81300", "2010-12-31": "564.93400", "2010-09-30": "273.20700", "2010-06-30": "299.83500", "2010-03-31": "546.35600", "2009-12-31": "597.01200", "2009-09-30": "232.80600", "2009-06-30": "241.58200", "2009-03-31": "531.74900", "2008-12-31": "833.12500", "2008-09-30": "477.15100", "2008-06-30": "601.16400", "2008-03-31": "805.94000", "2007-12-31": "776.86600", "2007-09-30": "380.13300", "2007-06-30": "429.11900", "2007-03-31": "721.05800", "2006-12-31": "766.63200", "2006-09-30": "374.62900", "2006-06-30": "409.08700", "2006-03-31": "793.01900", "2005-12-31": "1229.19000", "2005-09-30": "454.31300", "2005-06-30": "299.95400", "2005-03-31": "527.41100"}, "Inventory": {"2020-12-31": "99.56900", "2020-09-30": "111.95000", "2020-06-30": "84.88600", "2020-03-31": "68.06100", "2019-12-31": "115.25900", "2019-09-30": "130.13800", "2019-06-30": "106.01400", "2019-03-31": "78.14800", "2018-12-31": "146.55200", "2018-09-30": "165.73200", "2018-06-30": "126.01000", "2018-03-31": "89.26500", "2017-12-31": "163.95900", "2017-09-30": "184.65300", "2017-06-30": "151.65600", "2017-03-31": "120.02600", "2016-12-31": "163.76300", "2016-09-30": "179.07000", "2016-06-30": "244.84100", "2016-03-31": "190.96100", "2015-12-31": "236.01700", "2015-09-30": "236.60300", "2015-06-30": "213.15100", "2015-03-31": "143.15400", "2014-12-31": "277.91600", "2014-09-30": "278.91700", "2014-06-30": "207.45800", "2014-03-31": "124.95000", "2013-12-31": "286.54200", "2013-09-30": "244.74100", "2013-06-30": "209.10100", "2013-03-31": "197.35600", "2012-12-31": "274.12600", "2012-09-30": "256.41500", "2012-06-30": "239.32900", "2012-03-31": "221.11200", "2011-12-31": "325.66900", "2011-09-30": "289.76000", "2011-06-30": "256.76800", "2011-03-31": "228.05100", "2010-12-31": "339.10500", "2010-09-30": "319.03800", "2010-06-30": "263.75200", "2010-03-31": "208.58900", "2009-12-31": "399.58200", "2009-09-30": "352.72800", "2009-06-30": "317.27500", "2009-03-31": "327.28800", "2008-12-31": "582.74300", "2008-09-30": "576.61700", "2008-06-30": "571.53200", "2008-03-31": "421.98000", "2007-12-31": "564.42600", "2007-09-30": "515.12800", "2007-06-30": "463.89600", "2007-03-31": "364.47800", "2006-12-31": "520.03400", "2006-09-30": "461.50200", "2006-06-30": "437.06900", "2006-03-31": "440.94600", "2005-12-31": "583.57200", "2005-09-30": "450.80700", "2005-06-30": "334.24500", "2005-03-31": "273.81100"}, "Pre-Paid Expenses": {"2020-12-31": "", "2020-09-30": "", "2020-06-30": "", "2020-03-31": "", "2019-12-31": "", "2019-09-30": "", "2019-06-30": "", "2019-03-31": "", "2018-12-31": "", "2018-09-30": "", "2018-06-30": "", "2018-03-31": "", "2017-12-31": "", "2017-09-30": "", "2017-06-30": "", "2017-03-31": "", "2016-12-31": "", "2016-09-30": "", "2016-06-30": "", "2016-03-31": "", "2015-12-31": "", "2015-09-30": "", "2015-06-30": "", "2015-03-31": "", "2014-12-31": "", "2014-09-30": "", "2014-06-30": "", "2014-03-31": "", "2013-12-31": "", "2013-09-30": "", "2013-06-30": "", "2013-03-31": "", "2012-12-31": "", "2012-09-30": "", "2012-06-30": "", "2012-03-31": "", "2011-12-31": "", "2011-09-30": "", "2011-06-30": "", "2011-03-31": "", "2010-12-31": "", "2010-09-30": "", "2010-06-30": "", "2010-03-31": "", "2009-12-31": "", "2009-09-30": "", "2009-06-30": "", "2009-03-31": "", "2008-12-31": "", "2008-09-30": "", "2008-06-30": "", "2008-03-31": "", "2007-12-31": "", "2007-09-30": "", "2007-06-30": "", "2007-03-31": "", "2006-12-31": "", "2006-09-30": "", "2006-06-30": "", "2006-03-31": "", "2005-12-31": "", "2005-09-30": "", "2005-06-30": "", "2005-03-31": ""}, "Other Current Assets": {"2020-12-31": "142.59400", "2020-09-30": "107.90500", "2020-06-30": "72.74300", "2020-03-31": "63.58400", "2019-12-31": "71.98200", "2019-09-30": "72.77200", "2019-06-30": "65.92400", "2019-03-31": "65.06800", "2018-12-31": "69.61600", "2018-09-30": "46.05500", "2018-06-30": "52.36900", "2018-03-31": "55.26300", "2017-12-31": "70.98400", "2017-09-30": "106.32100", "2017-06-30": "62.72500", "2017-03-31": "61.01800", "2016-12-31": "312.23200", "2016-09-30": "239.20200", "2016-06-30": "60.50400", "2016-03-31": "52.45100", "2015-12-31": "91.44600", "2015-09-30": "65.89000", "2015-06-30": "58.60200", "2015-03-31": "67.12800", "2014-12-31": "109.59500", "2014-09-30": "111.26500", "2014-06-30": "126.89000", "2014-03-31": "126.45000", "2013-12-31": "157.25200", "2013-09-30": "64.20100", "2013-06-30": "90.93600", "2013-03-31": "253.91600", "2012-12-31": "265.04400", "2012-09-30": "272.78200", "2012-06-30": "291.87000", "2012-03-31": "275.42800", "2011-12-31": "360.61500", "2011-09-30": "316.47100", "2011-06-30": "273.45900", "2011-03-31": "143.97800", "2010-12-31": "229.32400", "2010-09-30": "150.99500", "2010-06-30": "130.00300", "2010-03-31": "121.26100", "2009-12-31": "115.15500", "2009-09-30": "132.20300", "2009-06-30": "111.42000", "2009-03-31": "137.43300", "2008-12-31": "197.44100", "2008-09-30": "184.61900", "2008-06-30": "115.60900", "2008-03-31": "95.56700", "2007-12-31": "126.85500", "2007-09-30": "111.18900", "2007-06-30": "77.51900", "2007-03-31": "126.83800", "2006-12-31": "194.56600", "2006-09-30": "169.95200", "2006-06-30": "118.99000", "2006-03-31": "195.41200", "2005-12-31": "239.99200", "2005-09-30": "238.23800", "2005-06-30": "75.95800", "2005-03-31": "112.42800"}, "Total Current Assets": {"2020-12-31": "1192.28800", "2020-09-30": "471.25800", "2020-06-30": "602.15900", "2020-03-31": "829.56100", "2019-12-31": "812.12900", "2019-09-30": "458.03100", "2019-06-30": "503.53400", "2019-03-31": "671.18100", "2018-12-31": "912.73800", "2018-09-30": "478.85300", "2018-06-30": "452.85500", "2018-03-31": "622.73600", "2017-12-31": "778.91000", "2017-09-30": "539.64600", "2017-06-30": "534.38200", "2017-03-31": "563.08400", "2016-12-31": "979.43200", "2016-09-30": "681.68600", "2016-06-30": "648.91300", "2016-03-31": "652.91200", "2015-12-31": "863.27000", "2015-09-30": "626.30600", "2015-06-30": "616.64900", "2015-03-31": "817.63700", "2014-12-31": "1118.76400", "2014-09-30": "775.84000", "2014-06-30": "774.64300", "2014-03-31": "1059.16100", "2013-12-31": "1299.57000", "2013-09-30": "677.13300", "2013-06-30": "682.25300", "2013-03-31": "1002.42000", "2012-12-31": "1164.63400", "2012-09-30": "827.96200", "2012-06-30": "775.65800", "2012-03-31": "893.84100", "2011-12-31": "1261.24100", "2011-09-30": "1010.95300", "2011-06-30": "989.74800", "2011-03-31": "984.08800", "2010-12-31": "1263.25500", "2010-09-30": "875.19200", "2010-06-30": "873.97300", "2010-03-31": "1107.35900", "2009-12-31": "1286.57800", "2009-09-30": "828.94000", "2009-06-30": "796.01200", "2009-03-31": "1478.55500", "2008-12-31": "1683.10800", "2008-09-30": "1285.10400", "2008-06-30": "1396.95800", "2008-03-31": "1492.71400", "2007-12-31": "1520.02100", "2007-09-30": "1067.17500", "2007-06-30": "1334.49300", "2007-03-31": "1429.41700", "2006-12-31": "1575.63800", "2006-09-30": "1117.54500", "2006-06-30": "1050.17100", "2006-03-31": "1491.81300", "2005-12-31": "2176.28100", "2005-09-30": "1264.43000", "2005-06-30": "756.45400", "2005-03-31": "1177.76600"}, "Property, Plant, And Equipment": {"2020-12-31": "13762.14000", "2020-09-30": "13355.35000", "2020-06-30": "12880.85000", "2020-03-31": "12548.24000", "2019-12-31": "12250.42000", "2019-09-30": "11787.67000", "2019-06-30": "11340.60000", "2019-03-31": "10971.73000", "2018-12-31": "10698.23000", "2018-09-30": "10371.15000", "2018-06-30": "10071.86000", "2018-03-31": "9761.32900", "2017-12-31": "9518.79200", "2017-09-30": "9259.18200", "2017-06-30": "8924.38100", "2017-03-31": "8738.48700", "2016-12-31": "8552.96200", "2016-09-30": "8268.60600", "2016-06-30": "8053.54700", "2016-03-31": "7839.41300", "2015-12-31": "7653.28700", "2015-09-30": "7430.58000", "2015-06-30": "7212.08800", "2015-03-31": "7026.07800", "2014-12-31": "6912.54100", "2014-09-30": "6725.90600", "2014-06-30": "6461.45000", "2014-03-31": "6269.98300", "2013-12-31": "6152.96300", "2013-09-30": "6030.65500", "2013-06-30": "5841.21500", "2013-03-31": "5710.27300", "2012-12-31": "5595.29400", "2012-09-30": "5475.60400", "2012-06-30": "5441.88600", "2012-03-31": "5334.01200", "2011-12-31": "5246.21300", "2011-09-30": "5147.91800", "2011-06-30": "4916.05100", "2011-03-31": "4914.65000", "2010-12-31": "4859.34400", "2010-09-30": "4793.07500", "2010-06-30": "4669.04300", "2010-03-31": "4590.47500", "2009-12-31": "4523.18800", "2009-09-30": "4439.10300", "2009-06-30": "4339.36400", "2009-03-31": "4263.19200", "2008-12-31": "4194.74800", "2008-09-30": "4136.85900", "2008-06-30": "4012.88800", "2008-03-31": "3948.86600", "2007-12-31": "3888.12600", "2007-09-30": "3836.83600", "2007-06-30": "3757.47600", "2007-03-31": "3711.83000", "2006-12-31": "3667.91500", "2006-09-30": "3629.15600", "2006-06-30": "3579.08300", "2006-03-31": "3511.04200", "2005-12-31": "3439.93400", "2005-09-30": "3374.36700", "2005-06-30": "3304.81100", "2005-03-31": "3251.59500"}, "Long-Term Investments": {"2020-12-31": "", "2020-09-30": "", "2020-06-30": "", "2020-03-31": "", "2019-12-31": "", "2019-09-30": "", "2019-06-30": "", "2019-03-31": "", "2018-12-31": "", "2018-09-30": "", "2018-06-30": "", "2018-03-31": "", "2017-12-31": "", "2017-09-30": "", "2017-06-30": "", "2017-03-31": "", "2016-12-31": "", "2016-09-30": "", "2016-06-30": "", "2016-03-31": "", "2015-12-31": "", "2015-09-30": "", "2015-06-30": "", "2015-03-31": "", "2014-12-31": "", "2014-09-30": "", "2014-06-30": "", "2014-03-31": "", "2013-12-31": "", "2013-09-30": "", "2013-06-30": "", "2013-03-31": "", "2012-12-31": "", "2012-09-30": "", "2012-06-30": "", "2012-03-31": "", "2011-12-31": "", "2011-09-30": "", "2011-06-30": "", "2011-03-31": "", "2010-12-31": "", "2010-09-30": "", "2010-06-30": "", "2010-03-31": "", "2009-12-31": "", "2009-09-30": "", "2009-06-30": "", "2009-03-31": "", "2008-12-31": "", "2008-09-30": "", "2008-06-30": "", "2008-03-31": "", "2007-12-31": "", "2007-09-30": "", "2007-06-30": "", "2007-03-31": "", "2006-12-31": "", "2006-09-30": "", "2006-06-30": "", "2006-03-31": "", "2005-12-31": "", "2005-09-30": "", "2005-06-30": "", "2005-03-31": ""}, "Goodwill And Intangible Assets": {"2020-12-31": "731.25700", "2020-09-30": "731.25700", "2020-06-30": "730.70600", "2020-03-31": "730.70600", "2019-12-31": "730.70600", "2019-09-30": "730.70600", "2019-06-30": "730.41900", "2019-03-31": "730.41900", "2018-12-31": "730.41900", "2018-09-30": "730.41900", "2018-06-30": "730.13200", "2018-03-31": "730.13200", "2017-12-31": "730.13200", "2017-09-30": "730.13200", "2017-06-30": "729.67300", "2017-03-31": "729.67300", "2016-12-31": "729.67300", "2016-09-30": "726.96200", "2016-06-30": "742.70200", "2016-03-31": "742.70200", "2015-12-31": "742.70200", "2015-09-30": "742.70200", "2015-06-30": "742.02900", "2015-03-31": "742.02900", "2014-12-31": "742.02900", "2014-09-30": "742.02900", "2014-06-30": "741.36300", "2014-03-31": "741.36300", "2013-12-31": "741.36300", "2013-09-30": "741.36300", "2013-06-30": "740.81400", "2013-03-31": "740.82500", "2012-12-31": "740.83600", "2012-09-30": "740.84700", "2012-06-30": "740.17400", "2012-03-31": "740.18500", "2011-12-31": "740.19600", "2011-09-30": "740.20700", "2011-06-30": "739.67700", "2011-03-31": "739.83400", "2010-12-31": "739.99100", "2010-09-30": "740.14800", "2010-06-30": "739.59300", "2010-03-31": "739.75000", "2009-12-31": "739.90700", "2009-09-30": "740.06400", "2009-06-30": "738.61500", "2009-03-31": "738.77200", "2008-12-31": "738.92900", "2008-09-30": "739.08600", "2008-06-30": "737.22100", "2008-03-31": "737.38000", "2007-12-31": "737.53600", "2007-09-30": "737.69200", "2007-06-30": "738.06500", "2007-03-31": "738.21700", "2006-12-31": "738.36900", "2006-09-30": "738.52100", "2006-06-30": "737.34900", "2006-03-31": "737.49500", "2005-12-31": "737.64100", "2005-09-30": "737.78700", "2005-06-30": "709.98000", "2005-03-31": "722.04400"}, "Other Long-Term Assets": {"2020-12-31": "", "2020-09-30": "", "2020-06-30": "", "2020-03-31": "", "2019-12-31": "", "2019-09-30": "", "2019-06-30": "", "2019-03-31": "", "2018-12-31": "", "2018-09-30": "", "2018-06-30": "", "2018-03-31": "", "2017-12-31": "", "2017-09-30": "", "2017-06-30": "", "2017-03-31": "", "2016-12-31": "", "2016-09-30": "28.61600", "2016-06-30": "", "2016-03-31": "", "2015-12-31": "", "2015-09-30": "", "2015-06-30": "", "2015-03-31": "", "2014-12-31": "", "2014-09-30": "", "2014-06-30": "", "2014-03-31": "", "2013-12-31": "", "2013-09-30": "", "2013-06-30": "", "2013-03-31": "", "2012-12-31": "", "2012-09-30": "", "2012-06-30": "", "2012-03-31": "", "2011-12-31": "", "2011-09-30": "", "2011-06-30": "", "2011-03-31": "", "2010-12-31": "", "2010-09-30": "", "2010-06-30": "", "2010-03-31": "", "2009-12-31": "", "2009-09-30": "", "2009-06-30": "", "2009-03-31": "", "2008-12-31": "", "2008-09-30": "", "2008-06-30": "", "2008-03-31": "", "2007-12-31": "", "2007-09-30": "", "2007-06-30": "", "2007-03-31": "", "2006-12-31": "", "2006-09-30": "", "2006-06-30": "", "2006-03-31": "", "2005-12-31": "", "2005-09-30": "", "2005-06-30": "", "2005-03-31": ""}, "Total Long-Term Assets": {"2020-12-31": "15283.59000", "2020-09-30": "14887.77000", "2020-06-30": "14268.82000", "2020-03-31": "13886.84000", "2019-12-31": "13576.00000", "2019-09-30": "12909.59000", "2019-06-30": "12377.56000", "2019-03-31": "12003.77000", "2018-12-31": "11703.05000", "2018-09-30": "11395.58000", "2018-06-30": "11054.77000", "2018-03-31": "10733.59000", "2017-12-31": "10485.81000", "2017-09-30": "10209.95000", "2017-06-30": "9964.39300", "2017-03-31": "9798.38200", "2016-12-31": "9599.72300", "2016-09-30": "9329.20300", "2016-06-30": "9078.45500", "2016-03-31": "8891.01500", "2015-12-31": "8691.38300", "2015-09-30": "8448.76700", "2015-06-30": "8267.84000", "2015-03-31": "8109.00700", "2014-12-31": "7996.32900", "2014-09-30": "7818.86400", "2014-06-30": "7582.54600", "2014-03-31": "7428.45500", "2013-12-31": "7316.52100", "2013-09-30": "7257.13500", "2013-06-30": "7120.54500", "2013-03-31": "6951.31000", "2012-12-31": "6799.58400", "2012-09-30": "6667.71300", "2012-06-30": "6574.17700", "2012-03-31": "6474.88600", "2011-12-31": "6374.39100", "2011-09-30": "6271.91800", "2011-06-30": "6003.72200", "2011-03-31": "6011.73600", "2010-12-31": "5958.36900", "2010-09-30": "5888.59900", "2010-06-30": "5711.67700", "2010-03-31": "5645.83100", "2009-12-31": "5588.84600", "2009-09-30": "5538.14300", "2009-06-30": "5300.01800", "2009-03-31": "5207.20600", "2008-12-31": "5135.79100", "2008-09-30": "5101.59500", "2008-06-30": "4987.83200", "2008-03-31": "4928.28000", "2007-12-31": "4879.74200", "2007-09-30": "4828.02200", "2007-06-30": "4721.31600", "2007-03-31": "4679.68100", "2006-12-31": "4640.75700", "2006-09-30": "4602.00200", "2006-06-30": "4566.30600", "2006-03-31": "4505.23800", "2005-12-31": "4442.72100", "2005-09-30": "4389.09700", "2005-06-30": "4301.49000", "2005-03-31": "4234.67800"}, "Total Assets": {"2020-12-31": "16475.88000", "2020-09-30": "15359.03000", "2020-06-30": "14870.98000", "2020-03-31": "14716.40000", "2019-12-31": "14388.13000", "2019-09-30": "13367.62000", "2019-06-30": "12881.10000", "2019-03-31": "12674.95000", "2018-12-31": "12615.79000", "2018-09-30": "11874.44000", "2018-06-30": "11507.62000", "2018-03-31": "11356.32000", "2017-12-31": "11264.72000", "2017-09-30": "10749.60000", "2017-06-30": "10498.78000", "2017-03-31": "10361.47000", "2016-12-31": "10579.16000", "2016-09-30": "10010.89000", "2016-06-30": "9727.36800", "2016-03-31": "9543.92600", "2015-12-31": "9554.65300", "2015-09-30": "9075.07200", "2015-06-30": "8884.48900", "2015-03-31": "8926.64400", "2014-12-31": "9115.09300", "2014-09-30": "8594.70400", "2014-06-30": "8357.18900", "2014-03-31": "8487.61600", "2013-12-31": "8616.09100", "2013-09-30": "7934.26800", "2013-06-30": "7802.79800", "2013-03-31": "7953.73000", "2012-12-31": "7964.21800", "2012-09-30": "7495.67500", "2012-06-30": "7349.83500", "2012-03-31": "7368.72700", "2011-12-31": "7635.63200", "2011-09-30": "7282.87100", "2011-06-30": "6993.47000", "2011-03-31": "6995.82400", "2010-12-31": "7221.62300", "2010-09-30": "6763.79100", "2010-06-30": "6585.65000", "2010-03-31": "6753.19000", "2009-12-31": "6875.42400", "2009-09-30": "6367.08300", "2009-06-30": "6096.03000", "2009-03-31": "6685.76100", "2008-12-31": "6818.89900", "2008-09-30": "6386.69900", "2008-06-30": "6384.79000", "2008-03-31": "6420.99400", "2007-12-31": "6399.76300", "2007-09-30": "5895.19700", "2007-06-30": "6055.80900", "2007-03-31": "6109.09800", "2006-12-31": "6216.39500", "2006-09-30": "5719.54700", "2006-06-30": "5616.47700", "2006-03-31": "5997.05100", "2005-12-31": "6619.00200", "2005-09-30": "5653.52700", "2005-06-30": "5057.94400", "2005-03-31": "5412.44400"}, "Total Current Liabilities": {"2020-12-31": "797.83900", "2020-09-30": "782.40100", "2020-06-30": "702.68600", "2020-03-31": "933.39000", "2019-12-31": "845.17200", "2019-09-30": "1209.44000", "2019-06-30": "901.37400", "2019-03-31": "864.13900", "2018-12-31": "1455.49800", "2018-09-30": "1915.13100", "2018-06-30": "1465.96100", "2018-03-31": "1349.12700", "2017-12-31": "959.41000", "2017-09-30": "1013.44300", "2017-06-30": "745.65900", "2017-03-31": "1496.07200", "2016-12-31": "1949.81500", "2016-09-30": "1788.28100", "2016-06-30": "1529.80000", "2016-03-31": "1227.35300", "2015-12-31": "1515.05600", "2015-09-30": "1154.82300", "2015-06-30": "916.57700", "2015-03-31": "1018.50200", "2014-12-31": "1420.61100", "2014-09-30": "910.65000", "2014-06-30": "1155.69700", "2014-03-31": "1363.39200", "2013-12-31": "2013.50100", "2013-09-30": "978.48600", "2013-06-30": "720.58000", "2013-03-31": "926.76600", "2012-12-31": "1645.05100", "2012-09-30": "1275.95400", "2012-06-30": "1110.22900", "2012-03-31": "1108.11400", "2011-12-31": "1179.80100", "2011-09-30": "867.59800", "2011-06-30": "648.28200", "2011-03-31": "1077.98400", "2010-12-31": "1460.42600", "2010-09-30": "1166.07900", "2010-06-30": "1007.75900", "2010-03-31": "964.51300", "2009-12-31": "1182.40200", "2009-09-30": "737.42100", "2009-06-30": "644.29900", "2009-03-31": "1286.06700", "2008-12-31": "2017.91600", "2008-09-30": "1207.08700", "2008-06-30": "1168.75700", "2008-03-31": "1226.16800", "2007-12-31": "1335.60600", "2007-09-30": "917.95800", "2007-06-30": "1093.71800", "2007-03-31": "1389.83000", "2006-12-31": "1627.51800", "2006-09-30": "1119.16100", "2006-06-30": "1014.79800", "2006-03-31": "1353.78300", "2005-12-31": "2049.69500", "2005-09-30": "1112.75500", "2005-06-30": "577.53100", "2005-03-31": "837.92100"}, "Long Term Debt": {"2020-12-31": "5124.86200", "2020-09-30": "4531.77900", "2020-06-30": "4531.34100", "2020-03-31": "4328.86600", "2019-12-31": "4324.28500", "2019-09-30": "3529.45200", "2019-06-30": "3529.13500", "2019-03-31": "3528.71300", "2018-12-31": "3084.77900", "2018-09-30": "2493.66500", "2018-06-30": "2618.31500", "2018-03-31": "2617.89200", "2017-12-31": "3067.46900", "2017-09-30": "3067.04500", "2017-06-30": "3066.73400", "2017-03-31": "2314.62000", "2016-12-31": "2314.19900", "2016-09-30": "2188.77900", "2016-06-30": "2205.64500", "2016-03-31": "2455.55900", "2015-12-31": "2455.47400", "2015-09-30": "2437.51500", "2015-06-30": "2455.30300", "2015-03-31": "2455.21700", "2014-12-31": "2455.13100", "2014-09-30": "2455.98600", "2014-06-30": "1955.90700", "2014-03-31": "1955.82900", "2013-12-31": "1955.75000", "2013-09-30": "2455.67100", "2013-06-30": "2455.59300", "2013-03-31": "2455.51400", "2012-12-31": "1956.37600", "2012-09-30": "1956.30500", "2012-06-30": "1956.28900", "2012-03-31": "1956.21300", "2011-12-31": "2206.19300", "2011-09-30": "2206.11700", "2011-06-30": "2206.10600", "2011-03-31": "1807.32300", "2010-12-31": "1807.31900", "2010-09-30": "1809.55100", "2010-06-30": "1809.54600", "2010-03-31": "2159.47500", "2009-12-31": "2159.47000", "2009-09-30": "2169.40000", "2009-06-30": "2169.39500", "2009-03-31": "2169.14100", "2008-12-31": "1719.92000", "2008-09-30": "2119.79200", "2008-06-30": "2119.72900", "2008-03-31": "2119.69600", "2007-12-31": "2124.91500", "2007-09-30": "2126.31500", "2007-06-30": "2126.52600", "2007-03-31": "1878.33100", "2006-12-31": "1878.73300", "2006-09-30": "2180.36200", "2006-06-30": "2180.75200", "2006-03-31": "2181.12000", "2005-12-31": "2181.49700", "2005-09-30": "2183.10400", "2005-06-30": "2183.63900", "2005-03-31": "2254.81700"}, "Other Non-Current Liabilities": {"2020-12-31": "456.26400", "2020-09-30": "457.18800", "2020-06-30": "458.10100", "2020-03-31": "448.68100", "2019-12-31": "451.17800", "2019-09-30": "473.17200", "2019-06-30": "464.85500", "2019-03-31": "462.24900", "2018-12-31": "468.82500", "2018-09-30": "466.40500", "2018-06-30": "482.00100", "2018-03-31": "484.74600", "2017-12-31": "480.08600", "2017-09-30": "485.42000", "2017-06-30": "457.06000", "2017-03-31": "444.84800", "2016-12-31": "430.40700", "2016-09-30": "424.59700", "2016-06-30": "427.33200", "2016-03-31": "426.75600", "2015-12-31": "425.55500", "2015-09-30": "427.55300", "2015-06-30": "432.15300", "2015-03-31": "441.65500", "2014-12-31": "443.93100", "2014-09-30": "445.38700", "2014-06-30": "391.78500", "2014-03-31": "358.26200", "2013-12-31": "356.61700", "2013-09-30": "359.29900", "2013-06-30": "360.57800", "2013-03-31": "366.85400", "2012-12-31": "371.60800", "2012-09-30": "381.16400", "2012-06-30": "381.79700", "2012-03-31": "414.00100", "2011-12-31": "437.66000", "2011-09-30": "428.94700", "2011-06-30": "396.20100", "2011-03-31": "364.70900", "2010-12-31": "354.87100", "2010-09-30": "350.52100", "2010-06-30": "314.70800", "2010-03-31": "317.20300", "2009-12-31": "314.12600", "2009-09-30": "344.40300", "2009-06-30": "322.52900", "2009-03-31": "313.48600", "2008-12-31": "305.78400", "2008-09-30": "298.64500", "2008-06-30": "280.10800", "2008-03-31": "277.56000", "2007-12-31": "279.62500", "2007-09-30": "271.05900", "2007-06-30": "261.43600", "2007-03-31": "261.98400", "2006-12-31": "255.32100", "2006-09-30": "261.37600", "2006-06-30": "275.95500", "2006-03-31": "275.20900", "2005-12-31": "268.99900", "2005-09-30": "263.42400", "2005-06-30": "254.98800", "2005-03-31": "246.28500"}, "Total Long Term Liabilities": {"2020-12-31": "8464.88400", "2020-09-30": "7785.42800", "2020-06-30": "7706.82500", "2020-03-31": "7478.59400", "2019-12-31": "7415.17800", "2019-09-30": "6407.95600", "2019-06-30": "6337.72900", "2019-03-31": "6302.71000", "2018-12-31": "5812.09600", "2018-09-30": "5189.35500", "2018-06-30": "5282.11100", "2018-03-31": "5285.84900", "2017-12-31": "5741.69000", "2017-09-30": "5837.48700", "2017-06-30": "5851.40600", "2017-03-31": "5030.53000", "2016-12-31": "4930.36500", "2016-09-30": "4759.54900", "2016-06-30": "4730.84400", "2016-03-31": "4972.00800", "2015-12-31": "4767.48800", "2015-09-30": "4725.45200", "2015-06-30": "4729.65700", "2015-03-31": "4768.44800", "2014-12-31": "4630.55700", "2014-09-30": "4597.82200", "2014-06-30": "4084.80700", "2014-03-31": "3999.46300", "2013-12-31": "3941.27600", "2013-09-30": "4375.37300", "2013-06-30": "4500.77400", "2013-03-31": "4483.49400", "2012-12-31": "3895.16200", "2012-09-30": "3860.47800", "2012-06-30": "3884.68100", "2012-03-31": "3899.90100", "2011-12-31": "4188.06900", "2011-09-30": "4159.85200", "2011-06-30": "4009.36400", "2011-03-31": "3543.86100", "2010-12-31": "3486.34400", "2010-09-30": "3419.36400", "2010-06-30": "3264.16100", "2010-03-31": "3449.83400", "2009-12-31": "3434.94600", "2009-09-30": "3452.90100", "2009-06-30": "3260.21100", "2009-03-31": "3221.20000", "2008-12-31": "2722.90700", "2008-09-30": "3127.12000", "2008-06-30": "3110.62600", "2008-03-31": "3068.83300", "2007-12-31": "3031.67400", "2007-09-30": "3011.48500", "2007-06-30": "2973.94900", "2007-03-31": "2697.31500", "2006-12-31": "2668.42000", "2006-09-30": "2952.28800", "2006-06-30": "2937.12300", "2006-03-31": "2936.97700", "2005-12-31": "2931.69000", "2005-09-30": "2938.35000", "2005-06-30": "2864.40300", "2005-03-31": "2942.25300"}, "Total Liabilities": {"2020-12-31": "9262.72300", "2020-09-30": "8567.82900", "2020-06-30": "8409.51100", "2020-03-31": "8411.98300", "2019-12-31": "8260.35000", "2019-09-30": "7617.39600", "2019-06-30": "7239.10200", "2019-03-31": "7166.84900", "2018-12-31": "7267.59400", "2018-09-30": "7104.48900", "2018-06-30": "6748.07200", "2018-03-31": "6634.97600", "2017-12-31": "6701.10000", "2017-09-30": "6850.93000", "2017-06-30": "6597.06500", "2017-03-31": "6526.60200", "2016-12-31": "6880.18000", "2016-09-30": "6547.83000", "2016-06-30": "6260.64400", "2016-03-31": "6199.36100", "2015-12-31": "6282.54400", "2015-09-30": "5880.27500", "2015-06-30": "5646.23400", "2015-03-31": "5786.95000", "2014-12-31": "6051.16800", "2014-09-30": "5508.47200", "2014-06-30": "5240.50400", "2014-03-31": "5362.85500", "2013-12-31": "5954.77700", "2013-09-30": "5353.85900", "2013-06-30": "5221.35400", "2013-03-31": "5410.26000", "2012-12-31": "5540.21300", "2012-09-30": "5136.43200", "2012-06-30": "4994.91000", "2012-03-31": "5008.01500", "2011-12-31": "5367.87000", "2011-09-30": "5027.45000", "2011-06-30": "4657.64600", "2011-03-31": "4621.84500", "2010-12-31": "4946.77000", "2010-09-30": "4585.44300", "2010-06-30": "4271.92000", "2010-03-31": "4414.34700", "2009-12-31": "4617.34800", "2009-09-30": "4190.32200", "2009-06-30": "3904.51000", "2009-03-31": "4507.26700", "2008-12-31": "4740.82300", "2008-09-30": "4334.20700", "2008-06-30": "4279.38300", "2008-03-31": "4295.00100", "2007-12-31": "4367.28000", "2007-09-30": "3929.44300", "2007-06-30": "4067.66700", "2007-03-31": "4087.14500", "2006-12-31": "4295.93800", "2006-09-30": "4071.44900", "2006-06-30": "3951.92100", "2006-03-31": "4290.76000", "2005-12-31": "4981.38500", "2005-09-30": "4051.10500", "2005-06-30": "3441.93400", "2005-03-31": "3780.17400"}, "Common Stock Net": {"2020-12-31": "0.64100", "2020-09-30": "0.62900", "2020-06-30": "0.61700", "2020-03-31": "0.61200", "2019-12-31": "0.61100", "2019-09-30": "0.59700", "2019-06-30": "0.59100", "2019-03-31": "0.58500", "2018-12-31": "0.58400", "2018-09-30": "0.55600", "2018-06-30": "0.55600", "2018-03-31": "0.55500", "2017-12-31": "0.55500", "2017-09-30": "0.53100", "2017-06-30": "0.53000", "2017-03-31": "0.52600", "2016-12-31": "0.52600", "2016-09-30": "0.52000", "2016-06-30": "0.51900", "2016-03-31": "0.51100", "2015-12-31": "0.51000", "2015-09-30": "0.50700", "2015-06-30": "0.50700", "2015-03-31": "0.50500", "2014-12-31": "0.50400", "2014-09-30": "0.50200", "2014-06-30": "0.50200", "2014-03-31": "0.50100", "2013-12-31": "0.45500", "2013-09-30": "0.45300", "2013-06-30": "0.45300", "2013-03-31": "0.45300", "2012-12-31": "0.45300", "2012-09-30": "0.45100", "2012-06-30": "0.45100", "2012-03-31": "0.45000", "2011-12-31": "0.44800", "2011-09-30": "0.45100", "2011-06-30": "0.45100", "2011-03-31": "0.45200", "2010-12-31": "0.45300", "2010-09-30": "0.45100", "2010-06-30": "0.46600", "2010-03-31": "0.46600", "2009-12-31": "0.46500", "2009-09-30": "0.46300", "2009-06-30": "0.46100", "2009-03-31": "0.46000", "2008-12-31": "0.45800", "2008-09-30": "0.45400", "2008-06-30": "0.45300", "2008-03-31": "0.45100", "2007-12-31": "0.45000", "2007-09-30": "0.44700", "2007-06-30": "0.44600", "2007-03-31": "0.44400", "2006-12-31": "0.44200", "2006-09-30": "0.40900", "2006-06-30": "0.40800", "2006-03-31": "0.40500", "2005-12-31": "0.40400", "2005-09-30": "0.40300", "2005-06-30": "0.40100", "2005-03-31": "0.39900"}, "Retained Earnings (Accumulated Deficit)": {"2020-12-31": "2609.66900", "2020-09-30": "2471.01400", "2020-06-30": "2477.45100", "2020-03-31": "2430.25700", "2019-12-31": "2261.13100", "2019-09-30": "2152.01500", "2019-06-30": "2157.34400", "2019-03-31": "2138.53200", "2018-12-31": "1985.25000", "2018-09-30": "1878.11600", "2018-06-30": "1871.33400", "2018-03-31": "1854.25700", "2017-12-31": "1729.31900", "2017-09-30": "1467.02400", "2017-06-30": "1480.02700", "2017-03-31": "1456.98000", "2016-12-31": "1339.82600", "2016-09-30": "1262.53400", "2016-06-30": "1273.05700", "2016-03-31": "1245.41800", "2015-12-31": "1132.25400", "2015-09-30": "1073.02900", "2015-06-30": "1092.88700", "2015-03-31": "1075.17700", "2014-12-31": "975.97500", "2014-09-30": "917.97200", "2014-06-30": "932.57600", "2014-03-31": "924.28200", "2013-12-31": "828.31100", "2013-09-30": "775.26700", "2013-06-30": "800.64300", "2013-03-31": "793.92700", "2012-12-31": "709.43800", "2012-09-30": "660.93200", "2012-06-30": "684.90700", "2012-03-31": "685.20600", "2011-12-31": "607.48500", "2011-09-30": "570.49500", "2011-06-30": "599.50600", "2011-03-31": "631.04400", "2010-12-31": "529.90000", "2010-09-30": "486.90500", "2010-06-30": "515.74200", "2010-03-31": "550.25900", "2009-12-31": "467.44900", "2009-09-30": "405.35300", "2009-06-30": "451.85600", "2009-03-31": "480.35500", "2008-12-31": "381.63300", "2008-09-30": "343.60100", "2008-06-30": "371.48600", "2008-03-31": "407.46400", "2007-12-31": "325.18300", "2007-09-30": "281.12700", "2007-06-30": "315.58700", "2007-03-31": "357.42500", "2006-12-31": "279.29900", "2006-09-30": "224.29900", "2006-06-30": "243.95600", "2006-03-31": "287.72700", "2005-12-31": "224.43500", "2005-09-30": "178.83700", "2005-06-30": "220.56900", "2005-03-31": "240.92000"}, "Comprehensive Income": {"2020-12-31": "2.53200", "2020-09-30": "-57.58900", "2020-06-30": "-116.72700", "2020-03-31": "-112.64100", "2019-12-31": "-113.53100", "2019-09-30": "-114.58300", "2019-06-30": "-115.66300", "2019-03-31": "-116.81000", "2018-12-31": "-114.11500", "2018-09-30": "-83.64700", "2018-06-30": "-76.38100", "2018-03-31": "-85.01100", "2017-12-31": "-106.31600", "2017-09-30": "-105.25400", "2017-06-30": "-104.59900", "2017-03-31": "-86.89400", "2016-12-31": "-92.65400", "2016-09-30": "-188.02200", "2016-06-30": "-178.23300", "2016-03-31": "-157.23900", "2015-12-31": "-102.96200", "2015-09-30": "-109.33000", "2015-06-30": "-62.24100", "2015-03-31": "-128.08800", "2014-12-31": "-94.19900", "2014-09-30": "-12.39300", "2014-06-30": "11.30000", "2014-03-31": "36.83400", "2013-12-31": "63.03200", "2013-09-30": "38.87800", "2013-06-30": "23.28900", "2013-03-31": "-3.93400", "2012-12-31": "-36.08100", "2012-09-30": "-47.60700", "2012-06-30": "-67.48000", "2012-03-31": "-53.09400", "2011-12-31": "-65.22100", "2011-09-30": "-48.46000", "2011-06-30": "5.74600", "2011-03-31": "14.00900", "2010-12-31": "19.60100", "2010-09-30": "-23.37200", "2010-06-30": "-14.56600", "2010-03-31": "-21.21300", "2009-12-31": "-12.44400", "2009-09-30": "-20.18400", "2009-06-30": "-39.98100", "2009-03-31": "-70.62800", "2008-12-31": "-61.84900", "2008-09-30": "-35.94700", "2008-06-30": "0.69300", "2008-03-31": "-3.97800", "2007-12-31": "-6.19300", "2007-09-30": "-16.19800", "2007-06-30": "-16.37300", "2007-03-31": "-15.14400", "2006-12-31": "-29.77100", "2006-09-30": "-43.85000", "2006-06-30": "-35.84000", "2006-03-31": "-29.57500", "2005-12-31": "-26.13900", "2005-09-30": "-3.34100", "2005-06-30": "-21.28700", "2005-03-31": "-17.77000"}, "Other Share Holders Equity": {"2020-12-31": "", "2020-09-30": "", "2020-06-30": "", "2020-03-31": "", "2019-12-31": "", "2019-09-30": "", "2019-06-30": "", "2019-03-31": "", "2018-12-31": "", "2018-09-30": "", "2018-06-30": "", "2018-03-31": "", "2017-12-31": "", "2017-09-30": "", "2017-06-30": "", "2017-03-31": "", "2016-12-31": "", "2016-09-30": "", "2016-06-30": "", "2016-03-31": "", "2015-12-31": "", "2015-09-30": "", "2015-06-30": "", "2015-03-31": "", "2014-12-31": "", "2014-09-30": "", "2014-06-30": "", "2014-03-31": "", "2013-12-31": "", "2013-09-30": "", "2013-06-30": "", "2013-03-31": "", "2012-12-31": "", "2012-09-30": "", "2012-06-30": "", "2012-03-31": "", "2011-12-31": "", "2011-09-30": "", "2011-06-30": "", "2011-03-31": "", "2010-12-31": "", "2010-09-30": "", "2010-06-30": "", "2010-03-31": "", "2009-12-31": "", "2009-09-30": "", "2009-06-30": "", "2009-03-31": "", "2008-12-31": "", "2008-09-30": "", "2008-06-30": "", "2008-03-31": "", "2007-12-31": "", "2007-09-30": "", "2007-06-30": "", "2007-03-31": "", "2006-12-31": "", "2006-09-30": "", "2006-06-30": "", "2006-03-31": "", "2005-12-31": "", "2005-09-30": "", "2005-06-30": "", "2005-03-31": ""}, "Share Holder Equity": {"2020-12-31": "7213.15600", "2020-09-30": "6791.20300", "2020-06-30": "6461.47100", "2020-03-31": "6304.41500", "2019-12-31": "6127.77500", "2019-09-30": "5750.22300", "2019-06-30": "5641.99600", "2019-03-31": "5508.10100", "2018-12-31": "5348.19500", "2018-09-30": "4769.95100", "2018-06-30": "4759.55200", "2018-03-31": "4721.34600", "2017-12-31": "4563.62000", "2017-09-30": "3898.66600", "2017-06-30": "3901.71000", "2017-03-31": "3834.86400", "2016-12-31": "3698.97500", "2016-09-30": "3463.05900", "2016-06-30": "3466.72400", "2016-03-31": "3344.56500", "2015-12-31": "3272.10900", "2015-09-30": "3194.79700", "2015-06-30": "3238.25500", "2015-03-31": "3139.69400", "2014-12-31": "3063.92500", "2014-09-30": "3086.23200", "2014-06-30": "3116.68500", "2014-03-31": "3124.76100", "2013-12-31": "2661.31400", "2013-09-30": "2580.40900", "2013-06-30": "2581.44400", "2013-03-31": "2543.47000", "2012-12-31": "2424.00500", "2012-09-30": "2359.24300", "2012-06-30": "2354.92500", "2012-03-31": "2360.71200", "2011-12-31": "2267.76200", "2011-09-30": "2255.42100", "2011-06-30": "2335.82400", "2011-03-31": "2373.97900", "2010-12-31": "2274.85300", "2010-09-30": "2178.34800", "2010-06-30": "2313.73000", "2010-03-31": "2338.84300", "2009-12-31": "2258.07600", "2009-09-30": "2176.76100", "2009-06-30": "2191.52000", "2009-03-31": "2178.49400", "2008-12-31": "2078.07600", "2008-09-30": "2052.49200", "2008-06-30": "2105.40700", "2008-03-31": "2125.99300", "2007-12-31": "2032.48300", "2007-09-30": "1965.75400", "2007-06-30": "1988.14200", "2007-03-31": "2021.95300", "2006-12-31": "1920.45700", "2006-09-30": "1648.09800", "2006-06-30": "1664.55600", "2006-03-31": "1706.29100", "2005-12-31": "1637.61700", "2005-09-30": "1602.42200", "2005-06-30": "1616.01000", "2005-03-31": "1632.27000"}, "Total Liabilities And Share Holders Equity": {"2020-12-31": "16475.88000", "2020-09-30": "15359.03000", "2020-06-30": "14870.98000", "2020-03-31": "14716.40000", "2019-12-31": "14388.13000", "2019-09-30": "13367.62000", "2019-06-30": "12881.10000", "2019-03-31": "12674.95000", "2018-12-31": "12615.79000", "2018-09-30": "11874.44000", "2018-06-30": "11507.62000", "2018-03-31": "11356.32000", "2017-12-31": "11264.72000", "2017-09-30": "10749.60000", "2017-06-30": "10498.78000", "2017-03-31": "10361.47000", "2016-12-31": "10579.16000", "2016-09-30": "10010.89000", "2016-06-30": "9727.36800", "2016-03-31": "9543.92600", "2015-12-31": "9554.65300", "2015-09-30": "9075.07200", "2015-06-30": "8884.48900", "2015-03-31": "8926.64400", "2014-12-31": "9115.09300", "2014-09-30": "8594.70400", "2014-06-30": "8357.18900", "2014-03-31": "8487.61600", "2013-12-31": "8616.09100", "2013-09-30": "7934.26800", "2013-06-30": "7802.79800", "2013-03-31": "7953.73000", "2012-12-31": "7964.21800", "2012-09-30": "7495.67500", "2012-06-30": "7349.83500", "2012-03-31": "7368.72700", "2011-12-31": "7635.63200", "2011-09-30": "7282.87100", "2011-06-30": "6993.47000", "2011-03-31": "6995.82400", "2010-12-31": "7221.62300", "2010-09-30": "6763.79100", "2010-06-30": "6585.65000", "2010-03-31": "6753.19000", "2009-12-31": "6875.42400", "2009-09-30": "6367.08300", "2009-06-30": "6096.03000", "2009-03-31": "6685.76100", "2008-12-31": "6818.89900", "2008-09-30": "6386.69900", "2008-06-30": "6384.79000", "2008-03-31": "6420.99400", "2007-12-31": "6399.76300", "2007-09-30": "5895.19700", "2007-06-30": "6055.80900", "2007-03-31": "6109.09800", "2006-12-31": "6216.39500", "2006-09-30": "5719.54700", "2006-06-30": "5616.47700", "2006-03-31": "5997.05100", "2005-12-31": "6619.00200", "2005-09-30": "5653.52700", "2005-06-30": "5057.94400", "2005-03-31": "5412.44400"}}, "cash flow statement": {"Net Income/Loss": {"2020-09-30": "601.44300", "2019-09-30": "511.40600", "2018-09-30": "603.06400", "2017-09-30": "396.42100", "2016-09-30": "350.10400", "2015-09-30": "315.07500", "2014-09-30": "289.81700", "2013-09-30": "243.19400", "2012-09-30": "216.71700", "2011-09-30": "207.60100", "2010-09-30": "205.83900", "2009-09-30": "190.97800", "2008-09-30": "180.33100", "2007-09-30": "168.49200", "2006-09-30": "147.73700", "2005-09-30": "135.78500"}, "Total Depreciation And Amortization - Cash Flow": {"2020-09-30": "441.37100", "2019-09-30": "400.92000", "2018-09-30": "368.94800", "2017-09-30": "326.10200", "2016-09-30": "293.09600", "2015-09-30": "274.79600", "2014-09-30": "253.98700", "2013-09-30": "236.92800", "2012-09-30": "246.09300", "2011-09-30": "233.15500", "2010-09-30": "216.96000", "2009-09-30": "217.20800", "2008-09-30": "200.44200", "2007-09-30": "198.86300", "2006-09-30": "185.59600", "2005-09-30": "178.00500"}, "Other Non-Cash Items": {"2020-09-30": "120.45000", "2019-09-30": "131.96000", "2018-09-30": "12.35200", "2017-09-30": "217.73700", "2016-09-30": "213.98300", "2015-09-30": "214.78800", "2014-09-30": "214.08200", "2013-09-30": "160.10600", "2012-09-30": "127.59200", "2011-09-30": "168.87500", "2010-09-30": "221.46700", "2009-09-30": "160.09300", "2008-09-30": "122.78400", "2007-09-30": "91.44300", "2006-09-30": "130.84700", "2005-09-30": "26.61900"}, "Total Non-Cash Items": {"2020-09-30": "561.82100", "2019-09-30": "532.88000", "2018-09-30": "381.30000", "2017-09-30": "543.83900", "2016-09-30": "507.07900", "2015-09-30": "489.58400", "2014-09-30": "468.06900", "2013-09-30": "397.03400", "2012-09-30": "373.68500", "2011-09-30": "402.03000", "2010-09-30": "438.42700", "2009-09-30": "377.30100", "2008-09-30": "323.22600", "2007-09-30": "290.30600", "2006-09-30": "316.44300", "2005-09-30": "204.62400"}, "Change In Accounts Receivable": {"2020-09-30": "7.16700", "2019-09-30": "18.72400", "2018-09-30": "-29.20800", "2017-09-30": "-58.69600", "2016-09-30": "-4.84700", "2015-09-30": "48.24000", "2014-09-30": "-41.40800", "2013-09-30": "-73.66900", "2012-09-30": "32.57800", "2011-09-30": "-0.09600", "2010-09-30": "-40.40100", "2009-09-30": "244.71300", "2008-09-30": "-97.01800", "2007-09-30": "-6.40700", "2006-09-30": "78.40700", "2005-09-30": "-166.69200"}, "Change In Inventories": {"2020-09-30": "18.18800", "2019-09-30": "35.59400", "2018-09-30": "18.92100", "2017-09-30": "-35.12600", "2016-09-30": "20.57700", "2015-09-30": "33.23400", "2014-09-30": "-31.99600", "2013-09-30": "31.97900", "2012-09-30": "28.41700", "2011-09-30": "27.73700", "2010-09-30": "54.01400", "2009-09-30": "194.28700", "2008-09-30": "-54.72600", "2007-09-30": "-12.31700", "2006-09-30": "-10.69500", "2005-09-30": "-112.79600"}, "Change In Accounts Payable": {"2020-09-30": "7.35900", "2019-09-30": "9.90800", "2018-09-30": "-11.85700", "2017-09-30": "53.01700", "2016-09-30": "-5.19500", "2015-09-30": "-59.11200", "2014-09-30": "60.46500", "2013-09-30": "31.91200", "2012-09-30": "-64.23400", "2011-09-30": "23.90400", "2010-09-30": "58.06900", "2009-09-30": "-181.97800", "2008-09-30": "39.90200", "2007-09-30": "-8.42800", "2006-09-30": "-116.06000", "2005-09-30": "224.37500"}, "Change In Assets/Liabilities": {"2020-09-30": "-166.39000", "2019-09-30": "-140.91200", "2018-09-30": "157.00500", "2017-09-30": "-32.46200", "2016-09-30": "-73.74700", "2015-09-30": "-15.46600", "2014-09-30": "-12.67500", "2013-09-30": "-14.43600", "2012-09-30": "0.24700", "2011-09-30": "-77.37100", "2010-09-30": "11.77300", "2009-09-30": "95.10900", "2008-09-30": "-15.29000", "2007-09-30": "116.96500", "2006-09-30": "-101.51200", "2005-09-30": "103.28500"}, "Total Change In Assets/Liabilities": {"2020-09-30": "-133.67600", "2019-09-30": "-76.68600", "2018-09-30": "134.86100", "2017-09-30": "-73.26700", "2016-09-30": "-63.21200", "2015-09-30": "6.89600", "2014-09-30": "-25.61400", "2013-09-30": "-24.21400", "2012-09-30": "-2.99200", "2011-09-30": "-25.82600", "2010-09-30": "83.45500", "2009-09-30": "352.13100", "2008-09-30": "-127.13200", "2007-09-30": "89.81300", "2006-09-30": "-149.86000", "2005-09-30": "48.17200"}, "Cash Flow From Operating Activities": {"2020-09-30": "1037.99900", "2019-09-30": "968.76900", "2018-09-30": "1124.66200", "2017-09-30": "867.09000", "2016-09-30": "794.99000", "2015-09-30": "811.91400", "2014-09-30": "732.81300", "2013-09-30": "613.12700", "2012-09-30": "586.91700", "2011-09-30": "582.84400", "2010-09-30": "726.47600", "2009-09-30": "919.23300", "2008-09-30": "370.93300", "2007-09-30": "547.09500", "2006-09-30": "311.44900", "2005-09-30": "386.94400"}, "Net Change In Property, Plant, And Equipment": {"2020-09-30": "-1935.67600", "2019-09-30": "-1693.47700", "2018-09-30": "-1467.59100", "2017-09-30": "-1137.08900", "2016-09-30": "-1086.95000", "2015-09-30": "-963.62100", "2014-09-30": "-824.44100", "2013-09-30": "-692.01000", "2012-09-30": "-732.85800", "2011-09-30": "-622.96500", "2010-09-30": "-542.63600", "2009-09-30": "-509.49400", "2008-09-30": "-472.27300", "2007-09-30": "-392.43500", "2006-09-30": "-425.32400", "2005-09-30": "-333.18300"}, "Net Change In Intangible Assets": {"2020-09-30": "", "2019-09-30": "", "2018-09-30": "", "2017-09-30": "", "2016-09-30": "", "2015-09-30": "", "2014-09-30": "", "2013-09-30": "", "2012-09-30": "", "2011-09-30": "", "2010-09-30": "", "2009-09-30": "", "2008-09-30": "", "2007-09-30": "", "2006-09-30": "", "2005-09-30": ""}, "Net Acquisitions/Divestitures": {"2020-09-30": "", "2019-09-30": "4.00000", "2018-09-30": "3.00000", "2017-09-30": "54.12500", "2016-09-30": "", "2015-09-30": "", "2014-09-30": "", "2013-09-30": "", "2012-09-30": "128.22300", "2011-09-30": "", "2010-09-30": "", "2009-09-30": "", "2008-09-30": "", "2007-09-30": "", "2006-09-30": "", "2005-09-30": "-1916.69600"}, "Net Change In Short-term Investments": {"2020-09-30": "", "2019-09-30": "", "2018-09-30": "", "2017-09-30": "", "2016-09-30": "", "2015-09-30": "", "2014-09-30": "", "2013-09-30": "", "2012-09-30": "", "2011-09-30": "", "2010-09-30": "", "2009-09-30": "", "2008-09-30": "", "2007-09-30": "", "2006-09-30": "", "2005-09-30": ""}, "Net Change In Long-Term Investments": {"2020-09-30": "0.49100", "2019-09-30": "-2.78400", "2018-09-30": "-8.32500", "2017-09-30": "-12.47300", "2016-09-30": "0.75800", "2015-09-30": "1.59700", "2014-09-30": "-2.64700", "2013-09-30": "", "2012-09-30": "", "2011-09-30": "", "2010-09-30": "", "2009-09-30": "", "2008-09-30": "", "2007-09-30": "", "2006-09-30": "", "2005-09-30": ""}, "Net Change In Investments - Total": {"2020-09-30": "0.49100", "2019-09-30": "-2.78400", "2018-09-30": "-8.32500", "2017-09-30": "-12.47300", "2016-09-30": "0.75800", "2015-09-30": "1.59700", "2014-09-30": "-2.64700", "2013-09-30": "", "2012-09-30": "", "2011-09-30": "", "2010-09-30": "", "2009-09-30": "", "2008-09-30": "", "2007-09-30": "", "2006-09-30": "", "2005-09-30": ""}, "Investing Activities - Other": {"2020-09-30": "9.66700", "2019-09-30": "8.60100", "2018-09-30": "9.35000", "2017-09-30": "39.13100", "2016-09-30": "6.46000", "2015-09-30": "5.42200", "2014-09-30": "2.10900", "2013-09-30": "-4.90400", "2012-09-30": "-4.62500", "2011-09-30": "-4.42100", "2010-09-30": "-0.06600", "2009-09-30": "-7.70700", "2008-09-30": "-10.73600", "2007-09-30": "-10.43600", "2006-09-30": "-5.76700", "2005-09-30": "-2.13100"}, "Cash Flow From Investing Activities": {"2020-09-30": "-1925.51800", "2019-09-30": "-1683.66000", "2018-09-30": "-1463.56600", "2017-09-30": "-1056.30600", "2016-09-30": "-1079.73200", "2015-09-30": "-956.60200", "2014-09-30": "-824.97900", "2013-09-30": "-696.91400", "2012-09-30": "-609.26000", "2011-09-30": "-627.38600", "2010-09-30": "-542.70200", "2009-09-30": "-517.20100", "2008-09-30": "-483.00900", "2007-09-30": "-402.87100", "2006-09-30": "-431.09100", "2005-09-30": "-2252.01000"}, "Net Long-Term Debt": {"2020-09-30": "999.45000", "2019-09-30": "470.22090", "2018-09-30": "", "2017-09-30": "634.91100", "2016-09-30": "", "2015-09-30": "-0.94000", "2014-09-30": "", "2013-09-30": "493.66200", "2012-09-30": "-257.03400", "2011-09-30": "34.33500", "2010-09-30": "-0.13100", "2009-09-30": "38.27000", "2008-09-30": "-10.28400", "2007-09-30": "-55.96800", "2006-09-30": "-3.26400", "2005-09-30": "1282.42200"}, "Net Current Debt": {"2020-09-30": "-464.91500", "2019-09-30": "-110.86500", "2018-09-30": "128.03500", "2017-09-30": "-382.06600", "2016-09-30": "371.88400", "2015-09-30": "261.23200", "2014-09-30": "-171.28900", "2013-09-30": "-208.07000", "2012-09-30": "354.14100", "2011-09-30": "83.30600", "2010-09-30": "54.26800", "2009-09-30": "-283.98100", "2008-09-30": "200.17400", "2007-09-30": "-213.24200", "2006-09-30": "237.60700", "2005-09-30": "144.80900"}, "Debt Issuance/Retirement Net - Total": {"2020-09-30": "534.53500", "2019-09-30": "359.35600", "2018-09-30": "128.03500", "2017-09-30": "252.84500", "2016-09-30": "371.88400", "2015-09-30": "260.29200", "2014-09-30": "-171.28900", "2013-09-30": "285.59200", "2012-09-30": "97.10700", "2011-09-30": "117.64100", "2010-09-30": "54.13700", "2009-09-30": "-245.71100", "2008-09-30": "189.89000", "2007-09-30": "-269.21000", "2006-09-30": "234.34300", "2005-09-30": "1427.23100"}, "Net Common Equity Issued/Repurchased": {"2020-09-30": "643.85000", "2019-09-30": "713.42600", "2018-09-30": "414.65500", "2017-09-30": "125.27800", "2016-09-30": "132.85200", "2015-09-30": "22.96700", "2014-09-30": "385.76200", "2013-09-30": "-5.10400", "2012-09-30": "-16.14800", "2011-09-30": "2.49700", "2010-09-30": "-92.87500", "2009-09-30": "27.68700", "2008-09-30": "25.46600", "2007-09-30": "216.81000", "2006-09-30": "23.27300", "2005-09-30": "418.76700"}, "Net Total Equity Issued/Repurchased": {"2020-09-30": "643.85000", "2019-09-30": "713.42600", "2018-09-30": "414.65500", "2017-09-30": "125.27800", "2016-09-30": "132.85200", "2015-09-30": "22.96700", "2014-09-30": "385.76200", "2013-09-30": "-5.10400", "2012-09-30": "-16.14800", "2011-09-30": "2.49700", "2010-09-30": "-92.87500", "2009-09-30": "27.68700", "2008-09-30": "25.46600", "2007-09-30": "216.81000", "2006-09-30": "23.27300", "2005-09-30": "418.76700"}, "Total Common And Preferred Stock Dividends Paid": {"2020-09-30": "-282.44400", "2019-09-30": "-245.71700", "2018-09-30": "-214.90600", "2017-09-30": "-191.93100", "2016-09-30": "-175.12600", "2015-09-30": "-160.01800", "2014-09-30": "-146.24800", "2013-09-30": "-128.11500", "2012-09-30": "-125.79600", "2011-09-30": "-124.01100", "2010-09-30": "-124.28700", "2009-09-30": "-121.46000", "2008-09-30": "-117.28800", "2007-09-30": "-111.66400", "2006-09-30": "-102.27500", "2005-09-30": "-98.97800"}, "Financial Activities - Other": {"2020-09-30": "-12.16400", "2019-09-30": "-101.39500", "2018-09-30": "-1.51800", "2017-09-30": "-18.10100", "2016-09-30": "-25.98700", "2015-09-30": "7.84200", "2014-09-30": "", "2013-09-30": "-66.62600", "2012-09-30": "", "2011-09-30": "47.88200", "2010-09-30": "", "2009-09-30": "1.93800", "2008-09-30": "", "2007-09-30": "4.75000", "2006-09-30": "", "2005-09-30": "-43.77000"}, "Cash Flow From Financial Activities": {"2020-09-30": "883.77700", "2019-09-30": "725.67000", "2018-09-30": "326.26600", "2017-09-30": "168.09100", "2016-09-30": "303.62300", "2015-09-30": "131.08300", "2014-09-30": "68.22500", "2013-09-30": "85.74700", "2012-09-30": "-44.83700", "2011-09-30": "44.00900", "2010-09-30": "-163.02500", "2009-09-30": "-337.54600", "2008-09-30": "98.06800", "2007-09-30": "-159.31400", "2006-09-30": "155.34100", "2005-09-30": "1703.25000"}, "Net Cash Flow": {"2020-09-30": "-3.74200", "2019-09-30": "10.77900", "2018-09-30": "-12.63800", "2017-09-30": "-21.12500", "2016-09-30": "18.88100", "2015-09-30": "-13.60500", "2014-09-30": "-23.94100", "2013-09-30": "1.96000", "2012-09-30": "-67.18000", "2011-09-30": "-0.53300", "2010-09-30": "20.74900", "2009-09-30": "64.48600", "2008-09-30": "-14.00800", "2007-09-30": "-15.09000", "2006-09-30": "35.69900", "2005-09-30": "-161.81600"}, "Stock-Based Compensation": {"2020-09-30": "9.58300", "2019-09-30": "11.12100", "2018-09-30": "12.86300", "2017-09-30": "14.06400", "2016-09-30": "14.76000", "2015-09-30": "15.98000", "2014-09-30": "14.72100", "2013-09-30": "17.81400", "2012-09-30": "19.22200", "2011-09-30": "11.58600", "2010-09-30": "12.65500", "2009-09-30": "14.49400", "2008-09-30": "14.03200", "2007-09-30": "11.93400", "2006-09-30": "10.23400", "2005-09-30": "3.90100"}, "Common Stock Dividends Paid": {"2020-09-30": "-282.44400", "2019-09-30": "-245.71700", "2018-09-30": "-214.90600", "2017-09-30": "-191.93100", "2016-09-30": "-175.12600", "2015-09-30": "-160.01800", "2014-09-30": "-146.24800", "2013-09-30": "-128.11500", "2012-09-30": "-125.79600", "2011-09-30": "-124.01100", "2010-09-30": "-124.28700", "2009-09-30": "-121.46000", "2008-09-30": "-117.28800", "2007-09-30": "-111.66400", "2006-09-30": "-102.27500", "2005-09-30": "-98.97800"}}, "cash flow statement, quarterly": {"Net Income/Loss": {"2020-12-31": "217.67800", "2020-09-30": 65.333, "2020-06-30": 117.791, "2020-03-31": 239.646, "2019-12-31": "178.67300", "2019-09-30": 58.406, "2019-06-30": 80.466, "2019-03-31": 214.888, "2018-12-31": "157.64600", "2018-09-30": 38.747, "2018-06-30": 71.193, "2018-03-31": 178.992, "2017-12-31": "314.13200", "2017-09-30": 35.853, "2017-06-30": 70.808, "2017-03-31": 164.728, "2016-12-31": "125.03200", "2016-09-30": 34.24, "2016-06-30": 71.193, "2016-03-31": 141.81, "2015-12-31": "102.86100", "2015-09-30": 23.515, "2015-06-30": 56.281, "2015-03-31": 137.684, "2014-12-31": "97.59500", "2014-09-30": 23.713, "2014-06-30": 45.721, "2014-03-31": 133.367, "2013-12-31": "87.01600", "2013-09-30": 7.536, "2013-06-30": 38.768, "2013-03-31": 116.425, "2012-12-31": "80.46500", "2012-09-30": 7.967, "2012-06-30": 31.132, "2012-03-31": 109.111, "2011-12-31": "68.50700", "2011-09-30": 1.961, "2011-06-30": -0.566, "2011-03-31": 132.209, "2010-12-31": "73.99700", "2010-09-30": 1.537, "2010-06-30": -3.154, "2010-03-31": 114.126, "2009-12-31": "93.33000", "2009-09-30": -15.952, "2009-06-30": 1.964, "2009-03-31": 129.003, "2008-12-31": "75.96300", "2008-09-30": 1.582, "2008-06-30": -6.588, "2008-03-31": 111.534, "2007-12-31": "73.80300", "2007-09-30": -5.914, "2007-06-30": -13.36, "2007-03-31": 106.505, "2006-12-31": "81.26100", "2006-09-30": 6.059, "2006-06-30": -18.145, "2006-03-31": 88.796, "2005-12-31": "71.02700", "2005-09-30": -16.802, "2005-06-30": 4.486, "2005-03-31": 148.101}, "Total Depreciation And Amortization - Cash Flow": {"2020-12-31": "115.28500", "2020-09-30": 123.289, "2020-06-30": 107.104, "2020-03-31": 105.916, "2019-12-31": "105.06200", "2019-09-30": 110.383, "2019-06-30": 97.7, "2019-03-31": 96.772, "2018-12-31": "96.06500", "2018-09-30": 100.522, "2018-06-30": 90.671, "2018-03-31": 89.381, "2017-12-31": "88.37400", "2017-09-30": 91.269, "2017-06-30": 80.023, "2017-03-31": 77.667, "2016-12-31": "77.14300", "2016-09-30": 76.426, "2016-06-30": 73.459, "2016-03-31": 71.972, "2015-12-31": "71.23900", "2015-09-30": 70.737, "2015-06-30": 68.444, "2015-03-31": 68.022, "2014-12-31": "67.59300", "2014-09-30": 68.256, "2014-06-30": 63.955, "2014-03-31": 61.307, "2013-12-31": "60.46900", "2013-09-30": 60.191, "2013-06-30": 58.129, "2013-03-31": 58.108, "2012-12-31": "60.50000", "2012-09-30": 62.209, "2012-06-30": 61.352, "2012-03-31": 61.799, "2011-12-31": "60.73300", "2011-09-30": 61.429, "2011-06-30": 58.429, "2011-03-31": 57.136, "2010-12-31": "56.16100", "2010-09-30": 56.753, "2010-06-30": 53.288, "2010-03-31": 53.08, "2009-12-31": "53.83900", "2009-09-30": 56.451, "2009-06-30": 54.181, "2009-03-31": 53.45, "2008-12-31": "53.12600", "2008-09-30": 52.783, "2008-06-30": 50.356, "2008-03-31": 48.79, "2007-12-31": "48.51300", "2007-09-30": 49.828, "2007-06-30": 48.974, "2007-03-31": 51.066, "2006-12-31": "48.99500", "2006-09-30": 48.422, "2006-06-30": 46.838, "2006-03-31": 47.076, "2005-12-31": "43.26000", "2005-09-30": 45.234, "2005-06-30": 43.448, "2005-03-31": 89.323}, "Other Non-Cash Items": {"2020-12-31": "64.58700", "2020-09-30": 3.416, "2020-06-30": 6.37, "2020-03-31": 63.938, "2019-12-31": "46.72600", "2019-09-30": 11.74, "2019-06-30": 23.335, "2019-03-31": 56.546, "2018-12-31": "40.33900", "2018-09-30": 38.022, "2018-06-30": 23.982, "2018-03-31": 52.168, "2017-12-31": "-101.82000", "2017-09-30": 38.099, "2017-06-30": 54.491, "2017-03-31": 68.485, "2016-12-31": "56.66200", "2016-09-30": 42.941, "2016-06-30": 38.586, "2016-03-31": 73.157, "2015-12-31": "59.29900", "2015-09-30": 49.308, "2015-06-30": 33.622, "2015-03-31": 76.165, "2014-12-31": "55.69300", "2014-09-30": 62.956, "2014-06-30": 30.975, "2014-03-31": 72.803, "2013-12-31": "47.34800", "2013-09-30": 37.498, "2013-06-30": 15.452, "2013-03-31": 61.077, "2012-12-31": "46.07900", "2012-09-30": 6.569, "2012-06-30": 18.768, "2012-03-31": 62.135, "2011-12-31": "40.12000", "2011-09-30": 22.968, "2011-06-30": 11.225, "2011-03-31": 91.213, "2010-12-31": "43.46900", "2010-09-30": 35.026, "2010-06-30": 142.248, "2010-03-31": 31.325, "2009-12-31": "12.86800", "2009-09-30": 97.375, "2009-06-30": -35.195, "2009-03-31": 70.73, "2008-12-31": "27.18300", "2008-09-30": 44.814, "2008-06-30": 5.626, "2008-03-31": 60.343, "2007-12-31": "12.00100", "2007-09-30": 54.029, "2007-06-30": -35.459, "2007-03-31": 58.921, "2006-12-31": "13.95200", "2006-09-30": 94.328, "2006-06-30": -22.014, "2006-03-31": 37.938, "2005-12-31": "20.59500", "2005-09-30": 8.282, "2005-06-30": -24.745, "2005-03-31": 43.082}, "Total Non-Cash Items": {"2020-12-31": "179.87200", "2020-09-30": 126.705, "2020-06-30": 113.474, "2020-03-31": 169.854, "2019-12-31": "151.78800", "2019-09-30": 122.123, "2019-06-30": 121.035, "2019-03-31": 153.318, "2018-12-31": "136.40400", "2018-09-30": 138.544, "2018-06-30": 114.653, "2018-03-31": 141.549, "2017-12-31": "-13.44600", "2017-09-30": 129.368, "2017-06-30": 134.514, "2017-03-31": 146.152, "2016-12-31": "133.80500", "2016-09-30": 119.367, "2016-06-30": 112.045, "2016-03-31": 145.129, "2015-12-31": "130.53800", "2015-09-30": 120.045, "2015-06-30": 102.066, "2015-03-31": 144.187, "2014-12-31": "123.28600", "2014-09-30": 131.212, "2014-06-30": 94.93, "2014-03-31": 134.11, "2013-12-31": "107.81700", "2013-09-30": 97.689, "2013-06-30": 73.581, "2013-03-31": 119.185, "2012-12-31": "106.57900", "2012-09-30": 68.778, "2012-06-30": 80.12, "2012-03-31": 123.934, "2011-12-31": "100.85300", "2011-09-30": 84.397, "2011-06-30": 69.654, "2011-03-31": 148.349, "2010-12-31": "99.63000", "2010-09-30": 91.779, "2010-06-30": 195.536, "2010-03-31": 84.405, "2009-12-31": "66.70700", "2009-09-30": 153.826, "2009-06-30": 18.986, "2009-03-31": 124.18, "2008-12-31": "80.30900", "2008-09-30": 97.597, "2008-06-30": 55.982, "2008-03-31": 109.133, "2007-12-31": "60.51400", "2007-09-30": 103.857, "2007-06-30": 13.515, "2007-03-31": 109.987, "2006-12-31": "62.94700", "2006-09-30": 142.75, "2006-06-30": 24.824, "2006-03-31": 85.014, "2005-12-31": "63.85500", "2005-09-30": 53.516, "2005-06-30": 18.703, "2005-03-31": 132.405}, "Change In Accounts Receivable": {"2020-12-31": "", "2020-09-30": 7.167, "2020-06-30": 0, "2020-03-31": 0, "2019-12-31": "", "2019-09-30": 18.724, "2019-06-30": 0, "2019-03-31": 0, "2018-12-31": "", "2018-09-30": -29.208, "2018-06-30": 0, "2018-03-31": 0, "2017-12-31": "", "2017-09-30": -58.696, "2017-06-30": 0, "2017-03-31": 0, "2016-12-31": "", "2016-09-30": -4.847, "2016-06-30": 0, "2016-03-31": 0, "2015-12-31": "", "2015-09-30": 48.24, "2015-06-30": 0, "2015-03-31": 0, "2014-12-31": "", "2014-09-30": -41.408, "2014-06-30": 0, "2014-03-31": 0, "2013-12-31": "", "2013-09-30": -73.669, "2013-06-30": 0, "2013-03-31": 0, "2012-12-31": "", "2012-09-30": 32.578, "2012-06-30": 0, "2012-03-31": 0, "2011-12-31": "", "2011-09-30": -0.096, "2011-06-30": 0, "2011-03-31": 0, "2010-12-31": "", "2010-09-30": -40.401, "2010-06-30": 0, "2010-03-31": 0, "2009-12-31": "", "2009-09-30": 244.713, "2009-06-30": 0, "2009-03-31": 0, "2008-12-31": "", "2008-09-30": -97.018, "2008-06-30": 0, "2008-03-31": 0, "2007-12-31": "", "2007-09-30": -6.407, "2007-06-30": 0, "2007-03-31": 0, "2006-12-31": "", "2006-09-30": 78.407, "2006-06-30": 0, "2006-03-31": 0, "2005-12-31": "", "2005-09-30": -166.692, "2005-06-30": 0, "2005-03-31": 0}, "Change In Inventories": {"2020-12-31": "", "2020-09-30": 18.188, "2020-06-30": 0, "2020-03-31": 0, "2019-12-31": "", "2019-09-30": 35.594, "2019-06-30": 0, "2019-03-31": 0, "2018-12-31": "", "2018-09-30": 18.921, "2018-06-30": 0, "2018-03-31": 0, "2017-12-31": "", "2017-09-30": -35.126, "2017-06-30": 0, "2017-03-31": 0, "2016-12-31": "", "2016-09-30": 20.577, "2016-06-30": 0, "2016-03-31": 0, "2015-12-31": "", "2015-09-30": 33.234, "2015-06-30": 0, "2015-03-31": 0, "2014-12-31": "", "2014-09-30": -31.996, "2014-06-30": 0, "2014-03-31": 0, "2013-12-31": "", "2013-09-30": 31.979, "2013-06-30": 0, "2013-03-31": 0, "2012-12-31": "", "2012-09-30": 28.417, "2012-06-30": 0, "2012-03-31": 0, "2011-12-31": "", "2011-09-30": 27.737, "2011-06-30": 0, "2011-03-31": 0, "2010-12-31": "", "2010-09-30": 54.014, "2010-06-30": 0, "2010-03-31": 0, "2009-12-31": "", "2009-09-30": 194.287, "2009-06-30": 0, "2009-03-31": 0, "2008-12-31": "", "2008-09-30": -54.726, "2008-06-30": 0, "2008-03-31": 0, "2007-12-31": "", "2007-09-30": -12.317, "2007-06-30": 0, "2007-03-31": 0, "2006-12-31": "", "2006-09-30": -10.695, "2006-06-30": 0, "2006-03-31": 0, "2005-12-31": "", "2005-09-30": -112.796, "2005-06-30": 0, "2005-03-31": 0}, "Change In Accounts Payable": {"2020-12-31": "", "2020-09-30": 7.359, "2020-06-30": 0, "2020-03-31": 0, "2019-12-31": "", "2019-09-30": 9.908, "2019-06-30": 0, "2019-03-31": 0, "2018-12-31": "", "2018-09-30": -11.857, "2018-06-30": 0, "2018-03-31": 0, "2017-12-31": "", "2017-09-30": 53.017, "2017-06-30": 0, "2017-03-31": 0, "2016-12-31": "", "2016-09-30": -5.195, "2016-06-30": 0, "2016-03-31": 0, "2015-12-31": "", "2015-09-30": -59.112, "2015-06-30": 0, "2015-03-31": 0, "2014-12-31": "", "2014-09-30": 60.465, "2014-06-30": 0, "2014-03-31": 0, "2013-12-31": "", "2013-09-30": 31.912, "2013-06-30": 0, "2013-03-31": 0, "2012-12-31": "", "2012-09-30": -64.234, "2012-06-30": 0, "2012-03-31": 0, "2011-12-31": "", "2011-09-30": 23.904, "2011-06-30": 0, "2011-03-31": 0, "2010-12-31": "", "2010-09-30": 58.069, "2010-06-30": 0, "2010-03-31": 0, "2009-12-31": "", "2009-09-30": -181.978, "2009-06-30": 0, "2009-03-31": 0, "2008-12-31": "", "2008-09-30": 39.902, "2008-06-30": 0, "2008-03-31": 0, "2007-12-31": "", "2007-09-30": -8.428, "2007-06-30": 0, "2007-03-31": 0, "2006-12-31": "", "2006-09-30": -116.06, "2006-06-30": 0, "2006-03-31": 0, "2005-12-31": "", "2005-09-30": 224.375, "2005-06-30": 0, "2005-03-31": 0}, "Change In Assets/Liabilities": {"2020-12-31": "-237.50500", "2020-09-30": -84.715, "2020-06-30": 31.655, "2020-03-31": 44.07, "2019-12-31": "-157.40000", "2019-09-30": -76.434, "2019-06-30": 42.283, "2019-03-31": 28.836, "2018-12-31": "-135.59700", "2018-09-30": -53.211, "2018-06-30": 92.328, "2018-03-31": 245.336, "2017-12-31": "-127.44800", "2017-09-30": -2.984, "2017-06-30": -1.373, "2017-03-31": 118.611, "2016-12-31": "-146.71600", "2016-09-30": 14.313, "2016-06-30": -11.906, "2016-03-31": 90.575, "2015-12-31": "-166.72900", "2015-09-30": -53.803, "2015-06-30": 10.573, "2015-03-31": 226.119, "2014-12-31": "-198.35500", "2014-09-30": -18.337, "2014-06-30": -12.263, "2014-03-31": 183.686, "2013-12-31": "-165.76100", "2013-09-30": 25.452, "2013-06-30": 11.944, "2013-03-31": 108.596, "2012-12-31": "-160.42800", "2012-09-30": 17.484, "2012-06-30": 34.319, "2012-03-31": 137.787, "2011-12-31": "-189.34300", "2011-09-30": -57.733, "2011-06-30": 6.331, "2011-03-31": 106.546, "2010-12-31": "-132.51500", "2010-09-30": -13.416, "2010-06-30": -87.942, "2010-03-31": 182.394, "2009-12-31": "-69.26300", "2009-09-30": -276.071, "2009-06-30": 179.647, "2009-03-31": 204.773, "2008-12-31": "-13.24000", "2008-09-30": -15.526, "2008-06-30": -117.119, "2008-03-31": 194.641, "2007-12-31": "-77.28600", "2007-09-30": -56.891, "2007-06-30": 32.101, "2007-03-31": 125.712, "2006-12-31": "16.04300", "2006-09-30": 2.479, "2006-06-30": 63.897, "2006-03-31": 166.043, "2005-12-31": "-333.93100", "2005-09-30": 27.163, "2005-06-30": -40.15, "2005-03-31": 116.272}, "Total Change In Assets/Liabilities": {"2020-12-31": "-237.50500", "2020-09-30": -52.001, "2020-06-30": 31.655, "2020-03-31": 44.07, "2019-12-31": "-157.40000", "2019-09-30": -12.208, "2019-06-30": 42.283, "2019-03-31": 28.836, "2018-12-31": "-135.59700", "2018-09-30": -75.355, "2018-06-30": 92.328, "2018-03-31": 245.336, "2017-12-31": "-127.44800", "2017-09-30": -43.789, "2017-06-30": -1.373, "2017-03-31": 118.611, "2016-12-31": "-146.71600", "2016-09-30": 24.848, "2016-06-30": -11.906, "2016-03-31": 90.575, "2015-12-31": "-166.72900", "2015-09-30": -31.441, "2015-06-30": 10.573, "2015-03-31": 226.119, "2014-12-31": "-198.35500", "2014-09-30": -31.276, "2014-06-30": -12.263, "2014-03-31": 183.686, "2013-12-31": "-165.76100", "2013-09-30": 15.674, "2013-06-30": 11.944, "2013-03-31": 108.596, "2012-12-31": "-160.42800", "2012-09-30": 14.245, "2012-06-30": 34.319, "2012-03-31": 137.787, "2011-12-31": "-189.34300", "2011-09-30": -6.188, "2011-06-30": 6.331, "2011-03-31": 106.546, "2010-12-31": "-132.51500", "2010-09-30": 58.266, "2010-06-30": -87.942, "2010-03-31": 182.394, "2009-12-31": "-69.26300", "2009-09-30": -19.049, "2009-06-30": 179.647, "2009-03-31": 204.773, "2008-12-31": "-13.24000", "2008-09-30": -127.368, "2008-06-30": -117.119, "2008-03-31": 194.641, "2007-12-31": "-77.28600", "2007-09-30": -84.043, "2007-06-30": 32.101, "2007-03-31": 125.712, "2006-12-31": "16.04300", "2006-09-30": -45.869, "2006-06-30": 63.897, "2006-03-31": 166.043, "2005-12-31": "-333.93100", "2005-09-30": -27.95, "2005-06-30": -40.15, "2005-03-31": 116.272}, "Cash Flow From Operating Activities": {"2020-12-31": "157.06900", "2020-09-30": 142.513, "2020-06-30": 261.711, "2020-03-31": 461.33, "2019-12-31": "172.44500", "2019-09-30": 159.841, "2019-06-30": 248.099, "2019-03-31": 396.145, "2018-12-31": "164.68400", "2018-09-30": 89.366, "2018-06-30": 283.929, "2018-03-31": 578.129, "2017-12-31": "173.23800", "2017-09-30": 121.529, "2017-06-30": 193.558, "2017-03-31": 435.04, "2016-12-31": "116.96300", "2016-09-30": 165.044, "2016-06-30": 176.991, "2016-03-31": 382.814, "2015-12-31": "70.14100", "2015-09-30": 94.332, "2015-06-30": 176.734, "2015-03-31": 513.433, "2014-12-31": "27.41500", "2014-09-30": 102.603, "2014-06-30": 139.229, "2014-03-31": 456.681, "2013-12-31": "34.30000", "2013-09-30": 103.552, "2013-06-30": 133.234, "2013-03-31": 346.483, "2012-12-31": "29.85800", "2012-09-30": 68.111, "2012-06-30": 158.083, "2012-03-31": 376.014, "2011-12-31": "-15.29100", "2011-09-30": 63.282, "2011-06-30": 81.091, "2011-03-31": 392.647, "2010-12-31": "45.82400", "2010-09-30": 131.912, "2010-06-30": 111.106, "2010-03-31": 388.302, "2009-12-31": "95.15600", "2009-09-30": 94.639, "2009-06-30": 209.972, "2009-03-31": 463.907, "2008-12-31": "150.71500", "2008-09-30": -46.448, "2008-06-30": -61.811, "2008-03-31": 417.755, "2007-12-31": "61.43700", "2007-09-30": -5.575, "2007-06-30": 40.743, "2007-03-31": 346.958, "2006-12-31": "164.96900", "2006-09-30": 88.006, "2006-06-30": 75.052, "2006-03-31": 343.76, "2005-12-31": "-195.36900", "2005-09-30": -0.466, "2005-06-30": -12.683, "2005-03-31": 400.093}, "Net Change In Property, Plant, And Equipment": {"2020-12-31": "-456.80900", "2020-09-30": -530.003, "2020-06-30": -410.936, "2020-03-31": -465.551, "2019-12-31": "-529.18600", "2019-09-30": -494.278, "2019-06-30": -421.613, "2019-03-31": -361.182, "2018-12-31": "-416.40400", "2018-09-30": -379.119, "2018-06-30": -397.494, "2018-03-31": -307.74, "2017-12-31": "-383.23800", "2017-09-30": -324.941, "2017-06-30": -252.763, "2017-03-31": -261.423, "2016-12-31": "-297.96200", "2016-09-30": -297.262, "2016-06-30": -253.684, "2016-03-31": -245.592, "2015-12-31": "-290.41200", "2015-09-30": -296.138, "2015-06-30": -225.839, "2015-03-31": -180.331, "2014-12-31": "-261.31300", "2014-09-30": -271.841, "2014-06-30": -193.591, "2014-03-31": -178.442, "2013-12-31": "-180.56700", "2013-09-30": -109.537, "2013-06-30": -193.356, "2013-03-31": -199.09, "2012-12-31": "-190.02700", "2012-09-30": -235.484, "2012-06-30": -186.251, "2012-03-31": -156.729, "2011-12-31": "-154.39400", "2011-09-30": -232.682, "2011-06-30": -143.62, "2011-03-31": -123.501, "2010-12-31": "-123.16200", "2010-09-30": -180.287, "2010-06-30": -129.72, "2010-03-31": -117.19, "2009-12-31": "-115.43900", "2009-09-30": -167.168, "2009-06-30": -120.996, "2009-03-31": -113.963, "2008-12-31": "-107.36700", "2008-09-30": -159.395, "2008-06-30": -114.156, "2008-03-31": -104.567, "2007-12-31": "-94.15500", "2007-09-30": -129.412, "2007-06-30": -90.231, "2007-03-31": -85.806, "2006-12-31": "-86.98600", "2006-09-30": -102.633, "2006-06-30": -109.461, "2006-03-31": -110.765, "2005-12-31": "-102.46500", "2005-09-30": -106.332, "2005-06-30": -89.385, "2005-03-31": -137.466}, "Net Change In Intangible Assets": {"2020-12-31": "", "2020-09-30": 0, "2020-06-30": 0, "2020-03-31": 0, "2019-12-31": "", "2019-09-30": 0, "2019-06-30": 0, "2019-03-31": 0, "2018-12-31": "", "2018-09-30": 0, "2018-06-30": 0, "2018-03-31": 0, "2017-12-31": "", "2017-09-30": 0, "2017-06-30": 0, "2017-03-31": 0, "2016-12-31": "", "2016-09-30": 0, "2016-06-30": 0, "2016-03-31": 0, "2015-12-31": "", "2015-09-30": 0, "2015-06-30": 0, "2015-03-31": 0, "2014-12-31": "", "2014-09-30": 0, "2014-06-30": 0, "2014-03-31": 0, "2013-12-31": "", "2013-09-30": 0, "2013-06-30": 0, "2013-03-31": 0, "2012-12-31": "", "2012-09-30": 0, "2012-06-30": 0, "2012-03-31": 0, "2011-12-31": "", "2011-09-30": 0, "2011-06-30": 0, "2011-03-31": 0, "2010-12-31": "", "2010-09-30": 0, "2010-06-30": 0, "2010-03-31": 0, "2009-12-31": "", "2009-09-30": 0, "2009-06-30": 0, "2009-03-31": 0, "2008-12-31": "", "2008-09-30": 0, "2008-06-30": 0, "2008-03-31": 0, "2007-12-31": "", "2007-09-30": 0, "2007-06-30": 0, "2007-03-31": 0, "2006-12-31": "", "2006-09-30": 0, "2006-06-30": 0, "2006-03-31": 0, "2005-12-31": "", "2005-09-30": 0, "2005-06-30": 0, "2005-03-31": 0}, "Net Acquisitions/Divestitures": {"2020-12-31": "", "2020-09-30": 0, "2020-06-30": 0, "2020-03-31": 0, "2019-12-31": "", "2019-09-30": 0, "2019-06-30": 0, "2019-03-31": 4, "2018-12-31": "", "2018-09-30": 0, "2018-06-30": 3, "2018-03-31": 0, "2017-12-31": "", "2017-09-30": 0, "2017-06-30": 6.279, "2017-03-31": 133.56, "2016-12-31": "-85.71400", "2016-09-30": 0, "2016-06-30": 0, "2016-03-31": 0, "2015-12-31": "", "2015-09-30": 0, "2015-06-30": 0, "2015-03-31": 0, "2014-12-31": "", "2014-09-30": 0, "2014-06-30": 0, "2014-03-31": 0, "2013-12-31": "", "2013-09-30": -153.023, "2013-06-30": 153.023, "2013-03-31": 0, "2012-12-31": "", "2012-09-30": 128.223, "2012-06-30": 0, "2012-03-31": 0, "2011-12-31": "", "2011-09-30": 0, "2011-06-30": 0, "2011-03-31": 0, "2010-12-31": "", "2010-09-30": 0, "2010-06-30": 0, "2010-03-31": 0, "2009-12-31": "", "2009-09-30": 0, "2009-06-30": 0, "2009-03-31": 0, "2008-12-31": "", "2008-09-30": 0, "2008-06-30": 0, "2008-03-31": 0, "2007-12-31": "", "2007-09-30": 0, "2007-06-30": 0, "2007-03-31": 0, "2006-12-31": "", "2006-09-30": 0, "2006-06-30": 0, "2006-03-31": 0, "2005-12-31": "", "2005-09-30": -0.042, "2005-06-30": -4.122, "2005-03-31": -1912.532}, "Net Change In Short-term Investments": {"2020-12-31": "", "2020-09-30": 0, "2020-06-30": 0, "2020-03-31": 0, "2019-12-31": "", "2019-09-30": 0, "2019-06-30": 0, "2019-03-31": 0, "2018-12-31": "", "2018-09-30": 0, "2018-06-30": 0, "2018-03-31": 0, "2017-12-31": "", "2017-09-30": 0, "2017-06-30": 0, "2017-03-31": 0, "2016-12-31": "", "2016-09-30": 0, "2016-06-30": 0, "2016-03-31": 0, "2015-12-31": "", "2015-09-30": 0, "2015-06-30": 0, "2015-03-31": 0, "2014-12-31": "", "2014-09-30": 0, "2014-06-30": 0, "2014-03-31": 0, "2013-12-31": "", "2013-09-30": 0, "2013-06-30": 0, "2013-03-31": 0, "2012-12-31": "", "2012-09-30": 0, "2012-06-30": 0, "2012-03-31": 0, "2011-12-31": "", "2011-09-30": 0, "2011-06-30": 0, "2011-03-31": 0, "2010-12-31": "", "2010-09-30": 0, "2010-06-30": 0, "2010-03-31": 0, "2009-12-31": "", "2009-09-30": 0, "2009-06-30": 0, "2009-03-31": 0, "2008-12-31": "", "2008-09-30": 0, "2008-06-30": 0, "2008-03-31": 0, "2007-12-31": "", "2007-09-30": 0, "2007-06-30": 0, "2007-03-31": 0, "2006-12-31": "", "2006-09-30": 0, "2006-06-30": 0, "2006-03-31": 0, "2005-12-31": "", "2005-09-30": 0, "2005-06-30": 0, "2005-03-31": 0}, "Net Change In Long-Term Investments": {"2020-12-31": "0.51100", "2020-09-30": 1.183, "2020-06-30": 0.439, "2020-03-31": 0.471, "2019-12-31": "-1.60200", "2019-09-30": 1.257, "2019-06-30": -4.818, "2019-03-31": 1.74, "2018-12-31": "-0.96300", "2018-09-30": -0.468, "2018-06-30": -6.682, "2018-03-31": -1.04, "2017-12-31": "-0.13500", "2017-09-30": 1.856, "2017-06-30": -5.411, "2017-03-31": 1.345, "2016-12-31": "-10.26300", "2016-09-30": 0.2, "2016-06-30": 2.675, "2016-03-31": 0.146, "2015-12-31": "-2.26300", "2015-09-30": 1.597, "2015-06-30": 0, "2015-03-31": 0, "2014-12-31": "", "2014-09-30": -2.647, "2014-06-30": 0, "2014-03-31": 0, "2013-12-31": "", "2013-09-30": 0, "2013-06-30": 0, "2013-03-31": 0, "2012-12-31": "", "2012-09-30": 0, "2012-06-30": 0, "2012-03-31": 0, "2011-12-31": "", "2011-09-30": 0, "2011-06-30": 0, "2011-03-31": 0, "2010-12-31": "", "2010-09-30": 0, "2010-06-30": 0, "2010-03-31": 0, "2009-12-31": "", "2009-09-30": 0, "2009-06-30": 0, "2009-03-31": 0, "2008-12-31": "", "2008-09-30": 0, "2008-06-30": 0, "2008-03-31": 0, "2007-12-31": "", "2007-09-30": 0, "2007-06-30": 0, "2007-03-31": 0, "2006-12-31": "", "2006-09-30": 0, "2006-06-30": 0, "2006-03-31": 0, "2005-12-31": "", "2005-09-30": 0, "2005-06-30": 0, "2005-03-31": 0}, "Net Change In Investments - Total": {"2020-12-31": "0.51100", "2020-09-30": 1.183, "2020-06-30": 0.439, "2020-03-31": 0.471, "2019-12-31": "-1.60200", "2019-09-30": 1.257, "2019-06-30": -4.818, "2019-03-31": 1.74, "2018-12-31": "-0.96300", "2018-09-30": -0.468, "2018-06-30": -6.682, "2018-03-31": -1.04, "2017-12-31": "-0.13500", "2017-09-30": 1.856, "2017-06-30": -5.411, "2017-03-31": 1.345, "2016-12-31": "-10.26300", "2016-09-30": 0.2, "2016-06-30": 2.675, "2016-03-31": 0.146, "2015-12-31": "-2.26300", "2015-09-30": 1.597, "2015-06-30": 0, "2015-03-31": 0, "2014-12-31": "", "2014-09-30": -2.647, "2014-06-30": 0, "2014-03-31": 0, "2013-12-31": "", "2013-09-30": 0, "2013-06-30": 0, "2013-03-31": 0, "2012-12-31": "", "2012-09-30": 0, "2012-06-30": 0, "2012-03-31": 0, "2011-12-31": "", "2011-09-30": 0, "2011-06-30": 0, "2011-03-31": 0, "2010-12-31": "", "2010-09-30": 0, "2010-06-30": 0, "2010-03-31": 0, "2009-12-31": "", "2009-09-30": 0, "2009-06-30": 0, "2009-03-31": 0, "2008-12-31": "", "2008-09-30": 0, "2008-06-30": 0, "2008-03-31": 0, "2007-12-31": "", "2007-09-30": 0, "2007-06-30": 0, "2007-03-31": 0, "2006-12-31": "", "2006-09-30": 0, "2006-06-30": 0, "2006-03-31": 0, "2005-12-31": "", "2005-09-30": 0, "2005-06-30": 0, "2005-03-31": 0}, "Investing Activities - Other": {"2020-12-31": "2.70600", "2020-09-30": 3.569, "2020-06-30": 1.467, "2020-03-31": 2.078, "2019-12-31": "2.55300", "2019-09-30": 4.762, "2019-06-30": -0.549, "2019-03-31": 2.314, "2018-12-31": "2.07400", "2018-09-30": 3.245, "2018-06-30": 2.096, "2018-03-31": 2.008, "2017-12-31": "2.00100", "2017-09-30": 14.134, "2017-06-30": 21.21, "2017-03-31": 1.985, "2016-12-31": "1.80200", "2016-09-30": 0.729, "2016-06-30": 1.134, "2016-03-31": 2.215, "2015-12-31": "2.38200", "2015-09-30": 6.541, "2015-06-30": 0.227, "2015-03-31": -0.607, "2014-12-31": "-0.73900", "2014-09-30": 2.729, "2014-06-30": 4.284, "2014-03-31": 0.963, "2013-12-31": "-5.86700", "2013-09-30": -1.765, "2013-06-30": 0.561, "2013-03-31": -2.427, "2012-12-31": "-1.27300", "2012-09-30": -0.378, "2012-06-30": -0.369, "2012-03-31": -2.798, "2011-12-31": "-1.08000", "2011-09-30": -1.048, "2011-06-30": -1.838, "2011-03-31": -1.165, "2010-12-31": "-0.37000", "2010-09-30": 0.372, "2010-06-30": 0.508, "2010-03-31": 0.927, "2009-12-31": "-1.87300", "2009-09-30": -1.613, "2009-06-30": -2.169, "2009-03-31": -2.715, "2008-12-31": "-1.21000", "2008-09-30": -6.433, "2008-06-30": -1.171, "2008-03-31": -1.258, "2007-12-31": "-1.87400", "2007-09-30": -0.569, "2007-06-30": -6.118, "2007-03-31": -2.425, "2006-12-31": "-1.32400", "2006-09-30": -0.956, "2006-06-30": -1.969, "2006-03-31": -1.721, "2005-12-31": "-1.12100", "2005-09-30": -0.483, "2005-06-30": 0.309, "2005-03-31": -1.957}, "Cash Flow From Investing Activities": {"2020-12-31": "-453.59200", "2020-09-30": -525.251, "2020-06-30": -409.03, "2020-03-31": -463.002, "2019-12-31": "-528.23500", "2019-09-30": -488.259, "2019-06-30": -426.98, "2019-03-31": -353.128, "2018-12-31": "-415.29300", "2018-09-30": -376.342, "2018-06-30": -399.08, "2018-03-31": -306.772, "2017-12-31": "-381.37200", "2017-09-30": -308.951, "2017-06-30": -230.685, "2017-03-31": -124.533, "2016-12-31": "-392.13700", "2016-09-30": -296.333, "2016-06-30": -249.875, "2016-03-31": -243.231, "2015-12-31": "-290.29300", "2015-09-30": -288, "2015-06-30": -225.612, "2015-03-31": -180.938, "2014-12-31": "-262.05200", "2014-09-30": -271.759, "2014-06-30": -189.307, "2014-03-31": -177.479, "2013-12-31": "-186.43400", "2013-09-30": -264.325, "2013-06-30": -39.772, "2013-03-31": -201.517, "2012-12-31": "-191.30000", "2012-09-30": -107.639, "2012-06-30": -186.62, "2012-03-31": -159.527, "2011-12-31": "-155.47400", "2011-09-30": -233.73, "2011-06-30": -145.458, "2011-03-31": -124.666, "2010-12-31": "-123.53200", "2010-09-30": -179.915, "2010-06-30": -129.212, "2010-03-31": -116.263, "2009-12-31": "-117.31200", "2009-09-30": -168.781, "2009-06-30": -123.165, "2009-03-31": -116.678, "2008-12-31": "-108.57700", "2008-09-30": -165.828, "2008-06-30": -115.327, "2008-03-31": -105.825, "2007-12-31": "-96.02900", "2007-09-30": -129.981, "2007-06-30": -96.349, "2007-03-31": -88.231, "2006-12-31": "-88.31000", "2006-09-30": -103.589, "2006-06-30": -111.43, "2006-03-31": -112.486, "2005-12-31": "-103.58600", "2005-09-30": -106.857, "2005-06-30": -93.198, "2005-03-31": -2051.955}, "Net Long-Term Debt": {"2020-12-31": "597.39000", "2020-09-30": 0, "2020-06-30": 200, "2020-03-31": 0, "2019-12-31": "799.45000", "2019-09-30": -125, "2019-06-30": 0, "2019-03-31": -1.7731, "2018-12-31": "596.99400", "2018-09-30": 0, "2018-06-30": 0, "2018-03-31": 0, "2017-12-31": "", "2017-09-30": 0, "2017-06-30": 509.911, "2017-03-31": 0, "2016-12-31": "125.00000", "2016-09-30": 0, "2016-06-30": 0, "2016-03-31": 0, "2015-12-31": "", "2015-09-30": 5.522, "2015-06-30": 0, "2015-03-31": 0, "2014-12-31": "-6.46200", "2014-09-30": 0, "2014-06-30": 0, "2014-03-31": 0, "2013-12-31": "", "2013-09-30": 0, "2013-06-30": 0, "2013-03-31": 493.662, "2012-12-31": "", "2012-09-30": -254.665, "2012-06-30": 0, "2012-03-31": -0.066, "2011-12-31": "-2.30300", "2011-09-30": -0.217, "2011-06-30": 44.618, "2011-03-31": -0.066, "2010-12-31": "-10.00000", "2010-09-30": -0.065, "2010-06-30": 0, "2010-03-31": -0.066, "2009-12-31": "", "2009-09-30": -0.066, "2009-06-30": -407.227, "2009-03-31": 445.841, "2008-12-31": "-0.27800", "2008-09-30": -0.339, "2008-06-30": -7.692, "2008-03-31": -0.512, "2007-12-31": "-1.74100", "2007-09-30": -300.744, "2007-06-30": 246.982, "2007-03-31": -0.489, "2006-12-31": "-1.71700", "2006-09-30": -0.646, "2006-06-30": -0.456, "2006-03-31": -0.467, "2005-12-31": "-1.69500", "2005-09-30": -0.624, "2005-06-30": -98.952, "2005-03-31": 1381.998}, "Net Current Debt": {"2020-12-31": "", "2020-09-30": 0, "2020-06-30": -199.923, "2020-03-31": 199.923, "2019-12-31": "-464.91500", "2019-09-30": 389.973, "2019-06-30": 74.942, "2019-03-31": 0, "2018-12-31": "-575.78000", "2018-09-30": 331.003, "2018-06-30": 115.175, "2018-03-31": -207.214, "2017-12-31": "-110.92900", "2017-09-30": 189.172, "2017-06-30": -412.034, "2017-03-31": -270.14, "2016-12-31": "110.93600", "2016-09-30": 159.345, "2016-06-30": 43.537, "2016-03-31": -136.307, "2015-12-31": "305.30900", "2015-09-30": 212.402, "2015-06-30": 26.991, "2015-03-31": -328.735, "2014-12-31": "350.57400", "2014-09-30": 195.313, "2014-06-30": 2.41, "2014-03-31": -689.795, "2013-12-31": "320.78300", "2013-09-30": 227.014, "2013-06-30": -92.943, "2013-03-31": -599.074, "2012-12-31": "256.93300", "2012-09-30": 360.829, "2012-06-30": 42.257, "2012-03-31": -222.85, "2011-12-31": "173.90500", "2011-09-30": 215.378, "2011-06-30": -3.188, "2011-03-31": -241.512, "2010-12-31": "112.62800", "2010-09-30": 130.287, "2010-06-30": -0.112, "2010-03-31": -187.242, "2009-12-31": "111.33500", "2009-09-30": 82.468, "2009-06-30": -12.981, "2009-03-31": -358.78, "2008-12-31": "5.31200", "2008-09-30": 235.895, "2008-06-30": 114.861, "2008-03-31": -201.272, "2007-12-31": "50.69000", "2007-09-30": 169.174, "2007-06-30": 0, "2007-03-31": -154.471, "2006-12-31": "-227.94500", "2006-09-30": 85.329, "2006-06-30": 34.772, "2006-03-31": -211.744, "2005-12-31": "329.25000", "2005-09-30": 144.809, "2005-06-30": 0, "2005-03-31": 0}, "Debt Issuance/Retirement Net - Total": {"2020-12-31": "597.39000", "2020-09-30": 0, "2020-06-30": 0.077, "2020-03-31": 199.923, "2019-12-31": "334.53500", "2019-09-30": 264.9731, "2019-06-30": 74.942, "2019-03-31": -1.7731, "2018-12-31": "21.21400", "2018-09-30": 331.003, "2018-06-30": 115.175, "2018-03-31": -207.214, "2017-12-31": "-110.92900", "2017-09-30": 189.172, "2017-06-30": 97.877, "2017-03-31": -270.14, "2016-12-31": "235.93600", "2016-09-30": 159.345, "2016-06-30": 43.537, "2016-03-31": -136.307, "2015-12-31": "305.30900", "2015-09-30": 217.924, "2015-06-30": 26.991, "2015-03-31": -328.735, "2014-12-31": "344.11200", "2014-09-30": 195.313, "2014-06-30": 2.41, "2014-03-31": -689.795, "2013-12-31": "320.78300", "2013-09-30": 227.014, "2013-06-30": -92.943, "2013-03-31": -105.412, "2012-12-31": "256.93300", "2012-09-30": 106.164, "2012-06-30": 42.257, "2012-03-31": -222.916, "2011-12-31": "171.60200", "2011-09-30": 215.161, "2011-06-30": 41.43, "2011-03-31": -241.578, "2010-12-31": "102.62800", "2010-09-30": 130.222, "2010-06-30": -0.112, "2010-03-31": -187.308, "2009-12-31": "111.33500", "2009-09-30": 82.402, "2009-06-30": -420.208, "2009-03-31": 87.061, "2008-12-31": "5.03400", "2008-09-30": 235.556, "2008-06-30": 107.169, "2008-03-31": -201.784, "2007-12-31": "48.94900", "2007-09-30": -131.57, "2007-06-30": 246.982, "2007-03-31": -154.96, "2006-12-31": "-229.66200", "2006-09-30": 84.683, "2006-06-30": 34.316, "2006-03-31": -212.211, "2005-12-31": "327.55500", "2005-09-30": 144.185, "2005-06-30": -98.952, "2005-03-31": 1381.998}, "Net Common Equity Issued/Repurchased": {"2020-12-31": "220.00900", "2020-09-30": 271.678, "2020-06-30": 105.804, "2020-03-31": 3.096, "2019-12-31": "263.27200", "2019-09-30": 105.567, "2019-06-30": 103.43, "2019-03-31": 5.454, "2018-12-31": "498.97500", "2018-09-30": 3.713, "2018-06-30": 3.948, "2018-03-31": 6.235, "2017-12-31": "400.75900", "2017-09-30": 3.85, "2017-06-30": 55.044, "2017-03-31": 7.986, "2016-12-31": "58.39800", "2016-09-30": 7.692, "2016-06-30": 107.519, "2016-03-31": 8.912, "2015-12-31": "8.72900", "2015-09-30": 10.139, "2015-06-30": 8.086, "2015-03-31": 6.415, "2014-12-31": "-1.67300", "2014-09-30": 2.122, "2014-06-30": -0.225, "2014-03-31": 390.166, "2013-12-31": "-6.30100", "2013-09-30": 0.034, "2013-06-30": -2.014, "2013-03-31": 0, "2012-12-31": "-3.12400", "2012-09-30": 1.355, "2012-06-30": -1.623, "2012-03-31": -0.301, "2011-12-31": "-15.57900", "2011-09-30": 0.249, "2011-06-30": -1.987, "2011-03-31": 0.213, "2010-12-31": "4.02200", "2010-09-30": -100.276, "2010-06-30": -1.189, "2010-03-31": 2.909, "2009-12-31": "5.68100", "2009-09-30": 7.759, "2009-06-30": 7.514, "2009-03-31": 6.339, "2008-12-31": "6.07500", "2008-09-30": 6.403, "2008-06-30": 6.224, "2008-03-31": 6.869, "2007-12-31": "5.97000", "2007-09-30": 6.014, "2007-06-30": 6.455, "2007-03-31": 6.486, "2006-12-31": "197.85500", "2006-09-30": 5.582, "2006-06-30": 5.638, "2006-03-31": 5.889, "2005-12-31": "6.16400", "2005-09-30": 4.547, "2005-06-30": 6.181, "2005-03-31": 408.039}, "Net Total Equity Issued/Repurchased": {"2020-12-31": "220.00900", "2020-09-30": 271.678, "2020-06-30": 105.804, "2020-03-31": 3.096, "2019-12-31": "263.27200", "2019-09-30": 105.567, "2019-06-30": 103.43, "2019-03-31": 5.454, "2018-12-31": "498.97500", "2018-09-30": 3.713, "2018-06-30": 3.948, "2018-03-31": 6.235, "2017-12-31": "400.75900", "2017-09-30": 3.85, "2017-06-30": 55.044, "2017-03-31": 7.986, "2016-12-31": "58.39800", "2016-09-30": 7.692, "2016-06-30": 107.519, "2016-03-31": 8.912, "2015-12-31": "8.72900", "2015-09-30": 10.139, "2015-06-30": 8.086, "2015-03-31": 6.415, "2014-12-31": "-1.67300", "2014-09-30": 2.122, "2014-06-30": -0.225, "2014-03-31": 390.166, "2013-12-31": "-6.30100", "2013-09-30": 0.034, "2013-06-30": -2.014, "2013-03-31": 0, "2012-12-31": "-3.12400", "2012-09-30": 1.355, "2012-06-30": -1.623, "2012-03-31": -0.301, "2011-12-31": "-15.57900", "2011-09-30": 0.249, "2011-06-30": -1.987, "2011-03-31": 0.213, "2010-12-31": "4.02200", "2010-09-30": -100.276, "2010-06-30": -1.189, "2010-03-31": 2.909, "2009-12-31": "5.68100", "2009-09-30": 7.759, "2009-06-30": 7.514, "2009-03-31": 6.339, "2008-12-31": "6.07500", "2008-09-30": 6.403, "2008-06-30": 6.224, "2008-03-31": 6.869, "2007-12-31": "5.97000", "2007-09-30": 6.014, "2007-06-30": 6.455, "2007-03-31": 6.486, "2006-12-31": "197.85500", "2006-09-30": 5.582, "2006-06-30": 5.638, "2006-03-31": 5.889, "2005-12-31": "6.16400", "2005-09-30": 4.547, "2005-06-30": 6.181, "2005-03-31": 408.039}, "Total Common And Preferred Stock Dividends Paid": {"2020-12-31": "-79.02300", "2020-09-30": -71.77, "2020-06-30": -70.597, "2020-03-31": -70.52, "2019-12-31": "-69.55700", "2019-09-30": -63.735, "2019-06-30": -61.654, "2019-03-31": -61.606, "2018-12-31": "-58.72200", "2018-09-30": -54.899, "2018-06-30": -54.116, "2018-03-31": -54.054, "2017-12-31": "-51.83700", "2017-09-30": -48.856, "2017-06-30": -47.761, "2017-03-31": -47.574, "2016-12-31": "-47.74000", "2016-09-30": -44.763, "2016-06-30": -43.554, "2016-03-31": -43.173, "2015-12-31": "-43.63600", "2015-09-30": -43.373, "2015-06-30": -38.571, "2015-03-31": -38.482, "2014-12-31": "-39.59200", "2014-09-30": -37.442, "2014-06-30": -37.426, "2014-03-31": -37.396, "2013-12-31": "-33.98400", "2013-09-30": -32.055, "2013-06-30": -32.052, "2013-03-31": -32.016, "2012-12-31": "-31.99200", "2012-09-30": -31.458, "2012-06-30": -31.431, "2012-03-31": -31.39, "2011-12-31": "-31.51700", "2011-09-30": -30.972, "2011-06-30": -30.972, "2011-03-31": -31.065, "2010-12-31": "-31.00200", "2010-09-30": -30.374, "2010-06-30": -31.363, "2010-03-31": -31.316, "2009-12-31": "-31.23400", "2009-09-30": -30.551, "2009-06-30": -30.463, "2009-03-31": -30.281, "2008-12-31": "-30.16500", "2008-09-30": -29.467, "2008-06-30": -29.39, "2008-03-31": -29.253, "2007-12-31": "-29.17800", "2007-09-30": -28.546, "2007-06-30": -28.478, "2007-03-31": -28.379, "2006-12-31": "-26.26100", "2006-09-30": -25.716, "2006-06-30": -25.626, "2006-03-31": -25.504, "2005-12-31": "-25.42900", "2005-09-30": -24.93, "2005-06-30": -24.837, "2005-03-31": -49.211}, "Financial Activities - Other": {"2020-12-31": "-5.06200", "2020-09-30": -4.426, "2020-06-30": 0, "2020-03-31": 0, "2019-12-31": "-7.73800", "2019-09-30": 0, "2019-06-30": -0.027, "2019-03-31": -94.936, "2018-12-31": "-6.43200", "2018-09-30": 0, "2018-06-30": 0, "2018-03-31": 0, "2017-12-31": "-1.51800", "2017-09-30": -0.112, "2017-06-30": -43.659, "2017-03-31": 0, "2016-12-31": "25.67000", "2016-09-30": -9.657, "2016-06-30": -16.33, "2016-03-31": 0, "2015-12-31": "", "2015-09-30": -5.522, "2015-06-30": 0, "2015-03-31": 0, "2014-12-31": "13.36400", "2014-09-30": 0, "2014-06-30": 0, "2014-03-31": 0, "2013-12-31": "", "2013-09-30": 0, "2013-06-30": -0.021, "2013-03-31": -66.592, "2012-12-31": "-0.01300", "2012-09-30": 0, "2012-06-30": 0, "2012-03-31": 0, "2011-12-31": "", "2011-09-30": 0, "2011-06-30": 20.079, "2011-03-31": 27.803, "2010-12-31": "", "2010-09-30": 0, "2010-06-30": 0, "2010-03-31": 0, "2009-12-31": "", "2009-09-30": 0, "2009-06-30": 0, "2009-03-31": 1.938, "2008-12-31": "", "2008-09-30": 0, "2008-06-30": 0, "2008-03-31": 0, "2007-12-31": "", "2007-09-30": 0, "2007-06-30": 4.75, "2007-03-31": 0, "2006-12-31": "", "2006-09-30": 0, "2006-06-30": 0, "2006-03-31": 0, "2005-12-31": "", "2005-09-30": 0, "2005-06-30": 0, "2005-03-31": -43.77}, "Cash Flow From Financial Activities": {"2020-12-31": "733.31400", "2020-09-30": 195.482, "2020-06-30": 35.284, "2020-03-31": 132.499, "2019-12-31": "520.51200", "2019-09-30": 306.805, "2019-06-30": 116.691, "2019-03-31": -152.861, "2018-12-31": "455.03500", "2018-09-30": 279.817, "2018-06-30": 65.007, "2018-03-31": -255.033, "2017-12-31": "236.47500", "2017-09-30": 144.054, "2017-06-30": 61.501, "2017-03-31": -309.728, "2016-12-31": "272.26400", "2016-09-30": 112.617, "2016-06-30": 91.172, "2016-03-31": -170.568, "2015-12-31": "270.40200", "2015-09-30": 179.168, "2015-06-30": -3.494, "2015-03-31": -360.802, "2014-12-31": "316.21100", "2014-09-30": 159.993, "2014-06-30": -35.241, "2014-03-31": -337.025, "2013-12-31": "280.49800", "2013-09-30": 194.993, "2013-06-30": -127.03, "2013-03-31": -204.02, "2012-12-31": "221.80400", "2012-09-30": 76.061, "2012-06-30": 9.203, "2012-03-31": -254.607, "2011-12-31": "124.50600", "2011-09-30": 184.438, "2011-06-30": 28.55, "2011-03-31": -244.627, "2010-12-31": "75.64800", "2010-09-30": -0.428, "2010-06-30": -32.664, "2010-03-31": -215.715, "2009-12-31": "85.78200", "2009-09-30": 59.61, "2009-06-30": -443.157, "2009-03-31": 65.057, "2008-12-31": "-19.05600", "2008-09-30": 212.492, "2008-06-30": 84.003, "2008-03-31": -224.168, "2007-12-31": "25.74100", "2007-09-30": -154.102, "2007-06-30": 229.709, "2007-03-31": -176.853, "2006-12-31": "-58.06800", "2006-09-30": 64.549, "2006-06-30": 14.328, "2006-03-31": -231.826, "2005-12-31": "308.29000", "2005-09-30": 123.802, "2005-06-30": -117.608, "2005-03-31": 1697.056}, "Net Cash Flow": {"2020-12-31": "436.79100", "2020-09-30": -187.256, "2020-06-30": -112.035, "2020-03-31": 130.827, "2019-12-31": "164.72200", "2019-09-30": -21.613, "2019-06-30": -62.19, "2019-03-31": -109.844, "2018-12-31": "204.42600", "2018-09-30": -7.159, "2018-06-30": -50.144, "2018-03-31": 16.324, "2017-12-31": "28.34100", "2017-09-30": -43.368, "2017-06-30": 24.374, "2017-03-31": 0.779, "2016-12-31": "-2.91000", "2016-09-30": -18.672, "2016-06-30": 18.288, "2016-03-31": -30.985, "2015-12-31": "50.25000", "2015-09-30": -14.5, "2015-06-30": -52.372, "2015-03-31": -28.307, "2014-12-31": "81.57400", "2014-09-30": -9.163, "2014-06-30": -85.319, "2014-03-31": -57.823, "2013-12-31": "128.36400", "2013-09-30": 34.22, "2013-06-30": -33.568, "2013-03-31": -59.054, "2012-12-31": "60.36200", "2012-09-30": 36.533, "2012-06-30": -19.334, "2012-03-31": -38.12, "2011-12-31": "-46.25900", "2011-09-30": 13.99, "2011-06-30": -35.817, "2011-03-31": 23.354, "2010-12-31": "-2.06000", "2010-09-30": -48.431, "2010-06-30": -50.77, "2010-03-31": 56.324, "2009-12-31": "63.62600", "2009-09-30": -14.532, "2009-06-30": -356.35, "2009-03-31": 412.286, "2008-12-31": "23.08200", "2008-09-30": 0.216, "2008-06-30": -93.135, "2008-03-31": 87.762, "2007-12-31": "-8.85100", "2007-09-30": -289.658, "2007-06-30": 174.103, "2007-03-31": 81.874, "2006-12-31": "18.59100", "2006-09-30": 48.966, "2006-06-30": -22.05, "2006-03-31": -0.552, "2005-12-31": "9.33500", "2005-09-30": 16.479, "2005-06-30": -223.489, "2005-03-31": 45.194}, "Stock-Based Compensation": {"2020-12-31": "", "2020-09-30": 9.583, "2020-06-30": 0, "2020-03-31": 0, "2019-12-31": "", "2019-09-30": 11.121, "2019-06-30": 0, "2019-03-31": 0, "2018-12-31": "", "2018-09-30": 12.863, "2018-06-30": 0, "2018-03-31": 0, "2017-12-31": "", "2017-09-30": 14.064, "2017-06-30": 0, "2017-03-31": 0, "2016-12-31": "", "2016-09-30": 14.76, "2016-06-30": 0, "2016-03-31": 0, "2015-12-31": "", "2015-09-30": 15.98, "2015-06-30": 0, "2015-03-31": 0, "2014-12-31": "", "2014-09-30": 14.721, "2014-06-30": 0, "2014-03-31": 0, "2013-12-31": "", "2013-09-30": 17.814, "2013-06-30": 0, "2013-03-31": 0, "2012-12-31": "", "2012-09-30": 19.222, "2012-06-30": 0, "2012-03-31": 0, "2011-12-31": "", "2011-09-30": 11.586, "2011-06-30": 0, "2011-03-31": 0, "2010-12-31": "", "2010-09-30": 12.655, "2010-06-30": 0, "2010-03-31": 0, "2009-12-31": "", "2009-09-30": 14.494, "2009-06-30": 0, "2009-03-31": 0, "2008-12-31": "", "2008-09-30": 14.032, "2008-06-30": 0, "2008-03-31": 0, "2007-12-31": "", "2007-09-30": 11.934, "2007-06-30": 0, "2007-03-31": 0, "2006-12-31": "", "2006-09-30": 10.234, "2006-06-30": 0, "2006-03-31": 0, "2005-12-31": "", "2005-09-30": 3.901, "2005-06-30": 0, "2005-03-31": 0}, "Common Stock Dividends Paid": {"2020-12-31": "-79.02300", "2020-09-30": -71.77, "2020-06-30": -70.597, "2020-03-31": -70.52, "2019-12-31": "-69.55700", "2019-09-30": -63.735, "2019-06-30": -61.654, "2019-03-31": -61.606, "2018-12-31": "-58.72200", "2018-09-30": -54.899, "2018-06-30": -54.116, "2018-03-31": -54.054, "2017-12-31": "-51.83700", "2017-09-30": -48.856, "2017-06-30": -47.761, "2017-03-31": -47.574, "2016-12-31": "-47.74000", "2016-09-30": -44.763, "2016-06-30": -43.554, "2016-03-31": -43.173, "2015-12-31": "-43.63600", "2015-09-30": -43.373, "2015-06-30": -38.571, "2015-03-31": -38.482, "2014-12-31": "-39.59200", "2014-09-30": -37.442, "2014-06-30": -37.426, "2014-03-31": -37.396, "2013-12-31": "-33.98400", "2013-09-30": -32.055, "2013-06-30": -32.052, "2013-03-31": -32.016, "2012-12-31": "-31.99200", "2012-09-30": -31.458, "2012-06-30": -31.431, "2012-03-31": -31.39, "2011-12-31": "-31.51700", "2011-09-30": -30.972, "2011-06-30": -30.972, "2011-03-31": -31.065, "2010-12-31": "-31.00200", "2010-09-30": -30.374, "2010-06-30": -31.363, "2010-03-31": -31.316, "2009-12-31": "-31.23400", "2009-09-30": -30.551, "2009-06-30": -30.463, "2009-03-31": -30.281, "2008-12-31": "-30.16500", "2008-09-30": -29.467, "2008-06-30": -29.39, "2008-03-31": -29.253, "2007-12-31": "-29.17800", "2007-09-30": -28.546, "2007-06-30": -28.478, "2007-03-31": -28.379, "2006-12-31": "-26.26100", "2006-09-30": -25.716, "2006-06-30": -25.626, "2006-03-31": -25.504, "2005-12-31": "-25.42900", "2005-09-30": -24.93, "2005-06-30": -24.837, "2005-03-31": -49.211}}, "financial ratios": {"Current Ratio": {"2020-09-30": "0.60230", "2019-09-30": "0.37870", "2018-09-30": "0.25000", "2017-09-30": "0.53250", "2016-09-30": "0.38120", "2015-09-30": "0.54230", "2014-09-30": "0.85200", "2013-09-30": "0.69200", "2012-09-30": "0.64890", "2011-09-30": "1.16520", "2010-09-30": "0.75050", "2009-09-30": "1.12410", "2008-09-30": "1.06460", "2007-09-30": "1.16260", "2006-09-30": "0.99860", "2005-09-30": "1.13630"}, "Long-term Debt / Capital": {"2020-09-30": "0.40020", "2019-09-30": "0.38030", "2018-09-30": "0.34330", "2017-09-30": "0.44030", "2016-09-30": "0.38730", "2015-09-30": "0.43280", "2014-09-30": "0.44310", "2013-09-30": "0.48760", "2012-09-30": "0.45330", "2011-09-30": "0.49450", "2010-09-30": "0.45380", "2009-09-30": "0.49920", "2008-09-30": "0.50810", "2007-09-30": "0.51960", "2006-09-30": "0.56950", "2005-09-30": "0.57670"}, "Debt/Equity Ratio": {"2020-09-30": "0.66730", "2019-09-30": "0.69460", "2018-09-30": "0.76400", "2017-09-30": "0.90150", "2016-09-30": "0.94380", "2015-09-30": "0.90630", "2014-09-30": "0.85950", "2013-09-30": "1.09430", "2012-09-30": "1.07130", "2011-09-30": "1.07070", "2010-09-30": "1.05390", "2009-09-30": "1.03000", "2008-09-30": "1.20400", "2007-09-30": "1.16020", "2006-09-30": "1.55690", "2005-09-30": "1.45480"}, "Gross Margin": {"2020-09-30": "76.64580", "2019-09-30": "70.40380", "2018-09-30": "62.51550", "2017-09-30": "66.46290", "2016-09-30": "69.60090", "2015-09-30": "55.73350", "2014-09-30": "32.02700", "2013-09-30": "36.43570", "2012-09-30": "38.52380", "2011-09-30": "30.34740", "2010-09-30": "28.19390", "2009-09-30": "27.10310", "2008-09-30": "18.29760", "2007-09-30": "21.19350", "2006-09-30": "19.77400", "2005-09-30": "22.52450"}, "Operating Margin": {"2020-09-30": "29.21160", "2019-09-30": "25.70980", "2018-09-30": "23.36460", "2017-09-30": "26.65580", "2016-09-30": "26.77490", "2015-09-30": "20.91680", "2014-09-30": "12.37320", "2013-09-30": "12.95020", "2012-09-30": "12.98660", "2011-09-30": "9.93800", "2010-09-30": "9.95120", "2009-09-30": "8.96190", "2008-09-30": "5.92550", "2007-09-30": "6.75830", "2006-09-30": "6.21900", "2005-09-30": "7.02670"}, "EBIT Margin": {"2020-09-30": "29.21160", "2019-09-30": "25.70980", "2018-09-30": "23.36460", "2017-09-30": "26.65580", "2016-09-30": "26.77490", "2015-09-30": "20.91680", "2014-09-30": "12.37320", "2013-09-30": "12.95020", "2012-09-30": "12.98660", "2011-09-30": "9.93800", "2010-09-30": "9.95120", "2009-09-30": "8.96190", "2008-09-30": "5.92550", "2007-09-30": "6.75830", "2006-09-30": "6.21900", "2005-09-30": "7.02670"}, "EBITDA Margin": {"2020-09-30": "44.85670", "2019-09-30": "39.52580", "2018-09-30": "35.20670", "2017-09-30": "38.47220", "2016-09-30": "38.71540", "2015-09-30": "30.30520", "2014-09-30": "17.51370", "2013-09-30": "19.06370", "2012-09-30": "20.14840", "2011-09-30": "15.37740", "2010-09-30": "14.60600", "2009-09-30": "13.42290", "2008-09-30": "8.70120", "2007-09-30": "10.12980", "2006-09-30": "9.23570", "2005-09-30": "10.61410"}, "Pre-Tax Profit Margin": {"2020-09-30": "26.47150", "2019-09-30": "22.41020", "2018-09-30": "19.61600", "2017-09-30": "21.88960", "2016-09-30": "22.08810", "2015-09-30": "16.91750", "2014-09-30": "9.65040", "2013-09-30": "9.63230", "2012-09-30": "8.45190", "2011-09-30": "6.91500", "2010-09-30": "6.63060", "2009-09-30": "5.76410", "2008-09-30": "4.05330", "2007-09-30": "4.45180", "2006-09-30": "3.85040", "2005-09-30": "4.39390"}, "Net Profit Margin": {"2020-09-30": "21.31920", "2019-09-30": "17.62350", "2018-09-30": "19.35660", "2017-09-30": "14.34680", "2016-09-30": "14.26290", "2015-09-30": "10.76450", "2014-09-30": "5.85130", "2013-09-30": "6.27520", "2012-09-30": "6.30690", "2011-09-30": "4.84320", "2010-09-30": "4.41610", "2009-09-30": "3.92220", "2008-09-30": "2.49720", "2007-09-30": "2.85660", "2006-09-30": "2.40130", "2005-09-30": "2.73660"}, "Asset Turnover": {"2020-09-30": "0.18370", "2019-09-30": "0.21710", "2018-09-30": "0.26240", "2017-09-30": "0.25670", "2016-09-30": "0.24520", "2015-09-30": "0.32250", "2014-09-30": "0.57490", "2013-09-30": "0.48840", "2012-09-30": "0.45840", "2011-09-30": "0.58860", "2010-09-30": "0.68910", "2009-09-30": "0.76470", "2008-09-30": "1.13070", "2007-09-30": "1.00050", "2006-09-30": "1.07570", "2005-09-30": "0.87770"}, "Inventory Turnover Ratio": {"2020-09-30": "5.88530", "2019-09-30": "6.59940", "2018-09-30": "7.04660", "2017-09-30": "5.01230", "2016-09-30": "4.16700", "2015-09-30": "5.47620", "2014-09-30": "12.04120", "2013-09-30": "10.06540", "2012-09-30": "8.23830", "2011-09-30": "10.30380", "2010-09-30": "10.49070", "2009-09-30": "10.06280", "2008-09-30": "10.23210", "2007-09-30": "9.02370", "2006-09-30": "10.69510", "2005-09-30": "8.52750"}, "Receiveable Turnover": {"2020-09-30": "12.23420", "2019-09-30": "12.58550", "2018-09-30": "12.30010", "2017-09-30": "12.41650", "2016-09-30": "11.37040", "2015-09-30": "9.91660", "2014-09-30": "14.38820", "2013-09-30": "12.83300", "2012-09-30": "14.65150", "2011-09-30": "15.68380", "2010-09-30": "17.06050", "2009-09-30": "20.91490", "2008-09-30": "15.13420", "2007-09-30": "15.51680", "2006-09-30": "16.42260", "2005-09-30": "10.92170"}, "Days Sales In Receivables": {"2020-09-30": "29.83450", "2019-09-30": "29.00170", "2018-09-30": "29.67460", "2017-09-30": "29.39630", "2016-09-30": "32.10080", "2015-09-30": "36.80700", "2014-09-30": "25.36800", "2013-09-30": "28.44230", "2012-09-30": "24.91210", "2011-09-30": "23.27240", "2010-09-30": "21.39440", "2009-09-30": "17.45170", "2008-09-30": "24.11750", "2007-09-30": "23.52300", "2006-09-30": "22.22550", "2005-09-30": "33.41970"}, "ROE - Return On Equity": {"2020-09-30": "8.85620", "2019-09-30": "8.89370", "2018-09-30": "12.64300", "2017-09-30": "9.81650", "2016-09-30": "9.97790", "2015-09-30": "9.56630", "2014-09-30": "9.39060", "2013-09-30": "8.94040", "2012-09-30": "8.14650", "2011-09-30": "8.40590", "2010-09-30": "8.71540", "2009-09-30": "8.42070", "2008-09-30": "8.78600", "2007-09-30": "8.57140", "2006-09-30": "8.96410", "2005-09-30": "8.47370"}, "Return On Tangible Equity": {"2020-09-30": "9.92490", "2019-09-30": "10.18840", "2018-09-30": "14.92910", "2017-09-30": "12.07850", "2016-09-30": "12.62900", "2015-09-30": "12.46380", "2014-09-30": "12.36310", "2013-09-30": "12.54440", "2012-09-30": "11.87570", "2011-09-30": "12.51230", "2010-09-30": "13.20060", "2009-09-30": "12.75840", "2008-09-30": "13.73000", "2007-09-30": "13.72020", "2006-09-30": "16.24240", "2005-09-30": "15.70430"}, "ROA - Return On Assets": {"2020-09-30": "3.91590", "2019-09-30": "3.82570", "2018-09-30": "5.07870", "2017-09-30": "3.56020", "2016-09-30": "3.45170", "2015-09-30": "3.36770", "2014-09-30": "3.37200", "2013-09-30": "2.90760", "2012-09-30": "2.56410", "2011-09-30": "2.60320", "2010-09-30": "2.80690", "2009-09-30": "2.87890", "2008-09-30": "2.82350", "2007-09-30": "2.85810", "2006-09-30": "2.58300", "2005-09-30": "2.40180"}, "ROI - Return On Investment": {"2020-09-30": "5.31170", "2019-09-30": "5.51100", "2018-09-30": "8.30250", "2017-09-30": "5.49420", "2016-09-30": "6.11380", "2015-09-30": "5.42620", "2014-09-30": "5.22930", "2013-09-30": "4.58090", "2012-09-30": "4.45360", "2011-09-30": "4.24940", "2010-09-30": "4.76070", "2009-09-30": "4.21750", "2008-09-30": "4.32210", "2007-09-30": "4.11750", "2006-09-30": "3.85890", "2005-09-30": "3.58700"}, "Book Value Per Share": {"2020-09-30": "53.94900", "2019-09-30": "48.18390", "2018-09-30": "42.86670", "2017-09-30": "36.74350", "2016-09-30": "33.32080", "2015-09-30": "31.48240", "2014-09-30": "30.74300", "2013-09-30": "28.46880", "2012-09-30": "26.14440", "2011-09-30": "24.97800", "2010-09-30": "24.15980", "2009-09-30": "23.51930", "2008-09-30": "22.60080", "2007-09-30": "22.00650", "2006-09-30": "20.16270", "2005-09-30": "19.89620"}, "Operating Cash Flow Per Share": {"2020-09-30": 0.2002, "2019-09-30": -1.8834, "2018-09-30": 1.9586, "2017-09-30": 0.4931, "2016-09-30": -0.2891, "2015-09-30": 0.4607, "2014-09-30": 0.8223, "2013-09-30": 0.2479, "2012-09-30": 0.008, "2011-09-30": -1.4309, "2010-09-30": -2.1727, "2009-09-30": 5.9089, "2008-09-30": -2.1109, "2007-09-30": 2.4085, "2006-09-30": -1.0707, "2005-09-30": 4.8973}, "Free Cash Flow Per Share": {"2020-09-30": -1.136, "2019-09-30": -3.0807, "2018-09-30": -0.5443, "2017-09-30": 0.2754, "2016-09-30": -1.3313, "2015-09-30": -0.5502, "2014-09-30": -0.0786, "2013-09-30": 0.7406, "2012-09-30": -1.1581, "2011-09-30": -2.4317, "2010-09-30": -2.4831, "2009-09-30": 5.5989, "2008-09-30": -2.8893, "2007-09-30": 3.1617, "2006-09-30": -2.0795, "2005-09-30": 0.6804}}, "financial ratios, quarterly": {"Current Ratio": {"2020-12-31": "1.49440", "2020-09-30": "0.60230", "2020-06-30": "0.85690", "2020-03-31": "0.88880", "2019-12-31": "0.96090", "2019-09-30": "0.37870", "2019-06-30": "0.55860", "2019-03-31": "0.77670", "2018-12-31": "0.62710", "2018-09-30": "0.25000", "2018-06-30": "0.30890", "2018-03-31": "0.46160", "2017-12-31": "0.81190", "2017-09-30": "0.53250", "2017-06-30": "0.71670", "2017-03-31": "0.37640", "2016-12-31": "0.50230", "2016-09-30": "0.38120", "2016-06-30": "0.42420", "2016-03-31": "0.53200", "2015-12-31": "0.56980", "2015-09-30": "0.54230", "2015-06-30": "0.67280", "2015-03-31": "0.80280", "2014-12-31": "0.78750", "2014-09-30": "0.85200", "2014-06-30": "0.67030", "2014-03-31": "0.77690", "2013-12-31": "0.64540", "2013-09-30": "0.69200", "2013-06-30": "0.94680", "2013-03-31": "1.08160", "2012-12-31": "0.70800", "2012-09-30": "0.64890", "2012-06-30": "0.69860", "2012-03-31": "0.80660", "2011-12-31": "1.06900", "2011-09-30": "1.16520", "2011-06-30": "1.52670", "2011-03-31": "0.91290", "2010-12-31": "0.86500", "2010-09-30": "0.75050", "2010-06-30": "0.86720", "2010-03-31": "1.14810", "2009-12-31": "1.08810", "2009-09-30": "1.12410", "2009-06-30": "1.23550", "2009-03-31": "1.14970", "2008-12-31": "0.83410", "2008-09-30": "1.06460", "2008-06-30": "1.19530", "2008-03-31": "1.21740", "2007-12-31": "1.13810", "2007-09-30": "1.16260", "2007-06-30": "1.22010", "2007-03-31": "1.02850", "2006-12-31": "0.96810", "2006-09-30": "0.99860", "2006-06-30": "1.03490", "2006-03-31": "1.10200", "2005-12-31": "1.06180", "2005-09-30": "1.13630", "2005-06-30": "1.30980", "2005-03-31": "1.40560"}, "Long-term Debt / Capital": {"2020-12-31": "0.41540", "2020-09-30": "0.40020", "2020-06-30": "0.41220", "2020-03-31": "0.40710", "2019-12-31": "0.41370", "2019-09-30": "0.38030", "2019-06-30": "0.38480", "2019-03-31": "0.39050", "2018-12-31": "0.36580", "2018-09-30": "0.34330", "2018-06-30": "0.35490", "2018-03-31": "0.35670", "2017-12-31": "0.40200", "2017-09-30": "0.44030", "2017-06-30": "0.44010", "2017-03-31": "0.37640", "2016-12-31": "0.38490", "2016-09-30": "0.38730", "2016-06-30": "0.38880", "2016-03-31": "0.42340", "2015-12-31": "0.42870", "2015-09-30": "0.43280", "2015-06-30": "0.43120", "2015-03-31": "0.43880", "2014-12-31": "0.44480", "2014-09-30": "0.44310", "2014-06-30": "0.38560", "2014-03-31": "0.38500", "2013-12-31": "0.42360", "2013-09-30": "0.48760", "2013-06-30": "0.48750", "2013-03-31": "0.49120", "2012-12-31": "0.44660", "2012-09-30": "0.45330", "2012-06-30": "0.45380", "2012-03-31": "0.45310", "2011-12-31": "0.49310", "2011-09-30": "0.49450", "2011-06-30": "0.48570", "2011-03-31": "0.43220", "2010-12-31": "0.44270", "2010-09-30": "0.45380", "2010-06-30": "0.43890", "2010-03-31": "0.48010", "2009-12-31": "0.48880", "2009-09-30": "0.49920", "2009-06-30": "0.49750", "2009-03-31": "0.49890", "2008-12-31": "0.45280", "2008-09-30": "0.50810", "2008-06-30": "0.50170", "2008-03-31": "0.49930", "2007-12-31": "0.51110", "2007-09-30": "0.51960", "2007-06-30": "0.51680", "2007-03-31": "0.48160", "2006-12-31": "0.49450", "2006-09-30": "0.56950", "2006-06-30": "0.56710", "2006-03-31": "0.56110", "2005-12-31": "0.57120", "2005-09-30": "0.57670", "2005-06-30": "0.57470", "2005-03-31": "0.58010"}, "Debt/Equity Ratio": {"2020-12-31": "0.71050", "2020-09-30": "0.66730", "2020-06-30": "0.70130", "2020-03-31": "0.71840", "2019-12-31": "0.70570", "2019-09-30": "0.69460", "2019-06-30": "0.66090", "2019-03-31": "0.66330", "2018-12-31": "0.68430", "2018-09-30": "0.76400", "2018-06-30": "0.69610", "2018-03-31": "0.67720", "2017-12-31": "0.74600", "2017-09-30": "0.90150", "2017-06-30": "0.85230", "2017-03-31": "0.84360", "2016-12-31": "0.94750", "2016-09-30": "0.94380", "2016-06-30": "0.90170", "2016-03-31": "0.92160", "2015-12-31": "0.98370", "2015-09-30": "0.90630", "2015-06-30": "0.83600", "2015-03-31": "0.85370", "2014-12-31": "0.98110", "2014-09-30": "0.85950", "2014-06-30": "0.78800", "2014-03-31": "0.78590", "2013-12-31": "1.18200", "2013-09-30": "1.09430", "2013-06-30": "1.00630", "2013-03-31": "1.05700", "2012-12-31": "1.14990", "2012-09-30": "1.07130", "2012-06-30": "1.02760", "2012-03-31": "1.00830", "2011-12-31": "1.14490", "2011-09-30": "1.07070", "2011-06-30": "0.94550", "2011-03-31": "0.90980", "2010-12-31": "1.05840", "2010-09-30": "1.05390", "2010-06-30": "0.93770", "2010-03-31": "0.92760", "2009-12-31": "1.04040", "2009-09-30": "1.03000", "2009-06-30": "0.99000", "2009-03-31": "1.17940", "2008-12-31": "1.19400", "2008-09-30": "1.20400", "2008-06-30": "1.06110", "2008-03-31": "1.00100", "2007-12-31": "1.14680", "2007-09-30": "1.16020", "2007-06-30": "1.22250", "2007-03-31": "1.07890", "2006-12-31": "1.21660", "2006-09-30": "1.55690", "2006-06-30": "1.49060", "2006-03-31": "1.43400", "2005-12-31": "1.62360", "2005-09-30": "1.45480", "2005-06-30": "1.35330", "2005-03-31": "1.38500"}, "Gross Margin": {"2020-12-31": "68.47830", "2020-09-30": "96.20330", "2020-06-30": "94.71150", "2020-03-31": "67.48550", "2019-12-31": "66.09400", "2019-09-30": "96.91900", "2019-06-30": "93.55090", "2019-03-31": "56.91060", "2018-12-31": "61.01940", "2018-09-30": "90.31150", "2018-06-30": "76.72080", "2018-03-31": "48.58490", "2017-12-31": "58.73590", "2017-09-30": "84.39150", "2017-06-30": "78.31420", "2017-03-31": "56.73950", "2016-12-31": "60.09770", "2016-09-30": "85.25820", "2016-06-30": "85.84360", "2016-03-31": "57.60240", "2015-12-31": "64.38310", "2015-09-30": "53.93820", "2015-06-30": "55.60500", "2015-03-31": "33.81270", "2014-12-31": "33.62700", "2014-09-30": "42.79400", "2014-06-30": "38.11960", "2014-03-31": "25.25770", "2013-12-31": "31.27020", "2013-09-30": "44.55100", "2013-06-30": "36.89060", "2013-03-31": "33.05980", "2012-12-31": "35.03940", "2012-09-30": "45.32330", "2012-06-30": "50.86120", "2012-03-31": "34.74370", "2011-12-31": "32.78540", "2011-09-30": "29.61610", "2011-06-30": "31.62640", "2011-03-31": "28.68600", "2010-12-31": "32.18360", "2010-09-30": "30.19630", "2010-06-30": "32.53180", "2010-03-31": "23.41540", "2009-12-31": "31.77850", "2009-09-30": "37.19140", "2009-06-30": "33.25420", "2009-03-31": "25.25800", "2008-12-31": "23.02660", "2008-09-30": "18.81580", "2008-06-30": "15.02140", "2008-03-31": "17.48780", "2007-12-31": "22.30080", "2007-09-30": "21.73400", "2007-06-30": "18.71820", "2007-03-31": "20.65380", "2006-12-31": "23.43590", "2006-09-30": "26.77200", "2006-06-30": "23.68970", "2006-03-31": "19.93280", "2005-12-31": "15.17590", "2005-09-30": "19.81110", "2005-06-30": "24.39960", "2005-03-31": "22.30710"}, "Operating Margin": {"2020-12-31": "32.67870", "2020-09-30": "21.23440", "2020-06-30": "28.20210", "2020-03-31": "33.90100", "2019-12-31": "28.87070", "2019-09-30": "20.22050", "2019-06-30": "25.15800", "2019-03-31": "27.19390", "2018-12-31": "26.93880", "2018-09-30": "20.37980", "2018-06-30": "22.11140", "2018-03-31": "22.21590", "2017-12-31": "27.22510", "2017-09-30": "21.48390", "2017-06-30": "26.71680", "2017-03-31": "28.85810", "2016-12-31": "26.90680", "2016-09-30": "19.47430", "2016-06-30": "28.14390", "2016-03-31": "28.27470", "2015-12-31": "28.56290", "2015-09-30": "193.61200", "2015-06-30": "17.13390", "2015-03-31": "16.24670", "2014-12-31": "14.91340", "2014-09-30": "10.63880", "2014-06-30": "11.30280", "2014-03-31": "12.72770", "2013-12-31": "13.72510", "2013-09-30": "7.47110", "2013-06-30": "10.07020", "2013-03-31": "16.05640", "2012-12-31": "14.98050", "2012-09-30": "4.14190", "2012-06-30": "14.14710", "2012-03-31": "16.51820", "2011-12-31": "12.86640", "2011-09-30": "3.49150", "2011-06-30": "4.03950", "2011-03-31": "13.35440", "2010-12-31": "13.70280", "2010-09-30": "2.46580", "2010-06-30": "4.23730", "2010-03-31": "11.57260", "2009-12-31": "14.74230", "2009-09-30": "0.53430", "2009-06-30": "5.59480", "2009-03-31": "12.43800", "2008-12-31": "9.50830", "2008-09-30": "2.60540", "2008-06-30": "1.26340", "2008-03-31": "8.50020", "2007-12-31": "9.56310", "2007-09-30": "1.07110", "2007-06-30": "0.63470", "2007-03-31": "10.07000", "2006-12-31": "10.67990", "2006-09-30": "4.86720", "2006-06-30": "0.55640", "2006-03-31": "8.89120", "2005-12-31": "6.55470", "2005-09-30": "0.83220", "2005-06-30": "4.35210", "2005-03-31": "10.21790"}, "EBIT Margin": {"2020-12-31": "32.67870", "2020-09-30": "21.23440", "2020-06-30": "28.20210", "2020-03-31": "33.90100", "2019-12-31": "28.87070", "2019-09-30": "20.22050", "2019-06-30": "25.15800", "2019-03-31": "27.19390", "2018-12-31": "26.93880", "2018-09-30": "20.37980", "2018-06-30": "22.11140", "2018-03-31": "22.21590", "2017-12-31": "27.22510", "2017-09-30": "21.48390", "2017-06-30": "26.71680", "2017-03-31": "28.85810", "2016-12-31": "26.90680", "2016-09-30": "19.47430", "2016-06-30": "28.14390", "2016-03-31": "28.27470", "2015-12-31": "28.56290", "2015-09-30": "100.00000", "2015-06-30": "17.13390", "2015-03-31": "16.24670", "2014-12-31": "14.91340", "2014-09-30": "10.63880", "2014-06-30": "11.30280", "2014-03-31": "12.72770", "2013-12-31": "13.72510", "2013-09-30": "7.47110", "2013-06-30": "10.07020", "2013-03-31": "16.05640", "2012-12-31": "14.98050", "2012-09-30": "4.14200", "2012-06-30": "14.14710", "2012-03-31": "16.51820", "2011-12-31": "12.86640", "2011-09-30": "3.49150", "2011-06-30": "4.03950", "2011-03-31": "13.35440", "2010-12-31": "13.70280", "2010-09-30": "2.46580", "2010-06-30": "4.23730", "2010-03-31": "11.57260", "2009-12-31": "14.74230", "2009-09-30": "0.53420", "2009-06-30": "5.59480", "2009-03-31": "12.43800", "2008-12-31": "9.50830", "2008-09-30": "2.60540", "2008-06-30": "1.26340", "2008-03-31": "8.50020", "2007-12-31": "9.56310", "2007-09-30": "1.07110", "2007-06-30": "0.63470", "2007-03-31": "10.07000", "2006-12-31": "10.67990", "2006-09-30": "4.86730", "2006-06-30": "0.55640", "2006-03-31": "8.89120", "2005-12-31": "6.55470", "2005-09-30": "0.83220", "2005-06-30": "4.35210", "2005-03-31": "10.21790"}, "EBITDA Margin": {"2020-12-31": "", "2020-09-30": "", "2020-06-30": "", "2020-03-31": "", "2019-12-31": "", "2019-09-30": "", "2019-06-30": "", "2019-03-31": "", "2018-12-31": "", "2018-09-30": "", "2018-06-30": "", "2018-03-31": "", "2017-12-31": "", "2017-09-30": "", "2017-06-30": "", "2017-03-31": "", "2016-12-31": "", "2016-09-30": "", "2016-06-30": "", "2016-03-31": "", "2015-12-31": "", "2015-09-30": "", "2015-06-30": "", "2015-03-31": "", "2014-12-31": "", "2014-09-30": "", "2014-06-30": "", "2014-03-31": "", "2013-12-31": "", "2013-09-30": "", "2013-06-30": "", "2013-03-31": "", "2012-12-31": "", "2012-09-30": "", "2012-06-30": "", "2012-03-31": "", "2011-12-31": "", "2011-09-30": "", "2011-06-30": "", "2011-03-31": "", "2010-12-31": "", "2010-09-30": "", "2010-06-30": "", "2010-03-31": "", "2009-12-31": "", "2009-09-30": "", "2009-06-30": "", "2009-03-31": "", "2008-12-31": "", "2008-09-30": "", "2008-06-30": "", "2008-03-31": "", "2007-12-31": "", "2007-09-30": "", "2007-06-30": "", "2007-03-31": "", "2006-12-31": "", "2006-09-30": "", "2006-06-30": "", "2006-03-31": "", "2005-12-31": "", "2005-09-30": "", "2005-06-30": "", "2005-03-31": ""}, "Pre-Tax Profit Margin": {"2020-12-31": "30.93580", "2020-09-30": "17.55880", "2020-06-30": "25.69800", "2020-03-31": "31.32750", "2019-12-31": "26.31900", "2019-09-30": "15.82260", "2019-06-30": "21.46320", "2019-03-31": "25.11870", "2018-12-31": "22.88630", "2018-09-30": "14.40410", "2018-06-30": "17.36630", "2018-03-31": "19.79900", "2017-12-31": "23.39390", "2017-09-30": "11.88740", "2017-06-30": "21.24920", "2017-03-31": "26.21580", "2016-12-31": "22.80200", "2016-09-30": "12.51450", "2016-06-30": "22.32190", "2016-03-31": "25.14130", "2015-12-31": "24.05520", "2015-09-30": "100.00000", "2015-06-30": "13.15350", "2015-03-31": "14.36310", "2014-12-31": "12.41330", "2014-09-30": "6.20910", "2014-06-30": "7.88730", "2014-03-31": "11.04220", "2013-12-31": "10.97180", "2013-09-30": "2.43960", "2013-06-30": "6.19950", "2013-03-31": "13.64090", "2012-12-31": "12.09660", "2012-09-30": "-4.02800", "2012-06-30": "7.73090", "2012-03-31": "13.56950", "2011-12-31": "9.38460", "2011-09-30": "-2.14130", "2011-06-30": "-0.37900", "2011-03-31": "12.61630", "2010-12-31": "10.20660", "2010-09-30": "-3.26500", "2010-06-30": "-0.76260", "2010-03-31": "9.53510", "2009-12-31": "11.72750", "2009-09-30": "-6.55310", "2009-06-30": "0.43430", "2009-03-31": "10.40130", "2008-12-31": "7.21900", "2008-09-30": "0.22020", "2008-06-30": "-0.68090", "2008-03-31": "7.20990", "2007-12-31": "7.33620", "2007-09-30": "-2.36800", "2007-06-30": "-1.84560", "2007-03-31": "8.45970", "2006-12-31": "8.31180", "2006-09-30": "1.05100", "2006-06-30": "-3.49590", "2006-03-31": "7.02620", "2005-12-31": "4.98970", "2005-09-30": "-2.58350", "2005-06-30": "0.80530", "2005-03-31": "8.31210"}, "Net Profit Margin": {"2020-12-31": "23.80350", "2020-09-30": "13.81280", "2020-06-30": "23.87510", "2020-03-31": "24.49390", "2019-12-31": "20.40660", "2019-09-30": "13.24710", "2019-06-30": "16.55260", "2019-03-31": "19.61530", "2018-12-31": "17.94420", "2018-09-30": "8.78680", "2018-06-30": "12.66230", "2018-03-31": "14.67860", "2017-12-31": "35.29090", "2017-09-30": "7.65960", "2017-06-30": "13.43450", "2017-03-31": "16.66970", "2016-12-31": "16.00490", "2016-09-30": "7.89590", "2016-06-30": "15.60530", "2016-03-31": "15.93300", "2015-12-31": "15.24430", "2015-09-30": "3.57970", "2015-06-30": "8.18330", "2015-03-31": "8.94010", "2014-12-31": "7.75320", "2014-09-30": "3.00040", "2014-06-30": "4.83640", "2014-03-31": "6.77060", "2013-12-31": "6.97700", "2013-09-30": "1.11750", "2013-06-30": "4.51880", "2013-03-31": "8.89420", "2012-12-31": "7.78070", "2012-09-30": "1.44790", "2012-06-30": "5.40100", "2012-03-31": "8.90330", "2011-12-31": "6.31990", "2011-09-30": "0.26930", "2011-06-30": "-0.06710", "2011-03-31": "8.35970", "2010-12-31": "6.52960", "2010-09-30": "0.23060", "2010-06-30": "-0.41430", "2010-03-31": "5.88200", "2009-12-31": "7.21890", "2009-09-30": "-2.89720", "2009-06-30": "0.25150", "2009-03-31": "7.08260", "2008-12-31": "4.42590", "2008-09-30": "0.10980", "2008-06-30": "-0.40190", "2008-03-31": "4.49010", "2007-12-31": "4.45260", "2007-09-30": "-0.59020", "2007-06-30": "-1.09670", "2007-03-31": "5.13130", "2006-12-31": "5.07050", "2006-09-30": "0.62370", "2006-06-30": "-2.10200", "2006-03-31": "4.36590", "2005-12-31": "3.11000", "2005-09-30": "-1.67800", "2005-06-30": "0.49470", "2005-03-31": "5.25210"}, "Asset Turnover": {"2020-12-31": "0.05550", "2020-09-30": "0.03090", "2020-06-30": "0.03320", "2020-03-31": "0.06640", "2019-12-31": "0.06090", "2019-09-30": "0.03320", "2019-06-30": "0.03770", "2019-03-31": "0.08640", "2018-12-31": "0.06960", "2018-09-30": "0.03750", "2018-06-30": "0.04890", "2018-03-31": "0.10740", "2017-12-31": "0.07890", "2017-09-30": "0.04320", "2017-06-30": "0.05010", "2017-03-31": "0.09540", "2016-12-31": "0.07370", "2016-09-30": "0.04330", "2016-06-30": "0.04690", "2016-03-31": "0.09330", "2015-12-31": "0.07060", "2015-09-30": "0.07240", "2015-06-30": "0.07730", "2015-03-31": "0.17250", "2014-12-31": "0.13810", "2014-09-30": "0.09180", "2014-06-30": "0.11290", "2014-03-31": "0.23150", "2013-12-31": "0.14440", "2013-09-30": "0.08500", "2013-06-30": "0.11000", "2013-03-31": "0.16460", "2012-12-31": "0.12990", "2012-09-30": "0.07340", "2012-06-30": "0.07840", "2012-03-31": "0.16630", "2011-12-31": "0.14200", "2011-09-30": "0.10000", "2011-06-30": "0.12060", "2011-03-31": "0.22610", "2010-12-31": "0.15690", "2010-09-30": "0.09860", "2010-06-30": "0.11560", "2010-03-31": "0.28730", "2009-12-31": "0.18800", "2009-09-30": "0.08650", "2009-06-30": "0.12810", "2009-03-31": "0.27240", "2008-12-31": "0.25170", "2008-09-30": "0.22560", "2008-06-30": "0.25670", "2008-03-31": "0.38690", "2007-12-31": "0.25900", "2007-09-30": "0.17000", "2007-06-30": "0.20120", "2007-03-31": "0.33980", "2006-12-31": "0.25780", "2006-09-30": "0.16980", "2006-06-30": "0.15370", "2006-03-31": "0.33910", "2005-12-31": "0.34500", "2005-09-30": "0.17710", "2005-06-30": "0.17930", "2005-03-31": "0.31130"}, "Inventory Turnover Ratio": {"2020-12-31": "2.89510", "2020-09-30": "0.16110", "2020-06-30": "0.30710", "2020-03-31": "4.67060", "2019-12-31": "2.57570", "2019-09-30": "0.10500", "2019-06-30": "0.29550", "2019-03-31": "6.03570", "2018-12-31": "2.33480", "2018-09-30": "0.26000", "2018-06-30": "1.03870", "2018-03-31": "7.02360", "2017-12-31": "2.23790", "2017-09-30": "0.39300", "2017-06-30": "0.75290", "2017-03-31": "3.56170", "2016-12-31": "1.90090", "2016-09-30": "0.35700", "2016-06-30": "0.26380", "2016-03-31": "1.97610", "2015-12-31": "1.01830", "2015-09-30": "-3.65110", "2015-06-30": "1.42960", "2015-03-31": "7.12050", "2014-12-31": "3.00620", "2014-09-30": "1.61830", "2014-06-30": "2.81330", "2014-03-31": "11.75330", "2013-12-31": "2.98350", "2013-09-30": "1.52790", "2013-06-30": "2.58940", "2013-03-31": "4.43990", "2012-12-31": "2.45070", "2012-09-30": "1.17330", "2012-06-30": "1.18350", "2012-03-31": "3.61680", "2011-12-31": "2.23720", "2011-09-30": "1.76850", "2011-06-30": "2.24640", "2011-03-31": "4.94550", "2010-12-31": "2.26640", "2010-09-30": "1.45860", "2010-06-30": "1.94740", "2010-03-31": "7.12380", "2009-12-31": "2.20730", "2009-09-30": "0.98040", "2009-06-30": "1.64250", "2009-03-31": "4.15950", "2008-12-31": "2.26710", "2008-09-30": "2.02840", "2008-06-30": "2.43720", "2008-03-31": "4.85710", "2007-12-31": "2.28170", "2007-09-30": "1.52250", "2007-06-30": "2.13440", "2007-03-31": "4.51850", "2006-12-31": "2.35950", "2006-09-30": "1.54140", "2006-06-30": "1.50720", "2006-03-31": "3.69310", "2005-12-31": "3.31960", "2005-09-30": "1.78110", "2005-06-30": "2.05120", "2005-03-31": "4.78140"}, "Receiveable Turnover": {"2020-12-31": "1.85670", "2020-09-30": "2.05950", "2020-06-30": "2.08480", "2020-03-31": "2.58770", "2019-12-31": "2.00990", "2019-09-30": "1.92430", "2019-06-30": "1.70180", "2019-03-31": "2.60870", "2018-12-31": "1.83490", "2018-09-30": "1.75570", "2018-06-30": "2.21750", "2018-03-31": "2.99510", "2017-12-31": "1.81760", "2017-09-30": "2.09160", "2017-06-30": "2.10410", "2017-03-31": "2.93550", "2016-12-31": "1.70040", "2016-09-30": "2.00870", "2016-06-30": "1.64480", "2016-03-31": "2.46150", "2015-12-31": "1.47680", "2015-09-30": "2.22560", "2015-06-30": "2.27480", "2015-03-31": "3.00890", "2014-12-31": "2.07230", "2014-09-30": "2.29770", "2014-06-30": "2.42540", "2014-03-31": "2.92820", "2013-12-31": "1.88120", "2013-09-30": "2.23310", "2013-06-30": "2.44960", "2013-03-31": "2.69560", "2012-12-31": "2.06470", "2012-09-30": "2.34620", "2012-06-30": "2.65930", "2012-03-31": "3.49880", "2011-12-31": "2.21320", "2011-09-30": "2.66390", "2011-06-30": "2.46600", "2011-03-31": "3.44690", "2010-12-31": "2.00600", "2010-09-30": "2.44000", "2010-06-30": "2.53910", "2010-03-31": "3.55130", "2009-12-31": "2.16550", "2009-09-30": "2.36510", "2009-06-30": "3.23190", "2009-03-31": "3.42530", "2008-12-31": "2.06010", "2008-09-30": "3.01930", "2008-06-30": "2.72660", "2008-03-31": "3.08210", "2007-12-31": "2.13360", "2007-09-30": "2.63610", "2007-06-30": "2.83870", "2007-03-31": "2.87850", "2006-12-31": "2.09050", "2006-09-30": "2.59310", "2006-06-30": "2.11020", "2006-03-31": "2.56470", "2005-12-31": "1.85800", "2005-09-30": "2.20400", "2005-06-30": "3.02340", "2005-03-31": "3.19500"}, "Days Sales In Receivables": {"2020-12-31": "48.47270", "2020-09-30": "43.69960", "2020-06-30": "43.16870", "2020-03-31": "34.78040", "2019-12-31": "44.77740", "2019-09-30": "46.77080", "2019-06-30": "52.88650", "2019-03-31": "34.49980", "2018-12-31": "49.04810", "2018-09-30": "51.26280", "2018-06-30": "40.58580", "2018-03-31": "30.04900", "2017-12-31": "49.51630", "2017-09-30": "43.02970", "2017-06-30": "42.77330", "2017-03-31": "30.65950", "2016-12-31": "52.92860", "2016-09-30": "44.80460", "2016-06-30": "54.71710", "2016-03-31": "36.56280", "2015-12-31": "60.94280", "2015-09-30": "40.43890", "2015-06-30": "39.56420", "2015-03-31": "29.91080", "2014-12-31": "43.42980", "2014-09-30": "39.16940", "2014-06-30": "37.10750", "2014-03-31": "30.73610", "2013-12-31": "47.84240", "2013-09-30": "40.30300", "2013-06-30": "36.74090", "2013-03-31": "33.38750", "2012-12-31": "43.58890", "2012-09-30": "38.35990", "2012-06-30": "33.84330", "2012-03-31": "25.72280", "2011-12-31": "40.66600", "2011-09-30": "33.78460", "2011-06-30": "36.49570", "2011-03-31": "26.11020", "2010-12-31": "44.86520", "2010-09-30": "36.88460", "2010-06-30": "35.44590", "2010-03-31": "25.34290", "2009-12-31": "41.56010", "2009-09-30": "38.05420", "2009-06-30": "27.84720", "2009-03-31": "26.27500", "2008-12-31": "43.68690", "2008-09-30": "29.80820", "2008-06-30": "33.00790", "2008-03-31": "29.20090", "2007-12-31": "42.18250", "2007-09-30": "34.14150", "2007-06-30": "31.70430", "2007-03-31": "31.26600", "2006-12-31": "43.05220", "2006-09-30": "34.70740", "2006-06-30": "42.65060", "2006-03-31": "35.09200", "2005-12-31": "48.43950", "2005-09-30": "40.83560", "2005-06-30": "29.76790", "2005-03-31": "28.16890"}, "ROE - Return On Equity": {"2020-12-31": "3.01780", "2020-09-30": "0.96200", "2020-06-30": "1.82300", "2020-03-31": "3.80120", "2019-12-31": "2.91580", "2019-09-30": "1.01570", "2019-06-30": "1.42620", "2019-03-31": "3.90130", "2018-12-31": "2.94760", "2018-09-30": "0.81230", "2018-06-30": "1.49580", "2018-03-31": "3.79110", "2017-12-31": "6.88340", "2017-09-30": "0.91960", "2017-06-30": "1.81480", "2017-03-31": "4.22470", "2016-12-31": "3.08300", "2016-09-30": "1.00630", "2016-06-30": "1.90790", "2016-03-31": "4.27570", "2015-12-31": "3.10340", "2015-09-30": "20.56160", "2015-06-30": "1.73800", "2015-03-31": "4.38530", "2014-12-31": "3.18530", "2014-09-30": "0.76830", "2014-06-30": "1.46700", "2014-03-31": "4.26810", "2013-12-31": "3.26970", "2013-09-30": "0.29200", "2013-06-30": "1.29670", "2013-03-31": "4.41680", "2012-12-31": "3.19090", "2012-09-30": "-0.01210", "2012-06-30": "1.18960", "2012-03-31": "4.32430", "2011-12-31": "2.75090", "2011-09-30": "-0.36350", "2011-06-30": "-0.06310", "2011-03-31": "5.39850", "2010-12-31": "3.12550", "2010-09-30": "-0.61400", "2010-06-30": "-0.18280", "2010-03-31": "4.87960", "2009-12-31": "4.13320", "2009-09-30": "-1.08560", "2009-06-30": "0.08960", "2009-03-31": "5.92170", "2008-12-31": "3.65540", "2008-09-30": "0.07710", "2008-06-30": "-0.31290", "2008-03-31": "5.24620", "2007-12-31": "3.63120", "2007-09-30": "-0.30090", "2007-06-30": "-0.67200", "2007-03-31": "5.26740", "2006-12-31": "4.23130", "2006-09-30": "0.36760", "2006-06-30": "-1.09010", "2006-03-31": "5.20400", "2005-12-31": "4.33720", "2005-09-30": "-1.04850", "2005-06-30": "0.27760", "2005-03-31": "5.42200"}, "Return On Tangible Equity": {"2020-12-31": "3.35820", "2020-09-30": "1.07810", "2020-06-30": "2.05540", "2020-03-31": "4.29960", "2019-12-31": "3.31060", "2019-09-30": "1.16360", "2019-06-30": "1.63830", "2019-03-31": "4.49770", "2018-12-31": "3.41390", "2018-09-30": "0.95920", "2018-06-30": "1.76680", "2018-03-31": "4.48470", "2017-12-31": "8.19440", "2017-09-30": "1.13150", "2017-06-30": "2.23230", "2017-03-31": "5.21750", "2016-12-31": "3.84060", "2016-09-30": "1.27370", "2016-06-30": "2.42810", "2016-03-31": "5.49620", "2015-12-31": "4.01460", "2015-09-30": "26.78940", "2015-06-30": "2.25460", "2015-03-31": "5.74240", "2014-12-31": "4.20320", "2014-09-30": "1.01160", "2014-06-30": "1.92480", "2014-03-31": "5.59570", "2013-12-31": "4.53220", "2013-09-30": "0.40980", "2013-06-30": "1.81860", "2013-03-31": "6.23200", "2012-12-31": "4.59540", "2012-09-30": "-0.01770", "2012-06-30": "1.73490", "2012-03-31": "6.29940", "2011-12-31": "4.08390", "2011-09-30": "-0.54100", "2011-06-30": "-0.09230", "2011-03-31": "7.84260", "2010-12-31": "4.63230", "2010-09-30": "-0.93010", "2010-06-30": "-0.26870", "2010-03-31": "7.13690", "2009-12-31": "6.14750", "2009-09-30": "-1.64480", "2009-06-30": "0.13520", "2009-03-31": "8.96030", "2008-12-31": "5.67250", "2008-09-30": "0.12050", "2008-06-30": "-0.48150", "2008-03-31": "8.03200", "2007-12-31": "5.69930", "2007-09-30": "-0.48160", "2007-06-30": "-1.06870", "2007-03-31": "8.29650", "2006-12-31": "6.87440", "2006-09-30": "0.66610", "2006-06-30": "-1.95700", "2006-03-31": "9.16560", "2005-12-31": "7.89210", "2005-09-30": "-1.94320", "2005-06-30": "0.49510", "2005-03-31": "9.72310"}, "ROA - Return On Assets": {"2020-12-31": "1.32120", "2020-09-30": "0.42540", "2020-06-30": "0.79210", "2020-03-31": "1.62840", "2019-12-31": "1.24180", "2019-09-30": "0.43690", "2019-06-30": "0.62470", "2019-03-31": "1.69540", "2018-12-31": "1.24960", "2018-09-30": "0.32630", "2018-06-30": "0.61870", "2018-03-31": "1.57610", "2017-12-31": "2.78860", "2017-09-30": "0.33350", "2017-06-30": "0.67440", "2017-03-31": "1.56360", "2016-12-31": "1.07800", "2016-09-30": "0.34810", "2016-06-30": "0.68000", "2016-03-31": "1.49840", "2015-12-31": "1.06280", "2015-09-30": "7.23850", "2015-06-30": "0.63350", "2015-03-31": "1.54240", "2014-12-31": "1.07070", "2014-09-30": "0.27590", "2014-06-30": "0.54710", "2014-03-31": "1.57130", "2013-12-31": "1.00990", "2013-09-30": "0.09500", "2013-06-30": "0.42900", "2013-03-31": "1.41240", "2012-12-31": "0.97120", "2012-09-30": "-0.00380", "2012-06-30": "0.38120", "2012-03-31": "1.38540", "2011-12-31": "0.81700", "2011-09-30": "-0.11260", "2011-06-30": "-0.02110", "2011-03-31": "1.83200", "2010-12-31": "0.98450", "2010-09-30": "-0.19780", "2010-06-30": "-0.06420", "2010-03-31": "1.69000", "2009-12-31": "1.35740", "2009-09-30": "-0.37110", "2009-06-30": "0.03220", "2009-03-31": "1.92950", "2008-12-31": "1.11400", "2008-09-30": "0.02480", "2008-06-30": "-0.10320", "2008-03-31": "1.73700", "2007-12-31": "1.15320", "2007-09-30": "-0.10030", "2007-06-30": "-0.22060", "2007-03-31": "1.74340", "2006-12-31": "1.30720", "2006-09-30": "0.10590", "2006-06-30": "-0.32310", "2006-03-31": "1.48070", "2005-12-31": "1.07310", "2005-09-30": "-0.29720", "2005-06-30": "0.08870", "2005-03-31": "1.63520"}, "ROI - Return On Investment": {"2020-12-31": "1.76430", "2020-09-30": "0.57700", "2020-06-30": "1.07150", "2020-03-31": "2.25370", "2019-12-31": "1.70950", "2019-09-30": "0.62940", "2019-06-30": "0.87740", "2019-03-31": "2.37790", "2018-12-31": "1.86940", "2018-09-30": "0.53340", "2018-06-30": "0.96500", "2018-03-31": "2.43880", "2017-12-31": "4.11650", "2017-09-30": "0.51470", "2017-06-30": "1.01610", "2017-03-31": "2.63460", "2016-12-31": "1.89650", "2016-09-30": "0.61660", "2016-06-30": "1.16610", "2016-03-31": "2.46550", "2015-12-31": "1.77290", "2015-09-30": "11.66310", "2015-06-30": "0.98850", "2015-03-31": "2.46090", "2014-12-31": "1.76830", "2014-09-30": "0.42790", "2014-06-30": "0.90130", "2014-03-31": "2.62500", "2013-12-31": "1.88470", "2013-09-30": "0.14960", "2013-06-30": "0.66460", "2013-03-31": "2.24730", "2012-12-31": "1.76580", "2012-09-30": "-0.00660", "2012-06-30": "0.64980", "2012-03-31": "2.36470", "2011-12-31": "1.39440", "2011-09-30": "-0.18370", "2011-06-30": "-0.03250", "2011-03-31": "3.06510", "2010-12-31": "1.74170", "2010-09-30": "-0.33540", "2010-06-30": "-0.10260", "2010-03-31": "2.53710", "2009-12-31": "2.11270", "2009-09-30": "-0.54370", "2009-06-30": "0.04500", "2009-03-31": "2.96720", "2008-12-31": "2.00010", "2008-09-30": "0.03790", "2008-06-30": "-0.15590", "2008-03-31": "2.62700", "2007-12-31": "1.77520", "2007-09-30": "-0.14450", "2007-06-30": "-0.32470", "2007-03-31": "2.73070", "2006-12-31": "2.13890", "2006-09-30": "0.15830", "2006-06-30": "-0.47190", "2006-03-31": "2.28420", "2005-12-31": "1.85980", "2005-09-30": "-0.44380", "2005-06-30": "0.11810", "2005-03-31": "2.27680"}, "Book Value Per Share": {"2020-12-31": "56.28550", "2020-09-30": "53.94900", "2020-06-30": "52.38280", "2020-03-31": "51.54500", "2019-12-31": "50.12000", "2019-09-30": "48.18390", "2019-06-30": "47.73420", "2019-03-31": "47.08460", "2018-12-31": "45.75290", "2018-09-30": "42.86670", "2018-06-30": "42.80370", "2018-03-31": "42.51170", "2017-12-31": "41.12780", "2017-09-30": "36.74350", "2017-06-30": "36.78780", "2017-03-31": "36.42680", "2016-12-31": "35.19150", "2016-09-30": "33.32080", "2016-06-30": "33.38940", "2016-03-31": "32.72250", "2015-12-31": "32.05470", "2015-09-30": "31.48240", "2015-06-30": "31.95530", "2015-03-31": "31.09040", "2014-12-31": "30.37980", "2014-09-30": "30.74300", "2014-06-30": "31.05940", "2014-03-31": "31.19210", "2013-12-31": "29.25870", "2013-09-30": "28.46880", "2013-06-30": "28.48020", "2013-03-31": "28.09280", "2012-12-31": "26.77960", "2012-09-30": "26.14440", "2012-06-30": "26.11560", "2012-03-31": "26.22170", "2011-12-31": "25.19540", "2011-09-30": "24.97800", "2011-06-30": "25.87200", "2011-03-31": "26.28150", "2010-12-31": "25.09820", "2010-09-30": "24.15980", "2010-06-30": "24.84860", "2010-03-31": "25.10920", "2009-12-31": "24.28800", "2009-09-30": "23.51930", "2009-06-30": "23.76040", "2009-03-31": "23.69270", "2008-12-31": "22.68670", "2008-09-30": "22.60080", "2008-06-30": "23.24590", "2008-03-31": "23.58470", "2007-12-31": "22.60650", "2007-09-30": "22.00650", "2007-06-30": "22.31040", "2007-03-31": "23.03850", "2006-12-31": "21.69890", "2006-09-30": "20.16270", "2006-06-30": "20.41450", "2006-03-31": "21.04530", "2005-12-31": "20.25430", "2005-09-30": "19.89620", "2005-06-30": "20.13750", "2005-03-31": "20.43480"}, "Operating Cash Flow Per Share": {"2020-12-31": "1.23640", "2020-09-30": 1.1693, "2020-06-30": 2.1257, "2020-03-31": 3.7319, "2019-12-31": "1.42090", "2019-09-30": 1.4172, "2019-06-30": 2.0678, "2019-03-31": 3.3159, "2018-12-31": "1.44670", "2018-09-30": 0.875, "2018-06-30": 2.5297, "2018-03-31": 5.1306, "2017-12-31": "1.59570", "2017-09-30": 1.1629, "2017-06-30": 1.7987, "2017-03-31": 4.0999, "2016-12-31": "1.11090", "2016-09-30": 1.6075, "2016-06-30": 1.6719, "2016-03-31": 3.717, "2015-12-31": "0.68290", "2015-09-30": 0.9062, "2015-06-30": 1.7194, "2015-03-31": 5.0458, "2014-12-31": "0.26990", "2014-09-30": 1.2781, "2014-06-30": 1.1246, "2014-03-31": 4.7315, "2013-12-31": "0.37350", "2013-09-30": 1.1193, "2013-06-30": 1.4527, "2013-03-31": 3.7864, "2012-12-31": "0.32700", "2012-09-30": 0.7359, "2012-06-30": 1.7079, "2012-03-31": 4.1626, "2011-12-31": "-0.16890", "2011-09-30": 0.6647, "2011-06-30": 0.9216, "2011-03-31": 4.3363, "2010-12-31": "0.50690", "2010-09-30": 1.4429, "2010-06-30": 1.2108, "2010-03-31": 4.1781, "2009-12-31": "1.02860", "2009-09-30": 1.0361, "2009-06-30": 2.2571, "2009-03-31": 5.0795, "2008-12-31": "1.66040", "2008-09-30": -0.5316, "2008-06-30": -0.6691, "2008-03-31": 4.6393, "2007-12-31": "0.68560", "2007-09-30": -0.0192, "2007-06-30": 0.4851, "2007-03-31": 3.79, "2006-12-31": "1.97920", "2006-09-30": 1.0626, "2006-06-30": 0.9329, "2006-03-31": 4.2514, "2005-12-31": "-2.42030", "2005-09-30": 0.0634, "2005-06-30": -0.1823, "2005-03-31": 5.0162}, "Free Cash Flow Per Share": {"2020-12-31": "-2.35950", "2020-09-30": -3.159, "2020-06-30": -1.2121, "2020-03-31": 0.0049, "2019-12-31": "-2.93960", "2019-09-30": -2.8744, "2019-06-30": -1.4547, "2019-03-31": 0.3706, "2018-12-31": "-2.21130", "2018-09-30": -2.6137, "2018-06-30": -1.016, "2018-03-31": 2.4749, "2017-12-31": "-1.93430", "2017-09-30": -1.9188, "2017-06-30": -0.5563, "2017-03-31": 1.6495, "2016-12-31": "-1.71920", "2016-09-30": -1.2805, "2016-06-30": -0.733, "2016-03-31": 1.3378, "2015-12-31": "-2.14450", "2015-09-30": -1.975, "2015-06-30": -0.4838, "2015-03-31": 3.2776, "2014-12-31": "-2.30260", "2014-09-30": -1.7059, "2014-06-30": -0.605, "2014-03-31": 2.9648, "2013-12-31": "-1.59260", "2013-09-30": -0.0638, "2013-06-30": -0.6567, "2013-03-31": 1.6145, "2012-12-31": "-1.75410", "2012-09-30": -1.8362, "2012-06-30": -0.3136, "2012-03-31": 2.4231, "2011-12-31": "-1.87400", "2011-09-30": -1.877, "2011-06-30": -0.6843, "2011-03-31": 2.9741, "2010-12-31": "-0.85540", "2010-09-30": -0.5173, "2010-06-30": -0.195, "2010-03-31": 2.9207, "2009-12-31": "-0.21930", "2009-09-30": -0.7897, "2009-06-30": 0.9491, "2009-03-31": 3.8352, "2008-12-31": "0.47760", "2008-09-30": -2.2924, "2008-06-30": -1.951, "2008-03-31": 3.4818, "2007-12-31": "-0.36510", "2007-09-30": -1.5152, "2007-06-30": -0.5441, "2007-03-31": 2.8863, "2006-12-31": "0.93560", "2006-09-30": -0.1714, "2006-06-30": -0.4276, "2006-03-31": 2.8895, "2005-12-31": "-3.68960", "2005-09-30": -1.323, "2005-06-30": -1.2893, "2005-03-31": 3.2927}}, "revenue": {"Atmos Energy Annual Revenue (Millions of US $)": {"2020": "$2,821", "2019": "$2,902", "2018": "$3,116", "2017": "$2,760", "2016": "$2,455", "2015": "$2,927", "2014": "$4,941", "2013": "$3,875", "2012": "$3,436", "2011": "$4,286", "2010": "$4,661", "2009": "$4,869", "2008": "$7,221", "2007": "$5,898", "2006": "$6,152", "2005": "$4,962"}, "Atmos Energy Quarterly Revenue (Millions of US $)": {"2020-12-31": "$914", "2020-09-30": "$475", "2020-06-30": "$493", "2020-03-31": "$978", "2019-12-31": "$876", "2019-09-30": "$444", "2019-06-30": "$486", "2019-03-31": "$1,095", "2018-12-31": "$878", "2018-09-30": "$445", "2018-06-30": "$562", "2018-03-31": "$1,219", "2017-12-31": "$889", "2017-09-30": "$465", "2017-06-30": "$527", "2017-03-31": "$988", "2016-12-31": "$780", "2016-09-30": "$434", "2016-06-30": "$456", "2016-03-31": "$890", "2015-12-31": "$675", "2015-09-30": "$657", "2015-06-30": "$686", "2015-03-31": "$1,540", "2014-12-31": "$1,259", "2014-09-30": "$789", "2014-06-30": "$943", "2014-03-31": "$1,965", "2013-12-31": "$1,244", "2013-09-30": "$674", "2013-06-30": "$858", "2013-03-31": "$1,309", "2012-12-31": "$1,034", "2012-09-30": "$550", "2012-06-30": "$576", "2012-03-31": "$1,226", "2011-12-31": "$1,084", "2011-09-30": "$728", "2011-06-30": "$844", "2011-03-31": "$1,581", "2010-12-31": "$1,133", "2010-09-30": "$667", "2010-06-30": "$761", "2010-03-31": "$1,940", "2009-12-31": "$1,293", "2009-09-30": "$551", "2009-06-30": "$781", "2009-03-31": "$1,821", "2008-12-31": "$1,716", "2008-09-30": "$1,441", "2008-06-30": "$1,639", "2008-03-31": "$2,484", "2007-12-31": "$1,658", "2007-09-30": "$1,002", "2007-06-30": "$1,218", "2007-03-31": "$2,076", "2006-12-31": "$1,603", "2006-09-30": "$971", "2006-06-30": "$863", "2006-03-31": "$2,034", "2005-12-31": "$2,284", "2005-09-30": "$1,001", "2005-06-30": "$907", "2005-03-31": "$1,685"}}, "gross-profit": {"Atmos Energy Annual Gross Profit (Millions of US $)": {"2020": "$2,162", "2019": "$2,043", "2018": "$1,948", "2017": "$1,834", "2016": "$1,708", "2015": "$1,631", "2014": "$1,582", "2013": "$1,412", "2012": "$1,324", "2011": "$1,301", "2010": "$1,314", "2009": "$1,320", "2008": "$1,321", "2007": "$1,250", "2006": "$1,217", "2005": "$1,118"}, "Atmos Energy Quarterly Gross Profit (Millions of US $)": {"2020-12-31": "$626", "2020-09-30": "$457", "2020-06-30": "$467", "2020-03-31": "$660", "2019-12-31": "$579", "2019-09-30": "$430", "2019-06-30": "$454", "2019-03-31": "$623", "2018-12-31": "$536", "2018-09-30": "$402", "2018-06-30": "$431", "2018-03-31": "$592", "2017-12-31": "$522", "2017-09-30": "$392", "2017-06-30": "$412", "2017-03-31": "$561", "2016-12-31": "$469", "2016-09-30": "$370", "2016-06-30": "$392", "2016-03-31": "$513", "2015-12-31": "$434", "2015-09-30": "$1,521", "2015-06-30": "$382", "2015-03-31": "$521", "2014-12-31": "$423", "2014-09-30": "$338", "2014-06-30": "$360", "2014-03-31": "$496", "2013-12-31": "$389", "2013-09-30": "$300", "2013-06-30": "$316", "2013-03-31": "$433", "2012-12-31": "$362", "2012-09-30": "$249", "2012-06-30": "$293", "2012-03-31": "$426", "2011-12-31": "$355", "2011-09-30": "$216", "2011-06-30": "$267", "2011-03-31": "$454", "2010-12-31": "$365", "2010-09-30": "$201", "2010-06-30": "$248", "2010-03-31": "$454", "2009-12-31": "$411", "2009-09-30": "$205", "2009-06-30": "$260", "2009-03-31": "$460", "2008-12-31": "$395", "2008-09-30": "$271", "2008-06-30": "$246", "2008-03-31": "$434", "2007-12-31": "$370", "2007-09-30": "$218", "2007-06-30": "$228", "2007-03-31": "$429", "2006-12-31": "$376", "2006-09-30": "$260", "2006-06-30": "$205", "2006-03-31": "$405", "2005-12-31": "$347", "2005-09-30": "$198", "2005-06-30": "$221", "2005-03-31": "$376"}}, "operating-income": {"Atmos Energy Annual Operating Income (Millions of US $)": {"2020": "$824", "2019": "$746", "2018": "$728", "2017": "$736", "2016": "$657", "2015": "$612", "2014": "$611", "2013": "$502", "2012": "$446", "2011": "$426", "2010": "$464", "2009": "$436", "2008": "$428", "2007": "$399", "2006": "$383", "2005": "$349"}, "Atmos Energy Quarterly Operating Income (Millions of US $)": {"2020-12-31": "$299", "2020-09-30": "$101", "2020-06-30": "$139", "2020-03-31": "$331", "2019-12-31": "$253", "2019-09-30": "$90", "2019-06-30": "$122", "2019-03-31": "$298", "2018-12-31": "$236", "2018-09-30": "$91", "2018-06-30": "$124", "2018-03-31": "$271", "2017-12-31": "$242", "2017-09-30": "$100", "2017-06-30": "$141", "2017-03-31": "$285", "2016-12-31": "$210", "2016-09-30": "$84", "2016-06-30": "$128", "2016-03-31": "$252", "2015-12-31": "$193", "2015-09-30": "$1,272", "2015-06-30": "$118", "2015-03-31": "$250", "2014-12-31": "$188", "2014-09-30": "$84", "2014-06-30": "$107", "2014-03-31": "$250", "2013-12-31": "$171", "2013-09-30": "$50", "2013-06-30": "$86", "2013-03-31": "$210", "2012-12-31": "$155", "2012-09-30": "$23", "2012-06-30": "$82", "2012-03-31": "$202", "2011-12-31": "$139", "2011-09-30": "$25", "2011-06-30": "$34", "2011-03-31": "$211", "2010-12-31": "$155", "2010-09-30": "$16", "2010-06-30": "$32", "2010-03-31": "$225", "2009-12-31": "$191", "2009-09-30": "$3", "2009-06-30": "$44", "2009-03-31": "$227", "2008-12-31": "$163", "2008-09-30": "$38", "2008-06-30": "$21", "2008-03-31": "$211", "2007-12-31": "$159", "2007-09-30": "$11", "2007-06-30": "$8", "2007-03-31": "$209", "2006-12-31": "$171", "2006-09-30": "$47", "2006-06-30": "$5", "2006-03-31": "$181", "2005-12-31": "$150", "2005-09-30": "$8", "2005-06-30": "$39", "2005-03-31": "$172"}}, "ebitda": {"Atmos Energy Annual EBITDA (Millions of US $)": {"2020": "$1,265", "2019": "$1,147", "2018": "$1,097", "2017": "$1,062", "2016": "$950", "2015": "$887", "2014": "$865", "2013": "$739", "2012": "$692", "2011": "$659", "2010": "$681", "2009": "$654", "2008": "$628", "2007": "$597", "2006": "$568", "2005": "$527"}, "Atmos Energy Quarterly EBITDA (Millions of US $)": {"2020-12-31": "$414", "2020-09-30": "$224", "2020-06-30": "$246", "2020-03-31": "$437", "2019-12-31": "$358", "2019-09-30": "$200", "2019-06-30": "$220", "2019-03-31": "$394", "2018-12-31": "$333", "2018-09-30": "$191", "2018-06-30": "$215", "2018-03-31": "$360", "2017-12-31": "$330", "2017-09-30": "$191", "2017-06-30": "$221", "2017-03-31": "$363", "2016-12-31": "$287", "2016-09-30": "$161", "2016-06-30": "$202", "2016-03-31": "$324", "2015-12-31": "$264", "2015-09-30": "$1,343", "2015-06-30": "$186", "2015-03-31": "$318", "2014-12-31": "$255", "2014-09-30": "$152", "2014-06-30": "$171", "2014-03-31": "$311", "2013-12-31": "$231", "2013-09-30": "$111", "2013-06-30": "$145", "2013-03-31": "$268", "2012-12-31": "$215", "2012-09-30": "$85", "2012-06-30": "$143", "2012-03-31": "$264", "2011-12-31": "$200", "2011-09-30": "$87", "2011-06-30": "$93", "2011-03-31": "$268", "2010-12-31": "$211", "2010-09-30": "$73", "2010-06-30": "$86", "2010-03-31": "$278", "2009-12-31": "$244", "2009-09-30": "$59", "2009-06-30": "$98", "2009-03-31": "$280", "2008-12-31": "$216", "2008-09-30": "$90", "2008-06-30": "$71", "2008-03-31": "$260", "2007-12-31": "$207", "2007-09-30": "$61", "2007-06-30": "$57", "2007-03-31": "$260", "2006-12-31": "$220", "2006-09-30": "$96", "2006-06-30": "$52", "2006-03-31": "$228", "2005-12-31": "$193", "2005-09-30": "$54", "2005-06-30": "$83", "2005-03-31": "$218"}}, "net-income": {"Atmos Energy Annual Net Income (Millions of US $)": {"2020": "$601", "2019": "$511", "2018": "$603", "2017": "$396", "2016": "$350", "2015": "$315", "2014": "$289", "2013": "$243", "2012": "$217", "2011": "$208", "2010": "$206", "2009": "$191", "2008": "$180", "2007": "$168", "2006": "$148", "2005": "$136"}, "Atmos Energy Quarterly Net Income (Millions of US $)": {"2020-12-31": "$218", "2020-09-30": "$66", "2020-06-30": "$118", "2020-03-31": "$239", "2019-12-31": "$179", "2019-09-30": "$59", "2019-06-30": "$80", "2019-03-31": "$215", "2018-12-31": "$158", "2018-09-30": "$39", "2018-06-30": "$71", "2018-03-31": "$179", "2017-12-31": "$314", "2017-09-30": "$36", "2017-06-30": "$71", "2017-03-31": "$165", "2016-12-31": "$125", "2016-09-30": "$34", "2016-06-30": "$71", "2016-03-31": "$142", "2015-12-31": "$103", "2015-09-30": "$24", "2015-06-30": "$56", "2015-03-31": "$138", "2014-12-31": "$98", "2014-09-30": "$24", "2014-06-30": "$46", "2014-03-31": "$133", "2013-12-31": "$87", "2013-09-30": "$8", "2013-06-30": "$39", "2013-03-31": "$116", "2012-12-31": "$80", "2012-09-30": "$8", "2012-06-30": "$31", "2012-03-31": "$109", "2011-12-31": "$69", "2011-09-30": "$2", "2011-06-30": "$-1", "2011-03-31": "$132", "2010-12-31": "$74", "2010-09-30": "$2", "2010-06-30": "$-3", "2010-03-31": "$114", "2009-12-31": "$93", "2009-09-30": "$-16", "2009-06-30": "$2", "2009-03-31": "$129", "2008-12-31": "$76", "2008-09-30": "$2", "2008-06-30": "$-7", "2008-03-31": "$112", "2007-12-31": "$74", "2007-09-30": "$-6", "2007-06-30": "$-13", "2007-03-31": "$107", "2006-12-31": "$81", "2006-09-30": "$6", "2006-06-30": "$-18", "2006-03-31": "$89", "2005-12-31": "$71", "2005-09-30": "$-17", "2005-06-30": "$4", "2005-03-31": "$89"}}, "eps-earnings-per-share-diluted": {"Atmos Energy Annual EPS": {"2020": "$4.89", "2019": "$4.35", "2018": "$5.43", "2017": "$3.73", "2016": "$3.38", "2015": "$3.09", "2014": "$2.96", "2013": "$2.64", "2012": "$2.37", "2011": "$2.27", "2010": "$2.20", "2009": "$2.07", "2008": "$1.99", "2007": "$1.92", "2006": "$1.82", "2005": "$1.72"}, "Atmos Energy Quarterly EPS": {"2020-12-31": "$1.71", "2020-09-30": "$0.51", "2020-06-30": "$0.96", "2020-03-31": "$1.95", "2019-12-31": "$1.47", "2019-09-30": "$0.47", "2019-06-30": "$0.68", "2019-03-31": "$1.82", "2018-12-31": "$1.38", "2018-09-30": "$0.30", "2018-06-30": "$0.64", "2018-03-31": "$1.60", "2017-12-31": "$2.89", "2017-09-30": "$0.32", "2017-06-30": "$0.67", "2017-03-31": "$1.55", "2016-12-31": "$1.19", "2016-09-30": "$0.31", "2016-06-30": "$0.69", "2016-03-31": "$1.38", "2015-12-31": "$1.00", "2015-09-30": "$0.23", "2015-06-30": "$0.55", "2015-03-31": "$1.35", "2014-12-31": "$0.96", "2014-09-30": "$0.18", "2014-06-30": "$0.45", "2014-03-31": "$1.38", "2013-12-31": "$0.95", "2013-09-30": "$0.07", "2013-06-30": "$0.42", "2013-03-31": "$1.27", "2012-12-31": "$0.88", "2012-09-30": "$0.08", "2012-06-30": "$0.34", "2012-03-31": "$1.20", "2011-12-31": "$0.75", "2011-09-30": "$0.02", "2011-06-30": "$-0.01", "2011-03-31": "$1.45", "2010-12-31": "$0.81", "2010-09-30": "$0.01", "2010-06-30": "$-0.03", "2010-03-31": "$1.22", "2009-12-31": "$1.00", "2009-09-30": "$-0.18", "2009-06-30": "$0.02", "2009-03-31": "$1.40", "2008-12-31": "$0.83", "2008-09-30": "$0.00", "2008-06-30": "$-0.07", "2008-03-31": "$1.24", "2007-12-31": "$0.82", "2007-09-30": "$-0.10", "2007-06-30": "$-0.15", "2007-03-31": "$1.20", "2006-12-31": "$0.97", "2006-09-30": "$0.06", "2006-06-30": "$-0.22", "2006-03-31": "$1.10", "2005-12-31": "$0.88", "2005-09-30": "$-0.24", "2005-06-30": "$0.06", "2005-03-31": "$1.11"}}, "shares-outstanding": {"Atmos Energy Annual Shares Outstanding (Millions of Shares)": {"2020": "123", "2019": "117", "2018": "111", "2017": "106", "2016": "104", "2015": "102", "2014": "98", "2013": "92", "2012": "91", "2011": "91", "2010": "92", "2009": "92", "2008": "90", "2007": "88", "2006": "81", "2005": "79"}, "Atmos Energy Quarterly Shares Outstanding (Millions of Shares)": {"2020-12-31": "127", "2020-09-30": "123", "2020-06-30": "123", "2020-03-31": "123", "2019-12-31": "121", "2019-09-30": "117", "2019-06-30": "118", "2019-03-31": "118", "2018-12-31": "114", "2018-09-30": "111", "2018-06-30": "112", "2018-03-31": "112", "2017-12-31": "109", "2017-09-30": "106", "2017-06-30": "106", "2017-03-31": "106", "2016-12-31": "105", "2016-09-30": "104", "2016-06-30": "104", "2016-03-31": "103", "2015-12-31": "103", "2015-09-30": "102", "2015-06-30": "102", "2015-03-31": "102", "2014-12-31": "102", "2014-09-30": "98", "2014-06-30": "101", "2014-03-31": "96", "2013-12-31": "92", "2013-09-30": "92", "2013-06-30": "92", "2013-03-31": "91", "2012-12-31": "91", "2012-09-30": "91", "2012-06-30": "91", "2012-03-31": "90", "2011-12-31": "91", "2011-09-30": "91", "2011-06-30": "90", "2011-03-31": "91", "2010-12-31": "90", "2010-09-30": "92", "2010-06-30": "93", "2010-03-31": "93", "2009-12-31": "93", "2009-09-30": "92", "2009-06-30": "92", "2009-03-31": "91", "2008-12-31": "91", "2008-09-30": "90", "2008-06-30": "90", "2008-03-31": "90", "2007-12-31": "90", "2007-09-30": "88", "2007-06-30": "88", "2007-03-31": "89", "2006-12-31": "83", "2006-09-30": "81", "2006-06-30": "81", "2006-03-31": "81", "2005-12-31": "81", "2005-09-30": "79", "2005-06-30": "80", "2005-03-31": "80"}}, "total-assets": {"Atmos Energy Annual Total Assets (Millions of US $)": {"2020": "$15,359", "2019": "$13,368", "2018": "$11,874", "2017": "$10,750", "2016": "$10,011", "2015": "$9,075", "2014": "$8,595", "2013": "$7,934", "2012": "$7,496", "2011": "$7,283", "2010": "$6,764", "2009": "$6,367", "2008": "$6,387", "2007": "$5,895", "2006": "$5,720", "2005": "$5,654"}, "Atmos Energy Quarterly Total Assets (Millions of US $)": {"2020-12-31": "$16,476", "2020-09-30": "$15,359", "2020-06-30": "$14,871", "2020-03-31": "$14,716", "2019-12-31": "$14,388", "2019-09-30": "$13,368", "2019-06-30": "$12,881", "2019-03-31": "$12,675", "2018-12-31": "$12,616", "2018-09-30": "$11,874", "2018-06-30": "$11,508", "2018-03-31": "$11,356", "2017-12-31": "$11,265", "2017-09-30": "$10,750", "2017-06-30": "$10,499", "2017-03-31": "$10,361", "2016-12-31": "$10,579", "2016-09-30": "$10,011", "2016-06-30": "$9,727", "2016-03-31": "$9,544", "2015-12-31": "$9,555", "2015-09-30": "$9,075", "2015-06-30": "$8,884", "2015-03-31": "$8,927", "2014-12-31": "$9,115", "2014-09-30": "$8,595", "2014-06-30": "$8,357", "2014-03-31": "$8,488", "2013-12-31": "$8,616", "2013-09-30": "$7,934", "2013-06-30": "$7,803", "2013-03-31": "$7,954", "2012-12-31": "$7,964", "2012-09-30": "$7,496", "2012-06-30": "$7,350", "2012-03-31": "$7,369", "2011-12-31": "$7,636", "2011-09-30": "$7,283", "2011-06-30": "$6,993", "2011-03-31": "$6,996", "2010-12-31": "$7,222", "2010-09-30": "$6,764", "2010-06-30": "$6,586", "2010-03-31": "$6,753", "2009-12-31": "$6,875", "2009-09-30": "$6,367", "2009-06-30": "$6,096", "2009-03-31": "$6,686", "2008-12-31": "$6,819", "2008-09-30": "$6,387", "2008-06-30": "$6,385", "2008-03-31": "$6,421", "2007-12-31": "$6,400", "2007-09-30": "$5,895", "2007-06-30": "$6,056", "2007-03-31": "$6,109", "2006-12-31": "$6,216", "2006-09-30": "$5,720", "2006-06-30": "$5,616", "2006-03-31": "$5,997", "2005-12-31": "$6,619", "2005-09-30": "$5,654", "2005-06-30": "$5,058", "2005-03-31": "$5,412"}}, "cash-on-hand": {"Atmos Energy Annual Cash on Hand (Millions of US $)": {"2020": "$21", "2019": "$25", "2018": "$14", "2017": "$26", "2016": "$48", "2015": "$29", "2014": "$42", "2013": "$66", "2012": "$64", "2011": "$131", "2010": "$132", "2009": "$111", "2008": "$47", "2007": "$61", "2006": "$111", "2005": "$121"}, "Atmos Energy Quarterly Cash on Hand (Millions of US $)": {"2020-12-31": "$458", "2020-09-30": "$21", "2020-06-30": "$208", "2020-03-31": "$320", "2019-12-31": "$189", "2019-09-30": "$25", "2019-06-30": "$46", "2019-03-31": "$108", "2018-12-31": "$218", "2018-09-30": "$14", "2018-06-30": "$21", "2018-03-31": "$71", "2017-12-31": "$55", "2017-09-30": "$26", "2017-06-30": "$70", "2017-03-31": "$45", "2016-12-31": "$45", "2016-09-30": "$48", "2016-06-30": "$66", "2016-03-31": "$48", "2015-12-31": "$79", "2015-09-30": "$29", "2015-06-30": "$43", "2015-03-31": "$96", "2014-12-31": "$124", "2014-09-30": "$42", "2014-06-30": "$51", "2014-03-31": "$137", "2013-12-31": "$195", "2013-09-30": "$66", "2013-06-30": "$32", "2013-03-31": "$66", "2012-12-31": "$125", "2012-09-30": "$64", "2012-06-30": "$28", "2012-03-31": "$47", "2011-12-31": "$85", "2011-09-30": "$131", "2011-06-30": "$117", "2011-03-31": "$153", "2010-12-31": "$130", "2010-09-30": "$132", "2010-06-30": "$180", "2010-03-31": "$231", "2009-12-31": "$175", "2009-09-30": "$111", "2009-06-30": "$126", "2009-03-31": "$482", "2008-12-31": "$70", "2008-09-30": "$47", "2008-06-30": "$109", "2008-03-31": "$169", "2007-12-31": "$52", "2007-09-30": "$61", "2007-06-30": "$364", "2007-03-31": "$217", "2006-12-31": "$94", "2006-09-30": "$111", "2006-06-30": "$85", "2006-03-31": "$62", "2005-12-31": "$124", "2005-09-30": "$121", "2005-06-30": "$46", "2005-03-31": "$264"}}, "long-term-debt": {"Atmos Energy Annual Long Term Debt (Millions of US $)": {"2020": "$4,532", "2019": "$3,529", "2018": "$2,494", "2017": "$3,067", "2016": "$2,189", "2015": "$2,438", "2014": "$2,456", "2013": "$2,456", "2012": "$1,956", "2011": "$2,206", "2010": "$1,810", "2009": "$2,169", "2008": "$2,120", "2007": "$2,126", "2006": "$2,180", "2005": "$2,183"}, "Atmos Energy Quarterly Long Term Debt (Millions of US $)": {"2020-12-31": "$5,125", "2020-09-30": "$4,532", "2020-06-30": "$4,531", "2020-03-31": "$4,329", "2019-12-31": "$4,324", "2019-09-30": "$3,529", "2019-06-30": "$3,529", "2019-03-31": "$3,529", "2018-12-31": "$3,085", "2018-09-30": "$2,494", "2018-06-30": "$2,618", "2018-03-31": "$2,618", "2017-12-31": "$3,067", "2017-09-30": "$3,067", "2017-06-30": "$3,067", "2017-03-31": "$2,315", "2016-12-31": "$2,314", "2016-09-30": "$2,189", "2016-06-30": "$2,206", "2016-03-31": "$2,456", "2015-12-31": "$2,455", "2015-09-30": "$2,438", "2015-06-30": "$2,455", "2015-03-31": "$2,455", "2014-12-31": "$2,455", "2014-09-30": "$2,456", "2014-06-30": "$1,956", "2014-03-31": "$1,956", "2013-12-31": "$1,956", "2013-09-30": "$2,456", "2013-06-30": "$2,456", "2013-03-31": "$2,456", "2012-12-31": "$1,956", "2012-09-30": "$1,956", "2012-06-30": "$1,956", "2012-03-31": "$1,956", "2011-12-31": "$2,206", "2011-09-30": "$2,206", "2011-06-30": "$2,206", "2011-03-31": "$1,807", "2010-12-31": "$1,807", "2010-09-30": "$1,810", "2010-06-30": "$1,810", "2010-03-31": "$2,159", "2009-12-31": "$2,159", "2009-09-30": "$2,169", "2009-06-30": "$2,169", "2009-03-31": "$2,169", "2008-12-31": "$1,720", "2008-09-30": "$2,120", "2008-06-30": "$2,120", "2008-03-31": "$2,120", "2007-12-31": "$2,125", "2007-09-30": "$2,126", "2007-06-30": "$2,127", "2007-03-31": "$1,878", "2006-12-31": "$1,879", "2006-09-30": "$2,180", "2006-06-30": "$2,181", "2006-03-31": "$2,181", "2005-12-31": "$2,181", "2005-09-30": "$2,183", "2005-06-30": "$2,184", "2005-03-31": "$2,255"}}, "total-liabilities": {"Atmos Energy Annual Total Liabilities (Millions of US $)": {"2020": "$8,568", "2019": "$7,617", "2018": "$7,104", "2017": "$6,851", "2016": "$6,548", "2015": "$5,880", "2014": "$5,508", "2013": "$5,354", "2012": "$5,136", "2011": "$5,027", "2010": "$4,585", "2009": "$4,190", "2008": "$4,334", "2007": "$3,929", "2006": "$4,071", "2005": "$4,051"}, "Atmos Energy Quarterly Total Liabilities (Millions of US $)": {"2020-12-31": "$9,263", "2020-09-30": "$8,568", "2020-06-30": "$8,410", "2020-03-31": "$8,412", "2019-12-31": "$8,260", "2019-09-30": "$7,617", "2019-06-30": "$7,239", "2019-03-31": "$7,167", "2018-12-31": "$7,268", "2018-09-30": "$7,104", "2018-06-30": "$6,748", "2018-03-31": "$6,635", "2017-12-31": "$6,701", "2017-09-30": "$6,851", "2017-06-30": "$6,597", "2017-03-31": "$6,527", "2016-12-31": "$6,880", "2016-09-30": "$6,548", "2016-06-30": "$6,261", "2016-03-31": "$6,199", "2015-12-31": "$6,283", "2015-09-30": "$5,880", "2015-06-30": "$5,646", "2015-03-31": "$5,787", "2014-12-31": "$6,051", "2014-09-30": "$5,508", "2014-06-30": "$5,241", "2014-03-31": "$5,363", "2013-12-31": "$5,955", "2013-09-30": "$5,354", "2013-06-30": "$5,221", "2013-03-31": "$5,410", "2012-12-31": "$5,540", "2012-09-30": "$5,136", "2012-06-30": "$4,995", "2012-03-31": "$5,008", "2011-12-31": "$5,368", "2011-09-30": "$5,027", "2011-06-30": "$4,658", "2011-03-31": "$4,622", "2010-12-31": "$4,947", "2010-09-30": "$4,585", "2010-06-30": "$4,272", "2010-03-31": "$4,414", "2009-12-31": "$4,617", "2009-09-30": "$4,190", "2009-06-30": "$3,905", "2009-03-31": "$4,507", "2008-12-31": "$4,741", "2008-09-30": "$4,334", "2008-06-30": "$4,279", "2008-03-31": "$4,295", "2007-12-31": "$4,367", "2007-09-30": "$3,929", "2007-06-30": "$4,068", "2007-03-31": "$4,087", "2006-12-31": "$4,296", "2006-09-30": "$4,071", "2006-06-30": "$3,952", "2006-03-31": "$4,291", "2005-12-31": "$4,981", "2005-09-30": "$4,051", "2005-06-30": "$3,442", "2005-03-31": "$3,780"}}, "total-share-holder-equity": {"Atmos Energy Annual Share Holder Equity (Millions of US $)": {"2020": "$6,791", "2019": "$5,750", "2018": "$4,770", "2017": "$3,899", "2016": "$3,463", "2015": "$3,195", "2014": "$3,086", "2013": "$2,580", "2012": "$2,359", "2011": "$2,255", "2010": "$2,178", "2009": "$2,177", "2008": "$2,052", "2007": "$1,966", "2006": "$1,648", "2005": "$1,602"}, "Atmos Energy Quarterly Share Holder Equity (Millions of US $)": {"2020-12-31": "$7,213", "2020-09-30": "$6,791", "2020-06-30": "$6,461", "2020-03-31": "$6,304", "2019-12-31": "$6,128", "2019-09-30": "$5,750", "2019-06-30": "$5,642", "2019-03-31": "$5,508", "2018-12-31": "$5,348", "2018-09-30": "$4,770", "2018-06-30": "$4,760", "2018-03-31": "$4,721", "2017-12-31": "$4,564", "2017-09-30": "$3,899", "2017-06-30": "$3,902", "2017-03-31": "$3,835", "2016-12-31": "$3,699", "2016-09-30": "$3,463", "2016-06-30": "$3,467", "2016-03-31": "$3,345", "2015-12-31": "$3,272", "2015-09-30": "$3,195", "2015-06-30": "$3,238", "2015-03-31": "$3,140", "2014-12-31": "$3,064", "2014-09-30": "$3,086", "2014-06-30": "$3,117", "2014-03-31": "$3,125", "2013-12-31": "$2,661", "2013-09-30": "$2,580", "2013-06-30": "$2,581", "2013-03-31": "$2,543", "2012-12-31": "$2,424", "2012-09-30": "$2,359", "2012-06-30": "$2,355", "2012-03-31": "$2,361", "2011-12-31": "$2,268", "2011-09-30": "$2,255", "2011-06-30": "$2,336", "2011-03-31": "$2,374", "2010-12-31": "$2,275", "2010-09-30": "$2,178", "2010-06-30": "$2,314", "2010-03-31": "$2,339", "2009-12-31": "$2,258", "2009-09-30": "$2,177", "2009-06-30": "$2,192", "2009-03-31": "$2,178", "2008-12-31": "$2,078", "2008-09-30": "$2,052", "2008-06-30": "$2,105", "2008-03-31": "$2,126", "2007-12-31": "$2,032", "2007-09-30": "$1,966", "2007-06-30": "$1,988", "2007-03-31": "$2,022", "2006-12-31": "$1,920", "2006-09-30": "$1,648", "2006-06-30": "$1,665", "2006-03-31": "$1,706", "2005-12-31": "$1,638", "2005-09-30": "$1,602", "2005-06-30": "$1,616", "2005-03-31": "$1,632"}}, "profit-margins": {"current": "22.39%"}, "gross margin": {"2020-12-31": "77.27%", "2020-09-30": "76.65%", "2020-06-30": "76.53%", "2020-03-31": "76.26%", "2019-12-31": "71.91%", "2019-09-30": "70.38%", "2019-06-30": "69.39%", "2019-03-31": "66.85%", "2018-12-31": "63.18%", "2018-09-30": "62.50%", "2018-06-30": "61.79%", "2018-03-31": "61.87%", "2017-12-31": "65.77%", "2017-09-30": "66.45%", "2017-06-30": "66.40%", "2017-03-31": "67.42%", "2016-12-31": "68.13%", "2016-09-30": "69.61%", "2016-06-30": "106.80%", "2016-03-31": "98.01%", "2015-12-31": "80.33%", "2015-09-30": "68.73%", "2015-06-30": "38.93%", "2015-03-31": "36.24%", "2014-12-31": "32.63%", "2014-09-30": "32.04%", "2014-06-30": "32.01%", "2014-03-31": "31.66%", "2013-12-31": "35.20%", "2013-09-30": "36.41%", "2013-06-30": "36.26%", "2013-03-31": "38.54%", "2012-12-31": "39.28%", "2012-09-30": "38.50%", "2012-06-30": "35.69%", "2012-03-31": "32.56%", "2011-12-31": "30.49%", "2011-09-30": "30.38%", "2011-06-30": "30.46%", "2011-03-31": "30.61%", "2010-12-31": "28.17%", "2010-09-30": "28.19%", "2010-06-30": "29.00%", "2010-03-31": "29.13%", "2009-12-31": "30.05%", "2009-09-30": "27.11%", "2009-06-30": "24.07%", "2009-03-31": "20.73%", "2008-12-31": "18.49%", "2008-09-30": "18.29%", "2008-06-30": "18.69%", "2008-03-31": "19.65%", "2007-12-31": "20.91%", "2007-09-30": "21.21%", "2007-06-30": "22.03%", "2007-03-31": "23.02%", "2006-12-31": "22.76%", "2006-09-30": "19.77%", "2006-06-30": "18.67%", "2006-03-31": "18.81%", "2005-12-31": "19.43%"}, "operating margin": {"2020-12-31": "30.42%", "2020-09-30": "29.20%", "2020-06-30": "29.13%", "2020-03-31": "28.59%", "2019-12-31": "26.30%", "2019-09-30": "25.70%", "2019-06-30": "25.72%", "2019-03-31": "25.13%", "2018-12-31": "23.26%", "2018-09-30": "23.37%", "2018-06-30": "23.51%", "2018-03-31": "24.32%", "2017-12-31": "26.77%", "2017-09-30": "26.67%", "2017-06-30": "26.38%", "2017-03-31": "26.60%", "2016-12-31": "26.33%", "2016-09-30": "26.76%", "2016-06-30": "68.89%", "2016-03-31": "63.10%", "2015-12-31": "51.52%", "2015-09-30": "44.13%", "2015-06-30": "14.97%", "2015-03-31": "13.88%", "2014-12-31": "12.69%", "2014-09-30": "12.39%", "2014-06-30": "11.98%", "2014-03-31": "11.75%", "2013-12-31": "12.66%", "2013-09-30": "12.93%", "2013-06-30": "12.64%", "2013-03-31": "13.55%", "2012-12-31": "13.64%", "2012-09-30": "12.98%", "2012-06-30": "12.40%", "2012-03-31": "10.30%", "2011-12-31": "9.65%", "2011-09-30": "9.92%", "2011-06-30": "9.85%", "2011-03-31": "10.00%", "2010-12-31": "9.51%", "2010-09-30": "9.95%", "2010-06-30": "9.92%", "2010-03-31": "10.14%", "2009-12-31": "10.46%", "2009-09-30": "8.98%", "2009-06-30": "8.20%", "2009-03-31": "6.79%", "2008-12-31": "5.95%", "2008-09-30": "5.94%", "2008-06-30": "5.93%", "2008-03-31": "6.11%", "2007-12-31": "6.50%", "2007-09-30": "6.76%", "2007-06-30": "7.41%", "2007-03-31": "7.84%", "2006-12-31": "7.38%", "2006-09-30": "6.23%", "2006-06-30": "5.56%", "2006-03-31": "6.07%", "2005-12-31": "6.28%"}, "ebitda margin": {"2020-12-31": "46.19%", "2020-09-30": "44.83%", "2020-06-30": "44.46%", "2020-03-31": "43.64%", "2019-12-31": "40.40%", "2019-09-30": "39.51%", "2019-06-30": "39.19%", "2019-03-31": "38.02%", "2018-12-31": "35.41%", "2018-09-30": "35.18%", "2018-06-30": "34.96%", "2018-03-31": "35.55%", "2017-12-31": "38.52%", "2017-09-30": "38.48%", "2017-06-30": "37.82%", "2017-03-31": "38.11%", "2016-12-31": "38.05%", "2016-09-30": "38.74%", "2016-06-30": "79.65%", "2016-03-31": "72.80%", "2015-12-31": "59.33%", "2015-09-30": "50.75%", "2015-06-30": "21.31%", "2015-03-31": "19.77%", "2014-12-31": "17.94%", "2014-09-30": "17.51%", "2014-06-30": "17.07%", "2014-03-31": "16.83%", "2013-12-31": "18.48%", "2013-09-30": "19.07%", "2013-06-30": "19.01%", "2013-03-31": "20.50%", "2012-12-31": "20.88%", "2012-09-30": "20.14%", "2012-06-30": "19.20%", "2012-03-31": "16.59%", "2011-12-31": "15.29%", "2011-09-30": "15.38%", "2011-06-30": "15.27%", "2011-03-31": "15.40%", "2010-12-31": "14.40%", "2010-09-30": "14.61%", "2010-06-30": "14.68%", "2010-03-31": "14.87%", "2009-12-31": "15.32%", "2009-09-30": "13.41%", "2009-06-30": "11.88%", "2009-03-31": "9.93%", "2008-12-31": "8.75%", "2008-09-30": "8.70%", "2008-06-30": "8.83%", "2008-03-31": "9.20%", "2007-12-31": "9.83%", "2007-09-30": "10.14%", "2007-06-30": "10.79%", "2007-03-31": "11.39%", "2006-12-31": "10.89%", "2006-09-30": "9.25%", "2006-06-30": "8.52%", "2006-03-31": "8.96%", "2005-12-31": "9.32%"}, "pre tax profit margin": {"2020-12-31": "27.94%", "2020-09-30": "26.44%", "2020-06-30": "26.26%", "2020-03-31": "25.50%", "2019-12-31": "23.41%", "2019-09-30": "22.39%", "2019-06-30": "22.18%", "2019-03-31": "21.41%", "2018-12-31": "19.46%", "2018-09-30": "19.61%", "2018-06-30": "19.20%", "2018-03-31": "19.87%", "2017-12-31": "22.10%", "2017-09-30": "21.88%", "2017-06-30": "22.10%", "2017-03-31": "22.31%", "2016-12-31": "21.80%", "2016-09-30": "22.08%", "2016-06-30": "42.76%", "2016-03-31": "38.96%", "2015-12-31": "31.76%", "2015-09-30": "27.14%", "2015-06-30": "12.07%", "2015-03-31": "11.04%", "2014-12-31": "10.01%", "2014-09-30": "9.63%", "2014-06-30": "9.18%", "2014-03-31": "8.90%", "2013-12-31": "9.40%", "2013-09-30": "9.63%", "2013-06-30": "8.93%", "2013-03-31": "9.43%", "2012-12-31": "9.27%", "2012-09-30": "8.47%", "2012-06-30": "8.22%", "2012-03-31": "6.41%", "2011-12-31": "6.68%", "2011-09-30": "6.93%", "2011-06-30": "6.89%", "2011-03-31": "6.95%", "2010-12-31": "6.07%", "2010-09-30": "6.63%", "2010-06-30": "6.49%", "2010-03-31": "6.66%", "2009-12-31": "6.93%", "2009-09-30": "5.75%", "2009-06-30": "5.54%", "2009-03-31": "4.61%", "2008-12-31": "4.05%", "2008-09-30": "4.06%", "2008-06-30": "3.92%", "2008-03-31": "4.01%", "2007-12-31": "4.23%", "2007-09-30": "4.46%", "2007-06-30": "5.06%", "2007-03-31": "5.24%", "2006-12-31": "4.68%", "2006-09-30": "3.85%", "2006-06-30": "3.25%", "2006-03-31": "3.82%", "2005-12-31": "4.00%"}, "net profit margin": {"2020-12-31": "22.41%", "2020-09-30": "21.33%", "2020-06-30": "21.32%", "2020-03-31": "20.01%", "2019-12-31": "18.37%", "2019-09-30": "17.64%", "2019-06-30": "16.94%", "2019-03-31": "16.21%", "2018-12-31": "14.40%", "2018-09-30": "19.36%", "2018-06-30": "19.14%", "2018-03-31": "19.35%", "2017-12-31": "20.43%", "2017-09-30": "14.38%", "2017-06-30": "14.47%", "2017-03-31": "14.86%", "2016-12-31": "14.53%", "2016-09-30": "14.26%", "2016-06-30": "12.70%", "2016-03-31": "11.18%", "2015-12-31": "9.02%", "2015-09-30": "7.63%", "2015-06-30": "7.39%", "2015-03-31": "6.75%", "2014-12-31": "6.07%", "2014-09-30": "5.87%", "2014-06-30": "5.68%", "2014-03-31": "5.63%", "2013-12-31": "6.12%", "2013-09-30": "6.27%", "2013-06-30": "6.48%", "2013-03-31": "6.77%", "2012-12-31": "6.73%", "2012-09-30": "6.32%", "2012-06-30": "5.84%", "2012-03-31": "4.61%", "2011-12-31": "4.77%", "2011-09-30": "4.83%", "2011-06-30": "4.90%", "2011-03-31": "4.95%", "2010-12-31": "4.15%", "2010-09-30": "4.42%", "2010-06-30": "4.14%", "2010-03-31": "4.23%", "2009-12-31": "4.68%", "2009-09-30": "3.92%", "2009-06-30": "3.63%", "2009-03-31": "3.02%", "2008-12-31": "2.51%", "2008-09-30": "2.51%", "2008-06-30": "2.55%", "2008-03-31": "2.62%", "2007-12-31": "2.72%", "2007-09-30": "2.86%", "2007-06-30": "3.08%", "2007-03-31": "3.19%", "2006-12-31": "2.89%", "2006-09-30": "2.41%", "2006-06-30": "2.02%", "2006-03-31": "2.36%", "2005-12-31": "2.50%"}, "pe ratio": {"current": "17.99", "2021-02-11": "26.47", "2020-12-31": "27.74", "2020-09-30": "19.34", "2020-06-30": "20.20", "2020-03-31": "21.23", "2019-12-31": "24.52", "2019-09-30": "25.34", "2019-06-30": "24.15", "2019-03-31": "23.65", "2018-12-31": "22.37", "2018-09-30": "16.32", "2018-06-30": "15.61", "2018-03-31": "14.43", "2017-12-31": "14.76", "2017-09-30": "20.83", "2017-06-30": "20.55", "2017-03-31": "19.36", "2016-12-31": "18.93", "2016-09-30": "19.94", "2016-06-30": "22.32", "2016-03-31": "21.16", "2015-12-31": "18.03", "2015-09-30": "16.74", "2015-06-30": "14.65", "2015-03-31": "16.21", "2014-12-31": "16.06", "2014-09-30": "13.69", "2014-06-30": "16.01", "2014-03-31": "14.18", "2013-12-31": "14.10", "2013-09-30": "13.46", "2013-06-30": "12.82", "2013-03-31": "13.63", "2012-12-31": "11.42", "2012-09-30": "12.15", "2012-06-30": "12.15", "2012-03-31": "12.70", "2011-12-31": "11.82", "2011-09-30": "11.08", "2011-06-30": "11.23", "2011-03-31": "11.50", "2010-12-31": "11.55", "2010-09-30": "9.79", "2010-06-30": "9.78", "2010-03-31": "9.96", "2009-12-31": "9.31", "2009-09-30": "9.54", "2009-06-30": "7.68", "2009-03-31": "7.28", "2008-12-31": "7.98", "2008-09-30": "8.88", "2008-06-30": "9.51", "2008-03-31": "9.07", "2007-12-31": "10.07", "2007-09-30": "9.28", "2007-06-30": "9.08", "2007-03-31": "9.68", "2006-12-31": "10.29"}, "price sales": {"2021-02-11": "3.95", "2020-12-31": "4.15", "2020-09-30": "4.12", "2020-06-30": "4.29", "2020-03-31": "4.23", "2019-12-31": "4.48", "2019-09-30": "4.45", "2019-06-30": "4.07", "2019-03-31": "3.81", "2018-12-31": "3.21", "2018-09-30": "3.18", "2018-06-30": "3.00", "2018-03-31": "2.79", "2017-12-31": "3.00", "2017-09-30": "3.00", "2017-06-30": "2.97", "2017-03-31": "2.87", "2016-12-31": "2.76", "2016-09-30": "2.85", "2016-06-30": "2.83", "2016-03-31": "2.36", "2015-12-31": "1.62", "2015-09-30": "1.27", "2015-06-30": "1.07", "2015-03-31": "1.08", "2014-12-31": "0.97", "2014-09-30": "0.80", "2014-06-30": "0.90", "2014-03-31": "0.79", "2013-12-31": "0.86", "2013-09-30": "0.84", "2013-06-30": "0.83", "2013-03-31": "0.93", "2012-12-31": "0.77", "2012-09-30": "0.76", "2012-06-30": "0.70", "2012-03-31": "0.58", "2011-12-31": "0.56", "2011-09-30": "0.53", "2011-06-30": "0.55", "2011-03-31": "0.57", "2010-12-31": "0.48", "2010-09-30": "0.43", "2010-06-30": "0.40", "2010-03-31": "0.42", "2009-12-31": "0.43", "2009-09-30": "0.37", "2009-06-30": "0.28", "2009-03-31": "0.22", "2008-12-31": "0.20", "2008-09-30": "0.22", "2008-06-30": "0.24", "2008-03-31": "0.23", "2007-12-31": "0.27", "2007-09-30": "0.27", "2007-06-30": "0.28", "2007-03-31": "0.30", "2006-12-31": "0.30"}, "price book": {"current": "1.59", "2021-02-11": "1.62", "2020-12-31": "1.70", "2020-09-30": "1.76", "2020-06-30": "1.88", "2020-03-31": "1.89", "2019-12-31": "2.18", "2019-09-30": "2.30", "2019-06-30": "2.14", "2019-03-31": "2.10", "2018-12-31": "1.94", "2018-09-30": "2.09", "2018-06-30": "2.00", "2018-03-31": "1.87", "2017-12-31": "1.96", "2017-09-30": "2.13", "2017-06-30": "2.09", "2017-03-31": "2.00", "2016-12-31": "1.93", "2016-09-30": "2.04", "2016-06-30": "2.21", "2016-03-31": "2.04", "2015-12-31": "1.76", "2015-09-30": "1.64", "2015-06-30": "1.42", "2015-03-31": "1.56", "2014-12-31": "1.60", "2014-09-30": "1.34", "2014-06-30": "1.47", "2014-03-31": "1.29", "2013-12-31": "1.31", "2013-09-30": "1.25", "2013-06-30": "1.20", "2013-03-31": "1.25", "2012-12-31": "1.07", "2012-09-30": "1.11", "2012-06-30": "1.07", "2012-03-31": "0.95", "2011-12-31": "1.04", "2011-09-30": "1.01", "2011-06-30": "0.99", "2011-03-31": "0.98", "2010-12-31": "0.93", "2010-09-30": "0.90", "2010-06-30": "0.80", "2010-03-31": "0.82", "2009-12-31": "0.87", "2009-09-30": "0.85", "2009-06-30": "0.74", "2009-03-31": "0.67", "2008-12-31": "0.71", "2008-09-30": "0.79", "2008-06-30": "0.79", "2008-03-31": "0.71", "2007-12-31": "0.80", "2007-09-30": "0.82", "2007-06-30": "0.85", "2007-03-31": "0.85", "2006-12-31": "0.91", "2006-09-30": "0.87", "2006-06-30": "0.83", "2006-03-31": "0.75"}, "price fcf": {"2021-02-11": "", "2020-12-31": "$-6.73", "2020-09-30": "$-7.31", "2020-06-30": "$-7.02", "2020-03-31": "$-7.26", "2019-12-31": "$-6.90", "2019-09-30": "$-6.17", "2019-06-30": "$-5.91", "2019-03-31": "$-5.47", "2018-12-31": "$-3.37", "2018-09-30": "$-3.09", "2018-06-30": "$-2.39", "2018-03-31": "$-1.93", "2017-12-31": "$-2.76", "2017-09-30": "$-2.54", "2017-06-30": "$-1.91", "2017-03-31": "$-2.08", "2016-12-31": "$-2.39", "2016-09-30": "$-2.82", "2016-06-30": "$-3.51", "2016-03-31": "$-3.27", "2015-12-31": "$-1.33", "2015-09-30": "$-1.48", "2015-06-30": "$-1.21", "2015-03-31": "$-1.34", "2014-12-31": "$-1.65", "2014-09-30": "$-0.94", "2014-06-30": "$0.70", "2014-03-31": "$0.65", "2013-12-31": "$-0.70", "2013-09-30": "$-0.86", "2013-06-30": "$-2.63", "2013-03-31": "$-2.29", "2012-12-31": "$-1.48", "2012-09-30": "$-1.60", "2012-06-30": "$-1.64", "2012-03-31": "$-2.01", "2011-12-31": "$-1.46", "2011-09-30": "$-0.44", "2011-06-30": "$0.92", "2011-03-31": "$1.41", "2010-12-31": "$1.35", "2010-09-30": "$1.99", "2010-06-30": "$1.72", "2010-03-31": "$2.86", "2009-12-31": "$3.78", "2009-09-30": "$4.47", "2009-06-30": "$2.97", "2009-03-31": "$0.07", "2008-12-31": "$-0.28", "2008-09-30": "$-1.13", "2008-06-30": "$-0.35", "2008-03-31": "$1.06", "2007-12-31": "$0.46", "2007-09-30": "$1.76", "2007-06-30": "$3.11", "2007-03-31": "$3.22", "2006-12-31": "$-0.46"}, "net worth": {"value": "$11.48B"}, "current ratio": {"current": "1.49", "2020-12-31": "1.49", "2020-09-30": "0.60", "2020-06-30": "0.86", "2020-03-31": "0.89", "2019-12-31": "0.96", "2019-09-30": "0.38", "2019-06-30": "0.56", "2019-03-31": "0.78", "2018-12-31": "0.63", "2018-09-30": "0.25", "2018-06-30": "0.31", "2018-03-31": "0.46", "2017-12-31": "0.81", "2017-09-30": "0.53", "2017-06-30": "0.72", "2017-03-31": "0.38", "2016-12-31": "0.50", "2016-09-30": "0.38", "2016-06-30": "0.42", "2016-03-31": "0.53", "2015-12-31": "0.57", "2015-09-30": "0.54", "2015-06-30": "0.67", "2015-03-31": "0.80", "2014-12-31": "0.79", "2014-09-30": "0.85", "2014-06-30": "0.67", "2014-03-31": "0.78", "2013-12-31": "0.65", "2013-09-30": "0.69", "2013-06-30": "0.95", "2013-03-31": "1.08", "2012-12-31": "0.71", "2012-09-30": "0.65", "2012-06-30": "0.70", "2012-03-31": "0.81", "2011-12-31": "1.07", "2011-09-30": "1.17", "2011-06-30": "1.53", "2011-03-31": "0.91", "2010-12-31": "0.87", "2010-09-30": "0.75", "2010-06-30": "0.87", "2010-03-31": "1.15", "2009-12-31": "1.09", "2009-09-30": "1.12", "2009-06-30": "1.24", "2009-03-31": "1.15", "2008-12-31": "0.83", "2008-09-30": "1.07", "2008-06-30": "1.20", "2008-03-31": "1.22", "2007-12-31": "1.14", "2007-09-30": "1.16", "2007-06-30": "1.22", "2007-03-31": "1.03", "2006-12-31": "0.97", "2006-09-30": "1.00", "2006-06-30": "1.04", "2006-03-31": "1.10", "2005-12-31": "1.06", "2005-09-30": "1.14", "2005-06-30": "1.31", "2005-03-31": "1.41"}, "quick ratio": {"2020-12-31": "1.37", "2020-09-30": "0.46", "2020-06-30": "0.74", "2020-03-31": "0.82", "2019-12-31": "0.83", "2019-09-30": "0.27", "2019-06-30": "0.44", "2019-03-31": "0.69", "2018-12-31": "0.53", "2018-09-30": "0.16", "2018-06-30": "0.22", "2018-03-31": "0.40", "2017-12-31": "0.64", "2017-09-30": "0.35", "2017-06-30": "0.51", "2017-03-31": "0.30", "2016-12-31": "0.42", "2016-09-30": "0.28", "2016-06-30": "0.26", "2016-03-31": "0.38", "2015-12-31": "0.41", "2015-09-30": "0.34", "2015-06-30": "0.44", "2015-03-31": "0.66", "2014-12-31": "0.59", "2014-09-30": "0.55", "2014-06-30": "0.49", "2014-03-31": "0.69", "2013-12-31": "0.50", "2013-09-30": "0.44", "2013-06-30": "0.66", "2013-03-31": "0.87", "2012-12-31": "0.54", "2012-09-30": "0.45", "2012-06-30": "0.48", "2012-03-31": "0.61", "2011-12-31": "0.79", "2011-09-30": "0.83", "2011-06-30": "1.13", "2011-03-31": "0.70", "2010-12-31": "0.63", "2010-09-30": "0.48", "2010-06-30": "0.61", "2010-03-31": "0.93", "2009-12-31": "0.75", "2009-09-30": "0.65", "2009-06-30": "0.74", "2009-03-31": "0.90", "2008-12-31": "0.55", "2008-09-30": "0.59", "2008-06-30": "0.71", "2008-03-31": "0.87", "2007-12-31": "0.72", "2007-09-30": "0.60", "2007-06-30": "0.80", "2007-03-31": "0.77", "2006-12-31": "0.65", "2006-09-30": "0.59", "2006-06-30": "0.60", "2006-03-31": "0.78", "2005-12-31": "0.78", "2005-09-30": "0.73", "2005-06-30": "0.73", "2005-03-31": "1.08"}, "debt equity ratio": {"current": "0.71", "2020-12-31": "1.28", "2020-09-30": "1.26", "2020-06-30": "1.30", "2020-03-31": "1.33", "2019-12-31": "1.35", "2019-09-30": "1.33", "2019-06-30": "1.28", "2019-03-31": "1.30", "2018-12-31": "1.36", "2018-09-30": "1.49", "2018-06-30": "1.42", "2018-03-31": "1.41", "2017-12-31": "1.47", "2017-09-30": "1.76", "2017-06-30": "1.69", "2017-03-31": "1.70", "2016-12-31": "1.86", "2016-09-30": "1.89", "2016-06-30": "1.81", "2016-03-31": "1.85", "2015-12-31": "1.92", "2015-09-30": "1.84", "2015-06-30": "1.74", "2015-03-31": "1.84", "2014-12-31": "1.98", "2014-09-30": "1.79", "2014-06-30": "1.68", "2014-03-31": "1.72", "2013-12-31": "2.24", "2013-09-30": "2.08", "2013-06-30": "2.02", "2013-03-31": "2.13", "2012-12-31": "2.29", "2012-09-30": "2.18", "2012-06-30": "2.12", "2012-03-31": "2.12", "2011-12-31": "2.37", "2011-09-30": "2.23", "2011-06-30": "1.99", "2011-03-31": "1.95", "2010-12-31": "2.18", "2010-09-30": "2.11", "2010-06-30": "1.85", "2010-03-31": "1.89", "2009-12-31": "2.05", "2009-09-30": "1.93", "2009-06-30": "1.78", "2009-03-31": "2.07", "2008-12-31": "2.28", "2008-09-30": "2.11", "2008-06-30": "2.03", "2008-03-31": "2.02", "2007-12-31": "2.15", "2007-09-30": "2.00", "2007-06-30": "2.05", "2007-03-31": "2.02", "2006-12-31": "2.24", "2006-09-30": "2.47", "2006-06-30": "2.37", "2006-03-31": "2.52", "2005-12-31": "3.04", "2005-09-30": "2.53", "2005-06-30": "2.13", "2005-03-31": "2.32"}, "return on equity": {"2020-12-31": "9.58%", "2020-09-30": "9.38%", "2020-06-30": "9.66%", "2020-03-31": "9.35%", "2019-12-31": "9.26%", "2019-09-30": "9.21%", "2019-06-30": "9.25%", "2019-03-31": "9.48%", "2018-12-31": "9.12%", "2018-09-30": "12.82%", "2018-06-30": "13.37%", "2018-03-31": "14.05%", "2017-12-31": "14.47%", "2017-09-30": "10.36%", "2017-06-30": "10.60%", "2017-03-31": "10.92%", "2016-12-31": "10.65%", "2016-09-30": "10.33%", "2016-06-30": "10.24%", "2016-03-31": "9.96%", "2015-12-31": "10.00%", "2015-09-30": "10.00%", "2015-06-30": "10.09%", "2015-03-31": "9.87%", "2014-12-31": "9.72%", "2014-09-30": "9.68%", "2014-06-30": "9.54%", "2014-03-31": "9.76%", "2013-12-31": "9.65%", "2013-09-30": "9.60%", "2013-06-30": "9.81%", "2013-03-31": "9.71%", "2012-12-31": "9.60%", "2012-09-30": "9.29%", "2012-06-30": "9.14%", "2012-03-31": "7.77%", "2011-12-31": "8.75%", "2011-09-30": "8.96%", "2011-06-30": "9.04%", "2011-03-31": "8.97%", "2010-12-31": "8.21%", "2010-09-30": "9.07%", "2010-06-30": "8.27%", "2010-03-31": "8.61%", "2009-12-31": "9.45%", "2009-09-30": "8.86%", "2009-06-30": "9.84%", "2009-03-31": "9.51%", "2008-12-31": "8.75%", "2008-09-30": "8.71%", "2008-06-30": "8.41%", "2008-03-31": "8.23%", "2007-12-31": "8.09%", "2007-09-30": "8.56%", "2007-06-30": "9.55%", "2007-03-31": "9.70%", "2006-12-31": "9.11%", "2006-09-30": "8.89%", "2006-06-30": "7.56%", "2006-03-31": "8.96%", "2005-12-31": "9.06%"}, "return on assets": {"2020-12-31": "4.17%", "2020-09-30": "4.06%", "2020-06-30": "4.15%", "2020-03-31": "4.03%", "2019-12-31": "4.00%", "2019-09-30": "3.97%", "2019-06-30": "3.93%", "2019-03-31": "3.97%", "2018-12-31": "3.78%", "2018-09-30": "5.24%", "2018-06-30": "5.35%", "2018-03-31": "5.47%", "2017-12-31": "5.47%", "2017-09-30": "3.76%", "2017-06-30": "3.81%", "2017-03-31": "3.88%", "2016-12-31": "3.73%", "2016-09-30": "3.60%", "2016-06-30": "3.59%", "2016-03-31": "3.51%", "2015-12-31": "3.52%", "2015-09-30": "3.51%", "2015-06-30": "3.56%", "2015-03-31": "3.50%", "2014-12-31": "3.48%", "2014-09-30": "3.41%", "2014-06-30": "3.28%", "2014-03-31": "3.25%", "2013-12-31": "3.10%", "2013-09-30": "3.07%", "2013-06-30": "3.11%", "2013-03-31": "3.06%", "2012-12-31": "3.02%", "2012-09-30": "2.91%", "2012-06-30": "2.85%", "2012-03-31": "2.45%", "2011-12-31": "2.80%", "2011-09-30": "2.91%", "2011-06-30": "2.96%", "2011-03-31": "2.97%", "2010-12-31": "2.74%", "2010-09-30": "3.05%", "2010-06-30": "2.83%", "2010-03-31": "2.96%", "2009-12-31": "3.20%", "2009-09-30": "2.94%", "2009-06-30": "3.22%", "2009-03-31": "3.04%", "2008-12-31": "2.81%", "2008-09-30": "2.83%", "2008-06-30": "2.76%", "2008-03-31": "2.70%", "2007-12-31": "2.65%", "2007-09-30": "2.78%", "2007-06-30": "3.00%", "2007-03-31": "2.98%", "2006-12-31": "2.68%", "2006-09-30": "2.47%", "2006-06-30": "2.09%", "2006-03-31": "2.52%", "2005-12-31": "2.59%"}, "return on investments": {"2020-12-31": "7.68%", "2020-09-30": "7.59%", "2020-06-30": "7.86%", "2020-03-31": "8.05%", "2019-12-31": "8.04%", "2019-09-30": "8.31%", "2019-06-30": "8.81%", "2019-03-31": "9.33%", "2018-12-31": "9.50%", "2018-09-30": "9.83%", "2018-06-30": "10.06%", "2018-03-31": "10.43%", "2017-12-31": "11.08%", "2017-09-30": "11.28%", "2017-06-30": "11.62%", "2017-03-31": "12.04%", "2016-12-31": "11.65%", "2016-09-30": "11.50%", "2016-06-30": "32.32%", "2016-03-31": "32.12%", "2015-12-31": "32.37%", "2015-09-30": "32.58%", "2015-06-30": "11.45%", "2015-03-31": "11.58%", "2014-12-31": "11.86%", "2014-09-30": "12.05%", "2014-06-30": "11.67%", "2014-03-31": "11.27%", "2013-12-31": "10.50%", "2013-09-30": "10.30%", "2013-06-30": "10.12%", "2013-03-31": "10.44%", "2012-12-31": "10.67%", "2012-09-30": "10.24%", "2012-06-30": "10.20%", "2012-03-31": "8.99%", "2011-12-31": "9.26%", "2011-09-30": "9.85%", "2011-06-30": "9.91%", "2011-03-31": "10.11%", "2010-12-31": "10.26%", "2010-09-30": "10.90%", "2010-06-30": "10.38%", "2010-03-31": "10.51%", "2009-12-31": "10.64%", "2009-09-30": "10.37%", "2009-06-30": "11.32%", "2009-03-31": "10.86%", "2008-12-31": "10.53%", "2008-09-30": "10.21%", "2008-06-30": "9.62%", "2008-03-31": "9.37%", "2007-12-31": "9.52%", "2007-09-30": "10.03%", "2007-06-30": "11.12%", "2007-03-31": "11.24%", "2006-12-31": "10.52%", "2006-09-30": "9.96%", "2006-06-30": "8.97%", "2006-03-31": "9.89%", "2005-12-31": "9.65%"}, "return on tangible equity": {"2020-12-31": "10.75%", "2020-09-30": "10.58%", "2020-06-30": "10.96%", "2020-03-31": "10.66%", "2019-12-31": "10.60%", "2019-09-30": "10.60%", "2019-06-30": "10.73%", "2019-03-31": "11.06%", "2018-12-31": "10.72%", "2018-09-30": "15.18%", "2018-06-30": "15.98%", "2018-03-31": "16.94%", "2017-12-31": "17.65%", "2017-09-30": "12.79%", "2017-06-30": "13.19%", "2017-03-31": "13.70%", "2016-12-31": "13.49%", "2016-09-30": "13.22%", "2016-06-30": "13.19%", "2016-03-31": "12.90%", "2015-12-31": "13.00%", "2015-09-30": "13.07%", "2015-06-30": "13.22%", "2015-03-31": "12.97%", "2014-12-31": "12.78%", "2014-09-30": "12.86%", "2014-06-30": "12.87%", "2014-03-31": "13.38%", "2013-12-31": "13.51%", "2013-09-30": "13.56%", "2013-06-30": "14.00%", "2013-03-31": "13.99%", "2012-12-31": "13.95%", "2012-09-30": "13.60%", "2012-06-30": "13.44%", "2012-03-31": "11.44%", "2011-12-31": "12.88%", "2011-09-30": "13.18%", "2011-06-30": "13.35%", "2011-03-31": "13.27%", "2010-12-31": "12.17%", "2010-09-30": "13.44%", "2010-06-30": "12.27%", "2010-03-31": "12.85%", "2009-12-31": "14.23%", "2009-09-30": "13.48%", "2009-06-30": "15.08%", "2009-03-31": "14.65%", "2008-12-31": "13.53%", "2008-09-30": "13.49%", "2008-06-30": "13.11%", "2008-03-31": "12.94%", "2007-12-31": "12.81%", "2007-09-30": "13.67%", "2007-06-30": "15.65%", "2007-03-31": "16.36%", "2006-12-31": "15.85%", "2006-09-30": "15.97%", "2006-06-30": "13.66%", "2006-03-31": "16.15%", "2005-12-31": "16.42%"}, "dividend yield history": {"last payout": "$2.50", "last yield": "2.79%"}}