{"ticker": "AN", "price": {"title": "AutoNation Historical Annual Stock Price Data", "value": 77.19, "historical": {"2021": {"Average Stock Price": "74.6658", "Year Open": "68.0900", "Year High": "77.4600", "Year Low": "68.0900", "Year Close": "77.1900", "Annual % Change": "10.60%"}, "2020": {"Average Stock Price": "48.2116", "Year Open": "48.9200", "Year High": "69.7900", "Year Low": "22.5500", "Year Close": "69.7900", "Annual % Change": "43.51%"}, "2019": {"Average Stock Price": "43.5462", "Year Open": "36.0500", "Year High": "52.9900", "Year Low": "32.8700", "Year Close": "48.6300", "Annual % Change": "36.22%"}, "2018": {"Average Stock Price": "46.1792", "Year Open": "52.4700", "Year High": "62.0000", "Year Low": "33.2400", "Year Close": "35.7000", "Annual % Change": "-30.45%"}, "2017": {"Average Stock Price": "45.6216", "Year Open": "49.2800", "Year High": "56.2500", "Year Low": "38.7200", "Year Close": "51.3300", "Annual % Change": "5.51%"}, "2016": {"Average Stock Price": "47.9950", "Year Open": "58.6900", "Year High": "58.6900", "Year Low": "40.2600", "Year Close": "48.6500", "Annual % Change": "-18.45%"}, "2015": {"Average Stock Price": "61.8798", "Year Open": "60.0400", "Year High": "66.2000", "Year Low": "56.1200", "Year Close": "59.6600", "Annual % Change": "-1.24%"}, "2014": {"Average Stock Price": "54.2713", "Year Open": "49.2800", "Year High": "61.2300", "Year Low": "46.8400", "Year Close": "60.4100", "Annual % Change": "21.57%"}, "2013": {"Average Stock Price": "46.7592", "Year Open": "39.5900", "Year High": "54.1000", "Year Low": "39.5900", "Year Close": "49.6900", "Annual % Change": "25.16%"}, "2012": {"Average Stock Price": "38.1922", "Year Open": "35.7000", "Year High": "48.4500", "Year Low": "32.5400", "Year Close": "39.7000", "Annual % Change": "7.68%"}, "2011": {"Average Stock Price": "34.7592", "Year Open": "28.4800", "Year High": "40.9300", "Year Low": "27.5300", "Year Close": "36.8700", "Annual % Change": "30.74%"}, "2010": {"Average Stock Price": "21.7705", "Year Open": "19.2700", "Year High": "28.4600", "Year Low": "17.5900", "Year Close": "28.2000", "Annual % Change": "47.26%"}, "2009": {"Average Stock Price": "16.0926", "Year Open": "10.6400", "Year High": "21.1700", "Year Low": "7.9100", "Year Close": "19.1500", "Annual % Change": "93.83%"}, "2008": {"Average Stock Price": "12.1013", "Year Open": "15.1400", "Year High": "17.0000", "Year Low": "4.2100", "Year Close": "9.8800", "Annual % Change": "-36.91%"}, "2007": {"Average Stock Price": "19.9688", "Year Open": "21.2700", "Year High": "23.0800", "Year Low": "14.9400", "Year Close": "15.6600", "Annual % Change": "-26.55%"}, "2006": {"Average Stock Price": "21.0809", "Year Open": "22.0000", "Year High": "22.8500", "Year Low": "18.9900", "Year Close": "21.3200", "Annual % Change": "-1.89%"}, "2005": {"Average Stock Price": "19.9925", "Year Open": "18.8300", "Year High": "22.6000", "Year Low": "17.9200", "Year Close": "21.7300", "Annual % Change": "13.12%"}, "2004": {"Average Stock Price": "16.9374", "Year Open": "18.0000", "Year High": "19.2100", "Year Low": "15.2000", "Year Close": "19.2100", "Annual % Change": "4.57%"}, "2003": {"Average Stock Price": "15.6494", "Year Open": "12.6400", "Year High": "19.0700", "Year Low": "11.6700", "Year Close": "18.3700", "Annual % Change": "46.26%"}, "2002": {"Average Stock Price": "13.0994", "Year Open": "12.1000", "Year High": "18.4500", "Year Low": "9.0800", "Year Close": "12.5600", "Annual % Change": "1.87%"}, "2001": {"Average Stock Price": "9.8455", "Year Open": "5.4380", "Year High": "12.6900", "Year Low": "5.4380", "Year Close": "12.3300", "Annual % Change": "105.50%"}, "2000": {"Average Stock Price": "7.2180", "Year Open": "9.0630", "Year High": "10.2500", "Year Low": "5.0000", "Year Close": "6.0000", "Annual % Change": "-35.14%"}, "1999": {"Average Stock Price": "13.3323", "Year Open": "15.3800", "Year High": "18.3800", "Year Low": "8.5000", "Year Close": "9.2500", "Annual % Change": "-37.03%"}, "1998": {"Average Stock Price": "21.1733", "Year Open": "23.6900", "Year High": "29.2500", "Year Low": "11.2500", "Year Close": "14.6900", "Annual % Change": "-36.98%"}, "1997": {"Average Stock Price": "28.6575", "Year Open": "30.0000", "Year High": "42.7500", "Year Low": "19.8800", "Year Close": "23.3100", "Annual % Change": "-24.81%"}, "1996": {"Average Stock Price": "23.0825", "Year Open": "16.9000", "Year High": "33.9200", "Year Low": "13.2950", "Year Close": "31.0000", "Annual % Change": "72.65%"}, "1995": {"Average Stock Price": "7.1435", "Year Open": "1.9900", "Year High": "17.9550", "Year Low": "1.5550", "Year Close": "17.9550", "Annual % Change": "802.26%"}, "1994": {"Average Stock Price": "1.6385", "Year Open": "1.6450", "Year High": "1.9900", "Year Low": "1.3350", "Year Close": "1.9900", "Annual % Change": "18.45%"}, "1993": {"Average Stock Price": "1.9824", "Year Open": "2.4850", "Year High": "2.6700", "Year Low": "1.4000", "Year Close": "1.6800", "Annual % Change": "-35.63%"}}}, "market cap": {"value": "$6.78B"}, "income statement": {"Revenue": {"2019-12-31": "21335.70000", "2018-12-31": "21412.80000", "2017-12-31": "21534.60000", "2016-12-31": "21609.00000", "2015-12-31": "20862.00000", "2014-12-31": "19108.80000", "2013-12-31": "17517.60000", "2012-12-31": "15667.50000", "2011-12-31": "13832.30000", "2010-12-31": "12461.00000", "2009-12-31": "10666.00000", "2008-12-31": "13238.70000", "2007-12-31": "16385.20000", "2006-12-31": "18218.50000", "2005-12-31": "18310.30000"}, "Cost Of Goods Sold": {"2019-12-31": "17812.70000", "2018-12-31": "18015.50000", "2017-12-31": "18175.60000", "2016-12-31": "18295.80000", "2015-12-31": "17600.50000", "2014-12-31": "16120.10000", "2013-12-31": "14757.70000", "2012-12-31": "13181.30000", "2011-12-31": "11528.30000", "2010-12-31": "10333.50000", "2009-12-31": "8756.20000", "2008-12-31": "11013.70000", "2007-12-31": "13742.20000", "2006-12-31": "15297.90000", "2005-12-31": "15395.60000"}, "Gross Profit": {"2019-12-31": "3523.00000", "2018-12-31": "3397.30100", "2017-12-31": "3359.00000", "2016-12-31": "3313.20100", "2015-12-31": "3261.50000", "2014-12-31": "2988.70100", "2013-12-31": "2759.89900", "2012-12-31": "2486.20000", "2011-12-31": "2304.00000", "2010-12-31": "2127.49900", "2009-12-31": "1909.80000", "2008-12-31": "2225.00000", "2007-12-31": "2642.99900", "2006-12-31": "2920.60000", "2005-12-31": "2914.70000"}, "Research And Development Expenses": {"2019-12-31": "", "2018-12-31": "", "2017-12-31": "", "2016-12-31": "", "2015-12-31": "", "2014-12-31": "", "2013-12-31": "", "2012-12-31": "", "2011-12-31": "", "2010-12-31": "", "2009-12-31": "", "2008-12-31": "", "2007-12-31": "", "2006-12-31": "", "2005-12-31": ""}, "SG&A Expenses": {"2019-12-31": "2558.60000", "2018-12-31": "2509.80000", "2017-12-31": "2436.20000", "2016-12-31": "2349.40000", "2015-12-31": "2263.50000", "2014-12-31": "2079.60000", "2013-12-31": "1935.00000", "2012-12-31": "1749.30000", "2011-12-31": "1649.40000", "2010-12-31": "1552.10000", "2009-12-31": "1446.90000", "2008-12-31": "1675.10000", "2007-12-31": "1876.40000", "2006-12-31": "2057.90000", "2005-12-31": "2043.40000"}, "Other Operating Income Or Expenses": {"2019-12-31": "39.70000", "2018-12-31": "56.60000", "2017-12-31": "79.20000", "2016-12-31": "69.10000", "2015-12-31": "2.50000", "2014-12-31": "18.60000", "2013-12-31": "10.70000", "2012-12-31": "-4.30000", "2011-12-31": "1.10000", "2010-12-31": "-2.00000", "2009-12-31": "21.80000", "2008-12-31": "-137.00000", "2007-12-31": "0.40000", "2006-12-31": "0.20000", "2005-12-31": "-0.50000"}, "Operating Expenses": {"2019-12-31": "20512.10000", "2018-12-31": "20634.90000", "2017-12-31": "20691.20000", "2016-12-31": "20719.50000", "2015-12-31": "19988.90000", "2014-12-31": "18288.00000", "2013-12-31": "16777.30000", "2012-12-31": "15022.20000", "2011-12-31": "13260.30000", "2010-12-31": "11964.40000", "2009-12-31": "10258.00000", "2008-12-31": "14519.80000", "2007-12-31": "15702.20000", "2006-12-31": "17435.60000", "2005-12-31": "17516.40000"}, "Operating Income": {"2019-12-31": "823.59960", "2018-12-31": "777.90040", "2017-12-31": "843.40040", "2016-12-31": "889.50000", "2015-12-31": "873.09960", "2014-12-31": "820.80080", "2013-12-31": "740.29880", "2012-12-31": "645.30080", "2011-12-31": "571.99900", "2010-12-31": "496.59960", "2009-12-31": "407.99900", "2008-12-31": "-1281.10000", "2007-12-31": "682.99900", "2006-12-31": "782.89840", "2005-12-31": "793.90040"}, "Total Non-Operating Income/Expense": {"2019-12-31": "-211.00000", "2018-12-31": "-248.50000", "2017-12-31": "-206.90000", "2016-12-31": "-187.20000", "2015-12-31": "-150.40000", "2014-12-31": "-138.50000", "2013-12-31": "-135.90000", "2012-12-31": "-128.50000", "2011-12-31": "-110.70000", "2010-12-31": "-115.30000", "2009-12-31": "-58.80000", "2008-12-31": "-120.40000", "2007-12-31": "-230.10000", "2006-12-31": "-244.80000", "2005-12-31": "-175.60000"}, "Pre-Tax Income": {"2019-12-31": "612.60000", "2018-12-31": "529.40000", "2017-12-31": "636.50000", "2016-12-31": "702.30000", "2015-12-31": "722.70000", "2014-12-31": "682.30000", "2013-12-31": "604.40000", "2012-12-31": "516.80000", "2011-12-31": "461.30000", "2010-12-31": "381.30000", "2009-12-31": "349.20000", "2008-12-31": "-1401.50000", "2007-12-31": "452.90000", "2006-12-31": "538.10000", "2005-12-31": "618.30000"}, "Income Taxes": {"2019-12-31": "161.80000", "2018-12-31": "133.50000", "2017-12-31": "201.50000", "2016-12-31": "270.60000", "2015-12-31": "279.00000", "2014-12-31": "262.50000", "2013-12-31": "228.60000", "2012-12-31": "199.50000", "2011-12-31": "177.10000", "2010-12-31": "146.00000", "2009-12-31": "116.10000", "2008-12-31": "-189.20000", "2007-12-31": "168.90000", "2006-12-31": "209.10000", "2005-12-31": "225.70000"}, "Income After Taxes": {"2019-12-31": "450.80000", "2018-12-31": "395.90000", "2017-12-31": "435.00000", "2016-12-31": "431.70000", "2015-12-31": "443.70000", "2014-12-31": "419.80000", "2013-12-31": "375.80000", "2012-12-31": "317.30000", "2011-12-31": "284.20000", "2010-12-31": "235.30000", "2009-12-31": "233.10000", "2008-12-31": "-1212.30000", "2007-12-31": "284.00000", "2006-12-31": "329.00000", "2005-12-31": "392.60000"}, "Other Income": {"2019-12-31": "", "2018-12-31": "", "2017-12-31": "", "2016-12-31": "", "2015-12-31": "", "2014-12-31": "", "2013-12-31": "", "2012-12-31": "", "2011-12-31": "", "2010-12-31": "", "2009-12-31": "", "2008-12-31": "", "2007-12-31": "", "2006-12-31": "", "2005-12-31": ""}, "Income From Continuous Operations": {"2019-12-31": "450.80000", "2018-12-31": "395.90000", "2017-12-31": "435.00000", "2016-12-31": "431.70000", "2015-12-31": "443.70000", "2014-12-31": "419.80000", "2013-12-31": "375.80000", "2012-12-31": "317.30000", "2011-12-31": "284.20000", "2010-12-31": "235.30000", "2009-12-31": "233.10000", "2008-12-31": "-1212.30000", "2007-12-31": "284.00000", "2006-12-31": "329.00000", "2005-12-31": "392.60000"}, "Income From Discontinued Operations": {"2019-12-31": "-0.80000", "2018-12-31": "0.10000", "2017-12-31": "-0.40000", "2016-12-31": "-1.20000", "2015-12-31": "-1.10000", "2014-12-31": "-1.10000", "2013-12-31": "-0.90000", "2012-12-31": "-0.90000", "2011-12-31": "-2.80000", "2010-12-31": "-8.70000", "2009-12-31": "-35.10000", "2008-12-31": "-30.80000", "2007-12-31": "-5.30000", "2006-12-31": "-12.10000", "2005-12-31": "103.90000"}, "Net Income": {"2019-12-31": "450.00000", "2018-12-31": "396.00000", "2017-12-31": "434.60000", "2016-12-31": "430.50000", "2015-12-31": "442.60000", "2014-12-31": "418.70000", "2013-12-31": "374.90000", "2012-12-31": "316.40000", "2011-12-31": "281.40000", "2010-12-31": "226.60000", "2009-12-31": "198.00000", "2008-12-31": "-1243.10000", "2007-12-31": "278.70000", "2006-12-31": "316.90000", "2005-12-31": "496.50000"}, "EBITDA": {"2019-12-31": "1009.30000", "2018-12-31": "949.50040", "2017-12-31": "1007.60000", "2016-12-31": "1052.30000", "2015-12-31": "1005.20000", "2014-12-31": "933.40080", "2013-12-31": "841.99880", "2012-12-31": "739.00080", "2011-12-31": "659.99900", "2010-12-31": "576.89960", "2009-12-31": "487.89900", "2008-12-31": "418.20040", "2007-12-31": "771.29900", "2006-12-31": "866.59840", "2005-12-31": "878.50040"}, "EBIT": {"2019-12-31": "823.59960", "2018-12-31": "777.90040", "2017-12-31": "843.40040", "2016-12-31": "889.50000", "2015-12-31": "873.09960", "2014-12-31": "820.80080", "2013-12-31": "740.29880", "2012-12-31": "645.30080", "2011-12-31": "571.99900", "2010-12-31": "496.59960", "2009-12-31": "407.99900", "2008-12-31": "-1281.10000", "2007-12-31": "682.99900", "2006-12-31": "782.89840", "2005-12-31": "793.90040"}, "Basic Shares Outstanding": {"2019-12-31": "90.10000", "2018-12-31": "90.90000", "2017-12-31": "97.80000", "2016-12-31": "103.10000", "2015-12-31": "112.70000", "2014-12-31": "117.30000", "2013-12-31": "121.30000", "2012-12-31": "123.80000", "2011-12-31": "144.80000", "2010-12-31": "156.90000", "2009-12-31": "176.50000", "2008-12-31": "177.80000", "2007-12-31": "198.30000", "2006-12-31": "225.20000", "2005-12-31": "262.70000"}, "Shares Outstanding": {"2019-12-31": "90.50000", "2018-12-31": "91.30000", "2017-12-31": "98.20000", "2016-12-31": "103.80000", "2015-12-31": "113.90000", "2014-12-31": "118.90000", "2013-12-31": "123.30000", "2012-12-31": "125.80000", "2011-12-31": "147.30000", "2010-12-31": "158.60000", "2009-12-31": "177.30000", "2008-12-31": "177.80000", "2007-12-31": "200.00000", "2006-12-31": "229.30000", "2005-12-31": "268.00000"}, "Basic EPS": {"2019-12-31": "4.99000", "2018-12-31": "4.36000", "2017-12-31": "4.44000", "2016-12-31": "4.18000", "2015-12-31": "3.93000", "2014-12-31": "3.57000", "2013-12-31": "3.09000", "2012-12-31": "2.56000", "2011-12-31": "1.94000", "2010-12-31": "1.44000", "2009-12-31": "1.12000", "2008-12-31": "-6.99000", "2007-12-31": "1.41000", "2006-12-31": "1.41000", "2005-12-31": "1.89000"}, "EPS - Earnings Per Share": {"2019-12-31": "4.97000", "2018-12-31": "4.34000", "2017-12-31": "4.43000", "2016-12-31": "4.15000", "2015-12-31": "3.89000", "2014-12-31": "3.52000", "2013-12-31": "3.04000", "2012-12-31": "2.52000", "2011-12-31": "1.91000", "2010-12-31": "1.43000", "2009-12-31": "1.12000", "2008-12-31": "-6.99000", "2007-12-31": "1.39000", "2006-12-31": "1.38000", "2005-12-31": "1.85000"}}, "income statement, quarterly": {"Revenue": {"2020-09-30": "5404.90000", "2020-06-30": "4533.00000", "2020-03-31": "4667.00000", "2019-12-31": "5548.89900", "2019-09-30": "5461.20000", "2019-06-30": "5343.80000", "2019-03-31": "4981.80000", "2018-12-31": "5411.70100", "2018-09-30": "5349.20000", "2018-06-30": "5392.00000", "2018-03-31": "5259.90000", "2017-12-31": "5683.50000", "2017-09-30": "5432.40000", "2017-06-30": "5279.30000", "2017-03-31": "5139.40000", "2016-12-31": "5480.50000", "2016-09-30": "5567.50000", "2016-06-30": "5441.40000", "2016-03-31": "5119.60000", "2015-12-31": "5339.80000", "2015-09-30": "5353.70000", "2015-06-30": "5224.30000", "2015-03-31": "4944.20000", "2014-12-31": "5047.80100", "2014-09-30": "4909.00000", "2014-06-30": "4788.50000", "2014-03-31": "4363.50000", "2013-12-31": "4523.90000", "2013-09-30": "4470.80000", "2013-06-30": "4426.50000", "2013-03-31": "4096.40000", "2012-12-31": "4172.20000", "2012-09-30": "3933.80000", "2012-06-30": "3904.50000", "2012-03-31": "3657.00000", "2011-12-31": "3678.40000", "2011-09-30": "3506.50000", "2011-06-30": "3336.30000", "2011-03-31": "3311.10000", "2010-12-31": "3246.20000", "2010-09-30": "3273.90000", "2010-06-30": "3104.30000", "2010-03-31": "2836.60000", "2009-12-31": "2776.80000", "2009-09-30": "2891.00000", "2009-06-30": "2597.40000", "2009-03-31": "2400.80000", "2008-12-31": "2376.50000", "2008-09-30": "3359.30000", "2008-06-30": "3663.60000", "2008-03-31": "3839.30000", "2007-12-31": "3095.10000", "2007-09-30": "4513.30000", "2007-06-30": "4476.90000", "2007-03-31": "4299.90000", "2006-12-31": "3899.70000", "2006-09-30": "4855.00000", "2006-06-30": "4892.70000", "2006-03-31": "4571.10000", "2005-12-31": "3790.40100", "2005-09-30": "5071.00000", "2005-06-30": "4944.00000", "2005-03-31": "4504.90000"}, "Cost Of Goods Sold": {"2020-09-30": "4433.40000", "2020-06-30": "3738.00000", "2020-03-31": "3853.80000", "2019-12-31": "4653.29800", "2019-09-30": "4573.80000", "2019-06-30": "4453.00000", "2019-03-31": "4132.60000", "2018-12-31": "4563.80100", "2018-09-30": "4493.90000", "2018-06-30": "4540.20000", "2018-03-31": "4417.60000", "2017-12-31": "4816.29900", "2017-09-30": "4586.50000", "2017-06-30": "4453.20000", "2017-03-31": "4319.60000", "2016-12-31": "4671.39900", "2016-09-30": "4731.10000", "2016-06-30": "4599.60000", "2016-03-31": "4293.70000", "2015-12-31": "4527.60100", "2015-09-30": "4523.40000", "2015-06-30": "4405.20000", "2015-03-31": "4144.30000", "2014-12-31": "4264.30000", "2014-09-30": "4156.10000", "2014-06-30": "4043.60000", "2014-03-31": "3656.10000", "2013-12-31": "3820.70000", "2013-09-30": "3774.20000", "2013-06-30": "3730.40000", "2013-03-31": "3432.40000", "2012-12-31": "3539.60000", "2012-09-30": "3311.20000", "2012-06-30": "3276.50000", "2012-03-31": "3054.00000", "2011-12-31": "3099.20000", "2011-09-30": "2931.30000", "2011-06-30": "2752.90000", "2011-03-31": "2744.90000", "2010-12-31": "2701.70000", "2010-09-30": "2728.50000", "2010-06-30": "2575.00000", "2010-03-31": "2328.20000", "2009-12-31": "2306.60100", "2009-09-30": "2381.40000", "2009-06-30": "2123.70000", "2009-03-31": "1944.50000", "2008-12-31": "1960.90000", "2008-09-30": "2799.50000", "2008-06-30": "3057.20000", "2008-03-31": "3196.10000", "2007-12-31": "2598.10000", "2007-09-30": "3799.20000", "2007-06-30": "3762.80000", "2007-03-31": "3582.10000", "2006-12-31": "3279.50000", "2006-09-30": "4090.20000", "2006-06-30": "4111.40000", "2006-03-31": "3816.80000", "2005-12-31": "3176.10100", "2005-09-30": "4282.00000", "2005-06-30": "4171.70000", "2005-03-31": "3765.80000"}, "Gross Profit": {"2020-09-30": "971.50000", "2020-06-30": "795.00000", "2020-03-31": "813.20000", "2019-12-31": "895.60110", "2019-09-30": "887.39990", "2019-06-30": "890.79980", "2019-03-31": "849.19970", "2018-12-31": "847.89990", "2018-09-30": "855.30030", "2018-06-30": "851.80030", "2018-03-31": "842.30030", "2017-12-31": "867.20020", "2017-09-30": "845.89990", "2017-06-30": "826.09960", "2017-03-31": "819.79980", "2016-12-31": "809.10010", "2016-09-30": "836.39990", "2016-06-30": "841.79980", "2016-03-31": "825.89990", "2015-12-31": "812.19920", "2015-09-30": "830.30030", "2015-06-30": "819.10010", "2015-03-31": "799.90040", "2014-12-31": "783.50100", "2014-09-30": "752.89990", "2014-06-30": "744.89990", "2014-03-31": "707.40010", "2013-12-31": "703.19970", "2013-09-30": "696.59990", "2013-06-30": "696.10010", "2013-03-31": "664.00000", "2012-12-31": "632.60060", "2012-09-30": "622.60010", "2012-06-30": "627.99980", "2012-03-31": "603.00000", "2011-12-31": "579.19970", "2011-09-30": "575.20000", "2011-06-30": "583.39990", "2011-03-31": "566.20020", "2010-12-31": "544.49980", "2010-09-30": "545.39990", "2010-06-30": "529.30000", "2010-03-31": "508.40010", "2009-12-31": "470.19950", "2009-09-30": "509.60010", "2009-06-30": "473.70000", "2009-03-31": "456.30000", "2008-12-31": "415.60010", "2008-09-30": "559.80000", "2008-06-30": "606.40010", "2008-03-31": "643.20020", "2007-12-31": "496.99950", "2007-09-30": "714.09960", "2007-06-30": "714.10010", "2007-03-31": "717.79980", "2006-12-31": "620.20000", "2006-09-30": "764.79980", "2006-06-30": "781.29980", "2006-03-31": "754.30000", "2005-12-31": "614.30000", "2005-09-30": "789.00000", "2005-06-30": "772.30030", "2005-03-31": "739.09990"}, "Research And Development Expenses": {"2020-09-30": "", "2020-06-30": "", "2020-03-31": "", "2019-12-31": "", "2019-09-30": "", "2019-06-30": "", "2019-03-31": "", "2018-12-31": "", "2018-09-30": "", "2018-06-30": "", "2018-03-31": "", "2017-12-31": "", "2017-09-30": "", "2017-06-30": "", "2017-03-31": "", "2016-12-31": "", "2016-09-30": "", "2016-06-30": "", "2016-03-31": "", "2015-12-31": "", "2015-09-30": "", "2015-06-30": "", "2015-03-31": "", "2014-12-31": "", "2014-09-30": "", "2014-06-30": "", "2014-03-31": "", "2013-12-31": "", "2013-09-30": "", "2013-06-30": "", "2013-03-31": "", "2012-12-31": "", "2012-09-30": "", "2012-06-30": "", "2012-03-31": "", "2011-12-31": "", "2011-09-30": "", "2011-06-30": "", "2011-03-31": "", "2010-12-31": "", "2010-09-30": "", "2010-06-30": "", "2010-03-31": "", "2009-12-31": "", "2009-09-30": "", "2009-06-30": "", "2009-03-31": "", "2008-12-31": "", "2008-09-30": "", "2008-06-30": "", "2008-03-31": "", "2007-12-31": "", "2007-09-30": "", "2007-06-30": "", "2007-03-31": "", "2006-12-31": "", "2006-09-30": "", "2006-06-30": "", "2006-03-31": "", "2005-12-31": "", "2005-09-30": "", "2005-06-30": "", "2005-03-31": ""}, "SG&A Expenses": {"2020-09-30": "641.40000", "2020-06-30": "547.90000", "2020-03-31": "600.70000", "2019-12-31": "644.80000", "2019-09-30": "653.80000", "2019-06-30": "637.00000", "2019-03-31": "623.00000", "2018-12-31": "631.50010", "2018-09-30": "626.20000", "2018-06-30": "625.30000", "2018-03-31": "626.80000", "2017-12-31": "622.09990", "2017-09-30": "607.50000", "2017-06-30": "611.30000", "2017-03-31": "595.30000", "2016-12-31": "584.19990", "2016-09-30": "591.30000", "2016-06-30": "585.20000", "2016-03-31": "588.70000", "2015-12-31": "568.50010", "2015-09-30": "568.70000", "2015-06-30": "568.70000", "2015-03-31": "557.60000", "2014-12-31": "532.00010", "2014-09-30": "522.30000", "2014-06-30": "524.60000", "2014-03-31": "500.70000", "2013-12-31": "482.50010", "2013-09-30": "485.10000", "2013-06-30": "494.10000", "2013-03-31": "473.30000", "2012-12-31": "442.00000", "2012-09-30": "435.80000", "2012-06-30": "438.60000", "2012-03-31": "432.90000", "2011-12-31": "412.70000", "2011-09-30": "411.40000", "2011-06-30": "417.60000", "2011-03-31": "407.70000", "2010-12-31": "392.70000", "2010-09-30": "402.90000", "2010-06-30": "383.10000", "2010-03-31": "373.40000", "2009-12-31": "357.00010", "2009-09-30": "375.50000", "2009-06-30": "362.10000", "2009-03-31": "352.30000", "2008-12-31": "325.80000", "2008-09-30": "423.30000", "2008-06-30": "451.40000", "2008-03-31": "474.60000", "2007-12-31": "351.09990", "2007-09-30": "506.70000", "2007-06-30": "507.40000", "2007-03-31": "511.20000", "2006-12-31": "435.39980", "2006-09-30": "541.40000", "2006-06-30": "548.40000", "2006-03-31": "532.70000", "2005-12-31": "432.20010", "2005-09-30": "549.30000", "2005-06-30": "542.40000", "2005-03-31": "519.50000"}, "Other Operating Income Or Expenses": {"2020-09-30": "-6.60000", "2020-06-30": "3.40000", "2020-03-31": "-65.40000", "2019-12-31": "31.80000", "2019-09-30": "5.10000", "2019-06-30": "-5.90000", "2019-03-31": "8.70000", "2018-12-31": "23.10000", "2018-09-30": "17.40000", "2018-06-30": "5.80000", "2018-03-31": "10.30000", "2017-12-31": "24.80000", "2017-09-30": "14.20000", "2017-06-30": "20.70000", "2017-03-31": "19.50000", "2016-12-31": "48.10000", "2016-09-30": "10.20000", "2016-06-30": "5.80000", "2016-03-31": "5.00000", "2015-12-31": "-9.60000", "2015-09-30": "7.00000", "2015-06-30": "3.80000", "2015-03-31": "1.30000", "2014-12-31": "2.90000", "2014-09-30": "4.00000", "2014-06-30": "3.70000", "2014-03-31": "8.00000", "2013-12-31": "7.30000", "2013-09-30": "-0.20000", "2013-06-30": "2.20000", "2013-03-31": "1.40000", "2012-12-31": "0.50000", "2012-09-30": "-0.20000", "2012-06-30": "-4.40000", "2012-03-31": "-0.20000", "2011-12-31": "-2.00000", "2011-09-30": "1.20000", "2011-06-30": "-0.30000", "2011-03-31": "2.20000", "2010-12-31": "2.40000", "2010-09-30": "-2.90000", "2010-06-30": "-0.60000", "2010-03-31": "-1.00000", "2009-12-31": "-0.40000", "2009-09-30": "3.10000", "2009-06-30": "8.30000", "2009-03-31": "10.80000", "2008-12-31": "-6.70000", "2008-09-30": "-129.90000", "2008-06-30": "-0.10000", "2008-03-31": "-0.30000", "2007-12-31": "2.00000", "2007-09-30": "-0.10000", "2007-06-30": "-1.50000", "2007-03-31": "", "2006-12-31": "0.10000", "2006-09-30": "0.30000", "2006-06-30": "-0.20000", "2006-03-31": "", "2005-12-31": "0.20000", "2005-09-30": "-1.20000", "2005-06-30": "0.60000", "2005-03-31": "-0.10000"}, "Operating Expenses": {"2020-09-30": "5133.20000", "2020-06-30": "4331.60000", "2020-03-31": "4886.30000", "2019-12-31": "5313.10000", "2019-09-30": "5267.70000", "2019-06-30": "5140.30000", "2019-03-31": "4791.00000", "2018-12-31": "5214.40100", "2018-09-30": "5145.60000", "2018-06-30": "5200.80000", "2018-03-31": "5074.10000", "2017-12-31": "5454.20100", "2017-09-30": "5221.20000", "2017-06-30": "5083.10000", "2017-03-31": "4932.70000", "2016-12-31": "5243.89900", "2016-09-30": "5348.50000", "2016-06-30": "5214.90000", "2016-03-31": "4912.20000", "2015-12-31": "5139.40000", "2015-09-30": "5118.00000", "2015-06-30": "5002.20000", "2015-03-31": "4729.30000", "2014-12-31": "4821.30100", "2014-09-30": "4701.60000", "2014-06-30": "4590.70000", "2014-03-31": "4174.40000", "2013-12-31": "4321.10200", "2013-09-30": "4283.60000", "2013-06-30": "4245.60000", "2013-03-31": "3927.00000", "2012-12-31": "4003.50000", "2012-09-30": "3770.10000", "2012-06-30": "3740.30000", "2012-03-31": "3508.30000", "2011-12-31": "3534.90000", "2011-09-30": "3362.40000", "2011-06-30": "3191.90000", "2011-03-31": "3171.10000", "2010-12-31": "3111.60000", "2010-09-30": "3153.00000", "2010-06-30": "2978.30000", "2010-03-31": "2721.50000", "2009-12-31": "2682.70100", "2009-09-30": "2773.00000", "2009-06-30": "2496.50000", "2009-03-31": "2305.80000", "2008-12-31": "2312.60100", "2008-09-30": "4984.00000", "2008-06-30": "3529.50000", "2008-03-31": "3693.70000", "2007-12-31": "2966.99900", "2007-09-30": "4328.00000", "2007-06-30": "4293.00000", "2007-03-31": "4114.20000", "2006-12-31": "3733.90100", "2006-09-30": "4652.10000", "2006-06-30": "4680.70100", "2006-03-31": "4368.90000", "2005-12-31": "3625.90000", "2005-09-30": "4851.70000", "2005-06-30": "4733.50000", "2005-03-31": "4305.30000"}, "Operating Income": {"2020-09-30": "271.70020", "2020-06-30": "201.39990", "2020-03-31": "-219.30030", "2019-12-31": "235.79980", "2019-09-30": "193.50000", "2019-06-30": "203.50000", "2019-03-31": "190.79980", "2018-12-31": "197.29930", "2018-09-30": "203.60010", "2018-06-30": "191.20020", "2018-03-31": "185.80030", "2017-12-31": "229.29880", "2017-09-30": "211.20020", "2017-06-30": "196.20020", "2017-03-31": "206.70020", "2016-12-31": "236.60010", "2016-09-30": "219.00050", "2016-06-30": "226.49950", "2016-03-31": "207.39990", "2015-12-31": "200.39990", "2015-09-30": "235.70020", "2015-06-30": "222.09960", "2015-03-31": "214.89990", "2014-12-31": "226.49950", "2014-09-30": "207.39990", "2014-06-30": "197.80030", "2014-03-31": "189.10010", "2013-12-31": "202.79830", "2013-09-30": "187.19970", "2013-06-30": "180.90040", "2013-03-31": "169.39990", "2012-12-31": "168.70070", "2012-09-30": "163.70020", "2012-06-30": "164.19970", "2012-03-31": "148.70020", "2011-12-31": "143.49980", "2011-09-30": "144.10010", "2011-06-30": "144.39970", "2011-03-31": "140.00020", "2010-12-31": "134.59960", "2010-09-30": "120.90010", "2010-06-30": "125.99980", "2010-03-31": "115.10030", "2009-12-31": "94.09910", "2009-09-30": "118.00020", "2009-06-30": "100.89990", "2009-03-31": "95.00000", "2008-12-31": "63.89940", "2008-09-30": "-1624.69900", "2008-06-30": "134.10010", "2008-03-31": "145.60010", "2007-12-31": "128.10060", "2007-09-30": "185.29930", "2007-06-30": "183.89990", "2007-03-31": "185.69970", "2006-12-31": "165.79830", "2006-09-30": "202.89990", "2006-06-30": "211.99950", "2006-03-31": "202.20020", "2005-12-31": "164.50050", "2005-09-30": "219.29980", "2005-06-30": "210.50050", "2005-03-31": "199.59960"}, "Total Non-Operating Income/Expense": {"2020-09-30": "-28.20000", "2020-06-30": "175.10000", "2020-03-31": "-51.90000", "2019-12-31": "-24.60000", "2019-09-30": "-56.40000", "2019-06-30": "-65.30000", "2019-03-31": "-64.70000", "2018-12-31": "-68.80000", "2018-09-30": "-58.50000", "2018-06-30": "-61.60000", "2018-03-31": "-59.60000", "2017-12-31": "-55.40000", "2017-09-30": "-53.30000", "2017-06-30": "-51.30000", "2017-03-31": "-46.90000", "2016-12-31": "-49.10000", "2016-09-30": "-44.20000", "2016-06-30": "-43.40000", "2016-03-31": "-50.50000", "2015-12-31": "-41.30000", "2015-09-30": "-40.40000", "2015-06-30": "-35.30000", "2015-03-31": "-33.40000", "2014-12-31": "-38.00000", "2014-09-30": "-33.60000", "2014-06-30": "-33.60000", "2014-03-31": "-33.30000", "2013-12-31": "-32.50000", "2013-09-30": "-35.60000", "2013-06-30": "-34.30000", "2013-03-31": "-33.50000", "2012-12-31": "-33.70000", "2012-09-30": "-31.10000", "2012-06-30": "-34.60000", "2012-03-31": "-29.10000", "2011-12-31": "-30.70000", "2011-09-30": "-28.50000", "2011-06-30": "-26.00000", "2011-03-31": "-25.50000", "2010-12-31": "-25.50000", "2010-09-30": "-27.30000", "2010-06-30": "-44.00000", "2010-03-31": "-18.50000", "2009-12-31": "-17.50000", "2009-09-30": "-14.80000", "2009-06-30": "-15.40000", "2009-03-31": "-11.10000", "2008-12-31": "0.10000", "2008-09-30": "-28.60000", "2008-06-30": "-40.00000", "2008-03-31": "-51.90000", "2007-12-31": "-53.00000", "2007-09-30": "-62.60000", "2007-06-30": "-57.40000", "2007-03-31": "-57.10000", "2006-12-31": "-51.20000", "2006-09-30": "-61.90000", "2006-06-30": "-92.00000", "2006-03-31": "-39.70000", "2005-12-31": "-39.20000", "2005-09-30": "-38.40000", "2005-06-30": "-41.90000", "2005-03-31": "-56.10000"}, "Pre-Tax Income": {"2020-09-30": "243.50000", "2020-06-30": "376.50000", "2020-03-31": "-271.20000", "2019-12-31": "211.20000", "2019-09-30": "137.10000", "2019-06-30": "138.20000", "2019-03-31": "126.10000", "2018-12-31": "128.50000", "2018-09-30": "145.10000", "2018-06-30": "129.60000", "2018-03-31": "126.20000", "2017-12-31": "173.90000", "2017-09-30": "157.90000", "2017-06-30": "144.90000", "2017-03-31": "159.80000", "2016-12-31": "187.50000", "2016-09-30": "174.80000", "2016-06-30": "183.10000", "2016-03-31": "156.90000", "2015-12-31": "159.10000", "2015-09-30": "195.30000", "2015-06-30": "186.80000", "2015-03-31": "181.50000", "2014-12-31": "188.50000", "2014-09-30": "173.80000", "2014-06-30": "164.20000", "2014-03-31": "155.80000", "2013-12-31": "170.30000", "2013-09-30": "151.60000", "2013-06-30": "146.60000", "2013-03-31": "135.90000", "2012-12-31": "135.00000", "2012-09-30": "132.60000", "2012-06-30": "129.60000", "2012-03-31": "119.60000", "2011-12-31": "112.80000", "2011-09-30": "115.60000", "2011-06-30": "118.40000", "2011-03-31": "114.50000", "2010-12-31": "109.10000", "2010-09-30": "93.60000", "2010-06-30": "82.00000", "2010-03-31": "96.60000", "2009-12-31": "76.60000", "2009-09-30": "103.20000", "2009-06-30": "85.50000", "2009-03-31": "83.90000", "2008-12-31": "64.00010", "2008-09-30": "-1653.30000", "2008-06-30": "94.10000", "2008-03-31": "93.70000", "2007-12-31": "75.10000", "2007-09-30": "122.70000", "2007-06-30": "126.50000", "2007-03-31": "128.60000", "2006-12-31": "114.60000", "2006-09-30": "141.00000", "2006-06-30": "120.00000", "2006-03-31": "162.50000", "2005-12-31": "125.30000", "2005-09-30": "180.90000", "2005-06-30": "168.60000", "2005-03-31": "143.50000"}, "Income Taxes": {"2020-09-30": "60.90000", "2020-06-30": "96.60000", "2020-03-31": "-39.00000", "2019-12-31": "53.50000", "2019-09-30": "37.10000", "2019-06-30": "37.20000", "2019-03-31": "34.00000", "2018-12-31": "35.60000", "2018-09-30": "32.80000", "2018-06-30": "32.20000", "2018-03-31": "32.90000", "2017-12-31": "22.40000", "2017-09-30": "60.30000", "2017-06-30": "57.20000", "2017-03-31": "61.60000", "2016-12-31": "71.90000", "2016-09-30": "67.00000", "2016-06-30": "71.00000", "2016-03-31": "60.70000", "2015-12-31": "61.30000", "2015-09-30": "76.30000", "2015-06-30": "71.60000", "2015-03-31": "69.80000", "2014-12-31": "71.60000", "2014-09-30": "67.10000", "2014-06-30": "63.50000", "2014-03-31": "60.30000", "2013-12-31": "60.60000", "2013-09-30": "58.80000", "2013-06-30": "56.50000", "2013-03-31": "52.70000", "2012-12-31": "52.10000", "2012-09-30": "50.70000", "2012-06-30": "50.60000", "2012-03-31": "46.10000", "2011-12-31": "42.90000", "2011-09-30": "44.90000", "2011-06-30": "45.10000", "2011-03-31": "44.20000", "2010-12-31": "41.10000", "2010-09-30": "35.10000", "2010-06-30": "32.00000", "2010-03-31": "37.80000", "2009-12-31": "14.50000", "2009-09-30": "38.80000", "2009-06-30": "31.50000", "2009-03-31": "31.30000", "2008-12-31": "-8.30000", "2008-09-30": "-257.50000", "2008-06-30": "38.60000", "2008-03-31": "38.00000", "2007-12-31": "29.50000", "2007-09-30": "46.10000", "2007-06-30": "47.20000", "2007-03-31": "46.10000", "2006-12-31": "42.90000", "2006-09-30": "55.60000", "2006-06-30": "46.10000", "2006-03-31": "64.50000", "2005-12-31": "49.50000", "2005-09-30": "60.30000", "2005-06-30": "61.70000", "2005-03-31": "54.20000"}, "Income After Taxes": {"2020-09-30": "182.60000", "2020-06-30": "279.90000", "2020-03-31": "-232.20000", "2019-12-31": "157.70000", "2019-09-30": "100.00000", "2019-06-30": "101.00000", "2019-03-31": "92.10000", "2018-12-31": "92.90000", "2018-09-30": "112.30000", "2018-06-30": "97.40000", "2018-03-31": "93.30000", "2017-12-31": "151.50000", "2017-09-30": "97.60000", "2017-06-30": "87.70000", "2017-03-31": "98.20000", "2016-12-31": "115.60000", "2016-09-30": "107.80000", "2016-06-30": "112.10000", "2016-03-31": "96.20000", "2015-12-31": "97.80000", "2015-09-30": "119.00000", "2015-06-30": "115.20000", "2015-03-31": "111.70000", "2014-12-31": "116.90000", "2014-09-30": "106.70000", "2014-06-30": "100.70000", "2014-03-31": "95.50000", "2013-12-31": "109.70000", "2013-09-30": "92.80000", "2013-06-30": "90.10000", "2013-03-31": "83.20000", "2012-12-31": "82.90000", "2012-09-30": "81.90000", "2012-06-30": "79.00000", "2012-03-31": "73.50000", "2011-12-31": "69.90000", "2011-09-30": "70.70000", "2011-06-30": "73.30000", "2011-03-31": "70.30000", "2010-12-31": "68.00000", "2010-09-30": "58.50000", "2010-06-30": "50.00000", "2010-03-31": "58.80000", "2009-12-31": "62.10000", "2009-09-30": "64.40000", "2009-06-30": "54.00000", "2009-03-31": "52.60000", "2008-12-31": "72.30000", "2008-09-30": "-1395.80000", "2008-06-30": "55.50000", "2008-03-31": "55.70000", "2007-12-31": "45.60000", "2007-09-30": "76.60000", "2007-06-30": "79.30000", "2007-03-31": "82.50000", "2006-12-31": "71.70000", "2006-09-30": "85.40000", "2006-06-30": "73.90000", "2006-03-31": "98.00000", "2005-12-31": "75.80000", "2005-09-30": "120.60000", "2005-06-30": "106.90000", "2005-03-31": "89.30000"}, "Other Income": {"2020-09-30": "", "2020-06-30": "", "2020-03-31": "", "2019-12-31": "", "2019-09-30": "", "2019-06-30": "", "2019-03-31": "", "2018-12-31": "", "2018-09-30": "", "2018-06-30": "", "2018-03-31": "", "2017-12-31": "", "2017-09-30": "", "2017-06-30": "", "2017-03-31": "", "2016-12-31": "", "2016-09-30": "", "2016-06-30": "", "2016-03-31": "", "2015-12-31": "", "2015-09-30": "", "2015-06-30": "", "2015-03-31": "", "2014-12-31": "", "2014-09-30": "", "2014-06-30": "", "2014-03-31": "", "2013-12-31": "", "2013-09-30": "", "2013-06-30": "", "2013-03-31": "", "2012-12-31": "", "2012-09-30": "", "2012-06-30": "", "2012-03-31": "", "2011-12-31": "", "2011-09-30": "", "2011-06-30": "", "2011-03-31": "", "2010-12-31": "", "2010-09-30": "", "2010-06-30": "", "2010-03-31": "", "2009-12-31": "", "2009-09-30": "", "2009-06-30": "", "2009-03-31": "", "2008-12-31": "", "2008-09-30": "", "2008-06-30": "", "2008-03-31": "", "2007-12-31": "", "2007-09-30": "", "2007-06-30": "", "2007-03-31": "", "2006-12-31": "", "2006-09-30": "", "2006-06-30": "", "2006-03-31": "", "2005-12-31": "", "2005-09-30": "", "2005-06-30": "", "2005-03-31": ""}, "Income From Continuous Operations": {"2020-09-30": "182.60000", "2020-06-30": "279.90000", "2020-03-31": "-232.20000", "2019-12-31": "157.70000", "2019-09-30": "100.00000", "2019-06-30": "101.00000", "2019-03-31": "92.10000", "2018-12-31": "92.90000", "2018-09-30": "112.30000", "2018-06-30": "97.40000", "2018-03-31": "93.30000", "2017-12-31": "151.50000", "2017-09-30": "97.60000", "2017-06-30": "87.70000", "2017-03-31": "98.20000", "2016-12-31": "115.60000", "2016-09-30": "107.80000", "2016-06-30": "112.10000", "2016-03-31": "96.20000", "2015-12-31": "97.80000", "2015-09-30": "119.00000", "2015-06-30": "115.20000", "2015-03-31": "111.70000", "2014-12-31": "116.90000", "2014-09-30": "106.70000", "2014-06-30": "100.70000", "2014-03-31": "95.50000", "2013-12-31": "109.70000", "2013-09-30": "92.80000", "2013-06-30": "90.10000", "2013-03-31": "83.20000", "2012-12-31": "82.90000", "2012-09-30": "81.90000", "2012-06-30": "79.00000", "2012-03-31": "73.50000", "2011-12-31": "69.90000", "2011-09-30": "70.70000", "2011-06-30": "73.30000", "2011-03-31": "70.30000", "2010-12-31": "68.00000", "2010-09-30": "58.50000", "2010-06-30": "50.00000", "2010-03-31": "58.80000", "2009-12-31": "62.10000", "2009-09-30": "64.40000", "2009-06-30": "54.00000", "2009-03-31": "52.60000", "2008-12-31": "72.30000", "2008-09-30": "-1395.80000", "2008-06-30": "55.50000", "2008-03-31": "55.70000", "2007-12-31": "45.60000", "2007-09-30": "76.60000", "2007-06-30": "79.30000", "2007-03-31": "82.50000", "2006-12-31": "71.70000", "2006-09-30": "85.40000", "2006-06-30": "73.90000", "2006-03-31": "98.00000", "2005-12-31": "75.80000", "2005-09-30": "120.60000", "2005-06-30": "106.90000", "2005-03-31": "89.30000"}, "Income From Discontinued Operations": {"2020-09-30": "", "2020-06-30": "-0.10000", "2020-03-31": "-0.10000", "2019-12-31": "0.00000", "2019-09-30": "-0.50000", "2019-06-30": "-0.20000", "2019-03-31": "-0.10000", "2018-12-31": "-0.20000", "2018-09-30": "-0.30000", "2018-06-30": "0.20000", "2018-03-31": "0.40000", "2017-12-31": "-0.20000", "2017-09-30": "-0.10000", "2017-06-30": "", "2017-03-31": "-0.10000", "2016-12-31": "-0.30000", "2016-09-30": "-0.50000", "2016-06-30": "-0.10000", "2016-03-31": "-0.30000", "2015-12-31": "-0.30000", "2015-09-30": "-0.50000", "2015-06-30": "-0.10000", "2015-03-31": "-0.20000", "2014-12-31": "-0.20000", "2014-09-30": "-0.20000", "2014-06-30": "-0.30000", "2014-03-31": "-0.40000", "2013-12-31": "-0.30000", "2013-09-30": "-0.20000", "2013-06-30": "-0.20000", "2013-03-31": "-0.20000", "2012-12-31": "0.30000", "2012-09-30": "-0.30000", "2012-06-30": "-0.40000", "2012-03-31": "-0.50000", "2011-12-31": "-0.50000", "2011-09-30": "", "2011-06-30": "-1.40000", "2011-03-31": "-0.90000", "2010-12-31": "-0.70000", "2010-09-30": "-1.60000", "2010-06-30": "-2.80000", "2010-03-31": "-3.60000", "2009-12-31": "-0.40000", "2009-09-30": "0.60000", "2009-06-30": "-17.30000", "2009-03-31": "-18.00000", "2008-12-31": "-5.20000", "2008-09-30": "-16.90000", "2008-06-30": "-3.70000", "2008-03-31": "-5.00000", "2007-12-31": "6.10000", "2007-09-30": "-4.50000", "2007-06-30": "-2.00000", "2007-03-31": "-4.90000", "2006-12-31": "3.50000", "2006-09-30": "-3.60000", "2006-06-30": "-1.20000", "2006-03-31": "-10.80000", "2005-12-31": "-0.40000", "2005-09-30": "8.70000", "2005-06-30": "87.90000", "2005-03-31": "7.70000"}, "Net Income": {"2020-09-30": "182.60000", "2020-06-30": "279.80000", "2020-03-31": "-232.30000", "2019-12-31": "157.70000", "2019-09-30": "99.50000", "2019-06-30": "100.80000", "2019-03-31": "92.00000", "2018-12-31": "92.70000", "2018-09-30": "112.00000", "2018-06-30": "97.60000", "2018-03-31": "93.70000", "2017-12-31": "151.30000", "2017-09-30": "97.50000", "2017-06-30": "87.70000", "2017-03-31": "98.10000", "2016-12-31": "115.30000", "2016-09-30": "107.30000", "2016-06-30": "112.00000", "2016-03-31": "95.90000", "2015-12-31": "97.50000", "2015-09-30": "118.50000", "2015-06-30": "115.10000", "2015-03-31": "111.50000", "2014-12-31": "116.70000", "2014-09-30": "106.50000", "2014-06-30": "100.40000", "2014-03-31": "95.10000", "2013-12-31": "109.40000", "2013-09-30": "92.60000", "2013-06-30": "89.90000", "2013-03-31": "83.00000", "2012-12-31": "83.20000", "2012-09-30": "81.60000", "2012-06-30": "78.60000", "2012-03-31": "73.00000", "2011-12-31": "69.40000", "2011-09-30": "70.70000", "2011-06-30": "71.90000", "2011-03-31": "69.40000", "2010-12-31": "67.30000", "2010-09-30": "56.90000", "2010-06-30": "47.20000", "2010-03-31": "55.20000", "2009-12-31": "61.70000", "2009-09-30": "65.00000", "2009-06-30": "36.70000", "2009-03-31": "34.60000", "2008-12-31": "67.10000", "2008-09-30": "-1412.70000", "2008-06-30": "51.80000", "2008-03-31": "50.70000", "2007-12-31": "51.70000", "2007-09-30": "72.10000", "2007-06-30": "77.30000", "2007-03-31": "77.60000", "2006-12-31": "75.20000", "2006-09-30": "81.80000", "2006-06-30": "72.70000", "2006-03-31": "87.20000", "2005-12-31": "75.40000", "2005-09-30": "129.30000", "2005-06-30": "194.80000", "2005-03-31": "97.00000"}, "EBITDA": {"2020-09-30": "324.70020", "2020-06-30": "251.59990", "2020-03-31": "148.29970", "2019-12-31": "283.89980", "2019-09-30": "240.00000", "2019-06-30": "249.20000", "2019-03-31": "236.19980", "2018-12-31": "240.69930", "2018-09-30": "246.10010", "2018-06-30": "235.20020", "2018-03-31": "227.50030", "2017-12-31": "271.29880", "2017-09-30": "254.00020", "2017-06-30": "236.90020", "2017-03-31": "245.40020", "2016-12-31": "288.40010", "2016-09-30": "256.60050", "2016-06-30": "262.89950", "2016-03-31": "244.39990", "2015-12-31": "235.39990", "2015-09-30": "267.30020", "2015-06-30": "257.79960", "2015-03-31": "244.69990", "2014-12-31": "255.49950", "2014-09-30": "236.29990", "2014-06-30": "225.50030", "2014-03-31": "216.10010", "2013-12-31": "230.09830", "2013-09-30": "212.79970", "2013-06-30": "205.60040", "2013-03-31": "193.49990", "2012-12-31": "193.30070", "2012-09-30": "188.00020", "2012-06-30": "186.49970", "2012-03-31": "171.20020", "2011-12-31": "165.59980", "2011-09-30": "166.10010", "2011-06-30": "166.49960", "2011-03-31": "161.80020", "2010-12-31": "155.29960", "2010-09-30": "140.60010", "2010-06-30": "146.39970", "2010-03-31": "134.60030", "2009-12-31": "113.49910", "2009-09-30": "137.90020", "2009-06-30": "120.39990", "2009-03-31": "116.10000", "2008-12-31": "86.49950", "2008-09-30": "7.90050", "2008-06-30": "154.80010", "2008-03-31": "169.00010", "2007-12-31": "148.80060", "2007-09-30": "208.99930", "2007-06-30": "205.99990", "2007-03-31": "207.49970", "2006-12-31": "186.09830", "2006-09-30": "224.29990", "2006-06-30": "233.59950", "2006-03-31": "222.60020", "2005-12-31": "184.90050", "2005-09-30": "240.39980", "2005-06-30": "232.00050", "2005-03-31": "221.19960"}, "EBIT": {"2020-09-30": "271.70020", "2020-06-30": "201.39990", "2020-03-31": "-219.30030", "2019-12-31": "235.79980", "2019-09-30": "193.50000", "2019-06-30": "203.50000", "2019-03-31": "190.79980", "2018-12-31": "197.29980", "2018-09-30": "203.60010", "2018-06-30": "191.20020", "2018-03-31": "185.80030", "2017-12-31": "229.29980", "2017-09-30": "211.20020", "2017-06-30": "196.20020", "2017-03-31": "206.70020", "2016-12-31": "236.60010", "2016-09-30": "219.00050", "2016-06-30": "226.49950", "2016-03-31": "207.39990", "2015-12-31": "200.39990", "2015-09-30": "235.70020", "2015-06-30": "222.09960", "2015-03-31": "214.89990", "2014-12-31": "226.50050", "2014-09-30": "207.39990", "2014-06-30": "197.80030", "2014-03-31": "189.10010", "2013-12-31": "202.79880", "2013-09-30": "187.19970", "2013-06-30": "180.90040", "2013-03-31": "169.39990", "2012-12-31": "168.70070", "2012-09-30": "163.70020", "2012-06-30": "164.19970", "2012-03-31": "148.70020", "2011-12-31": "143.49980", "2011-09-30": "144.10010", "2011-06-30": "144.39970", "2011-03-31": "140.00020", "2010-12-31": "134.59960", "2010-09-30": "120.90010", "2010-06-30": "125.99980", "2010-03-31": "115.10030", "2009-12-31": "94.09890", "2009-09-30": "118.00020", "2009-06-30": "100.89990", "2009-03-31": "95.00000", "2008-12-31": "63.89970", "2008-09-30": "-1624.69900", "2008-06-30": "134.10010", "2008-03-31": "145.60010", "2007-12-31": "128.10010", "2007-09-30": "185.29930", "2007-06-30": "183.89990", "2007-03-31": "185.69970", "2006-12-31": "165.79880", "2006-09-30": "202.89990", "2006-06-30": "211.99950", "2006-03-31": "202.20020", "2005-12-31": "164.50050", "2005-09-30": "219.29980", "2005-06-30": "210.50050", "2005-03-31": "199.59960"}, "Basic Shares Outstanding": {"2020-09-30": "88.30000", "2020-06-30": "87.90000", "2020-03-31": "90.00000", "2019-12-31": "90.10000", "2019-09-30": "89.90000", "2019-06-30": "89.90000", "2019-03-31": "90.50000", "2018-12-31": "90.90000", "2018-09-30": "90.40000", "2018-06-30": "90.70000", "2018-03-31": "92.10000", "2017-12-31": "97.80000", "2017-09-30": "97.30000", "2017-06-30": "101.20000", "2017-03-31": "101.10000", "2016-12-31": "103.10000", "2016-09-30": "101.90000", "2016-06-30": "102.90000", "2016-03-31": "106.70000", "2015-12-31": "112.70000", "2015-09-30": "112.40000", "2015-06-30": "113.80000", "2015-03-31": "113.60000", "2014-12-31": "117.30000", "2014-09-30": "117.00000", "2014-06-30": "119.10000", "2014-03-31": "119.50000", "2013-12-31": "121.30000", "2013-09-30": "121.50000", "2013-06-30": "121.40000", "2013-03-31": "121.00000", "2012-12-31": "123.80000", "2012-09-30": "121.20000", "2012-06-30": "121.70000", "2012-03-31": "130.30000", "2011-12-31": "144.80000", "2011-09-30": "144.40000", "2011-06-30": "147.40000", "2011-03-31": "149.10000", "2010-12-31": "156.90000", "2010-09-30": "147.50000", "2010-06-30": "161.90000", "2010-03-31": "170.70000", "2009-12-31": "176.50000", "2009-09-30": "178.10000", "2009-06-30": "177.80000", "2009-03-31": "176.80000", "2008-12-31": "177.80000", "2008-09-30": "176.70000", "2008-06-30": "178.00000", "2008-03-31": "180.00000", "2007-12-31": "198.30000", "2007-09-30": "196.10000", "2007-06-30": "206.80000", "2007-03-31": "208.10000", "2006-12-31": "225.20000", "2006-09-30": "210.90000", "2006-06-30": "220.40000", "2006-03-31": "262.80000", "2005-12-31": "262.70000", "2005-09-30": "261.60000", "2005-06-30": "262.30000", "2005-03-31": "264.50000"}, "Shares Outstanding": {"2020-09-30": "88.90000", "2020-06-30": "88.10000", "2020-03-31": "90.00000", "2019-12-31": "90.50000", "2019-09-30": "90.40000", "2019-06-30": "90.20000", "2019-03-31": "90.70000", "2018-12-31": "91.30000", "2018-09-30": "90.80000", "2018-06-30": "91.20000", "2018-03-31": "92.70000", "2017-12-31": "98.20000", "2017-09-30": "97.70000", "2017-06-30": "101.50000", "2017-03-31": "101.60000", "2016-12-31": "103.80000", "2016-09-30": "102.60000", "2016-06-30": "103.60000", "2016-03-31": "107.40000", "2015-12-31": "113.90000", "2015-09-30": "113.60000", "2015-06-30": "115.10000", "2015-03-31": "115.10000", "2014-12-31": "118.90000", "2014-09-30": "118.50000", "2014-06-30": "120.80000", "2014-03-31": "121.30000", "2013-12-31": "123.30000", "2013-09-30": "123.50000", "2013-06-30": "123.30000", "2013-03-31": "123.00000", "2012-12-31": "125.80000", "2012-09-30": "123.40000", "2012-06-30": "123.70000", "2012-03-31": "132.30000", "2011-12-31": "140.60000", "2011-09-30": "147.00000", "2011-06-30": "150.00000", "2011-03-31": "151.80000", "2010-12-31": "150.40000", "2010-09-30": "149.60000", "2010-06-30": "163.20000", "2010-03-31": "171.70000", "2009-12-31": "177.30000", "2009-09-30": "179.20000", "2009-06-30": "178.80000", "2009-03-31": "177.00000", "2008-12-31": "177.80000", "2008-09-30": "176.70000", "2008-06-30": "178.70000", "2008-03-31": "180.60000", "2007-12-31": "200.00000", "2007-09-30": "197.50000", "2007-06-30": "208.60000", "2007-03-31": "210.70000", "2006-12-31": "229.30000", "2006-09-30": "215.00000", "2006-06-30": "225.20000", "2006-03-31": "267.40000", "2005-12-31": "268.00000", "2005-09-30": "267.20000", "2005-06-30": "267.80000", "2005-03-31": "270.30000"}, "Basic EPS": {"2020-09-30": "2.07000", "2020-06-30": "3.18000", "2020-03-31": "-2.58000", "2019-12-31": "1.74000", "2019-09-30": "1.11000", "2019-06-30": "1.12000", "2019-03-31": "1.02000", "2018-12-31": "1.02000", "2018-09-30": "1.24000", "2018-06-30": "1.08000", "2018-03-31": "1.02000", "2017-12-31": "1.60000", "2017-09-30": "1.00000", "2017-06-30": "0.87000", "2017-03-31": "0.97000", "2016-12-31": "1.14000", "2016-09-30": "1.05000", "2016-06-30": "1.09000", "2016-03-31": "0.90000", "2015-12-31": "0.89000", "2015-09-30": "1.05000", "2015-06-30": "1.01000", "2015-03-31": "0.98000", "2014-12-31": "1.02000", "2014-09-30": "0.91000", "2014-06-30": "0.84000", "2014-03-31": "0.80000", "2013-12-31": "0.90000", "2013-09-30": "0.76000", "2013-06-30": "0.74000", "2013-03-31": "0.69000", "2012-12-31": "0.68000", "2012-09-30": "0.67000", "2012-06-30": "0.65000", "2012-03-31": "0.56000", "2011-12-31": "0.49000", "2011-09-30": "0.49000", "2011-06-30": "0.49000", "2011-03-31": "0.47000", "2010-12-31": "0.44000", "2010-09-30": "0.39000", "2010-06-30": "0.29000", "2010-03-31": "0.32000", "2009-12-31": "0.35000", "2009-09-30": "0.36000", "2009-06-30": "0.21000", "2009-03-31": "0.20000", "2008-12-31": "0.43000", "2008-09-30": "-7.99000", "2008-06-30": "0.29000", "2008-03-31": "0.28000", "2007-12-31": "0.30000", "2007-09-30": "0.37000", "2007-06-30": "0.37000", "2007-03-31": "0.37000", "2006-12-31": "0.36000", "2006-09-30": "0.39000", "2006-06-30": "0.33000", "2006-03-31": "0.33000", "2005-12-31": "0.29000", "2005-09-30": "0.49000", "2005-06-30": "0.74000", "2005-03-31": "0.37000"}, "EPS - Earnings Per Share": {"2020-09-30": "2.05000", "2020-06-30": "3.18000", "2020-03-31": "-2.58000", "2019-12-31": "1.74000", "2019-09-30": "1.10000", "2019-06-30": "1.12000", "2019-03-31": "1.01000", "2018-12-31": "1.03000", "2018-09-30": "1.23000", "2018-06-30": "1.07000", "2018-03-31": "1.01000", "2017-12-31": "1.60000", "2017-09-30": "1.00000", "2017-06-30": "0.86000", "2017-03-31": "0.97000", "2016-12-31": "1.13000", "2016-09-30": "1.05000", "2016-06-30": "1.08000", "2016-03-31": "0.89000", "2015-12-31": "0.88000", "2015-09-30": "1.04000", "2015-06-30": "1.00000", "2015-03-31": "0.97000", "2014-12-31": "1.01000", "2014-09-30": "0.90000", "2014-06-30": "0.83000", "2014-03-31": "0.78000", "2013-12-31": "0.89000", "2013-09-30": "0.75000", "2013-06-30": "0.73000", "2013-03-31": "0.67000", "2012-12-31": "0.67000", "2012-09-30": "0.66000", "2012-06-30": "0.64000", "2012-03-31": "0.55000", "2011-12-31": "0.49000", "2011-09-30": "0.48000", "2011-06-30": "0.48000", "2011-03-31": "0.46000", "2010-12-31": "0.45000", "2010-09-30": "0.38000", "2010-06-30": "0.29000", "2010-03-31": "0.32000", "2009-12-31": "0.35000", "2009-09-30": "0.36000", "2009-06-30": "0.21000", "2009-03-31": "0.20000", "2008-12-31": "0.43000", "2008-09-30": "-7.99000", "2008-06-30": "0.29000", "2008-03-31": "0.28000", "2007-12-31": "0.28000", "2007-09-30": "0.37000", "2007-06-30": "0.37000", "2007-03-31": "0.37000", "2006-12-31": "0.35000", "2006-09-30": "0.38000", "2006-06-30": "0.32000", "2006-03-31": "0.33000", "2005-12-31": "0.28000", "2005-09-30": "0.48000", "2005-06-30": "0.73000", "2005-03-31": "0.36000"}}, "balance sheet": {"Cash On Hand": {"2019-12-31": "42.00000", "2018-12-31": "48.60000", "2017-12-31": "69.20000", "2016-12-31": "64.80000", "2015-12-31": "74.10000", "2014-12-31": "75.40000", "2013-12-31": "69.20000", "2012-12-31": "69.70000", "2011-12-31": "86.60000", "2010-12-31": "95.10000", "2009-12-31": "173.50000", "2008-12-31": "110.20000", "2007-12-31": "33.00000", "2006-12-31": "52.80000", "2005-12-31": "245.70000"}, "Receivables": {"2019-12-31": "916.70000", "2018-12-31": "976.20000", "2017-12-31": "1111.00000", "2016-12-31": "1032.90000", "2015-12-31": "908.20000", "2014-12-31": "817.80000", "2013-12-31": "740.90000", "2012-12-31": "698.40000", "2011-12-31": "587.40000", "2010-12-31": "462.00000", "2009-12-31": "406.40000", "2008-12-31": "370.20000", "2007-12-31": "702.90000", "2006-12-31": "795.00000", "2005-12-31": "775.00000"}, "Inventory": {"2019-12-31": "3305.80000", "2018-12-31": "3650.50000", "2017-12-31": "3365.60000", "2016-12-31": "3520.10000", "2015-12-31": "3612.00000", "2014-12-31": "2899.00000", "2013-12-31": "2827.20000", "2012-12-31": "2396.90000", "2011-12-31": "1809.20000", "2010-12-31": "1867.00000", "2009-12-31": "1392.80000", "2008-12-31": "1758.10000", "2007-12-31": "2258.10000", "2006-12-31": "2305.00000", "2005-12-31": "2584.60000"}, "Pre-Paid Expenses": {"2019-12-31": "", "2018-12-31": "", "2017-12-31": "", "2016-12-31": "", "2015-12-31": "", "2014-12-31": "", "2013-12-31": "", "2012-12-31": "", "2011-12-31": "", "2010-12-31": "", "2009-12-31": "", "2008-12-31": "", "2007-12-31": "", "2006-12-31": "", "2005-12-31": ""}, "Other Current Assets": {"2019-12-31": "146.60000", "2018-12-31": "208.70000", "2017-12-31": "251.70000", "2016-12-31": "97.00000", "2015-12-31": "115.40000", "2014-12-31": "207.00000", "2013-12-31": "192.70000", "2012-12-31": "196.10000", "2011-12-31": "193.00000", "2010-12-31": "204.70000", "2009-12-31": "295.70000", "2008-12-31": "485.00000", "2007-12-31": "310.80000", "2006-12-31": "295.60000", "2005-12-31": "334.80000"}, "Total Current Assets": {"2019-12-31": "4411.10000", "2018-12-31": "4884.00000", "2017-12-31": "4797.50000", "2016-12-31": "4714.80000", "2015-12-31": "4709.70000", "2014-12-31": "3999.20000", "2013-12-31": "3830.00000", "2012-12-31": "3361.10000", "2011-12-31": "2676.20000", "2010-12-31": "2628.80000", "2009-12-31": "2268.40000", "2008-12-31": "2723.50000", "2007-12-31": "3304.80000", "2006-12-31": "3448.40000", "2005-12-31": "3940.10000"}, "Property, Plant, And Equipment": {"2019-12-31": "3174.60000", "2018-12-31": "3155.30000", "2017-12-31": "2962.70000", "2016-12-31": "2843.20000", "2015-12-31": "2667.40000", "2014-12-31": "2422.00000", "2013-12-31": "2235.30000", "2012-12-31": "2095.10000", "2011-12-31": "1950.70000", "2010-12-31": "1838.00000", "2009-12-31": "1713.60000", "2008-12-31": "1798.90000", "2007-12-31": "1955.00000", "2006-12-31": "1893.80000", "2005-12-31": "1785.90000"}, "Long-Term Investments": {"2019-12-31": "", "2018-12-31": "", "2017-12-31": "", "2016-12-31": "", "2015-12-31": "", "2014-12-31": "", "2013-12-31": "", "2012-12-31": "", "2011-12-31": "", "2010-12-31": "", "2009-12-31": "", "2008-12-31": "", "2007-12-31": "", "2006-12-31": "", "2005-12-31": ""}, "Goodwill And Intangible Assets": {"2019-12-31": "2083.50000", "2018-12-31": "2108.60000", "2017-12-31": "2101.80000", "2016-12-31": "2109.50000", "2015-12-31": "1834.40000", "2014-12-31": "1669.40000", "2013-12-31": "1594.70000", "2012-12-31": "1528.70000", "2011-12-31": "1390.00000", "2010-12-31": "1344.40000", "2009-12-31": "1297.60000", "2008-12-31": "1303.40000", "2007-12-31": "3053.60000", "2006-12-31": "3084.70000", "2005-12-31": "2944.60000"}, "Other Long-Term Assets": {"2019-12-31": "541.00000", "2018-12-31": "517.20000", "2017-12-31": "409.50000", "2016-12-31": "392.50000", "2015-12-31": "336.70000", "2014-12-31": "309.10000", "2013-12-31": "254.10000", "2012-12-31": "218.10000", "2011-12-31": "181.90000", "2010-12-31": "163.00000", "2009-12-31": "127.70000", "2008-12-31": "188.30000", "2007-12-31": "166.20000", "2006-12-31": "174.50000", "2005-12-31": "153.90000"}, "Total Long-Term Assets": {"2019-12-31": "6132.20000", "2018-12-31": "5781.10100", "2017-12-31": "5474.00000", "2016-12-31": "5345.20000", "2015-12-31": "4838.50000", "2014-12-31": "4400.50000", "2013-12-31": "4084.10000", "2012-12-31": "3841.90000", "2011-12-31": "3522.60000", "2010-12-31": "3345.40000", "2009-12-31": "3138.90000", "2008-12-31": "3290.60000", "2007-12-31": "5174.80000", "2006-12-31": "5153.00000", "2005-12-31": "4884.40000"}, "Total Assets": {"2019-12-31": "10543.30000", "2018-12-31": "10665.10000", "2017-12-31": "10271.50000", "2016-12-31": "10060.00000", "2015-12-31": "9548.20000", "2014-12-31": "8399.70000", "2013-12-31": "7914.10000", "2012-12-31": "7203.00000", "2011-12-31": "6198.80000", "2010-12-31": "5974.20000", "2009-12-31": "5407.30000", "2008-12-31": "6014.10000", "2007-12-31": "8479.60000", "2006-12-31": "8601.40000", "2005-12-31": "8824.50000"}, "Total Current Liabilities": {"2019-12-31": "5100.20000", "2018-12-31": "5658.10000", "2017-12-31": "5635.70000", "2016-12-31": "5829.20000", "2015-12-31": "5167.40000", "2014-12-31": "3882.00000", "2013-12-31": "3751.80000", "2012-12-31": "3201.70000", "2011-12-31": "2462.60000", "2010-12-31": "2399.40000", "2009-12-31": "1863.40000", "2008-12-31": "2455.80000", "2007-12-31": "2902.50000", "2006-12-31": "3014.60000", "2005-12-31": "3412.20000"}, "Long Term Debt": {"2019-12-31": "1578.50000", "2018-12-31": "1926.20000", "2017-12-31": "1959.20000", "2016-12-31": "1611.10000", "2015-12-31": "1745.30000", "2014-12-31": "2103.40000", "2013-12-31": "1809.80000", "2012-12-31": "2066.30000", "2011-12-31": "1634.40000", "2010-12-31": "1340.60000", "2009-12-31": "1105.00000", "2008-12-31": "1225.60000", "2007-12-31": "1751.90000", "2006-12-31": "1557.90000", "2005-12-31": "484.40000"}, "Other Non-Current Liabilities": {"2019-12-31": "262.40000", "2018-12-31": "275.00000", "2017-12-31": "235.40000", "2016-12-31": "217.90000", "2015-12-31": "207.60000", "2014-12-31": "204.30000", "2013-12-31": "174.30000", "2012-12-31": "157.10000", "2011-12-31": "144.90000", "2010-12-31": "129.40000", "2009-12-31": "111.10000", "2008-12-31": "134.60000", "2007-12-31": "131.00000", "2006-12-31": "90.80000", "2005-12-31": "72.20000"}, "Total Long Term Liabilities": {"2019-12-31": "2281.00000", "2018-12-31": "2291.00000", "2017-12-31": "2266.50000", "2016-12-31": "1920.50000", "2015-12-31": "2031.50000", "2014-12-31": "2445.60000", "2013-12-31": "2100.60000", "2012-12-31": "2312.80000", "2011-12-31": "1841.60000", "2010-12-31": "1495.90000", "2009-12-31": "1240.70000", "2008-12-31": "1360.20000", "2007-12-31": "2103.60000", "2006-12-31": "1874.10000", "2005-12-31": "742.80000"}, "Total Liabilities": {"2019-12-31": "7381.20000", "2018-12-31": "7949.10000", "2017-12-31": "7902.20000", "2016-12-31": "7749.70000", "2015-12-31": "7198.90000", "2014-12-31": "6327.60000", "2013-12-31": "5852.40000", "2012-12-31": "5514.50000", "2011-12-31": "4304.20000", "2010-12-31": "3895.30000", "2009-12-31": "3104.10000", "2008-12-31": "3816.00000", "2007-12-31": "5006.10000", "2006-12-31": "4888.70000", "2005-12-31": "4155.00000"}, "Common Stock Net": {"2019-12-31": "1.00000", "2018-12-31": "1.00000", "2017-12-31": "1.00000", "2016-12-31": "1.20000", "2015-12-31": "1.20000", "2014-12-31": "1.60000", "2013-12-31": "1.60000", "2012-12-31": "1.60000", "2011-12-31": "1.60000", "2010-12-31": "1.60000", "2009-12-31": "1.90000", "2008-12-31": "1.90000", "2007-12-31": "1.90000", "2006-12-31": "2.20000", "2005-12-31": "2.70000"}, "Retained Earnings (Accumulated Deficit)": {"2019-12-31": "3688.30000", "2018-12-31": "3238.30000", "2017-12-31": "2832.20000", "2016-12-31": "3133.30000", "2015-12-31": "2702.80000", "2014-12-31": "3756.60000", "2013-12-31": "3337.90000", "2012-12-31": "2963.00000", "2011-12-31": "2646.60000", "2010-12-31": "2365.20000", "2009-12-31": "2221.00000", "2008-12-31": "2023.00000", "2007-12-31": "3266.10000", "2006-12-31": "2989.40000", "2005-12-31": "2672.50000"}, "Comprehensive Income": {"2019-12-31": "", "2018-12-31": "", "2017-12-31": "", "2016-12-31": "", "2015-12-31": "", "2014-12-31": "", "2013-12-31": "", "2012-12-31": "", "2011-12-31": "", "2010-12-31": "", "2009-12-31": "", "2008-12-31": "-0.70000", "2007-12-31": "-0.20000", "2006-12-31": "-0.40000", "2005-12-31": "1.80000"}, "Other Share Holders Equity": {"2019-12-31": "", "2018-12-31": "", "2017-12-31": "", "2016-12-31": "", "2015-12-31": "", "2014-12-31": "", "2013-12-31": "", "2012-12-31": "", "2011-12-31": "", "2010-12-31": "", "2009-12-31": "", "2008-12-31": "", "2007-12-31": "", "2006-12-31": "", "2005-12-31": ""}, "Share Holder Equity": {"2019-12-31": "3162.10000", "2018-12-31": "2716.00000", "2017-12-31": "2369.30000", "2016-12-31": "2310.30000", "2015-12-31": "2349.30000", "2014-12-31": "2072.10000", "2013-12-31": "2061.70000", "2012-12-31": "1688.50000", "2011-12-31": "1894.60000", "2010-12-31": "2078.90000", "2009-12-31": "2303.20000", "2008-12-31": "2198.10000", "2007-12-31": "3473.50000", "2006-12-31": "3712.70000", "2005-12-31": "4669.50000"}, "Total Liabilities And Share Holders Equity": {"2019-12-31": "10543.30000", "2018-12-31": "10665.10000", "2017-12-31": "10271.50000", "2016-12-31": "10060.00000", "2015-12-31": "9548.20000", "2014-12-31": "8399.70000", "2013-12-31": "7914.10000", "2012-12-31": "7203.00000", "2011-12-31": "6198.80000", "2010-12-31": "5974.20000", "2009-12-31": "5407.30000", "2008-12-31": "6014.10000", "2007-12-31": "8479.60000", "2006-12-31": "8601.40000", "2005-12-31": "8824.50000"}}, "balance sheet, quarterly": {"Cash On Hand": {"2020-09-30": "350.50000", "2020-06-30": "257.30000", "2020-03-31": "411.00000", "2019-12-31": "42.00000", "2019-09-30": "45.00000", "2019-06-30": "51.10000", "2019-03-31": "48.70000", "2018-12-31": "48.60000", "2018-09-30": "52.60000", "2018-06-30": "53.10000", "2018-03-31": "57.50000", "2017-12-31": "69.20000", "2017-09-30": "53.30000", "2017-06-30": "52.50000", "2017-03-31": "56.30000", "2016-12-31": "64.80000", "2016-09-30": "62.20000", "2016-06-30": "54.70000", "2016-03-31": "47.80000", "2015-12-31": "74.10000", "2015-09-30": "63.90000", "2015-06-30": "65.30000", "2015-03-31": "74.10000", "2014-12-31": "75.40000", "2014-09-30": "67.50000", "2014-06-30": "68.50000", "2014-03-31": "69.20000", "2013-12-31": "69.20000", "2013-09-30": "68.30000", "2013-06-30": "69.70000", "2013-03-31": "46.30000", "2012-12-31": "69.70000", "2012-09-30": "98.60000", "2012-06-30": "62.10000", "2012-03-31": "76.30000", "2011-12-31": "86.60000", "2011-09-30": "67.30000", "2011-06-30": "81.80000", "2011-03-31": "84.30000", "2010-12-31": "95.10000", "2010-09-30": "84.50000", "2010-06-30": "101.60000", "2010-03-31": "160.80000", "2009-12-31": "173.50000", "2009-09-30": "204.50000", "2009-06-30": "128.90000", "2009-03-31": "62.00000", "2008-12-31": "110.20000", "2008-09-30": "60.80000", "2008-06-30": "42.10000", "2008-03-31": "34.40000", "2007-12-31": "33.00000", "2007-09-30": "28.40000", "2007-06-30": "31.20000", "2007-03-31": "42.80000", "2006-12-31": "52.80000", "2006-09-30": "29.70000", "2006-06-30": "35.60000", "2006-03-31": "256.60000", "2005-12-31": "245.70000", "2005-09-30": "277.50000", "2005-06-30": "47.80000", "2005-03-31": "28.70000"}, "Receivables": {"2020-09-30": "682.50000", "2020-06-30": "673.30000", "2020-03-31": "512.90000", "2019-12-31": "916.70000", "2019-09-30": "829.50000", "2019-06-30": "780.80000", "2019-03-31": "782.70000", "2018-12-31": "976.20000", "2018-09-30": "800.50000", "2018-06-30": "854.50000", "2018-03-31": "883.10000", "2017-12-31": "1111.00000", "2017-09-30": "901.00000", "2017-06-30": "795.10000", "2017-03-31": "830.30000", "2016-12-31": "1032.90000", "2016-09-30": "788.30000", "2016-06-30": "817.20000", "2016-03-31": "767.60000", "2015-12-31": "908.20000", "2015-09-30": "758.10000", "2015-06-30": "770.60000", "2015-03-31": "778.00000", "2014-12-31": "817.80000", "2014-09-30": "651.80000", "2014-06-30": "691.30000", "2014-03-31": "663.60000", "2013-12-31": "740.90000", "2013-09-30": "599.30000", "2013-06-30": "621.40000", "2013-03-31": "590.10000", "2012-12-31": "698.40000", "2012-09-30": "514.20000", "2012-06-30": "538.90000", "2012-03-31": "518.10000", "2011-12-31": "587.40000", "2011-09-30": "402.10000", "2011-06-30": "404.60000", "2011-03-31": "425.50000", "2010-12-31": "462.00000", "2010-09-30": "392.10000", "2010-06-30": "393.90000", "2010-03-31": "403.30000", "2009-12-31": "406.40000", "2009-09-30": "313.20000", "2009-06-30": "330.60000", "2009-03-31": "336.30000", "2008-12-31": "370.20000", "2008-09-30": "467.50000", "2008-06-30": "558.60000", "2008-03-31": "641.00000", "2007-12-31": "702.90000", "2007-09-30": "669.80000", "2007-06-30": "672.60000", "2007-03-31": "658.40000", "2006-12-31": "795.00000", "2006-09-30": "713.10000", "2006-06-30": "734.90000", "2006-03-31": "684.40000", "2005-12-31": "775.00000", "2005-09-30": "654.00000", "2005-06-30": "775.10000", "2005-03-31": "711.80000"}, "Inventory": {"2020-09-30": "2482.50000", "2020-06-30": "2432.30000", "2020-03-31": "3677.00000", "2019-12-31": "3305.80000", "2019-09-30": "3280.70000", "2019-06-30": "3517.90000", "2019-03-31": "3771.40000", "2018-12-31": "3650.50000", "2018-09-30": "3381.30000", "2018-06-30": "3587.00000", "2018-03-31": "3529.30000", "2017-12-31": "3365.60000", "2017-09-30": "3408.60000", "2017-06-30": "3713.20000", "2017-03-31": "3692.60000", "2016-12-31": "3520.10000", "2016-09-30": "3448.00000", "2016-06-30": "3661.40000", "2016-03-31": "3927.80000", "2015-12-31": "3612.00000", "2015-09-30": "3226.90000", "2015-06-30": "3230.70000", "2015-03-31": "2928.40000", "2014-12-31": "2899.00000", "2014-09-30": "2691.40000", "2014-06-30": "2776.60000", "2014-03-31": "2712.00000", "2013-12-31": "2827.20000", "2013-09-30": "2504.80000", "2013-06-30": "2625.20000", "2013-03-31": "2499.80000", "2012-12-31": "2396.90000", "2012-09-30": "2142.10000", "2012-06-30": "2077.70000", "2012-03-31": "1984.60000", "2011-12-31": "1809.20000", "2011-09-30": "1601.70000", "2011-06-30": "1780.00000", "2011-03-31": "1731.70000", "2010-12-31": "1867.00000", "2010-09-30": "1739.80000", "2010-06-30": "1580.90000", "2010-03-31": "1512.40000", "2009-12-31": "1392.80000", "2009-09-30": "1161.10000", "2009-06-30": "1257.90000", "2009-03-31": "1553.40000", "2008-12-31": "1758.10000", "2008-09-30": "1967.50000", "2008-06-30": "2295.40000", "2008-03-31": "2377.10000", "2007-12-31": "2258.10000", "2007-09-30": "2230.10000", "2007-06-30": "2346.60000", "2007-03-31": "2258.20000", "2006-12-31": "2305.00000", "2006-09-30": "2363.80000", "2006-06-30": "2795.70000", "2006-03-31": "2673.60000", "2005-12-31": "2584.60000", "2005-09-30": "2203.50000", "2005-06-30": "2623.60000", "2005-03-31": "2856.50000"}, "Pre-Paid Expenses": {"2020-09-30": "", "2020-06-30": "", "2020-03-31": "", "2019-12-31": "", "2019-09-30": "", "2019-06-30": "", "2019-03-31": "", "2018-12-31": "", "2018-09-30": "", "2018-06-30": "", "2018-03-31": "", "2017-12-31": "", "2017-09-30": "", "2017-06-30": "", "2017-03-31": "", "2016-12-31": "", "2016-09-30": "", "2016-06-30": "", "2016-03-31": "", "2015-12-31": "", "2015-09-30": "", "2015-06-30": "", "2015-03-31": "", "2014-12-31": "", "2014-09-30": "", "2014-06-30": "", "2014-03-31": "", "2013-12-31": "", "2013-09-30": "", "2013-06-30": "", "2013-03-31": "", "2012-12-31": "", "2012-09-30": "", "2012-06-30": "", "2012-03-31": "", "2011-12-31": "", "2011-09-30": "", "2011-06-30": "", "2011-03-31": "", "2010-12-31": "", "2010-09-30": "", "2010-06-30": "", "2010-03-31": "", "2009-12-31": "", "2009-09-30": "", "2009-06-30": "", "2009-03-31": "", "2008-12-31": "", "2008-09-30": "", "2008-06-30": "", "2008-03-31": "", "2007-12-31": "", "2007-09-30": "", "2007-06-30": "", "2007-03-31": "", "2006-12-31": "", "2006-09-30": "", "2006-06-30": "", "2006-03-31": "", "2005-12-31": "", "2005-09-30": "", "2005-06-30": "", "2005-03-31": ""}, "Other Current Assets": {"2020-09-30": "139.40000", "2020-06-30": "157.30000", "2020-03-31": "147.70000", "2019-12-31": "146.60000", "2019-09-30": "243.60000", "2019-06-30": "313.80000", "2019-03-31": "229.00000", "2018-12-31": "208.70000", "2018-09-30": "203.40000", "2018-06-30": "209.30000", "2018-03-31": "177.00000", "2017-12-31": "251.70000", "2017-09-30": "87.20000", "2017-06-30": "85.40000", "2017-03-31": "97.60000", "2016-12-31": "97.00000", "2016-09-30": "123.40000", "2016-06-30": "130.60000", "2016-03-31": "129.50000", "2015-12-31": "115.40000", "2015-09-30": "202.70000", "2015-06-30": "207.00000", "2015-03-31": "204.80000", "2014-12-31": "207.00000", "2014-09-30": "196.20000", "2014-06-30": "191.60000", "2014-03-31": "192.90000", "2013-12-31": "192.70000", "2013-09-30": "186.10000", "2013-06-30": "190.20000", "2013-03-31": "204.70000", "2012-12-31": "196.10000", "2012-09-30": "203.40000", "2012-06-30": "205.20000", "2012-03-31": "202.80000", "2011-12-31": "193.00000", "2011-09-30": "224.90000", "2011-06-30": "222.70000", "2011-03-31": "209.30000", "2010-12-31": "204.70000", "2010-09-30": "232.10000", "2010-06-30": "237.60000", "2010-03-31": "254.60000", "2009-12-31": "295.70000", "2009-09-30": "242.20000", "2009-06-30": "328.50000", "2009-03-31": "303.30000", "2008-12-31": "485.00000", "2008-09-30": "200.10000", "2008-06-30": "205.90000", "2008-03-31": "217.20000", "2007-12-31": "310.80000", "2007-09-30": "183.30000", "2007-06-30": "177.60000", "2007-03-31": "187.40000", "2006-12-31": "295.60000", "2006-09-30": "177.60000", "2006-06-30": "177.90000", "2006-03-31": "210.30000", "2005-12-31": "334.80000", "2005-09-30": "175.30000", "2005-06-30": "199.00000", "2005-03-31": "154.30000"}, "Total Current Assets": {"2020-09-30": "3654.90000", "2020-06-30": "3520.20000", "2020-03-31": "4748.60000", "2019-12-31": "4411.10000", "2019-09-30": "4398.80000", "2019-06-30": "4663.60000", "2019-03-31": "4831.80000", "2018-12-31": "4884.00000", "2018-09-30": "4437.80000", "2018-06-30": "4703.90000", "2018-03-31": "4646.90000", "2017-12-31": "4797.50000", "2017-09-30": "4450.10000", "2017-06-30": "4646.20000", "2017-03-31": "4676.80000", "2016-12-31": "4714.80000", "2016-09-30": "4421.90000", "2016-06-30": "4663.90000", "2016-03-31": "4872.70000", "2015-12-31": "4709.70000", "2015-09-30": "4251.60000", "2015-06-30": "4273.60000", "2015-03-31": "3985.30000", "2014-12-31": "3999.20000", "2014-09-30": "3606.90000", "2014-06-30": "3728.00000", "2014-03-31": "3637.70000", "2013-12-31": "3830.00000", "2013-09-30": "3358.50000", "2013-06-30": "3506.50000", "2013-03-31": "3340.90000", "2012-12-31": "3361.10000", "2012-09-30": "2958.30000", "2012-06-30": "2883.90000", "2012-03-31": "2781.80000", "2011-12-31": "2676.20000", "2011-09-30": "2296.00000", "2011-06-30": "2489.10000", "2011-03-31": "2450.80000", "2010-12-31": "2628.80000", "2010-09-30": "2448.50000", "2010-06-30": "2314.00000", "2010-03-31": "2331.10000", "2009-12-31": "2268.40000", "2009-09-30": "1921.00000", "2009-06-30": "2045.90000", "2009-03-31": "2255.00000", "2008-12-31": "2723.50000", "2008-09-30": "2695.90000", "2008-06-30": "3102.00000", "2008-03-31": "3269.70000", "2007-12-31": "3304.80000", "2007-09-30": "3111.60000", "2007-06-30": "3228.00000", "2007-03-31": "3146.80000", "2006-12-31": "3448.40000", "2006-09-30": "3284.20000", "2006-06-30": "3744.10000", "2006-03-31": "3824.90000", "2005-12-31": "3940.10000", "2005-09-30": "3310.30000", "2005-06-30": "3645.50000", "2005-03-31": "3751.30000"}, "Property, Plant, And Equipment": {"2020-09-30": "3125.10000", "2020-06-30": "3143.90000", "2020-03-31": "3164.90000", "2019-12-31": "3174.60000", "2019-09-30": "3130.80000", "2019-06-30": "3115.20000", "2019-03-31": "3129.60000", "2018-12-31": "3155.30000", "2018-09-30": "3085.50000", "2018-06-30": "3023.10000", "2018-03-31": "3000.30000", "2017-12-31": "2962.70000", "2017-09-30": "2949.20000", "2017-06-30": "2950.70000", "2017-03-31": "2897.00000", "2016-12-31": "2843.20000", "2016-09-30": "2807.60000", "2016-06-30": "2772.20000", "2016-03-31": "2768.10000", "2015-12-31": "2667.40000", "2015-09-30": "2494.40000", "2015-06-30": "2489.20000", "2015-03-31": "2433.30000", "2014-12-31": "2422.00000", "2014-09-30": "2293.40000", "2014-06-30": "2272.90000", "2014-03-31": "2244.20000", "2013-12-31": "2235.30000", "2013-09-30": "2186.80000", "2013-06-30": "2122.90000", "2013-03-31": "2102.40000", "2012-12-31": "2095.10000", "2012-09-30": "2007.70000", "2012-06-30": "1987.00000", "2012-03-31": "1960.90000", "2011-12-31": "1950.70000", "2011-09-30": "1919.20000", "2011-06-30": "1884.30000", "2011-03-31": "1880.40000", "2010-12-31": "1838.00000", "2010-09-30": "1780.70000", "2010-06-30": "1741.90000", "2010-03-31": "1728.00000", "2009-12-31": "1713.60000", "2009-09-30": "1725.80000", "2009-06-30": "1742.80000", "2009-03-31": "1854.80000", "2008-12-31": "1798.90000", "2008-09-30": "1970.20000", "2008-06-30": "1956.30000", "2008-03-31": "1963.60000", "2007-12-31": "1955.00000", "2007-09-30": "1964.30000", "2007-06-30": "1946.10000", "2007-03-31": "1935.80000", "2006-12-31": "1893.80000", "2006-09-30": "1897.40000", "2006-06-30": "1824.20000", "2006-03-31": "1816.10000", "2005-12-31": "1785.90000", "2005-09-30": "1819.20000", "2005-06-30": "1830.10000", "2005-03-31": "1819.00000"}, "Long-Term Investments": {"2020-09-30": "", "2020-06-30": "", "2020-03-31": "", "2019-12-31": "", "2019-09-30": "", "2019-06-30": "", "2019-03-31": "", "2018-12-31": "", "2018-09-30": "", "2018-06-30": "", "2018-03-31": "", "2017-12-31": "", "2017-09-30": "", "2017-06-30": "", "2017-03-31": "", "2016-12-31": "", "2016-09-30": "", "2016-06-30": "", "2016-03-31": "", "2015-12-31": "", "2015-09-30": "", "2015-06-30": "", "2015-03-31": "", "2014-12-31": "", "2014-09-30": "", "2014-06-30": "", "2014-03-31": "", "2013-12-31": "", "2013-09-30": "", "2013-06-30": "", "2013-03-31": "", "2012-12-31": "", "2012-09-30": "", "2012-06-30": "", "2012-03-31": "", "2011-12-31": "", "2011-09-30": "", "2011-06-30": "", "2011-03-31": "", "2010-12-31": "", "2010-09-30": "", "2010-06-30": "", "2010-03-31": "", "2009-12-31": "", "2009-09-30": "", "2009-06-30": "", "2009-03-31": "", "2008-12-31": "", "2008-09-30": "", "2008-06-30": "", "2008-03-31": "", "2007-12-31": "", "2007-09-30": "", "2007-06-30": "", "2007-03-31": "", "2006-12-31": "", "2006-09-30": "", "2006-06-30": "", "2006-03-31": "", "2005-12-31": "", "2005-09-30": "", "2005-06-30": "", "2005-03-31": ""}, "Goodwill And Intangible Assets": {"2020-09-30": "1708.30000", "2020-06-30": "1703.30000", "2020-03-31": "1705.90000", "2019-12-31": "2083.50000", "2019-09-30": "2080.60000", "2019-06-30": "2080.50000", "2019-03-31": "2106.50000", "2018-12-31": "2108.60000", "2018-09-30": "2111.80000", "2018-06-30": "2087.40000", "2018-03-31": "2100.90000", "2017-12-31": "2101.80000", "2017-09-30": "2146.10000", "2017-06-30": "2143.00000", "2017-03-31": "2116.20000", "2016-12-31": "2109.50000", "2016-09-30": "2073.40000", "2016-06-30": "1971.90000", "2016-03-31": "1992.10000", "2015-12-31": "1834.40000", "2015-09-30": "1752.90000", "2015-06-30": "1733.40000", "2015-03-31": "1690.90000", "2014-12-31": "1669.40000", "2014-09-30": "1604.40000", "2014-06-30": "1592.80000", "2014-03-31": "1592.70000", "2013-12-31": "1594.70000", "2013-09-30": "1581.70000", "2013-06-30": "1581.20000", "2013-03-31": "1522.70000", "2012-12-31": "1528.70000", "2012-09-30": "1385.90000", "2012-06-30": "1385.20000", "2012-03-31": "1389.70000", "2011-12-31": "1390.00000", "2011-09-30": "1390.20000", "2011-06-30": "1390.00000", "2011-03-31": "1388.10000", "2010-12-31": "1344.40000", "2010-09-30": "1342.60000", "2010-06-30": "1310.80000", "2010-03-31": "1311.80000", "2009-12-31": "1297.60000", "2009-09-30": "1300.20000", "2009-06-30": "1297.40000", "2009-03-31": "1314.20000", "2008-12-31": "1303.40000", "2008-09-30": "1325.40000", "2008-06-30": "3084.10000", "2008-03-31": "3089.40000", "2007-12-31": "3053.60000", "2007-09-30": "3085.30000", "2007-06-30": "3098.60000", "2007-03-31": "3103.60000", "2006-12-31": "3084.70000", "2006-09-30": "3026.30000", "2006-06-30": "3010.90000", "2006-03-31": "3012.30000", "2005-12-31": "2944.60000", "2005-09-30": "2961.00000", "2005-06-30": "2954.00000", "2005-03-31": "2967.80000"}, "Other Long-Term Assets": {"2020-09-30": "752.00000", "2020-06-30": "740.50000", "2020-03-31": "599.50000", "2019-12-31": "541.00000", "2019-09-30": "512.80000", "2019-06-30": "504.20000", "2019-03-31": "503.00000", "2018-12-31": "517.20000", "2018-09-30": "484.70000", "2018-06-30": "474.20000", "2018-03-31": "472.20000", "2017-12-31": "409.50000", "2017-09-30": "409.40000", "2017-06-30": "409.80000", "2017-03-31": "402.70000", "2016-12-31": "392.50000", "2016-09-30": "384.10000", "2016-06-30": "380.30000", "2016-03-31": "364.70000", "2015-12-31": "336.70000", "2015-09-30": "352.50000", "2015-06-30": "343.20000", "2015-03-31": "329.00000", "2014-12-31": "309.10000", "2014-09-30": "289.00000", "2014-06-30": "277.90000", "2014-03-31": "269.40000", "2013-12-31": "254.10000", "2013-09-30": "247.80000", "2013-06-30": "242.40000", "2013-03-31": "228.20000", "2012-12-31": "218.10000", "2012-09-30": "211.10000", "2012-06-30": "205.30000", "2012-03-31": "200.00000", "2011-12-31": "181.90000", "2011-09-30": "161.40000", "2011-06-30": "172.50000", "2011-03-31": "170.10000", "2010-12-31": "163.00000", "2010-09-30": "158.90000", "2010-06-30": "151.40000", "2010-03-31": "130.20000", "2009-12-31": "127.70000", "2009-09-30": "147.00000", "2009-06-30": "151.10000", "2009-03-31": "161.90000", "2008-12-31": "188.30000", "2008-09-30": "246.70000", "2008-06-30": "209.00000", "2008-03-31": "200.50000", "2007-12-31": "166.20000", "2007-09-30": "181.80000", "2007-06-30": "179.70000", "2007-03-31": "179.70000", "2006-12-31": "174.50000", "2006-09-30": "172.50000", "2006-06-30": "172.60000", "2006-03-31": "157.60000", "2005-12-31": "153.90000", "2005-09-30": "174.60000", "2005-06-30": "169.40000", "2005-03-31": "202.90000"}, "Total Long-Term Assets": {"2020-09-30": "5914.40000", "2020-06-30": "5928.30000", "2020-03-31": "5803.80000", "2019-12-31": "6132.20000", "2019-09-30": "6053.00000", "2019-06-30": "6035.90000", "2019-03-31": "6082.50000", "2018-12-31": "5781.10100", "2018-09-30": "5682.00000", "2018-06-30": "5584.70000", "2018-03-31": "5573.40000", "2017-12-31": "5474.00000", "2017-09-30": "5504.70000", "2017-06-30": "5503.50000", "2017-03-31": "5415.90000", "2016-12-31": "5345.20000", "2016-09-30": "5265.10000", "2016-06-30": "5124.40000", "2016-03-31": "5124.90000", "2015-12-31": "4838.50000", "2015-09-30": "4599.80000", "2015-06-30": "4565.80000", "2015-03-31": "4453.20000", "2014-12-31": "4400.50000", "2014-09-30": "4186.80000", "2014-06-30": "4143.60000", "2014-03-31": "4106.30000", "2013-12-31": "4084.10000", "2013-09-30": "4016.30000", "2013-06-30": "3946.50000", "2013-03-31": "3853.30000", "2012-12-31": "3841.90000", "2012-09-30": "3604.70000", "2012-06-30": "3577.50000", "2012-03-31": "3550.60000", "2011-12-31": "3522.60000", "2011-09-30": "3470.80000", "2011-06-30": "3446.80000", "2011-03-31": "3438.60000", "2010-12-31": "3345.40000", "2010-09-30": "3282.20000", "2010-06-30": "3204.10000", "2010-03-31": "3170.00000", "2009-12-31": "3138.90000", "2009-09-30": "3173.00000", "2009-06-30": "3191.30000", "2009-03-31": "3330.90000", "2008-12-31": "3290.60000", "2008-09-30": "3542.30000", "2008-06-30": "5249.40000", "2008-03-31": "5253.50000", "2007-12-31": "5174.80000", "2007-09-30": "5231.40000", "2007-06-30": "5224.40000", "2007-03-31": "5219.10000", "2006-12-31": "5153.00000", "2006-09-30": "5096.20000", "2006-06-30": "5007.70000", "2006-03-31": "4986.00000", "2005-12-31": "4884.40000", "2005-09-30": "4954.80000", "2005-06-30": "4953.50000", "2005-03-31": "4989.70000"}, "Total Assets": {"2020-09-30": "9569.30000", "2020-06-30": "9448.50000", "2020-03-31": "10552.40000", "2019-12-31": "10543.30000", "2019-09-30": "10451.80000", "2019-06-30": "10699.50000", "2019-03-31": "10914.30000", "2018-12-31": "10665.10000", "2018-09-30": "10119.80000", "2018-06-30": "10288.60000", "2018-03-31": "10220.30000", "2017-12-31": "10271.50000", "2017-09-30": "9954.80000", "2017-06-30": "10149.70000", "2017-03-31": "10092.70000", "2016-12-31": "10060.00000", "2016-09-30": "9687.00000", "2016-06-30": "9788.30000", "2016-03-31": "9997.60000", "2015-12-31": "9548.20000", "2015-09-30": "8851.40000", "2015-06-30": "8839.40000", "2015-03-31": "8438.50000", "2014-12-31": "8399.70000", "2014-09-30": "7793.70000", "2014-06-30": "7871.60000", "2014-03-31": "7744.00000", "2013-12-31": "7914.10000", "2013-09-30": "7374.80000", "2013-06-30": "7453.00000", "2013-03-31": "7194.20000", "2012-12-31": "7203.00000", "2012-09-30": "6563.00000", "2012-06-30": "6461.40000", "2012-03-31": "6332.40000", "2011-12-31": "6198.80000", "2011-09-30": "5766.80000", "2011-06-30": "5935.90000", "2011-03-31": "5889.40000", "2010-12-31": "5974.20000", "2010-09-30": "5730.70000", "2010-06-30": "5518.10000", "2010-03-31": "5501.10000", "2009-12-31": "5407.30000", "2009-09-30": "5094.00000", "2009-06-30": "5237.20000", "2009-03-31": "5585.90000", "2008-12-31": "6014.10000", "2008-09-30": "6238.20000", "2008-06-30": "8351.40000", "2008-03-31": "8523.20000", "2007-12-31": "8479.60000", "2007-09-30": "8343.00000", "2007-06-30": "8452.40000", "2007-03-31": "8365.90000", "2006-12-31": "8601.40000", "2006-09-30": "8380.40000", "2006-06-30": "8751.80000", "2006-03-31": "8810.90000", "2005-12-31": "8824.50000", "2005-09-30": "8265.10000", "2005-06-30": "8599.00000", "2005-03-31": "8741.00000"}, "Total Current Liabilities": {"2020-09-30": "3710.60000", "2020-06-30": "3821.30000", "2020-03-31": "4995.80000", "2019-12-31": "5100.20000", "2019-09-30": "5195.00000", "2019-06-30": "5590.30000", "2019-03-31": "5898.50000", "2018-12-31": "5658.10000", "2018-09-30": "5171.10000", "2018-06-30": "5476.40000", "2018-03-31": "5433.60000", "2017-12-31": "5635.70000", "2017-09-30": "6128.10000", "2017-06-30": "6108.50000", "2017-03-31": "5722.50000", "2016-12-31": "5829.20000", "2016-09-30": "5397.90000", "2016-06-30": "5576.40000", "2016-03-31": "5860.50000", "2015-12-31": "5167.40000", "2015-09-30": "4473.50000", "2015-06-30": "4395.70000", "2015-03-31": "3855.60000", "2014-12-31": "3882.00000", "2014-09-30": "3542.50000", "2014-06-30": "3568.90000", "2014-03-31": "3583.50000", "2013-12-31": "3751.80000", "2013-09-30": "3280.40000", "2013-06-30": "3399.90000", "2013-03-31": "3207.70000", "2012-12-31": "3201.70000", "2012-09-30": "2833.80000", "2012-06-30": "2715.30000", "2012-03-31": "2661.80000", "2011-12-31": "2462.60000", "2011-09-30": "2159.80000", "2011-06-30": "2211.50000", "2011-03-31": "2250.10000", "2010-12-31": "2399.40000", "2010-09-30": "2193.40000", "2010-06-30": "2034.20000", "2010-03-31": "1925.00000", "2009-12-31": "1863.40000", "2009-09-30": "1562.00000", "2009-06-30": "1711.20000", "2009-03-31": "2094.50000", "2008-12-31": "2455.80000", "2008-09-30": "2614.70000", "2008-06-30": "2969.90000", "2008-03-31": "2990.80000", "2007-12-31": "2902.50000", "2007-09-30": "2832.80000", "2007-06-30": "2889.10000", "2007-03-31": "2818.20000", "2006-12-31": "3014.60000", "2006-09-30": "2968.80000", "2006-06-30": "3336.20000", "2006-03-31": "3255.10000", "2005-12-31": "3412.20000", "2005-09-30": "2718.40000", "2005-06-30": "3194.80000", "2005-03-31": "3502.20000"}, "Long Term Debt": {"2020-09-30": "1782.00000", "2020-06-30": "1783.10000", "2020-03-31": "2076.40000", "2019-12-31": "1578.50000", "2019-09-30": "1575.80000", "2019-06-30": "1576.20000", "2019-03-31": "1575.90000", "2018-12-31": "1926.20000", "2018-09-30": "1962.10000", "2018-06-30": "1958.10000", "2018-03-31": "1958.70000", "2017-12-31": "1959.20000", "2017-09-30": "1295.70000", "2017-06-30": "1216.10000", "2017-03-31": "1615.80000", "2016-12-31": "1611.10000", "2016-09-30": "1769.50000", "2016-06-30": "1738.00000", "2016-03-31": "1742.60000", "2015-12-31": "1745.30000", "2015-09-30": "1747.80000", "2015-06-30": "1805.50000", "2015-03-31": "2030.50000", "2014-12-31": "2103.40000", "2014-09-30": "1915.50000", "2014-06-30": "1865.70000", "2014-03-31": "1792.00000", "2013-12-31": "1809.80000", "2013-09-30": "1826.50000", "2013-06-30": "1907.20000", "2013-03-31": "1943.60000", "2012-12-31": "2066.30000", "2012-09-30": "1864.10000", "2012-06-30": "2000.30000", "2012-03-31": "1887.20000", "2011-12-31": "1634.40000", "2011-09-30": "1394.20000", "2011-06-30": "1433.10000", "2011-03-31": "1328.70000", "2010-12-31": "1340.60000", "2010-09-30": "1372.60000", "2010-06-30": "1359.40000", "2010-03-31": "1103.00000", "2009-12-31": "1105.00000", "2009-09-30": "1106.90000", "2009-06-30": "1119.20000", "2009-03-31": "1127.00000", "2008-12-31": "1225.60000", "2008-09-30": "1358.00000", "2008-06-30": "1480.90000", "2008-03-31": "1668.50000", "2007-12-31": "1751.90000", "2007-09-30": "1652.20000", "2007-06-30": "1462.60000", "2007-03-31": "1354.40000", "2006-12-31": "1557.90000", "2006-09-30": "1462.10000", "2006-06-30": "1452.80000", "2006-03-31": "483.10000", "2005-12-31": "484.40000", "2005-09-30": "661.40000", "2005-06-30": "662.80000", "2005-03-31": "672.10000"}, "Other Non-Current Liabilities": {"2020-09-30": "304.00000", "2020-06-30": "273.20000", "2020-03-31": "260.10000", "2019-12-31": "262.40000", "2019-09-30": "255.20000", "2019-06-30": "249.60000", "2019-03-31": "248.50000", "2018-12-31": "275.00000", "2018-09-30": "281.10000", "2018-06-30": "276.70000", "2018-03-31": "280.00000", "2017-12-31": "235.40000", "2017-09-30": "231.30000", "2017-06-30": "227.00000", "2017-03-31": "224.60000", "2016-12-31": "217.90000", "2016-09-30": "209.50000", "2016-06-30": "218.20000", "2016-03-31": "212.40000", "2015-12-31": "207.60000", "2015-09-30": "204.20000", "2015-06-30": "206.90000", "2015-03-31": "206.20000", "2014-12-31": "204.30000", "2014-09-30": "194.30000", "2014-06-30": "187.70000", "2014-03-31": "180.50000", "2013-12-31": "174.30000", "2013-09-30": "169.70000", "2013-06-30": "166.20000", "2013-03-31": "162.60000", "2012-12-31": "157.10000", "2012-09-30": "148.80000", "2012-06-30": "147.00000", "2012-03-31": "149.80000", "2011-12-31": "144.90000", "2011-09-30": "144.30000", "2011-06-30": "143.00000", "2011-03-31": "141.50000", "2010-12-31": "129.40000", "2010-09-30": "118.40000", "2010-06-30": "118.00000", "2010-03-31": "116.60000", "2009-12-31": "111.10000", "2009-09-30": "113.80000", "2009-06-30": "116.40000", "2009-03-31": "127.70000", "2008-12-31": "134.60000", "2008-09-30": "137.70000", "2008-06-30": "140.90000", "2008-03-31": "137.90000", "2007-12-31": "131.00000", "2007-09-30": "181.40000", "2007-06-30": "159.40000", "2007-03-31": "153.90000", "2006-12-31": "90.80000", "2006-09-30": "79.50000", "2006-06-30": "79.40000", "2006-03-31": "76.50000", "2005-12-31": "72.20000", "2005-09-30": "76.30000", "2005-06-30": "71.20000", "2005-03-31": "69.30000"}, "Total Long Term Liabilities": {"2020-09-30": "2500.80000", "2020-06-30": "2489.50000", "2020-03-31": "2709.70000", "2019-12-31": "2281.00000", "2019-09-30": "2260.10000", "2019-06-30": "2226.30000", "2019-03-31": "2230.00000", "2018-12-31": "2291.00000", "2018-09-30": "2330.70000", "2018-06-30": "2311.60000", "2018-03-31": "2314.80000", "2017-12-31": "2266.50000", "2017-09-30": "1626.20000", "2017-06-30": "1542.60000", "2017-03-31": "1936.00000", "2016-12-31": "1920.50000", "2016-09-30": "2068.30000", "2016-06-30": "2053.70000", "2016-03-31": "2046.50000", "2015-12-31": "2031.50000", "2015-09-30": "2113.00000", "2015-06-30": "2158.40000", "2015-03-31": "2377.30000", "2014-12-31": "2445.60000", "2014-09-30": "2239.20000", "2014-06-30": "2177.60000", "2014-03-31": "2091.60000", "2013-12-31": "2100.60000", "2013-09-30": "2101.00000", "2013-06-30": "2170.60000", "2013-03-31": "2199.90000", "2012-12-31": "2312.80000", "2012-09-30": "2090.70000", "2012-06-30": "2217.90000", "2012-03-31": "2102.50000", "2011-12-31": "1841.60000", "2011-09-30": "1582.10000", "2011-06-30": "1608.30000", "2011-03-31": "1500.70000", "2010-12-31": "1495.90000", "2010-09-30": "1532.10000", "2010-06-30": "1513.30000", "2010-03-31": "1248.80000", "2009-12-31": "1240.70000", "2009-09-30": "1220.70000", "2009-06-30": "1235.60000", "2009-03-31": "1254.70000", "2008-12-31": "1360.20000", "2008-09-30": "1495.70000", "2008-06-30": "1846.40000", "2008-03-31": "2031.40000", "2007-12-31": "2103.60000", "2007-09-30": "2033.40000", "2007-06-30": "1825.20000", "2007-03-31": "1717.00000", "2006-12-31": "1874.10000", "2006-09-30": "1751.20000", "2006-06-30": "1732.50000", "2006-03-31": "757.50000", "2005-12-31": "742.80000", "2005-09-30": "947.40000", "2005-06-30": "927.70000", "2005-03-31": "916.40000"}, "Total Liabilities": {"2020-09-30": "6211.40000", "2020-06-30": "6310.80000", "2020-03-31": "7705.50000", "2019-12-31": "7381.20000", "2019-09-30": "7455.10000", "2019-06-30": "7816.60000", "2019-03-31": "8128.50000", "2018-12-31": "7949.10000", "2018-09-30": "7501.80000", "2018-06-30": "7788.00000", "2018-03-31": "7748.40000", "2017-12-31": "7902.20000", "2017-09-30": "7754.30000", "2017-06-30": "7651.10000", "2017-03-31": "7658.50000", "2016-12-31": "7749.70000", "2016-09-30": "7466.20000", "2016-06-30": "7630.10000", "2016-03-31": "7907.00000", "2015-12-31": "7198.90000", "2015-09-30": "6586.50000", "2015-06-30": "6554.10000", "2015-03-31": "6232.90000", "2014-12-31": "6327.60000", "2014-09-30": "5781.70000", "2014-06-30": "5746.50000", "2014-03-31": "5675.10000", "2013-12-31": "5852.40000", "2013-09-30": "5381.40000", "2013-06-30": "5570.50000", "2013-03-31": "5407.60000", "2012-12-31": "5514.50000", "2012-09-30": "4924.50000", "2012-06-30": "4933.20000", "2012-03-31": "4764.30000", "2011-12-31": "4304.20000", "2011-09-30": "3741.90000", "2011-06-30": "3819.80000", "2011-03-31": "3750.80000", "2010-12-31": "3895.30000", "2010-09-30": "3725.50000", "2010-06-30": "3547.50000", "2010-03-31": "3173.80000", "2009-12-31": "3104.10000", "2009-09-30": "2782.70000", "2009-06-30": "2946.80000", "2009-03-31": "3349.20000", "2008-12-31": "3816.00000", "2008-09-30": "4110.40000", "2008-06-30": "4816.30000", "2008-03-31": "5022.20000", "2007-12-31": "5006.10000", "2007-09-30": "4866.20000", "2007-06-30": "4714.30000", "2007-03-31": "4535.20000", "2006-12-31": "4888.70000", "2006-09-30": "4720.00000", "2006-06-30": "5068.70000", "2006-03-31": "4012.60000", "2005-12-31": "4155.00000", "2005-09-30": "3665.80000", "2005-06-30": "4122.50000", "2005-03-31": "4418.60000"}, "Common Stock Net": {"2020-09-30": "1.00000", "2020-06-30": "1.00000", "2020-03-31": "1.00000", "2019-12-31": "1.00000", "2019-09-30": "1.00000", "2019-06-30": "1.00000", "2019-03-31": "1.00000", "2018-12-31": "1.00000", "2018-09-30": "1.00000", "2018-06-30": "1.00000", "2018-03-31": "1.00000", "2017-12-31": "1.00000", "2017-09-30": "1.20000", "2017-06-30": "1.20000", "2017-03-31": "1.20000", "2016-12-31": "1.20000", "2016-09-30": "1.20000", "2016-06-30": "1.20000", "2016-03-31": "1.20000", "2015-12-31": "1.20000", "2015-09-30": "1.60000", "2015-06-30": "1.60000", "2015-03-31": "1.60000", "2014-12-31": "1.60000", "2014-09-30": "1.60000", "2014-06-30": "1.60000", "2014-03-31": "1.60000", "2013-12-31": "1.60000", "2013-09-30": "1.60000", "2013-06-30": "1.60000", "2013-03-31": "1.60000", "2012-12-31": "1.60000", "2012-09-30": "1.60000", "2012-06-30": "1.60000", "2012-03-31": "1.60000", "2011-12-31": "1.60000", "2011-09-30": "1.60000", "2011-06-30": "1.60000", "2011-03-31": "1.60000", "2010-12-31": "1.60000", "2010-09-30": "1.90000", "2010-06-30": "1.90000", "2010-03-31": "1.90000", "2009-12-31": "1.90000", "2009-09-30": "1.90000", "2009-06-30": "1.90000", "2009-03-31": "1.90000", "2008-12-31": "1.90000", "2008-09-30": "1.90000", "2008-06-30": "1.90000", "2008-03-31": "1.90000", "2007-12-31": "1.90000", "2007-09-30": "2.20000", "2007-06-30": "2.20000", "2007-03-31": "2.20000", "2006-12-31": "2.20000", "2006-09-30": "2.70000", "2006-06-30": "2.70000", "2006-03-31": "2.70000", "2005-12-31": "2.70000", "2005-09-30": "2.70000", "2005-06-30": "2.70000", "2005-03-31": "2.70000"}, "Retained Earnings (Accumulated Deficit)": {"2020-09-30": "3917.90000", "2020-06-30": "3735.30000", "2020-03-31": "3455.50000", "2019-12-31": "3688.30000", "2019-09-30": "3530.60000", "2019-06-30": "3431.10000", "2019-03-31": "3330.30000", "2018-12-31": "3238.30000", "2018-09-30": "3145.60000", "2018-06-30": "3033.60000", "2018-03-31": "2936.00000", "2017-12-31": "2832.20000", "2017-09-30": "3416.50000", "2017-06-30": "3319.00000", "2017-03-31": "3231.30000", "2016-12-31": "3133.30000", "2016-09-30": "3018.00000", "2016-06-30": "2910.70000", "2016-03-31": "2798.70000", "2015-12-31": "2702.80000", "2015-09-30": "4101.70000", "2015-06-30": "3983.20000", "2015-03-31": "3868.10000", "2014-12-31": "3756.60000", "2014-09-30": "3639.90000", "2014-06-30": "3533.40000", "2014-03-31": "3433.00000", "2013-12-31": "3337.90000", "2013-09-30": "3228.50000", "2013-06-30": "3135.90000", "2013-03-31": "3046.00000", "2012-12-31": "2963.00000", "2012-09-30": "2879.80000", "2012-06-30": "2798.20000", "2012-03-31": "2719.60000", "2011-12-31": "2646.60000", "2011-09-30": "2577.20000", "2011-06-30": "2506.50000", "2011-03-31": "2434.60000", "2010-12-31": "2365.20000", "2010-09-30": "2380.30000", "2010-06-30": "2323.40000", "2010-03-31": "2276.20000", "2009-12-31": "2221.00000", "2009-09-30": "2159.30000", "2009-06-30": "2094.30000", "2009-03-31": "2057.60000", "2008-12-31": "2023.00000", "2008-09-30": "1955.90000", "2008-06-30": "3368.60000", "2008-03-31": "3316.80000", "2007-12-31": "3266.10000", "2007-09-30": "3214.40000", "2007-06-30": "3142.30000", "2007-03-31": "3065.00000", "2006-12-31": "2989.40000", "2006-09-30": "2914.20000", "2006-06-30": "2832.40000", "2006-03-31": "2759.70000", "2005-12-31": "2672.50000", "2005-09-30": "2597.20000", "2005-06-30": "2467.80000", "2005-03-31": "2273.00000"}, "Comprehensive Income": {"2020-09-30": "", "2020-06-30": "", "2020-03-31": "", "2019-12-31": "", "2019-09-30": "", "2019-06-30": "", "2019-03-31": "", "2018-12-31": "", "2018-09-30": "", "2018-06-30": "", "2018-03-31": "", "2017-12-31": "", "2017-09-30": "", "2017-06-30": "", "2017-03-31": "", "2016-12-31": "", "2016-09-30": "", "2016-06-30": "", "2016-03-31": "", "2015-12-31": "", "2015-09-30": "", "2015-06-30": "", "2015-03-31": "", "2014-12-31": "", "2014-09-30": "", "2014-06-30": "", "2014-03-31": "", "2013-12-31": "", "2013-09-30": "", "2013-06-30": "", "2013-03-31": "", "2012-12-31": "", "2012-09-30": "", "2012-06-30": "", "2012-03-31": "", "2011-12-31": "", "2011-09-30": "", "2011-06-30": "", "2011-03-31": "", "2010-12-31": "", "2010-09-30": "", "2010-06-30": "-0.10000", "2010-03-31": "-0.10000", "2009-12-31": "", "2009-09-30": "-0.20000", "2009-06-30": "-0.40000", "2009-03-31": "-0.70000", "2008-12-31": "-0.70000", "2008-09-30": "-0.60000", "2008-06-30": "-0.20000", "2008-03-31": "-0.10000", "2007-12-31": "-0.20000", "2007-09-30": "-0.20000", "2007-06-30": "-0.30000", "2007-03-31": "-0.20000", "2006-12-31": "-0.40000", "2006-09-30": "-0.30000", "2006-06-30": "0.80000", "2006-03-31": "0.10000", "2005-12-31": "1.80000", "2005-09-30": "1.50000", "2005-06-30": "0.80000", "2005-03-31": "1.20000"}, "Other Share Holders Equity": {"2020-09-30": "", "2020-06-30": "", "2020-03-31": "", "2019-12-31": "", "2019-09-30": "", "2019-06-30": "", "2019-03-31": "", "2018-12-31": "", "2018-09-30": "", "2018-06-30": "", "2018-03-31": "", "2017-12-31": "", "2017-09-30": "", "2017-06-30": "", "2017-03-31": "", "2016-12-31": "", "2016-09-30": "", "2016-06-30": "", "2016-03-31": "", "2015-12-31": "", "2015-09-30": "", "2015-06-30": "", "2015-03-31": "", "2014-12-31": "", "2014-09-30": "", "2014-06-30": "", "2014-03-31": "", "2013-12-31": "", "2013-09-30": "", "2013-06-30": "", "2013-03-31": "", "2012-12-31": "", "2012-09-30": "", "2012-06-30": "", "2012-03-31": "", "2011-12-31": "", "2011-09-30": "", "2011-06-30": "", "2011-03-31": "", "2010-12-31": "", "2010-09-30": "", "2010-06-30": "", "2010-03-31": "", "2009-12-31": "", "2009-09-30": "", "2009-06-30": "", "2009-03-31": "", "2008-12-31": "", "2008-09-30": "", "2008-06-30": "", "2008-03-31": "", "2007-12-31": "", "2007-09-30": "", "2007-06-30": "", "2007-03-31": "", "2006-12-31": "", "2006-09-30": "", "2006-06-30": "", "2006-03-31": "", "2005-12-31": "", "2005-09-30": "", "2005-06-30": "", "2005-03-31": ""}, "Share Holder Equity": {"2020-09-30": "3357.90000", "2020-06-30": "3137.70000", "2020-03-31": "2846.90000", "2019-12-31": "3162.10000", "2019-09-30": "2996.70000", "2019-06-30": "2882.90000", "2019-03-31": "2785.80000", "2018-12-31": "2716.00000", "2018-09-30": "2618.00000", "2018-06-30": "2500.60000", "2018-03-31": "2471.90000", "2017-12-31": "2369.30000", "2017-09-30": "2200.50000", "2017-06-30": "2498.60000", "2017-03-31": "2434.20000", "2016-12-31": "2310.30000", "2016-09-30": "2220.80000", "2016-06-30": "2158.20000", "2016-03-31": "2090.60000", "2015-12-31": "2349.30000", "2015-09-30": "2264.90000", "2015-06-30": "2285.30000", "2015-03-31": "2205.60000", "2014-12-31": "2072.10000", "2014-09-30": "2012.00000", "2014-06-30": "2125.10000", "2014-03-31": "2068.90000", "2013-12-31": "2061.70000", "2013-09-30": "1993.40000", "2013-06-30": "1882.50000", "2013-03-31": "1786.60000", "2012-12-31": "1688.50000", "2012-09-30": "1638.50000", "2012-06-30": "1528.20000", "2012-03-31": "1568.10000", "2011-12-31": "1894.60000", "2011-09-30": "2024.90000", "2011-06-30": "2116.10000", "2011-03-31": "2138.60000", "2010-12-31": "2078.90000", "2010-09-30": "2005.20000", "2010-06-30": "1970.60000", "2010-03-31": "2327.30000", "2009-12-31": "2303.20000", "2009-09-30": "2311.30000", "2009-06-30": "2290.40000", "2009-03-31": "2236.70000", "2008-12-31": "2198.10000", "2008-09-30": "2127.80000", "2008-06-30": "3535.10000", "2008-03-31": "3501.00000", "2007-12-31": "3473.50000", "2007-09-30": "3476.80000", "2007-06-30": "3738.10000", "2007-03-31": "3830.70000", "2006-12-31": "3712.70000", "2006-09-30": "3660.40000", "2006-06-30": "3683.10000", "2006-03-31": "4798.30000", "2005-12-31": "4669.50000", "2005-09-30": "4599.30000", "2005-06-30": "4476.50000", "2005-03-31": "4322.40000"}, "Total Liabilities And Share Holders Equity": {"2020-09-30": "9569.30000", "2020-06-30": "9448.50000", "2020-03-31": "10552.40000", "2019-12-31": "10543.30000", "2019-09-30": "10451.80000", "2019-06-30": "10699.50000", "2019-03-31": "10914.30000", "2018-12-31": "10665.10000", "2018-09-30": "10119.80000", "2018-06-30": "10288.60000", "2018-03-31": "10220.30000", "2017-12-31": "10271.50000", "2017-09-30": "9954.80000", "2017-06-30": "10149.70000", "2017-03-31": "10092.70000", "2016-12-31": "10060.00000", "2016-09-30": "9687.00000", "2016-06-30": "9788.30000", "2016-03-31": "9997.60000", "2015-12-31": "9548.20000", "2015-09-30": "8851.40000", "2015-06-30": "8839.40000", "2015-03-31": "8438.50000", "2014-12-31": "8399.70000", "2014-09-30": "7793.70000", "2014-06-30": "7871.60000", "2014-03-31": "7744.00000", "2013-12-31": "7914.10000", "2013-09-30": "7374.80000", "2013-06-30": "7453.00000", "2013-03-31": "7194.20000", "2012-12-31": "7203.00000", "2012-09-30": "6563.00000", "2012-06-30": "6461.40000", "2012-03-31": "6332.40000", "2011-12-31": "6198.80000", "2011-09-30": "5766.80000", "2011-06-30": "5935.90000", "2011-03-31": "5889.40000", "2010-12-31": "5974.20000", "2010-09-30": "5730.70000", "2010-06-30": "5518.10000", "2010-03-31": "5501.10000", "2009-12-31": "5407.30000", "2009-09-30": "5094.00000", "2009-06-30": "5237.20000", "2009-03-31": "5585.90000", "2008-12-31": "6014.10000", "2008-09-30": "6238.20000", "2008-06-30": "8351.40000", "2008-03-31": "8523.20000", "2007-12-31": "8479.60000", "2007-09-30": "8343.00000", "2007-06-30": "8452.40000", "2007-03-31": "8365.90000", "2006-12-31": "8601.40000", "2006-09-30": "8380.40000", "2006-06-30": "8751.80000", "2006-03-31": "8810.90000", "2005-12-31": "8824.50000", "2005-09-30": "8265.10000", "2005-06-30": "8599.00000", "2005-03-31": "8741.00000"}}, "cash flow statement": {"Net Income/Loss": {"2019-12-31": "450.00000", "2018-12-31": "396.00000", "2017-12-31": "434.60000", "2016-12-31": "430.50000", "2015-12-31": "442.60000", "2014-12-31": "418.70000", "2013-12-31": "374.90000", "2012-12-31": "316.40000", "2011-12-31": "281.40000", "2010-12-31": "226.60000", "2009-12-31": "198.00000", "2008-12-31": "-1243.10000", "2007-12-31": "278.70000", "2006-12-31": "316.90000", "2005-12-31": "496.50000"}, "Total Depreciation And Amortization - Cash Flow": {"2019-12-31": "185.70000", "2018-12-31": "171.60000", "2017-12-31": "164.20000", "2016-12-31": "162.80000", "2015-12-31": "132.10000", "2014-12-31": "112.60000", "2013-12-31": "101.70000", "2012-12-31": "93.70000", "2011-12-31": "88.00000", "2010-12-31": "80.30000", "2009-12-31": "79.90000", "2008-12-31": "1699.30000", "2007-12-31": "88.30000", "2006-12-31": "83.70000", "2005-12-31": "84.60000"}, "Other Non-Cash Items": {"2019-12-31": "-221.70000", "2018-12-31": "236.60000", "2017-12-31": "-131.70000", "2016-12-31": "-230.90000", "2015-12-31": "501.90000", "2014-12-31": "-21.70000", "2013-12-31": "381.70000", "2012-12-31": "442.60000", "2011-12-31": "11.50000", "2010-12-31": "394.30000", "2009-12-31": "-218.70000", "2008-12-31": "-272.90000", "2007-12-31": "-229.00000", "2006-12-31": "-225.20000", "2005-12-31": "19.40000"}, "Total Non-Cash Items": {"2019-12-31": "-36.00000", "2018-12-31": "408.20000", "2017-12-31": "32.50000", "2016-12-31": "-68.10000", "2015-12-31": "634.00000", "2014-12-31": "90.90000", "2013-12-31": "483.40000", "2012-12-31": "536.30000", "2011-12-31": "99.50000", "2010-12-31": "474.60000", "2009-12-31": "-138.80000", "2008-12-31": "1426.40000", "2007-12-31": "-140.70000", "2006-12-31": "-141.50000", "2005-12-31": "104.00000"}, "Change In Accounts Receivable": {"2019-12-31": "56.20000", "2018-12-31": "133.70000", "2017-12-31": "-61.60000", "2016-12-31": "-99.30000", "2015-12-31": "-91.80000", "2014-12-31": "-80.30000", "2013-12-31": "-46.30000", "2012-12-31": "-112.00000", "2011-12-31": "-127.40000", "2010-12-31": "-55.90000", "2009-12-31": "-42.00000", "2008-12-31": "299.00000", "2007-12-31": "73.30000", "2006-12-31": "-39.00000", "2005-12-31": "-37.20000"}, "Change In Inventories": {"2019-12-31": "296.00000", "2018-12-31": "-319.50000", "2017-12-31": "39.30000", "2016-12-31": "259.10000", "2015-12-31": "-548.80000", "2014-12-31": "-27.30000", "2013-12-31": "-400.10000", "2012-12-31": "-474.70000", "2011-12-31": "70.10000", "2010-12-31": "-448.60000", "2009-12-31": "345.30000", "2008-12-31": "339.20000", "2007-12-31": "2.80000", "2006-12-31": "246.30000", "2005-12-31": "-130.80000"}, "Change In Accounts Payable": {"2019-12-31": "-17.60000", "2018-12-31": "1.70000", "2017-12-31": "0.50000", "2016-12-31": "-5.80000", "2015-12-31": "37.70000", "2014-12-31": "7.50000", "2013-12-31": "36.70000", "2012-12-31": "30.40000", "2011-12-31": "36.60000", "2010-12-31": "11.80000", "2009-12-31": "17.80000", "2008-12-31": "-63.10000", "2007-12-31": "4.90000", "2006-12-31": "3.90000", "2005-12-31": "37.50000"}, "Change In Assets/Liabilities": {"2019-12-31": "27.40000", "2018-12-31": "-109.90000", "2017-12-31": "102.10000", "2016-12-31": "10.20000", "2015-12-31": "32.20000", "2014-12-31": "77.60000", "2013-12-31": "42.30000", "2012-12-31": "24.20000", "2011-12-31": "15.90000", "2010-12-31": "43.30000", "2009-12-31": "-11.00000", "2008-12-31": "-74.20000", "2007-12-31": "-13.90000", "2006-12-31": "-87.10000", "2005-12-31": "109.60000"}, "Total Change In Assets/Liabilities": {"2019-12-31": "362.00000", "2018-12-31": "-294.00000", "2017-12-31": "80.30000", "2016-12-31": "164.20000", "2015-12-31": "-570.70000", "2014-12-31": "-22.50000", "2013-12-31": "-367.40000", "2012-12-31": "-532.10000", "2011-12-31": "-4.80000", "2010-12-31": "-449.40000", "2009-12-31": "310.10000", "2008-12-31": "500.90000", "2007-12-31": "67.10000", "2006-12-31": "124.10000", "2005-12-31": "-20.90000"}, "Cash Flow From Operating Activities": {"2019-12-31": "769.20000", "2018-12-31": "511.00000", "2017-12-31": "540.10000", "2016-12-31": "516.00000", "2015-12-31": "507.20000", "2014-12-31": "485.10000", "2013-12-31": "484.10000", "2012-12-31": "316.60000", "2011-12-31": "376.40000", "2010-12-31": "251.80000", "2009-12-31": "369.30000", "2008-12-31": "684.20000", "2007-12-31": "205.10000", "2006-12-31": "299.50000", "2005-12-31": "579.60000"}, "Net Change In Property, Plant, And Equipment": {"2019-12-31": "-264.80000", "2018-12-31": "-371.70000", "2017-12-31": "-290.70000", "2016-12-31": "-237.70000", "2015-12-31": "-234.90000", "2014-12-31": "-204.10000", "2013-12-31": "-197.10000", "2012-12-31": "-175.80000", "2011-12-31": "-159.80000", "2010-12-31": "-154.60000", "2009-12-31": "-60.90000", "2008-12-31": "-106.90000", "2007-12-31": "-154.70000", "2006-12-31": "-173.70000", "2005-12-31": "-140.30000"}, "Net Change In Intangible Assets": {"2019-12-31": "", "2018-12-31": "", "2017-12-31": "", "2016-12-31": "", "2015-12-31": "", "2014-12-31": "", "2013-12-31": "", "2012-12-31": "", "2011-12-31": "", "2010-12-31": "", "2009-12-31": "", "2008-12-31": "", "2007-12-31": "", "2006-12-31": "", "2005-12-31": ""}, "Net Acquisitions/Divestitures": {"2019-12-31": "110.90000", "2018-12-31": "106.00000", "2017-12-31": "27.80000", "2016-12-31": "-260.00000", "2015-12-31": "-277.60000", "2014-12-31": "-163.80000", "2013-12-31": "-77.80000", "2012-12-31": "-134.80000", "2011-12-31": "-59.30000", "2010-12-31": "-60.10000", "2009-12-31": "65.70000", "2008-12-31": "17.40000", "2007-12-31": "48.40000", "2006-12-31": "-142.70000", "2005-12-31": "39.10000"}, "Net Change In Short-term Investments": {"2019-12-31": "", "2018-12-31": "", "2017-12-31": "", "2016-12-31": "", "2015-12-31": "", "2014-12-31": "", "2013-12-31": "", "2012-12-31": "", "2011-12-31": "", "2010-12-31": "", "2009-12-31": "", "2008-12-31": "", "2007-12-31": "", "2006-12-31": "", "2005-12-31": ""}, "Net Change In Long-Term Investments": {"2019-12-31": "", "2018-12-31": "-50.00000", "2017-12-31": "", "2016-12-31": "", "2015-12-31": "", "2014-12-31": "0.50000", "2013-12-31": "", "2012-12-31": "0.40000", "2011-12-31": "", "2010-12-31": "1.30000", "2009-12-31": "5.10000", "2008-12-31": "11.00000", "2007-12-31": "9.10000", "2006-12-31": "6.90000", "2005-12-31": "-10.50000"}, "Net Change In Investments - Total": {"2019-12-31": "", "2018-12-31": "-50.00000", "2017-12-31": "", "2016-12-31": "", "2015-12-31": "", "2014-12-31": "0.50000", "2013-12-31": "", "2012-12-31": "0.40000", "2011-12-31": "", "2010-12-31": "1.30000", "2009-12-31": "5.10000", "2008-12-31": "11.00000", "2007-12-31": "9.10000", "2006-12-31": "6.90000", "2005-12-31": "-10.50000"}, "Investing Activities - Other": {"2019-12-31": "38.10000", "2018-12-31": "20.40000", "2017-12-31": "35.90000", "2016-12-31": "4.70000", "2015-12-31": "3.10000", "2014-12-31": "-8.60000", "2013-12-31": "17.10000", "2012-12-31": "12.40000", "2011-12-31": "12.90000", "2010-12-31": "13.20000", "2009-12-31": "4.10000", "2008-12-31": "3.40000", "2007-12-31": "7.60000", "2006-12-31": "0.70000", "2005-12-31": "69.90000"}, "Cash Flow From Investing Activities": {"2019-12-31": "-115.80000", "2018-12-31": "-295.30000", "2017-12-31": "-227.00000", "2016-12-31": "-493.00000", "2015-12-31": "-509.40000", "2014-12-31": "-376.00000", "2013-12-31": "-257.80000", "2012-12-31": "-297.80000", "2011-12-31": "-206.20000", "2010-12-31": "-200.20000", "2009-12-31": "14.00000", "2008-12-31": "-75.10000", "2007-12-31": "-89.60000", "2006-12-31": "-308.80000", "2005-12-31": "-41.80000"}, "Net Long-Term Debt": {"2019-12-31": "-31.00000", "2018-12-31": "-415.80000", "2017-12-31": "584.20000", "2016-12-31": "-26.70000", "2015-12-31": "720.50000", "2014-12-31": "-533.90000", "2013-12-31": "-34.90000", "2012-12-31": "336.90000", "2011-12-31": "-541.80000", "2010-12-31": "319.80000", "2009-12-31": "-7.50000", "2008-12-31": "-9.90000", "2007-12-31": "118.80000", "2006-12-31": "-41.10000", "2005-12-31": "-165.70000"}, "Net Current Debt": {"2019-12-31": "-594.30000", "2018-12-31": "265.80000", "2017-12-31": "-481.80000", "2016-12-31": "496.30000", "2015-12-31": "-510.50000", "2014-12-31": "871.60010", "2013-12-31": "-151.00000", "2012-12-31": "168.40000", "2011-12-31": "855.10000", "2010-12-31": "33.00000", "2009-12-31": "-175.30000", "2008-12-31": "-444.99990", "2007-12-31": "263.70000", "2006-12-31": "1145.50000", "2005-12-31": "-112.40000"}, "Debt Issuance/Retirement Net - Total": {"2019-12-31": "-625.30000", "2018-12-31": "-150.00000", "2017-12-31": "102.40000", "2016-12-31": "469.60000", "2015-12-31": "210.00000", "2014-12-31": "337.70010", "2013-12-31": "-185.90000", "2012-12-31": "505.30000", "2011-12-31": "313.30000", "2010-12-31": "352.80000", "2009-12-31": "-182.80000", "2008-12-31": "-454.89990", "2007-12-31": "382.49990", "2006-12-31": "1104.40000", "2005-12-31": "-278.10000"}, "Net Common Equity Issued/Repurchased": {"2019-12-31": "-32.00000", "2018-12-31": "-82.20000", "2017-12-31": "-395.20000", "2016-12-31": "-503.80000", "2015-12-31": "-207.30000", "2014-12-31": "-452.60000", "2013-12-31": "-44.60000", "2012-12-31": "-545.00000", "2011-12-31": "-501.80000", "2010-12-31": "-474.50000", "2009-12-31": "-111.30000", "2008-12-31": "-57.80000", "2007-12-31": "-547.60000", "2006-12-31": "-1304.90000", "2005-12-31": "-124.30000"}, "Net Total Equity Issued/Repurchased": {"2019-12-31": "-32.00000", "2018-12-31": "-82.20000", "2017-12-31": "-395.20000", "2016-12-31": "-503.80000", "2015-12-31": "-207.30000", "2014-12-31": "-452.60000", "2013-12-31": "-44.60000", "2012-12-31": "-545.00000", "2011-12-31": "-501.80000", "2010-12-31": "-474.50000", "2009-12-31": "-111.30000", "2008-12-31": "-57.80000", "2007-12-31": "-547.60000", "2006-12-31": "-1304.90000", "2005-12-31": "-124.30000"}, "Total Common And Preferred Stock Dividends Paid": {"2019-12-31": "", "2018-12-31": "", "2017-12-31": "", "2016-12-31": "", "2015-12-31": "", "2014-12-31": "", "2013-12-31": "", "2012-12-31": "", "2011-12-31": "", "2010-12-31": "", "2009-12-31": "", "2008-12-31": "", "2007-12-31": "", "2006-12-31": "", "2005-12-31": ""}, "Financial Activities - Other": {"2019-12-31": "-3.00000", "2018-12-31": "-5.20000", "2017-12-31": "-14.60000", "2016-12-31": "-1.40000", "2015-12-31": "-1.80000", "2014-12-31": "12.00000", "2013-12-31": "3.70000", "2012-12-31": "4.00000", "2011-12-31": "9.80000", "2010-12-31": "-8.30000", "2009-12-31": "-25.80000", "2008-12-31": "-19.50000", "2007-12-31": "28.70000", "2006-12-31": "12.30000", "2005-12-31": "-0.80000"}, "Cash Flow From Financial Activities": {"2019-12-31": "-660.30000", "2018-12-31": "-237.40000", "2017-12-31": "-307.40000", "2016-12-31": "-35.60000", "2015-12-31": "0.90000", "2014-12-31": "-102.90000", "2013-12-31": "-226.80000", "2012-12-31": "-35.70000", "2011-12-31": "-178.70000", "2010-12-31": "-130.00000", "2009-12-31": "-319.90000", "2008-12-31": "-532.20000", "2007-12-31": "-136.40000", "2006-12-31": "-188.20000", "2005-12-31": "-403.20000"}, "Net Cash Flow": {"2019-12-31": "-6.90000", "2018-12-31": "-21.70000", "2017-12-31": "5.70000", "2016-12-31": "-12.60000", "2015-12-31": "-1.30000", "2014-12-31": "6.20000", "2013-12-31": "-0.50000", "2012-12-31": "-16.90000", "2011-12-31": "-8.50000", "2010-12-31": "-78.40000", "2009-12-31": "63.40000", "2008-12-31": "76.90000", "2007-12-31": "-20.90000", "2006-12-31": "-197.50000", "2005-12-31": "134.60000"}, "Stock-Based Compensation": {"2019-12-31": "31.10000", "2018-12-31": "25.50000", "2017-12-31": "20.60000", "2016-12-31": "25.10000", "2015-12-31": "24.00000", "2014-12-31": "26.30000", "2013-12-31": "21.30000", "2012-12-31": "18.60000", "2011-12-31": "18.40000", "2010-12-31": "15.90000", "2009-12-31": "13.50000", "2008-12-31": "21.00000", "2007-12-31": "15.30000", "2006-12-31": "15.20000", "2005-12-31": ""}, "Common Stock Dividends Paid": {"2019-12-31": "", "2018-12-31": "", "2017-12-31": "", "2016-12-31": "", "2015-12-31": "", "2014-12-31": "", "2013-12-31": "", "2012-12-31": "", "2011-12-31": "", "2010-12-31": "", "2009-12-31": "", "2008-12-31": "", "2007-12-31": "", "2006-12-31": "", "2005-12-31": ""}}, "cash flow statement, quarterly": {"Net Income/Loss": {"2020-09-30": 182.6, "2020-06-30": 279.8, "2020-03-31": "-232.30000", "2019-12-31": 157.7, "2019-09-30": 99.5, "2019-06-30": 100.8, "2019-03-31": "92.00000", "2018-12-31": 92.7, "2018-09-30": 112, "2018-06-30": 97.6, "2018-03-31": "93.70000", "2017-12-31": 151.3, "2017-09-30": 97.5, "2017-06-30": 87.7, "2017-03-31": "98.10000", "2016-12-31": 115.3, "2016-09-30": 107.3, "2016-06-30": 112, "2016-03-31": "95.90000", "2015-12-31": 97.5, "2015-09-30": 118.5, "2015-06-30": 115.1, "2015-03-31": "111.50000", "2014-12-31": 116.7, "2014-09-30": 106.5, "2014-06-30": 100.4, "2014-03-31": "95.10000", "2013-12-31": 109.4, "2013-09-30": 92.6, "2013-06-30": 89.9, "2013-03-31": "83.00000", "2012-12-31": 83.2, "2012-09-30": 81.6, "2012-06-30": 78.6, "2012-03-31": "73.00000", "2011-12-31": 69.4, "2011-09-30": 70.7, "2011-06-30": 71.9, "2011-03-31": "69.40000", "2010-12-31": 67.3, "2010-09-30": 56.9, "2010-06-30": 47.2, "2010-03-31": "55.20000", "2009-12-31": 61.7, "2009-09-30": 65, "2009-06-30": 36.7, "2009-03-31": "34.60000", "2008-12-31": 67.1, "2008-09-30": -1412.7, "2008-06-30": 51.8, "2008-03-31": "50.70000", "2007-12-31": 51.7, "2007-09-30": 72.1, "2007-06-30": 77.3, "2007-03-31": "77.60000", "2006-12-31": 75.2, "2006-09-30": 81.8, "2006-06-30": 72.7, "2006-03-31": "87.20000", "2005-12-31": 75.3, "2005-09-30": 129.4, "2005-06-30": 194.8, "2005-03-31": "97.00000"}, "Total Depreciation And Amortization - Cash Flow": {"2020-09-30": 53, "2020-06-30": 50.2, "2020-03-31": "367.60000", "2019-12-31": 48.1, "2019-09-30": 46.5, "2019-06-30": 45.7, "2019-03-31": "45.40000", "2018-12-31": 43.4, "2018-09-30": 42.5, "2018-06-30": 44, "2018-03-31": "41.70000", "2017-12-31": 42, "2017-09-30": 42.8, "2017-06-30": 40.7, "2017-03-31": "38.70000", "2016-12-31": 51.8, "2016-09-30": 37.6, "2016-06-30": 36.4, "2016-03-31": "37.00000", "2015-12-31": 35, "2015-09-30": 31.6, "2015-06-30": 35.7, "2015-03-31": "29.80000", "2014-12-31": 29, "2014-09-30": 28.9, "2014-06-30": 27.7, "2014-03-31": "27.00000", "2013-12-31": 27.3, "2013-09-30": 25.6, "2013-06-30": 24.7, "2013-03-31": "24.10000", "2012-12-31": 24.6, "2012-09-30": 24.3, "2012-06-30": 22.3, "2012-03-31": "22.50000", "2011-12-31": 22.1, "2011-09-30": 22, "2011-06-30": 22.1, "2011-03-31": "21.80000", "2010-12-31": 20.7, "2010-09-30": 19.7, "2010-06-30": 20.4, "2010-03-31": "19.50000", "2009-12-31": 19.4, "2009-09-30": 19.9, "2009-06-30": 19.5, "2009-03-31": "21.10000", "2008-12-31": 22.6, "2008-09-30": 1632.6, "2008-06-30": 20.7, "2008-03-31": "23.40000", "2007-12-31": 20.7, "2007-09-30": 23.7, "2007-06-30": 22.1, "2007-03-31": "21.80000", "2006-12-31": 20.3, "2006-09-30": 21.4, "2006-06-30": 21.6, "2006-03-31": "20.40000", "2005-12-31": 20.4, "2005-09-30": 21.1, "2005-06-30": 21.5, "2005-03-31": "21.60000"}, "Other Non-Cash Items": {"2020-09-30": 624.7, "2020-06-30": -851.4, "2020-03-31": "78.60000", "2019-12-31": -280.1, "2019-09-30": 141.7, "2019-06-30": -155.5, "2019-03-31": "72.20000", "2018-12-31": 275.1, "2018-09-30": -183.9, "2018-06-30": 141.4, "2018-03-31": "4.00000", "2017-12-31": 99.1, "2017-09-30": -199.8, "2017-06-30": -30.1, "2017-03-31": "-0.90000", "2016-12-31": 180.9, "2016-09-30": -250.1, "2016-06-30": -192.7, "2016-03-31": "31.00000", "2015-12-31": 315, "2015-09-30": -22.9, "2015-06-30": 249.8, "2015-03-31": "-40.00000", "2014-12-31": 184.2, "2014-09-30": -53.4, "2014-06-30": -4.5, "2014-03-31": "-148.00000", "2013-12-31": 309.3, "2013-09-30": -99.9, "2013-06-30": 87.8, "2013-03-31": "84.50000", "2012-12-31": 218.1, "2012-09-30": 202.6, "2012-06-30": -37.2, "2012-03-31": "59.10000", "2011-12-31": 317, "2011-09-30": -322.6, "2011-06-30": 8.9, "2011-03-31": "8.20000", "2010-12-31": 178.8, "2010-09-30": 94.5, "2010-06-30": 41.3, "2010-03-31": "79.70000", "2009-12-31": 291.4, "2009-09-30": -108.9, "2009-06-30": -162, "2009-03-31": "-239.20000", "2008-12-31": -178.4, "2008-09-30": -176.9, "2008-06-30": -29.9, "2008-03-31": "112.30000", "2007-12-31": 173, "2007-09-30": -69.4, "2007-06-30": -80.2, "2007-03-31": "-252.40000", "2006-12-31": 17.5, "2006-09-30": -337, "2006-06-30": 199.2, "2006-03-31": "-104.90000", "2005-12-31": 114.9, "2005-09-30": 81.7, "2005-06-30": -331.1, "2005-03-31": "153.90000"}, "Total Non-Cash Items": {"2020-09-30": 677.7, "2020-06-30": -801.2, "2020-03-31": "446.20000", "2019-12-31": -232, "2019-09-30": 188.2, "2019-06-30": -109.8, "2019-03-31": "117.60000", "2018-12-31": 318.5, "2018-09-30": -141.4, "2018-06-30": 185.4, "2018-03-31": "45.70000", "2017-12-31": 141.1, "2017-09-30": -157, "2017-06-30": 10.6, "2017-03-31": "37.80000", "2016-12-31": 232.7, "2016-09-30": -212.5, "2016-06-30": -156.3, "2016-03-31": "68.00000", "2015-12-31": 350, "2015-09-30": 8.7, "2015-06-30": 285.5, "2015-03-31": "-10.20000", "2014-12-31": 213.2, "2014-09-30": -24.5, "2014-06-30": 23.2, "2014-03-31": "-121.00000", "2013-12-31": 336.6, "2013-09-30": -74.3, "2013-06-30": 112.5, "2013-03-31": "108.60000", "2012-12-31": 242.7, "2012-09-30": 226.9, "2012-06-30": -14.9, "2012-03-31": "81.60000", "2011-12-31": 339.1, "2011-09-30": -300.6, "2011-06-30": 31, "2011-03-31": "30.00000", "2010-12-31": 199.5, "2010-09-30": 114.2, "2010-06-30": 61.7, "2010-03-31": "99.20000", "2009-12-31": 310.7999, "2009-09-30": -88.9999, "2009-06-30": -142.5, "2009-03-31": "-218.10000", "2008-12-31": -155.8, "2008-09-30": 1455.7, "2008-06-30": -9.2, "2008-03-31": "135.70000", "2007-12-31": 193.7, "2007-09-30": -45.7, "2007-06-30": -58.1, "2007-03-31": "-230.60000", "2006-12-31": 37.8, "2006-09-30": -315.6, "2006-06-30": 220.8, "2006-03-31": "-84.50000", "2005-12-31": 135.3, "2005-09-30": 102.8, "2005-06-30": -309.6, "2005-03-31": "175.50000"}, "Change In Accounts Receivable": {"2020-09-30": -11.9, "2020-06-30": -158.8, "2020-03-31": "403.40000", "2019-12-31": -87.4, "2019-09-30": -48.7, "2019-06-30": -1, "2019-03-31": "193.30000", "2018-12-31": -175.7, "2018-09-30": 52.3, "2018-06-30": 42.5, "2018-03-31": "214.60000", "2017-12-31": -205.2, "2017-09-30": -89.6, "2017-06-30": 31.6, "2017-03-31": "201.60000", "2016-12-31": -236.8, "2016-09-30": 26.1, "2016-06-30": -49.8, "2016-03-31": "161.20000", "2015-12-31": -151.2, "2015-09-30": 12.9, "2015-06-30": 8, "2015-03-31": "38.50000", "2014-12-31": -165.1, "2014-09-30": 34.6, "2014-06-30": -23.8, "2014-03-31": "74.00000", "2013-12-31": -141.8, "2013-09-30": 19.9, "2013-06-30": -32.5, "2013-03-31": "108.10000", "2012-12-31": -183.7, "2012-09-30": 23.6, "2012-06-30": -20.7, "2012-03-31": "68.80000", "2011-12-31": -184.9, "2011-09-30": 2.4, "2011-06-30": 19.1, "2011-03-31": "36.00000", "2010-12-31": -67.7, "2010-09-30": 1.3, "2010-06-30": 7.8, "2010-03-31": "2.70000", "2009-12-31": -96.8, "2009-09-30": 15.8, "2009-06-30": -2.7, "2009-03-31": "41.70000", "2008-12-31": 78.5, "2008-09-30": 82.1, "2008-06-30": 73, "2008-03-31": "65.40000", "2007-12-31": -51.2, "2007-09-30": 1.3, "2007-06-30": -18.7, "2007-03-31": "141.90000", "2006-12-31": -140.1, "2006-09-30": 8.2, "2006-06-30": -9.9, "2006-03-31": "102.80000", "2005-12-31": -141.3, "2005-09-30": 132.5, "2005-06-30": -60.9, "2005-03-31": "32.50000"}, "Change In Inventories": {"2020-09-30": -45.9, "2020-06-30": 1244.6, "2020-03-31": "-371.30000", "2019-12-31": -23.1, "2019-09-30": 237.8, "2019-06-30": 222.7, "2019-03-31": "-141.40000", "2018-12-31": -274.6, "2018-09-30": 203.8, "2018-06-30": -71, "2018-03-31": "-177.70000", "2017-12-31": -54.8, "2017-09-30": 292.7, "2017-06-30": -12.8, "2017-03-31": "-185.80000", "2016-12-31": -61.3, "2016-09-30": 258.1, "2016-06-30": 208.8, "2016-03-31": "-146.50000", "2015-12-31": -278.3, "2015-09-30": 26.2, "2015-06-30": -273.7, "2015-03-31": "-23.00000", "2014-12-31": -174, "2014-09-30": 95.8, "2014-06-30": -64.6, "2014-03-31": "115.50000", "2013-12-31": -311.4, "2013-09-30": 118.2, "2013-06-30": -95.1, "2013-03-31": "-111.80000", "2012-12-31": -141.8, "2012-09-30": -64.4, "2012-06-30": -93.1, "2012-03-31": "-175.40000", "2011-12-31": -207.5, "2011-09-30": 178.3, "2011-06-30": -48.3, "2011-03-31": "147.60000", "2010-12-31": -127.1, "2010-09-30": -148.5, "2010-06-30": -65.4, "2010-03-31": "-107.60000", "2009-12-31": -242, "2009-09-30": 93.7, "2009-06-30": 243.8, "2009-03-31": "249.80000", "2008-12-31": 68.2, "2008-09-30": 291, "2008-06-30": 70.9, "2008-03-31": "-90.90000", "2007-12-31": -84, "2007-09-30": 109.3, "2007-06-30": -98.3, "2007-03-31": "75.80000", "2006-12-31": -11, "2006-09-30": 405.6, "2006-06-30": -135.8, "2006-03-31": "-12.50000", "2005-12-31": -500.1, "2005-09-30": 403.2, "2005-06-30": 204.2, "2005-03-31": "-238.10000"}, "Change In Accounts Payable": {"2020-09-30": 83, "2020-06-30": 38.6, "2020-03-31": "-64.10000", "2019-12-31": 19.4, "2019-09-30": 3.3, "2019-06-30": -5.1, "2019-03-31": "-35.20000", "2018-12-31": 29.8, "2018-09-30": -0.8, "2018-06-30": -26.8, "2018-03-31": "-0.50000", "2017-12-31": 26.1, "2017-09-30": -11.2, "2017-06-30": -21.1, "2017-03-31": "6.70000", "2016-12-31": -1.9, "2016-09-30": 15.8, "2016-06-30": -22.2, "2016-03-31": "2.50000", "2015-12-31": 20.9, "2015-09-30": 16.6, "2015-06-30": -26.4, "2015-03-31": "26.60000", "2014-12-31": 10.5, "2014-09-30": 1.6, "2014-06-30": -4, "2014-03-31": "-0.60000", "2013-12-31": 20.5, "2013-09-30": 7.7, "2013-06-30": 22.4, "2013-03-31": "-13.90000", "2012-12-31": 14.3, "2012-09-30": 14, "2012-06-30": -15.7, "2012-03-31": "17.80000", "2011-12-31": 31.6, "2011-09-30": -28.4, "2011-06-30": -14.2, "2011-03-31": "47.60000", "2010-12-31": -20.3, "2010-09-30": 6.2, "2010-06-30": 10.4, "2010-03-31": "15.50000", "2009-12-31": 2.7, "2009-09-30": 21.1, "2009-06-30": -3.3, "2009-03-31": "-2.70000", "2008-12-31": -22.2, "2008-09-30": -25.3, "2008-06-30": -34.1, "2008-03-31": "18.50000", "2007-12-31": 5.2, "2007-09-30": -21.8, "2007-06-30": -11.3, "2007-03-31": "32.80000", "2006-12-31": -9.5, "2006-09-30": -3.6, "2006-06-30": -18.1, "2006-03-31": "35.10000", "2005-12-31": 6.4, "2005-09-30": -39.1, "2005-06-30": 66.7, "2005-03-31": "3.50000"}, "Change In Assets/Liabilities": {"2020-09-30": -607.7, "2020-06-30": 177.4, "2020-03-31": "-71.80000", "2019-12-31": 271.8, "2019-09-30": -237.7, "2019-06-30": -42.1, "2019-03-31": "35.40000", "2018-12-31": -15.6, "2018-09-30": 16.8, "2018-06-30": -134.1, "2018-03-31": "23.00000", "2017-12-31": 26.7, "2017-09-30": 87.3, "2017-06-30": -46.4, "2017-03-31": "34.50000", "2016-12-31": -0.2, "2016-09-30": 55.3, "2016-06-30": -62, "2016-03-31": "17.10000", "2015-12-31": -5.2, "2015-09-30": 47, "2015-06-30": -65.8, "2015-03-31": "56.20000", "2014-12-31": 30.3, "2014-09-30": 30.6, "2014-06-30": -37.1, "2014-03-31": "53.80000", "2013-12-31": 9.3, "2013-09-30": 21.2, "2013-06-30": -49.3, "2013-03-31": "61.10000", "2012-12-31": -8.4, "2012-09-30": -87.1, "2012-06-30": 83.5, "2012-03-31": "36.20000", "2011-12-31": 17.1, "2011-09-30": 261.3, "2011-06-30": -87.6, "2011-03-31": "-174.90000", "2010-12-31": 3.6, "2010-09-30": 34.5, "2010-06-30": 1.3, "2010-03-31": "3.90000", "2009-12-31": -17.6, "2009-09-30": 10.5, "2009-06-30": -22.4, "2009-03-31": "18.50000", "2008-12-31": 82.1, "2008-09-30": -155.3, "2008-06-30": -13.6, "2008-03-31": "12.60000", "2007-12-31": -30.7, "2007-09-30": 37.8, "2007-06-30": -26.7, "2007-03-31": "5.70000", "2006-12-31": 123.6, "2006-09-30": -10.4, "2006-06-30": -98.1, "2006-03-31": "-102.20000", "2005-12-31": 733.8, "2005-09-30": -537.6, "2005-06-30": -67.9, "2005-03-31": "-18.70000"}, "Total Change In Assets/Liabilities": {"2020-09-30": -582.5, "2020-06-30": 1301.8, "2020-03-31": "-103.80000", "2019-12-31": 180.7, "2019-09-30": -45.3, "2019-06-30": 174.5, "2019-03-31": "52.10000", "2018-12-31": -436.1, "2018-09-30": 272.1, "2018-06-30": -189.4, "2018-03-31": "59.40000", "2017-12-31": -207.2, "2017-09-30": 279.2, "2017-06-30": -48.7, "2017-03-31": "57.00000", "2016-12-31": -300.2, "2016-09-30": 355.3, "2016-06-30": 74.8, "2016-03-31": "34.30000", "2015-12-31": -413.8, "2015-09-30": 102.7, "2015-06-30": -357.9, "2015-03-31": "98.30000", "2014-12-31": -298.3, "2014-09-30": 162.6, "2014-06-30": -129.5, "2014-03-31": "242.70000", "2013-12-31": -423.4, "2013-09-30": 167, "2013-06-30": -154.5, "2013-03-31": "43.50000", "2012-12-31": -319.6, "2012-09-30": -113.9, "2012-06-30": -46, "2012-03-31": "-52.60000", "2011-12-31": -343.7, "2011-09-30": 413.6, "2011-06-30": -131, "2011-03-31": "56.30000", "2010-12-31": -211.5, "2010-09-30": -106.5, "2010-06-30": -45.9, "2010-03-31": "-85.50000", "2009-12-31": -353.6999, "2009-09-30": 141.0999, "2009-06-30": 215.4, "2009-03-31": "307.30000", "2008-12-31": 206.6, "2008-09-30": 192.5, "2008-06-30": 96.2, "2008-03-31": "5.60000", "2007-12-31": -160.7, "2007-09-30": 126.6, "2007-06-30": -155, "2007-03-31": "256.20000", "2006-12-31": -187.8999, "2006-09-30": 454.7999, "2006-06-30": -223.4, "2006-03-31": "80.60000", "2005-12-31": -55, "2005-09-30": 12.2, "2005-06-30": 193.1, "2005-03-31": "-171.20000"}, "Cash Flow From Operating Activities": {"2020-09-30": 270, "2020-06-30": 780.6, "2020-03-31": "113.70000", "2019-12-31": 103.7, "2019-09-30": 240, "2019-06-30": 165.8, "2019-03-31": "259.70000", "2018-12-31": -24.1, "2018-09-30": 244.4, "2018-06-30": 92, "2018-03-31": "198.70000", "2017-12-31": 83.1, "2017-09-30": 218.3, "2017-06-30": 53.1, "2017-03-31": "185.60000", "2016-12-31": 37.2, "2016-09-30": 250.6, "2016-06-30": 30, "2016-03-31": "198.20000", "2015-12-31": 31.9, "2015-09-30": 233, "2015-06-30": 42.7, "2015-03-31": "199.60000", "2014-12-31": 32.2, "2014-09-30": 242, "2014-06-30": -4.7, "2014-03-31": "215.60000", "2013-12-31": 15.8, "2013-09-30": 189.5, "2013-06-30": 43.7, "2013-03-31": "235.10000", "2012-12-31": 4.9, "2012-09-30": 192.2, "2012-06-30": 19.4, "2012-03-31": "100.10000", "2011-12-31": 65.3, "2011-09-30": 186, "2011-06-30": -28.4, "2011-03-31": "153.50000", "2010-12-31": 54.1, "2010-09-30": 65, "2010-06-30": 63.3, "2010-03-31": "69.40000", "2009-12-31": 20.6, "2009-09-30": 117.8, "2009-06-30": 107.1, "2009-03-31": "123.80000", "2008-12-31": 117.5, "2008-09-30": 235.9, "2008-06-30": 138.8, "2008-03-31": "192.00000", "2007-12-31": 85.1, "2007-09-30": 153.8, "2007-06-30": -137, "2007-03-31": "103.20000", "2006-12-31": -74.3, "2006-09-30": 220.7, "2006-06-30": 69.7, "2006-03-31": "83.40000", "2005-12-31": 155.1, "2005-09-30": 245.4, "2005-06-30": 77.8, "2005-03-31": "101.30000"}, "Net Change In Property, Plant, And Equipment": {"2020-09-30": -37.4, "2020-06-30": -32.8, "2020-03-31": "-41.00000", "2019-12-31": -81.8, "2019-09-30": -63.6, "2019-06-30": -59.7, "2019-03-31": "-59.70000", "2018-12-31": -113.6, "2018-09-30": -80.3, "2018-06-30": -76.3, "2018-03-31": "-101.50000", "2017-12-31": -63.6, "2017-09-30": -56.8, "2017-06-30": -78.4, "2017-03-31": "-91.90000", "2016-12-31": -52.3, "2016-09-30": -69.5, "2016-06-30": -56.2, "2016-03-31": "-59.70000", "2015-12-31": -68.8, "2015-09-30": -31.2, "2015-06-30": -68.7, "2015-03-31": "-66.20000", "2014-12-31": -53, "2014-09-30": -49.1, "2014-06-30": -52.3, "2014-03-31": "-49.70000", "2013-12-31": -49.9, "2013-09-30": -79.3, "2013-06-30": -30.2, "2013-03-31": "-37.70000", "2012-12-31": -52.8, "2012-09-30": -38.8, "2012-06-30": -48.4, "2012-03-31": "-35.80000", "2011-12-31": -35.2, "2011-09-30": -64, "2011-06-30": -37, "2011-03-31": "-23.60000", "2010-12-31": -76.3, "2010-09-30": -40, "2010-06-30": -26.1, "2010-03-31": "-12.20000", "2009-12-31": -33.4, "2009-09-30": -4.9, "2009-06-30": -6.5, "2009-03-31": "-16.10000", "2008-12-31": -13.2, "2008-09-30": -52.7, "2008-06-30": -17.7, "2008-03-31": "-23.30000", "2007-12-31": -30.3, "2007-09-30": -47.5, "2007-06-30": -34.6, "2007-03-31": "-42.30000", "2006-12-31": -37.9, "2006-09-30": -87.5, "2006-06-30": -29, "2006-03-31": "-19.30000", "2005-12-31": -70.8, "2005-09-30": -7.5, "2005-06-30": -44.7, "2005-03-31": "-17.30000"}, "Net Change In Intangible Assets": {"2020-09-30": 0, "2020-06-30": 0, "2020-03-31": "", "2019-12-31": 0, "2019-09-30": 0, "2019-06-30": 0, "2019-03-31": "", "2018-12-31": 0, "2018-09-30": 0, "2018-06-30": 0, "2018-03-31": "", "2017-12-31": 0, "2017-09-30": 0, "2017-06-30": 0, "2017-03-31": "", "2016-12-31": 0, "2016-09-30": 0, "2016-06-30": 0, "2016-03-31": "", "2015-12-31": 0, "2015-09-30": 0, "2015-06-30": 0, "2015-03-31": "", "2014-12-31": 0, "2014-09-30": 0, "2014-06-30": 0, "2014-03-31": "", "2013-12-31": 0, "2013-09-30": 0, "2013-06-30": 0, "2013-03-31": "", "2012-12-31": 0, "2012-09-30": 0, "2012-06-30": 0, "2012-03-31": "", "2011-12-31": 0, "2011-09-30": 0, "2011-06-30": 0, "2011-03-31": "", "2010-12-31": 0, "2010-09-30": 0, "2010-06-30": 0, "2010-03-31": "", "2009-12-31": 0, "2009-09-30": 0, "2009-06-30": 0, "2009-03-31": "", "2008-12-31": 0, "2008-09-30": 0, "2008-06-30": 0, "2008-03-31": "", "2007-12-31": 0, "2007-09-30": 0, "2007-06-30": 0, "2007-03-31": "", "2006-12-31": 0, "2006-09-30": 0, "2006-06-30": 0, "2006-03-31": "", "2005-12-31": 0, "2005-09-30": 0, "2005-06-30": 0, "2005-03-31": ""}, "Net Acquisitions/Divestitures": {"2020-09-30": 2.2, "2020-06-30": 0, "2020-03-31": "-0.40000", "2019-12-31": 48.4, "2019-09-30": 44.5, "2019-06-30": 4.9, "2019-03-31": "13.10000", "2018-12-31": 29.7, "2018-09-30": -17.8, "2018-06-30": 6.8, "2018-03-31": "87.30000", "2017-12-31": 36.9, "2017-09-30": 9.2, "2017-06-30": -22.4, "2017-03-31": "4.10000", "2016-12-31": 15, "2016-09-30": -62.1, "2016-06-30": 37.6, "2016-03-31": "-250.50000", "2015-12-31": -190, "2015-09-30": -30.2, "2015-06-30": -45.4, "2015-03-31": "-12.00000", "2014-12-31": -172, "2014-09-30": -1.6, "2014-06-30": -0.2, "2014-03-31": "10.00000", "2013-12-31": -15, "2013-09-30": -0.4, "2013-06-30": -59.6, "2013-03-31": "-2.80000", "2012-12-31": -134.8, "2012-09-30": 0, "2012-06-30": 0, "2012-03-31": "", "2011-12-31": 0, "2011-09-30": 3.7, "2011-06-30": 0, "2011-03-31": "-63.00000", "2010-12-31": 0.6, "2010-09-30": -53, "2010-06-30": 1.9, "2010-03-31": "-9.60000", "2009-12-31": 0, "2009-09-30": 25.4, "2009-06-30": 34.9, "2009-03-31": "5.40000", "2008-12-31": 7.6, "2008-09-30": 26.9, "2008-06-30": 2.8, "2008-03-31": "-19.90000", "2007-12-31": 12.1, "2007-09-30": 1, "2007-06-30": 25.2, "2007-03-31": "10.10000", "2006-12-31": -73.2, "2006-09-30": -18.4, "2006-06-30": 13.7, "2006-03-31": "-64.80000", "2005-12-31": 5.1, "2005-09-30": 8.4, "2005-06-30": 14.1, "2005-03-31": "11.50000"}, "Net Change In Short-term Investments": {"2020-09-30": 0, "2020-06-30": 0, "2020-03-31": "", "2019-12-31": 0, "2019-09-30": 0, "2019-06-30": 0, "2019-03-31": "", "2018-12-31": 0, "2018-09-30": 0, "2018-06-30": 0, "2018-03-31": "", "2017-12-31": 0, "2017-09-30": 0, "2017-06-30": 0, "2017-03-31": "", "2016-12-31": 0, "2016-09-30": 0, "2016-06-30": 0, "2016-03-31": "", "2015-12-31": 0, "2015-09-30": 0, "2015-06-30": 0, "2015-03-31": "", "2014-12-31": 0, "2014-09-30": 0, "2014-06-30": 0, "2014-03-31": "", "2013-12-31": 0, "2013-09-30": 0, "2013-06-30": 0, "2013-03-31": "", "2012-12-31": 0, "2012-09-30": 0, "2012-06-30": 0, "2012-03-31": "", "2011-12-31": 0, "2011-09-30": 0, "2011-06-30": 0, "2011-03-31": "", "2010-12-31": 0, "2010-09-30": 0, "2010-06-30": 0, "2010-03-31": "", "2009-12-31": 0, "2009-09-30": 0, "2009-06-30": 0, "2009-03-31": "", "2008-12-31": 0, "2008-09-30": 0, "2008-06-30": 0, "2008-03-31": "", "2007-12-31": 0, "2007-09-30": 0, "2007-06-30": 0, "2007-03-31": "", "2006-12-31": 0, "2006-09-30": 0, "2006-06-30": 0, "2006-03-31": "", "2005-12-31": 0, "2005-09-30": 0, "2005-06-30": 0, "2005-03-31": ""}, "Net Change In Long-Term Investments": {"2020-09-30": 0, "2020-06-30": 0, "2020-03-31": "-50.00000", "2019-12-31": 0, "2019-09-30": 0, "2019-06-30": 0, "2019-03-31": "", "2018-12-31": -50, "2018-09-30": 0, "2018-06-30": 0, "2018-03-31": "", "2017-12-31": 0, "2017-09-30": 0, "2017-06-30": 0, "2017-03-31": "", "2016-12-31": 0, "2016-09-30": 0, "2016-06-30": 0, "2016-03-31": "", "2015-12-31": 0, "2015-09-30": 0, "2015-06-30": 0, "2015-03-31": "", "2014-12-31": 0, "2014-09-30": 0, "2014-06-30": 0, "2014-03-31": "0.50000", "2013-12-31": 0, "2013-09-30": 0, "2013-06-30": 0, "2013-03-31": "", "2012-12-31": 0, "2012-09-30": 0, "2012-06-30": 0, "2012-03-31": "0.40000", "2011-12-31": 0, "2011-09-30": 0, "2011-06-30": 0, "2011-03-31": "", "2010-12-31": 0, "2010-09-30": 0, "2010-06-30": 0.5, "2010-03-31": "0.80000", "2009-12-31": 0.3, "2009-09-30": 1.8, "2009-06-30": 0.6, "2009-03-31": "2.40000", "2008-12-31": 2.9, "2008-09-30": 6, "2008-06-30": -0.7, "2008-03-31": "2.80000", "2007-12-31": 1.7, "2007-09-30": 7, "2007-06-30": 2.5, "2007-03-31": "-2.10000", "2006-12-31": 2, "2006-09-30": 2.3, "2006-06-30": 1.2, "2006-03-31": "1.40000", "2005-12-31": 5.7, "2005-09-30": -3.1, "2005-06-30": -13.8, "2005-03-31": "0.70000"}, "Net Change In Investments - Total": {"2020-09-30": 0, "2020-06-30": 0, "2020-03-31": "-50.00000", "2019-12-31": 0, "2019-09-30": 0, "2019-06-30": 0, "2019-03-31": "", "2018-12-31": -50, "2018-09-30": 0, "2018-06-30": 0, "2018-03-31": "", "2017-12-31": 0, "2017-09-30": 0, "2017-06-30": 0, "2017-03-31": "", "2016-12-31": 0, "2016-09-30": 0, "2016-06-30": 0, "2016-03-31": "", "2015-12-31": 0, "2015-09-30": 0, "2015-06-30": 0, "2015-03-31": "", "2014-12-31": 0, "2014-09-30": 0, "2014-06-30": 0, "2014-03-31": "0.50000", "2013-12-31": 0, "2013-09-30": 0, "2013-06-30": 0, "2013-03-31": "", "2012-12-31": 0, "2012-09-30": 0, "2012-06-30": 0, "2012-03-31": "0.40000", "2011-12-31": 0, "2011-09-30": 0, "2011-06-30": 0, "2011-03-31": "", "2010-12-31": 0, "2010-09-30": 0, "2010-06-30": 0.5, "2010-03-31": "0.80000", "2009-12-31": 0.3, "2009-09-30": 1.8, "2009-06-30": 0.6, "2009-03-31": "2.40000", "2008-12-31": 2.9, "2008-09-30": 6, "2008-06-30": -0.7, "2008-03-31": "2.80000", "2007-12-31": 1.7, "2007-09-30": 7, "2007-06-30": 2.5, "2007-03-31": "-2.10000", "2006-12-31": 2, "2006-09-30": 2.3, "2006-06-30": 1.2, "2006-03-31": "1.40000", "2005-12-31": 5.7, "2005-09-30": -3.1, "2005-06-30": -13.8, "2005-03-31": "0.70000"}, "Investing Activities - Other": {"2020-09-30": 8.3, "2020-06-30": 0.3, "2020-03-31": "-0.80000", "2019-12-31": 31.1, "2019-09-30": 2.4, "2019-06-30": 6.6, "2019-03-31": "-2.00000", "2018-12-31": 10.8, "2018-09-30": 8.3, "2018-06-30": 0.3, "2018-03-31": "1.00000", "2017-12-31": 3.2, "2017-09-30": -0.9, "2017-06-30": 21.1, "2017-03-31": "12.50000", "2016-12-31": 1.1, "2016-09-30": 0.7, "2016-06-30": 3.4, "2016-03-31": "-0.50000", "2015-12-31": 2.3, "2015-09-30": -1.5, "2015-06-30": 3.7, "2015-03-31": "-1.40000", "2014-12-31": -1.8, "2014-09-30": -3.2, "2014-06-30": -0.5, "2014-03-31": "-3.10000", "2013-12-31": 18.9, "2013-09-30": -1.2, "2013-06-30": -1.3, "2013-03-31": "0.70000", "2012-12-31": 3.6, "2012-09-30": -0.2, "2012-06-30": -1.6, "2012-03-31": "10.60000", "2011-12-31": 3.7, "2011-09-30": 14.3, "2011-06-30": -3.2, "2011-03-31": "-1.90000", "2010-12-31": 8.8, "2010-09-30": 2.5, "2010-06-30": 2.2, "2010-03-31": "-0.30000", "2009-12-31": 2.3, "2009-09-30": 0.6, "2009-06-30": -0.1, "2009-03-31": "1.30000", "2008-12-31": 17.2, "2008-09-30": -7.2, "2008-06-30": -5.6, "2008-03-31": "-1.00000", "2007-12-31": 9.5, "2007-09-30": -4.7, "2007-06-30": 0.3, "2007-03-31": "2.50000", "2006-12-31": 4, "2006-09-30": -1.6, "2006-06-30": -1, "2006-03-31": "-0.70000", "2005-12-31": 21.3, "2005-09-30": 15, "2005-06-30": 30.2, "2005-03-31": "3.40000"}, "Cash Flow From Investing Activities": {"2020-09-30": -26.9, "2020-06-30": -32.5, "2020-03-31": "-92.20000", "2019-12-31": -2.3, "2019-09-30": -16.7, "2019-06-30": -48.2, "2019-03-31": "-48.60000", "2018-12-31": -123.1, "2018-09-30": -89.8, "2018-06-30": -69.2, "2018-03-31": "-13.20000", "2017-12-31": -23.5, "2017-09-30": -48.5, "2017-06-30": -79.7, "2017-03-31": "-75.30000", "2016-12-31": -36.2, "2016-09-30": -130.9, "2016-06-30": -15.2, "2016-03-31": "-310.70000", "2015-12-31": -256.5, "2015-09-30": -62.9, "2015-06-30": -110.4, "2015-03-31": "-79.60000", "2014-12-31": -226.8, "2014-09-30": -53.9, "2014-06-30": -53, "2014-03-31": "-42.30000", "2013-12-31": -46, "2013-09-30": -80.9, "2013-06-30": -91.1, "2013-03-31": "-39.80000", "2012-12-31": -184, "2012-09-30": -39, "2012-06-30": -50, "2012-03-31": "-24.80000", "2011-12-31": -31.5, "2011-09-30": -46, "2011-06-30": -40.2, "2011-03-31": "-88.50000", "2010-12-31": -66.9, "2010-09-30": -90.5, "2010-06-30": -21.5, "2010-03-31": "-21.30000", "2009-12-31": -30.8, "2009-09-30": 22.9, "2009-06-30": 28.9, "2009-03-31": "-7.00000", "2008-12-31": 14.5, "2008-09-30": -27, "2008-06-30": -21.2, "2008-03-31": "-41.40000", "2007-12-31": -7, "2007-09-30": -44.2, "2007-06-30": -6.6, "2007-03-31": "-31.80000", "2006-12-31": -105.1, "2006-09-30": -105.2, "2006-06-30": -15.1, "2006-03-31": "-83.40000", "2005-12-31": -38.7, "2005-09-30": 12.8, "2005-06-30": -14.2, "2005-03-31": "-1.70000"}, "Net Long-Term Debt": {"2020-09-30": -1.5, "2020-06-30": 495.4, "2020-03-31": "-351.10000", "2019-12-31": -24.8, "2019-09-30": -1.8, "2019-06-30": -1.8, "2019-03-31": "-2.60000", "2018-12-31": -401.9, "2018-09-30": -8.5, "2018-06-30": -4.2, "2018-03-31": "-1.20000", "2017-12-31": 595.3, "2017-09-30": -3.7, "2017-06-30": -3.8, "2017-03-31": "-3.60000", "2016-12-31": -15.9, "2016-09-30": -4.2, "2016-06-30": -3.4, "2016-03-31": "-3.20000", "2015-12-31": -12.5, "2015-09-30": 742.9, "2015-06-30": -6.8, "2015-03-31": "-3.10000", "2014-12-31": -504.8, "2014-09-30": -5, "2014-06-30": -2.9, "2014-03-31": "-21.20000", "2013-12-31": -5.1, "2013-09-30": -2.8, "2013-06-30": -5.4, "2013-03-31": "-21.60000", "2012-12-31": -2.6, "2012-09-30": -2.3, "2012-06-30": -5.9, "2012-03-31": "347.70000", "2011-12-31": -535.6, "2011-09-30": -2.1, "2011-06-30": -2, "2011-03-31": "-2.10000", "2010-12-31": -1.9, "2010-09-30": -1.9, "2010-06-30": 325.5, "2010-03-31": "-1.90000", "2009-12-31": -1.9, "2009-09-30": -1.7, "2009-06-30": -1.8, "2009-03-31": "-2.10000", "2008-12-31": -2.3, "2008-09-30": -2.3, "2008-06-30": -2.3, "2008-03-31": "-3.00000", "2007-12-31": 124.9, "2007-09-30": -1.8, "2007-06-30": -1.8, "2007-03-31": "-2.50000", "2006-12-31": -34.1, "2006-09-30": -2.6, "2006-06-30": -2.3, "2006-03-31": "-2.10000", "2005-12-31": -127.7, "2005-09-30": -3.3, "2005-06-30": -3.4, "2005-03-31": "-31.30000"}, "Net Current Debt": {"2020-09-30": -178.3, "2020-06-30": -1391.5, "2020-03-31": "790.10000", "2019-12-31": -84.3, "2019-09-30": -232.7, "2019-06-30": -104.8, "2019-03-31": "-172.50000", "2018-12-31": 543.4, "2018-09-30": -148.4, "2018-06-30": 55, "2018-03-31": "-184.20000", "2017-12-31": -632.2, "2017-09-30": 223.4, "2017-06-30": 62.6, "2017-03-31": "-135.60000", "2016-12-31": 42.1, "2016-09-30": -49.2, "2016-06-30": 44.1, "2016-03-31": "459.30000", "2015-12-31": 277.4, "2015-09-30": -766.2, "2015-06-30": 107.4, "2015-03-31": "-129.10000", "2014-12-31": 814.6001, "2014-09-30": -0.2, "2014-06-30": 114.1, "2014-03-31": "-56.90000", "2013-12-31": 81.2, "2013-09-30": -121.1, "2013-06-30": 77.2, "2013-03-31": "-188.30000", "2012-12-31": 178.2, "2012-09-30": -133, "2012-06-30": 150.4, "2012-03-31": "-27.20000", "2011-12-31": 735.1, "2011-09-30": 10, "2011-06-30": 168.1, "2011-03-31": "-58.10000", "2010-12-31": 25.2, "2010-09-30": 69.1, "2010-06-30": -38, "2010-03-31": "-23.30000", "2009-12-31": -100.9, "2009-09-30": 145, "2009-06-30": -59.4, "2009-03-31": "-160.00000", "2008-12-31": -95.7999, "2008-09-30": -150.7, "2008-06-30": -85, "2008-03-31": "-113.50000", "2007-12-31": -137.5, "2007-09-30": 209.7, "2007-06-30": 308, "2007-03-31": "-116.50000", "2006-12-31": 245.3, "2006-09-30": -11.5, "2006-06-30": 934.7, "2006-03-31": "-23.00000", "2005-12-31": -8.9, "2005-09-30": -8.6, "2005-06-30": 3.4, "2005-03-31": "-98.30000"}, "Debt Issuance/Retirement Net - Total": {"2020-09-30": -179.8, "2020-06-30": -896.1, "2020-03-31": "439.00000", "2019-12-31": -109.1, "2019-09-30": -234.5, "2019-06-30": -106.6, "2019-03-31": "-175.10000", "2018-12-31": 141.5, "2018-09-30": -156.9, "2018-06-30": 50.8, "2018-03-31": "-185.40000", "2017-12-31": -36.9, "2017-09-30": 219.7, "2017-06-30": 58.8, "2017-03-31": "-139.20000", "2016-12-31": 26.2, "2016-09-30": -53.4, "2016-06-30": 40.7, "2016-03-31": "456.10000", "2015-12-31": 264.9, "2015-09-30": -23.3, "2015-06-30": 100.6, "2015-03-31": "-132.20000", "2014-12-31": 309.8001, "2014-09-30": -5.2, "2014-06-30": 111.2, "2014-03-31": "-78.10000", "2013-12-31": 76.1, "2013-09-30": -123.9, "2013-06-30": 71.8, "2013-03-31": "-209.90000", "2012-12-31": 175.6, "2012-09-30": -135.3, "2012-06-30": 144.5, "2012-03-31": "320.50000", "2011-12-31": 199.5, "2011-09-30": 7.9, "2011-06-30": 166.1, "2011-03-31": "-60.20000", "2010-12-31": 23.3, "2010-09-30": 67.2, "2010-06-30": 287.5, "2010-03-31": "-25.20000", "2009-12-31": -102.8, "2009-09-30": 143.3, "2009-06-30": -61.2, "2009-03-31": "-162.10000", "2008-12-31": -98.0999, "2008-09-30": -153, "2008-06-30": -87.3, "2008-03-31": "-116.50000", "2007-12-31": -12.6, "2007-09-30": 207.8999, "2007-06-30": 306.2, "2007-03-31": "-119.00000", "2006-12-31": 211.2, "2006-09-30": -14.1, "2006-06-30": 932.4, "2006-03-31": "-25.10000", "2005-12-31": -136.6, "2005-09-30": -11.9, "2005-06-30": 0, "2005-03-31": "-129.60000"}, "Net Common Equity Issued/Repurchased": {"2020-09-30": 30.5, "2020-06-30": -1.1, "2020-03-31": "-77.90000", "2019-12-31": 4.7, "2019-09-30": 4.8, "2019-06-30": -8.4, "2019-03-31": "-33.10000", "2018-12-31": 1.8, "2018-09-30": 1.8, "2018-06-30": -75.8, "2018-03-31": "-10.00000", "2017-12-31": 5.3, "2017-09-30": -388.4, "2017-06-30": -33.6, "2017-03-31": "21.50000", "2016-12-31": -25.8, "2016-09-30": -58.9, "2016-06-30": -48.6, "2016-03-31": "-370.50000", "2015-12-31": -20.1, "2015-09-30": -144.7, "2015-06-30": -45.3, "2015-03-31": "2.80000", "2014-12-31": -103.9, "2014-09-30": -188.6, "2014-06-30": -59.2, "2014-03-31": "-100.90000", "2013-12-31": -46.5, "2013-09-30": 9.8, "2013-06-30": -1.6, "2013-03-31": "-6.30000", "2012-12-31": -27.4, "2012-09-30": 12.6, "2012-06-30": -130, "2012-03-31": "-400.20000", "2011-12-31": -233.1, "2011-09-30": -138, "2011-06-30": -103.7, "2011-03-31": "-27.00000", "2010-12-31": 2.7, "2010-09-30": -63.5, "2010-06-30": -376.6, "2010-03-31": "-37.10000", "2009-12-31": -74.7, "2009-09-30": -46.3, "2009-06-30": 9.5, "2009-03-31": "0.20000", "2008-12-31": 0, "2008-09-30": -2.9, "2008-06-30": -27.2, "2008-03-31": "-27.70000", "2007-12-31": -88.1, "2007-09-30": -308.2, "2007-06-30": -177.1, "2007-03-31": "25.80000", "2006-12-31": -29.7, "2006-09-30": -108.2, "2006-06-30": -1199.3, "2006-03-31": "32.30000", "2005-12-31": -13.8, "2005-09-30": -14.6, "2005-06-30": -48, "2005-03-31": "-47.90000"}, "Net Total Equity Issued/Repurchased": {"2020-09-30": 30.5, "2020-06-30": -1.1, "2020-03-31": "-77.90000", "2019-12-31": 4.7, "2019-09-30": 4.8, "2019-06-30": -8.4, "2019-03-31": "-33.10000", "2018-12-31": 1.8, "2018-09-30": 1.8, "2018-06-30": -75.8, "2018-03-31": "-10.00000", "2017-12-31": 5.3, "2017-09-30": -388.4, "2017-06-30": -33.6, "2017-03-31": "21.50000", "2016-12-31": -25.8, "2016-09-30": -58.9, "2016-06-30": -48.6, "2016-03-31": "-370.50000", "2015-12-31": -20.1, "2015-09-30": -144.7, "2015-06-30": -45.3, "2015-03-31": "2.80000", "2014-12-31": -103.9, "2014-09-30": -188.6, "2014-06-30": -59.2, "2014-03-31": "-100.90000", "2013-12-31": -46.5, "2013-09-30": 9.8, "2013-06-30": -1.6, "2013-03-31": "-6.30000", "2012-12-31": -27.4, "2012-09-30": 12.6, "2012-06-30": -130, "2012-03-31": "-400.20000", "2011-12-31": -233.1, "2011-09-30": -138, "2011-06-30": -103.7, "2011-03-31": "-27.00000", "2010-12-31": 2.7, "2010-09-30": -63.5, "2010-06-30": -376.6, "2010-03-31": "-37.10000", "2009-12-31": -74.7, "2009-09-30": -46.3, "2009-06-30": 9.5, "2009-03-31": "0.20000", "2008-12-31": 0, "2008-09-30": -2.9, "2008-06-30": -27.2, "2008-03-31": "-27.70000", "2007-12-31": -88.1, "2007-09-30": -308.2, "2007-06-30": -177.1, "2007-03-31": "25.80000", "2006-12-31": -29.7, "2006-09-30": -108.2, "2006-06-30": -1199.3, "2006-03-31": "32.30000", "2005-12-31": -13.8, "2005-09-30": -14.6, "2005-06-30": -48, "2005-03-31": "-47.90000"}, "Total Common And Preferred Stock Dividends Paid": {"2020-09-30": 0, "2020-06-30": 0, "2020-03-31": "", "2019-12-31": 0, "2019-09-30": 0, "2019-06-30": 0, "2019-03-31": "", "2018-12-31": 0, "2018-09-30": 0, "2018-06-30": 0, "2018-03-31": "", "2017-12-31": 0, "2017-09-30": 0, "2017-06-30": 0, "2017-03-31": "", "2016-12-31": 0, "2016-09-30": 0, "2016-06-30": 0, "2016-03-31": "", "2015-12-31": 0, "2015-09-30": 0, "2015-06-30": 0, "2015-03-31": "", "2014-12-31": 0, "2014-09-30": 0, "2014-06-30": 0, "2014-03-31": "", "2013-12-31": 0, "2013-09-30": 0, "2013-06-30": 0, "2013-03-31": "", "2012-12-31": 0, "2012-09-30": 0, "2012-06-30": 0, "2012-03-31": "", "2011-12-31": 0, "2011-09-30": 0, "2011-06-30": 0, "2011-03-31": "", "2010-12-31": 0, "2010-09-30": 0, "2010-06-30": 0, "2010-03-31": "", "2009-12-31": 0, "2009-09-30": 0, "2009-06-30": 0, "2009-03-31": "", "2008-12-31": 0, "2008-09-30": 0, "2008-06-30": 0, "2008-03-31": "", "2007-12-31": 0, "2007-09-30": 0, "2007-06-30": 0, "2007-03-31": "", "2006-12-31": 0, "2006-09-30": 0, "2006-06-30": 0, "2006-03-31": "", "2005-12-31": 0, "2005-09-30": 0, "2005-06-30": 0, "2005-03-31": ""}, "Financial Activities - Other": {"2020-09-30": -0.6, "2020-06-30": -4.6, "2020-03-31": "-14.00000", "2019-12-31": 0, "2019-09-30": 0, "2019-06-30": -0.3, "2019-03-31": "-2.70000", "2018-12-31": 0, "2018-09-30": 0, "2018-06-30": -2.9, "2018-03-31": "-2.30000", "2017-12-31": -13.5, "2017-09-30": -0.1, "2017-06-30": -0.6, "2017-03-31": "-0.40000", "2016-12-31": -2.1, "2016-09-30": 0.1, "2016-06-30": 0, "2016-03-31": "0.60000", "2015-12-31": -10, "2015-09-30": -3.5, "2015-06-30": 3.6, "2015-03-31": "8.10000", "2014-12-31": -3.4, "2014-09-30": 4.7, "2014-06-30": 5, "2014-03-31": "5.70000", "2013-12-31": 1.5, "2013-09-30": 4.1, "2013-06-30": 0.6, "2013-03-31": "-2.50000", "2012-12-31": 2, "2012-09-30": 6, "2012-06-30": 1.9, "2012-03-31": "-5.90000", "2011-12-31": 19.1, "2011-09-30": -24.4, "2011-06-30": 3.7, "2011-03-31": "11.40000", "2010-12-31": -2.6, "2010-09-30": 4.7, "2010-06-30": -11.7, "2010-03-31": "1.30000", "2009-12-31": 156.9, "2009-09-30": -162.3, "2009-06-30": -17.1, "2009-03-31": "-3.30000", "2008-12-31": 15.9, "2008-09-30": -35.4, "2008-06-30": 5, "2008-03-31": "-5.00000", "2007-12-31": 24.7, "2007-09-30": -11.1, "2007-06-30": 2.1, "2007-03-31": "13.00000", "2006-12-31": 16.2, "2006-09-30": 0.2, "2006-06-30": -9.1, "2006-03-31": "5.00000", "2005-12-31": -1.1, "2005-09-30": -1.9, "2005-06-30": 2.4, "2005-03-31": "-0.20000"}, "Cash Flow From Financial Activities": {"2020-09-30": -149.9, "2020-06-30": -901.8, "2020-03-31": "347.10000", "2019-12-31": -104.4, "2019-09-30": -229.7, "2019-06-30": -115.3, "2019-03-31": "-210.90000", "2018-12-31": 143.3, "2018-09-30": -155.1, "2018-06-30": -27.9, "2018-03-31": "-197.70000", "2017-12-31": -45.1, "2017-09-30": -168.8, "2017-06-30": 24.6, "2017-03-31": "-118.10000", "2016-12-31": -1.7, "2016-09-30": -112.2, "2016-06-30": -7.9, "2016-03-31": "86.20000", "2015-12-31": 234.8, "2015-09-30": -171.5, "2015-06-30": 58.9, "2015-03-31": "-121.30000", "2014-12-31": 202.5, "2014-09-30": -189.1, "2014-06-30": 57, "2014-03-31": "-173.30000", "2013-12-31": 31.1, "2013-09-30": -110, "2013-06-30": 70.8, "2013-03-31": "-218.70000", "2012-12-31": 150.2, "2012-09-30": -116.7, "2012-06-30": 16.4, "2012-03-31": "-85.60000", "2011-12-31": -14.5, "2011-09-30": -154.5, "2011-06-30": 66.1, "2011-03-31": "-75.80000", "2010-12-31": 23.4, "2010-09-30": 8.4, "2010-06-30": -100.8, "2010-03-31": "-61.00000", "2009-12-31": -20.6, "2009-09-30": -65.3, "2009-06-30": -68.8, "2009-03-31": "-165.20000", "2008-12-31": -82.2, "2008-09-30": -191.3, "2008-06-30": -109.5, "2008-03-31": "-149.20000", "2007-12-31": -76, "2007-09-30": -111.4, "2007-06-30": 131.2, "2007-03-31": "-80.20000", "2006-12-31": 197.7, "2006-09-30": -122.1, "2006-06-30": -276, "2006-03-31": "12.20000", "2005-12-31": -151.5, "2005-09-30": -28.4, "2005-06-30": -45.6, "2005-03-31": "-177.70000"}, "Net Cash Flow": {"2020-09-30": 93.2, "2020-06-30": -153.7, "2020-03-31": "368.60000", "2019-12-31": -3, "2019-09-30": -6.4, "2019-06-30": 2.3, "2019-03-31": "0.20000", "2018-12-31": -3.9, "2018-09-30": -0.5, "2018-06-30": -5.1, "2018-03-31": "-12.20000", "2017-12-31": 14.5, "2017-09-30": 1, "2017-06-30": -2, "2017-03-31": "-7.80000", "2016-12-31": -0.7, "2016-09-30": 7.5, "2016-06-30": 6.9, "2016-03-31": "-26.30000", "2015-12-31": 10.2, "2015-09-30": -1.4, "2015-06-30": -8.8, "2015-03-31": "-1.30000", "2014-12-31": 7.9, "2014-09-30": -1, "2014-06-30": -0.7, "2014-03-31": "", "2013-12-31": 0.9, "2013-09-30": -1.4, "2013-06-30": 23.4, "2013-03-31": "-23.40000", "2012-12-31": -28.9, "2012-09-30": 36.5, "2012-06-30": -14.2, "2012-03-31": "-10.30000", "2011-12-31": 19.3, "2011-09-30": -14.5, "2011-06-30": -2.5, "2011-03-31": "-10.80000", "2010-12-31": 10.6, "2010-09-30": -17.1, "2010-06-30": -59, "2010-03-31": "-12.90000", "2009-12-31": -30.8, "2009-09-30": 75.4, "2009-06-30": 67.2, "2009-03-31": "-48.40000", "2008-12-31": 49.8, "2008-09-30": 17.6, "2008-06-30": 8.1, "2008-03-31": "1.40000", "2007-12-31": 2.1, "2007-09-30": -1.8, "2007-06-30": -12.4, "2007-03-31": "-8.80000", "2006-12-31": 18.3, "2006-09-30": -6.6, "2006-06-30": -221.4, "2006-03-31": "12.20000", "2005-12-31": -35.1, "2005-09-30": 229.8, "2005-06-30": 18, "2005-03-31": "-78.10000"}, "Stock-Based Compensation": {"2020-09-30": 7.2, "2020-06-30": 11.2, "2020-03-31": "4.50000", "2019-12-31": 3, "2019-09-30": 9.5, "2019-06-30": 4.9, "2019-03-31": "13.70000", "2018-12-31": 3.5, "2018-09-30": 3.6, "2018-06-30": 4.1, "2018-03-31": "14.30000", "2017-12-31": 2.5, "2017-09-30": 2.6, "2017-06-30": 10.9, "2017-03-31": "4.60000", "2016-12-31": 2.6, "2016-09-30": 3.1, "2016-06-30": 4.1, "2016-03-31": "15.30000", "2015-12-31": 2.8, "2015-09-30": 3.8, "2015-06-30": 6.3, "2015-03-31": "11.10000", "2014-12-31": 4.8, "2014-09-30": 4.2, "2014-06-30": 10, "2014-03-31": "7.30000", "2013-12-31": 4, "2013-09-30": 4.5, "2013-06-30": 6.1, "2013-03-31": "6.70000", "2012-12-31": 3.4, "2012-09-30": 4, "2012-06-30": 5.4, "2012-03-31": "5.80000", "2011-12-31": 2.7, "2011-09-30": 4.2, "2011-06-30": 5.6, "2011-03-31": "5.90000", "2010-12-31": 2.3, "2010-09-30": 3, "2010-06-30": 4.6, "2010-03-31": "6.00000", "2009-12-31": 2, "2009-09-30": 3, "2009-06-30": 4.7, "2009-03-31": "3.80000", "2008-12-31": 3, "2008-09-30": 5.7, "2008-06-30": 8.5, "2008-03-31": "3.80000", "2007-12-31": 3.5, "2007-09-30": 3.8, "2007-06-30": 5, "2007-03-31": "3.00000", "2006-12-31": 3.3, "2006-09-30": 3.2, "2006-06-30": 4.2, "2006-03-31": "4.50000", "2005-12-31": 0, "2005-09-30": 0, "2005-06-30": 0, "2005-03-31": ""}, "Common Stock Dividends Paid": {"2020-09-30": 0, "2020-06-30": 0, "2020-03-31": "", "2019-12-31": 0, "2019-09-30": 0, "2019-06-30": 0, "2019-03-31": "", "2018-12-31": 0, "2018-09-30": 0, "2018-06-30": 0, "2018-03-31": "", "2017-12-31": 0, "2017-09-30": 0, "2017-06-30": 0, "2017-03-31": "", "2016-12-31": 0, "2016-09-30": 0, "2016-06-30": 0, "2016-03-31": "", "2015-12-31": 0, "2015-09-30": 0, "2015-06-30": 0, "2015-03-31": "", "2014-12-31": 0, "2014-09-30": 0, "2014-06-30": 0, "2014-03-31": "", "2013-12-31": 0, "2013-09-30": 0, "2013-06-30": 0, "2013-03-31": "", "2012-12-31": 0, "2012-09-30": 0, "2012-06-30": 0, "2012-03-31": "", "2011-12-31": 0, "2011-09-30": 0, "2011-06-30": 0, "2011-03-31": "", "2010-12-31": 0, "2010-09-30": 0, "2010-06-30": 0, "2010-03-31": "", "2009-12-31": 0, "2009-09-30": 0, "2009-06-30": 0, "2009-03-31": "", "2008-12-31": 0, "2008-09-30": 0, "2008-06-30": 0, "2008-03-31": "", "2007-12-31": 0, "2007-09-30": 0, "2007-06-30": 0, "2007-03-31": "", "2006-12-31": 0, "2006-09-30": 0, "2006-06-30": 0, "2006-03-31": "", "2005-12-31": 0, "2005-09-30": 0, "2005-06-30": 0, "2005-03-31": ""}}, "financial ratios": {"Current Ratio": {"2019-12-31": "0.86490", "2018-12-31": "0.86320", "2017-12-31": "0.85130", "2016-12-31": "0.80880", "2015-12-31": "0.91140", "2014-12-31": "1.03020", "2013-12-31": "1.02080", "2012-12-31": "1.04980", "2011-12-31": "1.08670", "2010-12-31": "1.09560", "2009-12-31": "1.21730", "2008-12-31": "1.10900", "2007-12-31": "1.13860", "2006-12-31": "1.14390", "2005-12-31": "1.15470"}, "Long-term Debt / Capital": {"2019-12-31": "0.33300", "2018-12-31": "0.41490", "2017-12-31": "0.45260", "2016-12-31": "0.41080", "2015-12-31": "0.42620", "2014-12-31": "0.50370", "2013-12-31": "0.46750", "2012-12-31": "0.55030", "2011-12-31": "0.46310", "2010-12-31": "0.39200", "2009-12-31": "0.32420", "2008-12-31": "0.35800", "2007-12-31": "0.33530", "2006-12-31": "0.29560", "2005-12-31": "0.09400"}, "Debt/Equity Ratio": {"2019-12-31": "0.66540", "2018-12-31": "0.95750", "2017-12-31": "1.14110", "2016-12-31": "1.17760", "2015-12-31": "1.00310", "2014-12-31": "1.02720", "2013-12-31": "0.89240", "2012-12-31": "1.24140", "2011-12-31": "0.86930", "2010-12-31": "0.64880", "2009-12-31": "0.48310", "2008-12-31": "0.57270", "2007-12-31": "0.51120", "2006-12-31": "0.42330", "2005-12-31": "0.11240"}, "Gross Margin": {"2019-12-31": "16.51220", "2018-12-31": "15.86570", "2017-12-31": "15.59820", "2016-12-31": "15.33250", "2015-12-31": "15.63370", "2014-12-31": "15.64040", "2013-12-31": "15.75500", "2012-12-31": "15.86850", "2011-12-31": "16.65670", "2010-12-31": "17.07330", "2009-12-31": "17.90550", "2008-12-31": "16.80680", "2007-12-31": "16.13040", "2006-12-31": "16.03100", "2005-12-31": "15.91840"}, "Operating Margin": {"2019-12-31": "3.86020", "2018-12-31": "3.63290", "2017-12-31": "3.91650", "2016-12-31": "4.11630", "2015-12-31": "4.18510", "2014-12-31": "4.29540", "2013-12-31": "4.22600", "2012-12-31": "4.11870", "2011-12-31": "4.13520", "2010-12-31": "3.98520", "2009-12-31": "3.82520", "2008-12-31": "-9.67690", "2007-12-31": "4.16840", "2006-12-31": "4.29730", "2005-12-31": "4.33580"}, "EBIT Margin": {"2019-12-31": "3.86020", "2018-12-31": "3.63290", "2017-12-31": "3.91650", "2016-12-31": "4.11630", "2015-12-31": "4.18510", "2014-12-31": "4.29540", "2013-12-31": "4.22600", "2012-12-31": "4.11870", "2011-12-31": "4.13520", "2010-12-31": "3.98520", "2009-12-31": "3.82520", "2008-12-31": "-9.67690", "2007-12-31": "4.16840", "2006-12-31": "4.29730", "2005-12-31": "4.33580"}, "EBITDA Margin": {"2019-12-31": "4.73060", "2018-12-31": "4.43430", "2017-12-31": "4.67900", "2016-12-31": "4.86970", "2015-12-31": "4.81830", "2014-12-31": "4.88470", "2013-12-31": "4.80660", "2012-12-31": "4.71680", "2011-12-31": "4.77140", "2010-12-31": "4.62960", "2009-12-31": "4.57430", "2008-12-31": "3.15890", "2007-12-31": "4.70730", "2006-12-31": "4.75670", "2005-12-31": "4.79780"}, "Pre-Tax Profit Margin": {"2019-12-31": "2.87120", "2018-12-31": "2.47240", "2017-12-31": "2.95570", "2016-12-31": "3.25000", "2015-12-31": "3.46420", "2014-12-31": "3.57060", "2013-12-31": "3.45020", "2012-12-31": "3.29850", "2011-12-31": "3.33490", "2010-12-31": "3.05990", "2009-12-31": "3.27400", "2008-12-31": "-10.58640", "2007-12-31": "2.76410", "2006-12-31": "2.95360", "2005-12-31": "3.37680"}, "Net Profit Margin": {"2019-12-31": "2.10910", "2018-12-31": "1.84940", "2017-12-31": "2.01810", "2016-12-31": "1.99220", "2015-12-31": "2.12160", "2014-12-31": "2.19110", "2013-12-31": "2.14010", "2012-12-31": "2.01950", "2011-12-31": "2.03440", "2010-12-31": "1.81850", "2009-12-31": "1.85640", "2008-12-31": "-9.38990", "2007-12-31": "1.70090", "2006-12-31": "1.73940", "2005-12-31": "2.71160"}, "Asset Turnover": {"2019-12-31": "2.02360", "2018-12-31": "2.00770", "2017-12-31": "2.09650", "2016-12-31": "2.14800", "2015-12-31": "2.18490", "2014-12-31": "2.27490", "2013-12-31": "2.21350", "2012-12-31": "2.17510", "2011-12-31": "2.23140", "2010-12-31": "2.08580", "2009-12-31": "1.97250", "2008-12-31": "2.20130", "2007-12-31": "1.93230", "2006-12-31": "2.11810", "2005-12-31": "2.07490"}, "Inventory Turnover Ratio": {"2019-12-31": "5.38830", "2018-12-31": "4.93510", "2017-12-31": "5.40040", "2016-12-31": "5.19750", "2015-12-31": "4.87280", "2014-12-31": "5.56060", "2013-12-31": "5.21990", "2012-12-31": "5.49930", "2011-12-31": "6.37200", "2010-12-31": "5.53480", "2009-12-31": "6.28680", "2008-12-31": "6.26450", "2007-12-31": "6.08570", "2006-12-31": "6.63680", "2005-12-31": "5.95670"}, "Receiveable Turnover": {"2019-12-31": "23.27450", "2018-12-31": "21.93490", "2017-12-31": "19.38310", "2016-12-31": "20.92070", "2015-12-31": "22.97070", "2014-12-31": "23.36610", "2013-12-31": "23.64370", "2012-12-31": "22.43340", "2011-12-31": "23.54840", "2010-12-31": "26.97190", "2009-12-31": "26.24510", "2008-12-31": "35.76090", "2007-12-31": "23.31090", "2006-12-31": "22.91640", "2005-12-31": "23.62620"}, "Days Sales In Receivables": {"2019-12-31": "15.68240", "2018-12-31": "16.64020", "2017-12-31": "18.83090", "2016-12-31": "17.44680", "2015-12-31": "15.88980", "2014-12-31": "15.62090", "2013-12-31": "15.43750", "2012-12-31": "16.27040", "2011-12-31": "15.50000", "2010-12-31": "13.53260", "2009-12-31": "13.90740", "2008-12-31": "10.20670", "2007-12-31": "15.65790", "2006-12-31": "15.92750", "2005-12-31": "15.44900"}, "ROE - Return On Equity": {"2019-12-31": "14.25640", "2018-12-31": "14.57660", "2017-12-31": "18.35990", "2016-12-31": "18.68590", "2015-12-31": "18.88650", "2014-12-31": "20.25960", "2013-12-31": "18.22770", "2012-12-31": "18.79180", "2011-12-31": "15.00050", "2010-12-31": "11.31850", "2009-12-31": "10.12070", "2008-12-31": "-55.15220", "2007-12-31": "8.17620", "2006-12-31": "8.86150", "2005-12-31": "8.40780"}, "Return On Tangible Equity": {"2019-12-31": "41.79490", "2018-12-31": "65.17950", "2017-12-31": "162.61700", "2016-12-31": "214.99030", "2015-12-31": "86.17200", "2014-12-31": "104.24630", "2013-12-31": "80.47110", "2012-12-31": "198.56060", "2011-12-31": "56.32190", "2010-12-31": "32.03540", "2009-12-31": "23.18020", "2008-12-31": "-135.49790", "2007-12-31": "67.63530", "2006-12-31": "52.38850", "2005-12-31": "22.76070"}, "ROA - Return On Assets": {"2019-12-31": "4.27570", "2018-12-31": "3.71210", "2017-12-31": "4.23500", "2016-12-31": "4.29130", "2015-12-31": "4.64690", "2014-12-31": "4.99780", "2013-12-31": "4.74850", "2012-12-31": "4.40510", "2011-12-31": "4.58480", "2010-12-31": "3.93860", "2009-12-31": "4.31080", "2008-12-31": "-20.15760", "2007-12-31": "3.34920", "2006-12-31": "3.82500", "2005-12-31": "4.44900"}, "ROI - Return On Investment": {"2019-12-31": "9.50930", "2018-12-31": "8.52830", "2017-12-31": "10.04970", "2016-12-31": "11.00880", "2015-12-31": "10.83620", "2014-12-31": "10.05390", "2013-12-31": "9.70680", "2012-12-31": "8.45050", "2011-12-31": "8.05330", "2010-12-31": "6.88110", "2009-12-31": "6.83940", "2008-12-31": "-35.40910", "2007-12-31": "5.43500", "2006-12-31": "6.24220", "2005-12-31": "7.61750"}, "Book Value Per Share": {"2019-12-31": "35.39040", "2018-12-31": "30.17040", "2017-12-31": "25.87700", "2016-12-31": "22.95330", "2015-12-31": "21.20230", "2014-12-31": "18.28650", "2013-12-31": "17.05080", "2012-12-31": "13.97110", "2011-12-31": "13.95300", "2010-12-31": "14.01220", "2009-12-31": "13.41170", "2008-12-31": "12.42900", "2007-12-31": "19.25900", "2006-12-31": "17.95720", "2005-12-31": "17.80680"}, "Operating Cash Flow Per Share": {"2019-12-31": 2.9025, "2018-12-31": 0.0969, "2017-12-31": 0.5289, "2016-12-31": 0.5181, "2015-12-31": 0.3731, "2014-12-31": 0.1537, "2013-12-31": 1.4095, "2012-12-31": -0.0386, "2011-12-31": 0.9677, "2010-12-31": -0.4953, "2009-12-31": -1.7652, "2008-12-31": 2.8226, "2007-12-31": -0.2806, "2006-12-31": -0.8566, "2005-12-31": 2.1627}, "Free Cash Flow Per Share": {"2019-12-31": 4.0478, "2018-12-31": -1.014, "2017-12-31": -0.1414, "2016-12-31": 0.2904, "2015-12-31": 0.0274, "2014-12-31": 0.0356, "2013-12-31": 1.2085, "2012-12-31": -0.3513, "2011-12-31": 0.8576, "2010-12-31": -1.1265, "2009-12-31": -1.5075, "2008-12-31": 2.9949, "2007-12-31": -0.2966, "2006-12-31": -1.0906, "2005-12-31": 1.6392}}, "financial ratios, quarterly": {"Current Ratio": {"2020-09-30": "0.98500", "2020-06-30": "0.92120", "2020-03-31": "0.95050", "2019-12-31": "0.86490", "2019-09-30": "0.84670", "2019-06-30": "0.83420", "2019-03-31": "0.81920", "2018-12-31": "0.86320", "2018-09-30": "0.85820", "2018-06-30": "0.85890", "2018-03-31": "0.85520", "2017-12-31": "0.85130", "2017-09-30": "0.72620", "2017-06-30": "0.76060", "2017-03-31": "0.81730", "2016-12-31": "0.80880", "2016-09-30": "0.81920", "2016-06-30": "0.83640", "2016-03-31": "0.83140", "2015-12-31": "0.91140", "2015-09-30": "0.95040", "2015-06-30": "0.97220", "2015-03-31": "1.03360", "2014-12-31": "1.03020", "2014-09-30": "1.01820", "2014-06-30": "1.04460", "2014-03-31": "1.01510", "2013-12-31": "1.02080", "2013-09-30": "1.02380", "2013-06-30": "1.03140", "2013-03-31": "1.04150", "2012-12-31": "1.04980", "2012-09-30": "1.04390", "2012-06-30": "1.06210", "2012-03-31": "1.04510", "2011-12-31": "1.08670", "2011-09-30": "1.06310", "2011-06-30": "1.12550", "2011-03-31": "1.08920", "2010-12-31": "1.09560", "2010-09-30": "1.11630", "2010-06-30": "1.13750", "2010-03-31": "1.21100", "2009-12-31": "1.21730", "2009-09-30": "1.22980", "2009-06-30": "1.19560", "2009-03-31": "1.07660", "2008-12-31": "1.10900", "2008-09-30": "1.03110", "2008-06-30": "1.04450", "2008-03-31": "1.09330", "2007-12-31": "1.13860", "2007-09-30": "1.09840", "2007-06-30": "1.11730", "2007-03-31": "1.11660", "2006-12-31": "1.14390", "2006-09-30": "1.10620", "2006-06-30": "1.12230", "2006-03-31": "1.17500", "2005-12-31": "1.15470", "2005-09-30": "1.21770", "2005-06-30": "1.14110", "2005-03-31": "1.07110"}, "Long-term Debt / Capital": {"2020-09-30": "0.34670", "2020-06-30": "0.36240", "2020-03-31": "0.42170", "2019-12-31": "0.33300", "2019-09-30": "0.34460", "2019-06-30": "0.35350", "2019-03-31": "0.36130", "2018-12-31": "0.41490", "2018-09-30": "0.42840", "2018-06-30": "0.43920", "2018-03-31": "0.44210", "2017-12-31": "0.45260", "2017-09-30": "0.37060", "2017-06-30": "0.32740", "2017-03-31": "0.39900", "2016-12-31": "0.41080", "2016-09-30": "0.44350", "2016-06-30": "0.44610", "2016-03-31": "0.45460", "2015-12-31": "0.42620", "2015-09-30": "0.43560", "2015-06-30": "0.44140", "2015-03-31": "0.47930", "2014-12-31": "0.50370", "2014-09-30": "0.48770", "2014-06-30": "0.46750", "2014-03-31": "0.46410", "2013-12-31": "0.46750", "2013-09-30": "0.47820", "2013-06-30": "0.50330", "2013-03-31": "0.52100", "2012-12-31": "0.55030", "2012-09-30": "0.53220", "2012-06-30": "0.56690", "2012-03-31": "0.54620", "2011-12-31": "0.46310", "2011-09-30": "0.40780", "2011-06-30": "0.40380", "2011-03-31": "0.38320", "2010-12-31": "0.39200", "2010-09-30": "0.40640", "2010-06-30": "0.40820", "2010-03-31": "0.32150", "2009-12-31": "0.32420", "2009-09-30": "0.32380", "2009-06-30": "0.32820", "2009-03-31": "0.33500", "2008-12-31": "0.35800", "2008-09-30": "0.38960", "2008-06-30": "0.29520", "2008-03-31": "0.32280", "2007-12-31": "0.33530", "2007-09-30": "0.32210", "2007-06-30": "0.28120", "2007-03-31": "0.26120", "2006-12-31": "0.29560", "2006-09-30": "0.28540", "2006-06-30": "0.28290", "2006-03-31": "0.09150", "2005-12-31": "0.09400", "2005-09-30": "0.12570", "2005-06-30": "0.12900", "2005-03-31": "0.13460"}, "Debt/Equity Ratio": {"2020-09-30": "0.62230", "2020-06-30": "0.66620", "2020-03-31": "0.88590", "2019-12-31": "0.66540", "2019-09-30": "0.75750", "2019-06-30": "0.84640", "2019-03-31": "0.87570", "2018-12-31": "0.95750", "2018-09-30": "0.98070", "2018-06-30": "1.06380", "2018-03-31": "1.06940", "2017-12-31": "1.14110", "2017-09-30": "1.29860", "2017-06-30": "1.02780", "2017-03-31": "1.04600", "2016-12-31": "1.17760", "2016-09-30": "1.24180", "2016-06-30": "1.25480", "2016-03-31": "1.28220", "2015-12-31": "1.00310", "2015-09-30": "0.97360", "2015-06-30": "0.93140", "2015-03-31": "0.93200", "2014-12-31": "1.02720", "2014-09-30": "0.96070", "2014-06-30": "0.88620", "2014-03-31": "0.87190", "2013-12-31": "0.89240", "2013-09-30": "0.93120", "2013-06-30": "1.02880", "2013-03-31": "1.09550", "2012-12-31": "1.24140", "2012-09-30": "1.15490", "2012-06-30": "1.32740", "2012-03-31": "1.22370", "2011-12-31": "0.86930", "2011-09-30": "0.73460", "2011-06-30": "0.68290", "2011-03-31": "0.62510", "2010-12-31": "0.64880", "2010-09-30": "0.68850", "2010-06-30": "0.69380", "2010-03-31": "0.47720", "2009-12-31": "0.48310", "2009-09-30": "0.48220", "2009-06-30": "0.49470", "2009-03-31": "0.51010", "2008-12-31": "0.57270", "2008-09-30": "0.66440", "2008-06-30": "0.42940", "2008-03-31": "0.48520", "2007-12-31": "0.51120", "2007-09-30": "0.49810", "2007-06-30": "0.40890", "2007-03-31": "0.35880", "2006-12-31": "0.42330", "2006-09-30": "0.41030", "2006-06-30": "0.40550", "2006-03-31": "0.10910", "2005-12-31": "0.11240", "2005-09-30": "0.14680", "2005-06-30": "0.15130", "2005-03-31": "0.15880"}, "Gross Margin": {"2020-09-30": "17.97440", "2020-06-30": "17.53810", "2020-03-31": "17.42450", "2019-12-31": "16.14010", "2019-09-30": "16.24920", "2019-06-30": "16.66980", "2019-03-31": "17.04610", "2018-12-31": "15.66790", "2018-09-30": "15.98930", "2018-06-30": "15.79750", "2018-03-31": "16.01360", "2017-12-31": "15.25820", "2017-09-30": "15.57140", "2017-06-30": "15.64790", "2017-03-31": "15.95130", "2016-12-31": "14.76330", "2016-09-30": "15.02290", "2016-06-30": "15.47030", "2016-03-31": "16.13210", "2015-12-31": "15.21030", "2015-09-30": "15.50890", "2015-06-30": "15.67870", "2015-03-31": "16.17860", "2014-12-31": "15.52160", "2014-09-30": "15.33710", "2014-06-30": "15.55600", "2014-03-31": "16.21180", "2013-12-31": "15.54410", "2013-09-30": "15.58110", "2013-06-30": "15.72570", "2013-03-31": "16.20940", "2012-12-31": "15.16230", "2012-09-30": "15.82690", "2012-06-30": "16.08400", "2012-03-31": "16.48890", "2011-12-31": "15.74600", "2011-09-30": "16.40380", "2011-06-30": "17.48640", "2011-03-31": "17.10010", "2010-12-31": "16.77350", "2010-09-30": "16.65900", "2010-06-30": "17.05050", "2010-03-31": "17.92290", "2009-12-31": "16.93320", "2009-09-30": "17.62710", "2009-06-30": "18.23750", "2009-03-31": "19.00620", "2008-12-31": "17.48790", "2008-09-30": "16.66420", "2008-06-30": "16.55200", "2008-03-31": "16.75310", "2007-12-31": "16.05760", "2007-09-30": "15.82210", "2007-06-30": "15.95080", "2007-03-31": "16.69340", "2006-12-31": "15.90380", "2006-09-30": "15.75280", "2006-06-30": "15.96870", "2006-03-31": "16.50150", "2005-12-31": "16.20670", "2005-09-30": "15.55910", "2005-06-30": "15.62100", "2005-03-31": "16.40660"}, "Operating Margin": {"2020-09-30": "5.02690", "2020-06-30": "4.44300", "2020-03-31": "-4.69900", "2019-12-31": "4.24950", "2019-09-30": "3.54320", "2019-06-30": "3.80820", "2019-03-31": "3.82990", "2018-12-31": "3.64580", "2018-09-30": "3.80620", "2018-06-30": "3.54600", "2018-03-31": "3.53240", "2017-12-31": "4.03450", "2017-09-30": "3.88780", "2017-06-30": "3.71640", "2017-03-31": "4.02190", "2016-12-31": "4.31710", "2016-09-30": "3.93360", "2016-06-30": "4.16250", "2016-03-31": "4.05110", "2015-12-31": "3.75290", "2015-09-30": "4.40260", "2015-06-30": "4.25130", "2015-03-31": "4.34650", "2014-12-31": "4.48710", "2014-09-30": "4.22490", "2014-06-30": "4.13070", "2014-03-31": "4.33370", "2013-12-31": "4.48280", "2013-09-30": "4.18720", "2013-06-30": "4.08680", "2013-03-31": "4.13530", "2012-12-31": "4.04340", "2012-09-30": "4.16140", "2012-06-30": "4.20540", "2012-03-31": "4.06620", "2011-12-31": "3.90110", "2011-09-30": "4.10950", "2011-06-30": "4.32810", "2011-03-31": "4.22820", "2010-12-31": "4.14640", "2010-09-30": "3.69280", "2010-06-30": "4.05890", "2010-03-31": "4.05770", "2009-12-31": "3.38880", "2009-09-30": "4.08160", "2009-06-30": "3.88470", "2009-03-31": "3.95700", "2008-12-31": "2.68880", "2008-09-30": "-48.36420", "2008-06-30": "3.66030", "2008-03-31": "3.79240", "2007-12-31": "4.13880", "2007-09-30": "4.10560", "2007-06-30": "4.10780", "2007-03-31": "4.31870", "2006-12-31": "4.25160", "2006-09-30": "4.17920", "2006-06-30": "4.33300", "2006-03-31": "4.42340", "2005-12-31": "4.33990", "2005-09-30": "4.32460", "2005-06-30": "4.25770", "2005-03-31": "4.43070"}, "EBIT Margin": {"2020-09-30": "5.02690", "2020-06-30": "4.44300", "2020-03-31": "-4.69900", "2019-12-31": "4.24950", "2019-09-30": "3.54320", "2019-06-30": "3.80820", "2019-03-31": "3.82990", "2018-12-31": "3.64580", "2018-09-30": "3.80620", "2018-06-30": "3.54600", "2018-03-31": "3.53240", "2017-12-31": "4.03450", "2017-09-30": "3.88780", "2017-06-30": "3.71640", "2017-03-31": "4.02190", "2016-12-31": "4.31710", "2016-09-30": "3.93360", "2016-06-30": "4.16250", "2016-03-31": "4.05110", "2015-12-31": "3.75290", "2015-09-30": "4.40260", "2015-06-30": "4.25130", "2015-03-31": "4.34650", "2014-12-31": "4.48710", "2014-09-30": "4.22490", "2014-06-30": "4.13070", "2014-03-31": "4.33370", "2013-12-31": "4.48280", "2013-09-30": "4.18720", "2013-06-30": "4.08680", "2013-03-31": "4.13530", "2012-12-31": "4.04340", "2012-09-30": "4.16140", "2012-06-30": "4.20540", "2012-03-31": "4.06620", "2011-12-31": "3.90110", "2011-09-30": "4.10950", "2011-06-30": "4.32810", "2011-03-31": "4.22820", "2010-12-31": "4.14640", "2010-09-30": "3.69280", "2010-06-30": "4.05890", "2010-03-31": "4.05770", "2009-12-31": "3.38880", "2009-09-30": "4.08160", "2009-06-30": "3.88470", "2009-03-31": "3.95700", "2008-12-31": "2.68880", "2008-09-30": "-48.36420", "2008-06-30": "3.66030", "2008-03-31": "3.79240", "2007-12-31": "4.13880", "2007-09-30": "4.10560", "2007-06-30": "4.10780", "2007-03-31": "4.31870", "2006-12-31": "4.25160", "2006-09-30": "4.17920", "2006-06-30": "4.33300", "2006-03-31": "4.42340", "2005-12-31": "4.33990", "2005-09-30": "4.32460", "2005-06-30": "4.25770", "2005-03-31": "4.43070"}, "EBITDA Margin": {"2020-09-30": "", "2020-06-30": "", "2020-03-31": "", "2019-12-31": "", "2019-09-30": "", "2019-06-30": "", "2019-03-31": "", "2018-12-31": "", "2018-09-30": "", "2018-06-30": "", "2018-03-31": "", "2017-12-31": "", "2017-09-30": "", "2017-06-30": "", "2017-03-31": "", "2016-12-31": "", "2016-09-30": "", "2016-06-30": "", "2016-03-31": "", "2015-12-31": "", "2015-09-30": "", "2015-06-30": "", "2015-03-31": "", "2014-12-31": "", "2014-09-30": "", "2014-06-30": "", "2014-03-31": "", "2013-12-31": "", "2013-09-30": "", "2013-06-30": "", "2013-03-31": "", "2012-12-31": "", "2012-09-30": "", "2012-06-30": "", "2012-03-31": "", "2011-12-31": "", "2011-09-30": "", "2011-06-30": "", "2011-03-31": "", "2010-12-31": "", "2010-09-30": "", "2010-06-30": "", "2010-03-31": "", "2009-12-31": "", "2009-09-30": "", "2009-06-30": "", "2009-03-31": "", "2008-12-31": "", "2008-09-30": "", "2008-06-30": "", "2008-03-31": "", "2007-12-31": "", "2007-09-30": "", "2007-06-30": "", "2007-03-31": "", "2006-12-31": "", "2006-09-30": "", "2006-06-30": "", "2006-03-31": "", "2005-12-31": "", "2005-09-30": "", "2005-06-30": "", "2005-03-31": ""}, "Pre-Tax Profit Margin": {"2020-09-30": "4.50520", "2020-06-30": "8.30580", "2020-03-31": "-5.81100", "2019-12-31": "3.80620", "2019-09-30": "2.51040", "2019-06-30": "2.58620", "2019-03-31": "2.53120", "2018-12-31": "2.37450", "2018-09-30": "2.71260", "2018-06-30": "2.40360", "2018-03-31": "2.39930", "2017-12-31": "3.05970", "2017-09-30": "2.90660", "2017-06-30": "2.74470", "2017-03-31": "3.10930", "2016-12-31": "3.42120", "2016-09-30": "3.13970", "2016-06-30": "3.36490", "2016-03-31": "3.06470", "2015-12-31": "2.97950", "2015-09-30": "3.64790", "2015-06-30": "3.57560", "2015-03-31": "3.67100", "2014-12-31": "3.73430", "2014-09-30": "3.54040", "2014-06-30": "3.42900", "2014-03-31": "3.57050", "2013-12-31": "3.76450", "2013-09-30": "3.39090", "2013-06-30": "3.31190", "2013-03-31": "3.31750", "2012-12-31": "3.23570", "2012-09-30": "3.37080", "2012-06-30": "3.31920", "2012-03-31": "3.27040", "2011-12-31": "3.06660", "2011-09-30": "3.29670", "2011-06-30": "3.54880", "2011-03-31": "3.45810", "2010-12-31": "3.36090", "2010-09-30": "2.85900", "2010-06-30": "2.64150", "2010-03-31": "3.40550", "2009-12-31": "2.75860", "2009-09-30": "3.56970", "2009-06-30": "3.29180", "2009-03-31": "3.49470", "2008-12-31": "2.69300", "2008-09-30": "-49.21560", "2008-06-30": "2.56850", "2008-03-31": "2.44050", "2007-12-31": "2.42640", "2007-09-30": "2.71860", "2007-06-30": "2.82560", "2007-03-31": "2.99080", "2006-12-31": "2.93870", "2006-09-30": "2.90420", "2006-06-30": "2.45260", "2006-03-31": "3.55490", "2005-12-31": "3.30570", "2005-09-30": "3.56730", "2005-06-30": "3.41020", "2005-03-31": "3.18540"}, "Net Profit Margin": {"2020-09-30": "3.37840", "2020-06-30": "6.17250", "2020-03-31": "-4.97750", "2019-12-31": "2.84200", "2019-09-30": "1.82190", "2019-06-30": "1.88630", "2019-03-31": "1.84670", "2018-12-31": "1.71300", "2018-09-30": "2.09380", "2018-06-30": "1.81010", "2018-03-31": "1.78140", "2017-12-31": "2.66210", "2017-09-30": "1.79480", "2017-06-30": "1.66120", "2017-03-31": "1.90880", "2016-12-31": "2.10380", "2016-09-30": "1.92730", "2016-06-30": "2.05830", "2016-03-31": "1.87320", "2015-12-31": "1.82590", "2015-09-30": "2.21340", "2015-06-30": "2.20320", "2015-03-31": "2.25520", "2014-12-31": "2.31190", "2014-09-30": "2.16950", "2014-06-30": "2.09670", "2014-03-31": "2.17940", "2013-12-31": "2.41830", "2013-09-30": "2.07120", "2013-06-30": "2.03100", "2013-03-31": "2.02620", "2012-12-31": "1.99420", "2012-09-30": "2.07430", "2012-06-30": "2.01310", "2012-03-31": "1.99620", "2011-12-31": "1.88670", "2011-09-30": "2.01630", "2011-06-30": "2.15510", "2011-03-31": "2.09600", "2010-12-31": "2.07320", "2010-09-30": "1.73800", "2010-06-30": "1.52050", "2010-03-31": "1.94600", "2009-12-31": "2.22200", "2009-09-30": "2.24840", "2009-06-30": "1.41300", "2009-03-31": "1.44120", "2008-12-31": "2.82350", "2008-09-30": "-42.05340", "2008-06-30": "1.41390", "2008-03-31": "1.32060", "2007-12-31": "1.67040", "2007-09-30": "1.59750", "2007-06-30": "1.72660", "2007-03-31": "1.80470", "2006-12-31": "1.92840", "2006-09-30": "1.68490", "2006-06-30": "1.48590", "2006-03-31": "1.90760", "2005-12-31": "1.98920", "2005-09-30": "2.54980", "2005-06-30": "3.94010", "2005-03-31": "2.15320"}, "Asset Turnover": {"2020-09-30": "0.56480", "2020-06-30": "0.47980", "2020-03-31": "0.44230", "2019-12-31": "0.52630", "2019-09-30": "0.52250", "2019-06-30": "0.49940", "2019-03-31": "0.45640", "2018-12-31": "0.50740", "2018-09-30": "0.52860", "2018-06-30": "0.52410", "2018-03-31": "0.51470", "2017-12-31": "0.55330", "2017-09-30": "0.54570", "2017-06-30": "0.52010", "2017-03-31": "0.50920", "2016-12-31": "0.54480", "2016-09-30": "0.57470", "2016-06-30": "0.55590", "2016-03-31": "0.51210", "2015-12-31": "0.55920", "2015-09-30": "0.60480", "2015-06-30": "0.59100", "2015-03-31": "0.58590", "2014-12-31": "0.60100", "2014-09-30": "0.62990", "2014-06-30": "0.60830", "2014-03-31": "0.56350", "2013-12-31": "0.57160", "2013-09-30": "0.60620", "2013-06-30": "0.59390", "2013-03-31": "0.56940", "2012-12-31": "0.57920", "2012-09-30": "0.59940", "2012-06-30": "0.60430", "2012-03-31": "0.57750", "2011-12-31": "0.59340", "2011-09-30": "0.60800", "2011-06-30": "0.56210", "2011-03-31": "0.56220", "2010-12-31": "0.54340", "2010-09-30": "0.57130", "2010-06-30": "0.56260", "2010-03-31": "0.51560", "2009-12-31": "0.51350", "2009-09-30": "0.56750", "2009-06-30": "0.49600", "2009-03-31": "0.42980", "2008-12-31": "0.39520", "2008-09-30": "0.53850", "2008-06-30": "0.43870", "2008-03-31": "0.45050", "2007-12-31": "0.36500", "2007-09-30": "0.54100", "2007-06-30": "0.52970", "2007-03-31": "0.51400", "2006-12-31": "0.45340", "2006-09-30": "0.57930", "2006-06-30": "0.55910", "2006-03-31": "0.51880", "2005-12-31": "0.42950", "2005-09-30": "0.61350", "2005-06-30": "0.57500", "2005-03-31": "0.51540"}, "Inventory Turnover Ratio": {"2020-09-30": "1.78590", "2020-06-30": "1.53680", "2020-03-31": "1.04810", "2019-12-31": "1.40760", "2019-09-30": "1.39420", "2019-06-30": "1.26580", "2019-03-31": "1.09580", "2018-12-31": "1.25020", "2018-09-30": "1.32900", "2018-06-30": "1.26570", "2018-03-31": "1.25170", "2017-12-31": "1.43100", "2017-09-30": "1.34560", "2017-06-30": "1.19930", "2017-03-31": "1.16980", "2016-12-31": "1.32710", "2016-09-30": "1.37210", "2016-06-30": "1.25620", "2016-03-31": "1.09320", "2015-12-31": "1.25350", "2015-09-30": "1.40180", "2015-06-30": "1.36350", "2015-03-31": "1.41520", "2014-12-31": "1.47100", "2014-09-30": "1.54420", "2014-06-30": "1.45630", "2014-03-31": "1.34810", "2013-12-31": "1.35140", "2013-09-30": "1.50680", "2013-06-30": "1.42100", "2013-03-31": "1.37310", "2012-12-31": "1.47670", "2012-09-30": "1.54580", "2012-06-30": "1.57700", "2012-03-31": "1.53880", "2011-12-31": "1.71300", "2011-09-30": "1.83010", "2011-06-30": "1.54660", "2011-03-31": "1.58510", "2010-12-31": "1.44710", "2010-09-30": "1.56830", "2010-06-30": "1.62880", "2010-03-31": "1.53940", "2009-12-31": "1.65610", "2009-09-30": "2.05100", "2009-06-30": "1.68830", "2009-03-31": "1.25180", "2008-12-31": "1.11540", "2008-09-30": "1.42290", "2008-06-30": "1.33190", "2008-03-31": "1.34450", "2007-12-31": "1.15060", "2007-09-30": "1.70360", "2007-06-30": "1.60350", "2007-03-31": "1.58630", "2006-12-31": "1.42280", "2006-09-30": "1.73040", "2006-06-30": "1.47060", "2006-03-31": "1.42760", "2005-12-31": "1.22890", "2005-09-30": "1.94330", "2005-06-30": "1.59010", "2005-03-31": "1.31830"}, "Receiveable Turnover": {"2020-09-30": "7.91930", "2020-06-30": "6.73250", "2020-03-31": "9.09920", "2019-12-31": "6.05310", "2019-09-30": "6.58370", "2019-06-30": "6.84400", "2019-03-31": "6.36490", "2018-12-31": "5.54360", "2018-09-30": "6.68230", "2018-06-30": "6.31010", "2018-03-31": "5.95620", "2017-12-31": "5.11570", "2017-09-30": "6.02930", "2017-06-30": "6.63980", "2017-03-31": "6.18980", "2016-12-31": "5.30590", "2016-09-30": "7.06270", "2016-06-30": "6.65860", "2016-03-31": "6.66960", "2015-12-31": "5.87950", "2015-09-30": "7.06200", "2015-06-30": "6.77950", "2015-03-31": "6.35500", "2014-12-31": "6.17240", "2014-09-30": "7.53150", "2014-06-30": "6.92680", "2014-03-31": "6.57550", "2013-12-31": "6.10600", "2013-09-30": "7.46000", "2013-06-30": "7.12340", "2013-03-31": "6.94190", "2012-12-31": "5.97390", "2012-09-30": "7.65030", "2012-06-30": "7.24530", "2012-03-31": "7.05850", "2011-12-31": "6.26220", "2011-09-30": "8.72050", "2011-06-30": "8.24590", "2011-03-31": "7.78170", "2010-12-31": "7.02640", "2010-09-30": "8.34970", "2010-06-30": "7.88090", "2010-03-31": "7.03350", "2009-12-31": "6.83270", "2009-09-30": "9.23050", "2009-06-30": "7.85660", "2009-03-31": "7.13890", "2008-12-31": "6.41950", "2008-09-30": "7.18570", "2008-06-30": "6.55850", "2008-03-31": "5.98950", "2007-12-31": "4.40330", "2007-09-30": "6.73830", "2007-06-30": "6.65610", "2007-03-31": "6.53080", "2006-12-31": "4.90530", "2006-09-30": "6.80830", "2006-06-30": "6.65760", "2006-03-31": "6.67900", "2005-12-31": "4.89080", "2005-09-30": "7.75380", "2005-06-30": "6.37850", "2005-03-31": "6.32890"}, "Days Sales In Receivables": {"2020-09-30": "11.36470", "2020-06-30": "13.36800", "2020-03-31": "9.89090", "2019-12-31": "14.86840", "2019-09-30": "13.67010", "2019-06-30": "13.15020", "2019-03-31": "14.14010", "2018-12-31": "16.23480", "2018-09-30": "13.46840", "2018-06-30": "14.26280", "2018-03-31": "15.11040", "2017-12-31": "17.59300", "2017-09-30": "14.92710", "2017-06-30": "13.55460", "2017-03-31": "14.54000", "2016-12-31": "16.96210", "2016-09-30": "12.74310", "2016-06-30": "13.51640", "2016-03-31": "13.49400", "2015-12-31": "15.30730", "2015-09-30": "12.74430", "2015-06-30": "13.27530", "2015-03-31": "14.16210", "2014-12-31": "14.58100", "2014-09-30": "11.94990", "2014-06-30": "12.99300", "2014-03-31": "13.68720", "2013-12-31": "14.73970", "2013-09-30": "12.06430", "2013-06-30": "12.63440", "2013-03-31": "12.96480", "2012-12-31": "15.06540", "2012-09-30": "11.76420", "2012-06-30": "12.42180", "2012-03-31": "12.75060", "2011-12-31": "14.37200", "2011-09-30": "10.32060", "2011-06-30": "10.91450", "2011-03-31": "11.56560", "2010-12-31": "12.80880", "2010-09-30": "10.77890", "2010-06-30": "11.42000", "2010-03-31": "12.79600", "2009-12-31": "13.17200", "2009-09-30": "9.75030", "2009-06-30": "11.45530", "2009-03-31": "12.60710", "2008-12-31": "14.01980", "2008-09-30": "12.52490", "2008-06-30": "13.72260", "2008-03-31": "15.02620", "2007-12-31": "20.43910", "2007-09-30": "13.35650", "2007-06-30": "13.52140", "2007-03-31": "13.78080", "2006-12-31": "18.34760", "2006-09-30": "13.21920", "2006-06-30": "13.51830", "2006-03-31": "13.47510", "2005-12-31": "18.40180", "2005-09-30": "11.60720", "2005-06-30": "14.10980", "2005-03-31": "14.22050"}, "ROE - Return On Equity": {"2020-09-30": "5.43790", "2020-06-30": "8.92050", "2020-03-31": "-8.15620", "2019-12-31": "4.98720", "2019-09-30": "3.33700", "2019-06-30": "3.50340", "2019-03-31": "3.30610", "2018-12-31": "3.42050", "2018-09-30": "4.28950", "2018-06-30": "3.89510", "2018-03-31": "3.77440", "2017-12-31": "6.39430", "2017-09-30": "4.43540", "2017-06-30": "3.51000", "2017-03-31": "4.03420", "2016-12-31": "5.00370", "2016-09-30": "4.85410", "2016-06-30": "5.19410", "2016-03-31": "4.60160", "2015-12-31": "4.16290", "2015-09-30": "5.25410", "2015-06-30": "5.04090", "2015-03-31": "5.06440", "2014-12-31": "5.64160", "2014-09-30": "5.30320", "2014-06-30": "4.73860", "2014-03-31": "4.61600", "2013-12-31": "5.32090", "2013-09-30": "4.65540", "2013-06-30": "4.78620", "2013-03-31": "4.65690", "2012-12-31": "4.90970", "2012-09-30": "4.99850", "2012-06-30": "5.16950", "2012-03-31": "4.68720", "2011-12-31": "3.68940", "2011-09-30": "3.49150", "2011-06-30": "3.46390", "2011-03-31": "3.28720", "2010-12-31": "3.27100", "2010-09-30": "2.91740", "2010-06-30": "2.53730", "2010-03-31": "2.52650", "2009-12-31": "2.69620", "2009-09-30": "2.78630", "2009-06-30": "2.35770", "2009-03-31": "2.35170", "2008-12-31": "3.28920", "2008-09-30": "-65.59830", "2008-06-30": "1.57000", "2008-03-31": "1.59100", "2007-12-31": "1.31280", "2007-09-30": "2.20320", "2007-06-30": "2.12140", "2007-03-31": "2.15370", "2006-12-31": "1.93120", "2006-09-30": "2.33310", "2006-06-30": "2.00650", "2006-03-31": "2.04240", "2005-12-31": "1.62330", "2005-09-30": "2.62210", "2005-06-30": "2.38800", "2005-03-31": "2.06600"}, "Return On Tangible Equity": {"2020-09-30": "11.06940", "2020-06-30": "19.51340", "2020-03-31": "-20.35060", "2019-12-31": "14.62080", "2019-09-30": "10.91580", "2019-06-30": "12.58720", "2019-03-31": "13.55810", "2018-12-31": "15.29470", "2018-09-30": "22.18490", "2018-06-30": "23.57210", "2018-03-31": "25.14830", "2017-12-31": "56.63560", "2017-09-30": "179.41210", "2017-06-30": "24.66250", "2017-03-31": "30.88050", "2016-12-31": "57.56980", "2016-09-30": "73.13440", "2016-06-30": "60.17190", "2016-03-31": "97.66550", "2015-12-31": "18.99400", "2015-09-30": "23.24220", "2015-06-30": "20.87330", "2015-03-31": "21.70200", "2014-12-31": "29.02900", "2014-09-30": "26.17760", "2014-06-30": "18.91790", "2014-03-31": "20.05460", "2013-12-31": "23.49040", "2013-09-30": "22.54070", "2013-06-30": "29.90380", "2013-03-31": "31.52710", "2012-12-31": "51.87730", "2012-09-30": "32.42280", "2012-06-30": "55.24490", "2012-03-31": "41.19950", "2011-12-31": "13.85260", "2011-09-30": "11.13910", "2011-06-30": "10.09500", "2011-03-31": "9.36710", "2010-12-31": "9.25800", "2010-09-30": "8.82890", "2010-06-30": "7.57810", "2010-03-31": "5.79030", "2009-12-31": "6.17540", "2009-09-30": "6.36930", "2009-06-30": "5.43810", "2009-03-31": "5.70190", "2008-12-31": "8.08090", "2008-09-30": "-173.95310", "2008-06-30": "12.30600", "2008-03-31": "13.53260", "2007-12-31": "10.85970", "2007-09-30": "19.56580", "2007-06-30": "12.40030", "2007-03-31": "11.34640", "2006-12-31": "11.41720", "2006-09-30": "13.46790", "2006-06-30": "10.99380", "2006-03-31": "5.48710", "2005-12-31": "4.39450", "2005-09-30": "7.36130", "2005-06-30": "7.02130", "2005-03-31": "6.59240"}, "ROA - Return On Assets": {"2020-09-30": "1.90820", "2020-06-30": "2.96240", "2020-03-31": "-2.20040", "2019-12-31": "1.49570", "2019-09-30": "0.95680", "2019-06-30": "0.94400", "2019-03-31": "0.84380", "2018-12-31": "0.87110", "2018-09-30": "1.10970", "2018-06-30": "0.94670", "2018-03-31": "0.91290", "2017-12-31": "1.47500", "2017-09-30": "0.98040", "2017-06-30": "0.86410", "2017-03-31": "0.97300", "2016-12-31": "1.14910", "2016-09-30": "1.11280", "2016-06-30": "1.14520", "2016-03-31": "0.96220", "2015-12-31": "1.02430", "2015-09-30": "1.34440", "2015-06-30": "1.30330", "2015-03-31": "1.32370", "2014-12-31": "1.39170", "2014-09-30": "1.36910", "2014-06-30": "1.27930", "2014-03-31": "1.23320", "2013-12-31": "1.38610", "2013-09-30": "1.25830", "2013-06-30": "1.20890", "2013-03-31": "1.15650", "2012-12-31": "1.15090", "2012-09-30": "1.24790", "2012-06-30": "1.22260", "2012-03-31": "1.16070", "2011-12-31": "1.12760", "2011-09-30": "1.22600", "2011-06-30": "1.23490", "2011-03-31": "1.19370", "2010-12-31": "1.13820", "2010-09-30": "1.02080", "2010-06-30": "0.90610", "2010-03-31": "1.06890", "2009-12-31": "1.14840", "2009-09-30": "1.26420", "2009-06-30": "1.03110", "2009-03-31": "0.94170", "2008-12-31": "1.20220", "2008-09-30": "-22.37500", "2008-06-30": "0.66460", "2008-03-31": "0.65350", "2007-12-31": "0.53780", "2007-09-30": "0.91810", "2007-06-30": "0.93820", "2007-03-31": "0.98610", "2006-12-31": "0.83360", "2006-09-30": "1.01900", "2006-06-30": "0.84440", "2006-03-31": "1.11230", "2005-12-31": "0.85900", "2005-09-30": "1.45910", "2005-06-30": "1.24320", "2005-03-31": "1.02160"}, "ROI - Return On Investment": {"2020-09-30": "3.55260", "2020-06-30": "5.68810", "2020-03-31": "-4.71630", "2019-12-31": "3.32660", "2019-09-30": "2.18700", "2019-06-30": "2.26500", "2019-03-31": "2.11160", "2018-12-31": "2.00120", "2018-09-30": "2.45190", "2018-06-30": "2.18450", "2018-03-31": "2.10580", "2017-12-31": "3.50010", "2017-09-30": "2.79160", "2017-06-30": "2.36090", "2017-03-31": "2.42470", "2016-12-31": "2.94790", "2016-09-30": "2.70160", "2016-06-30": "2.87720", "2016-03-31": "2.50970", "2015-12-31": "2.38850", "2015-09-30": "2.96560", "2015-06-30": "2.81610", "2015-03-31": "2.63690", "2014-12-31": "2.79970", "2014-09-30": "2.71670", "2014-06-30": "2.52330", "2014-03-31": "2.47350", "2013-12-31": "2.83350", "2013-09-30": "2.42940", "2013-06-30": "2.37750", "2013-03-31": "2.23040", "2012-12-31": "2.20780", "2012-09-30": "2.33830", "2012-06-30": "2.23890", "2012-03-31": "2.12720", "2011-12-31": "1.98070", "2011-09-30": "2.06780", "2011-06-30": "2.06530", "2011-03-31": "2.02750", "2010-12-31": "1.98860", "2010-09-30": "1.73190", "2010-06-30": "1.50150", "2010-03-31": "1.71410", "2009-12-31": "1.82210", "2009-09-30": "1.88400", "2009-06-30": "1.58380", "2009-03-31": "1.56380", "2008-12-31": "2.11180", "2008-09-30": "-40.04250", "2008-06-30": "1.10650", "2008-03-31": "1.07750", "2007-12-31": "0.87270", "2007-09-30": "1.49350", "2007-06-30": "1.52480", "2007-03-31": "1.59110", "2006-12-31": "1.36040", "2006-09-30": "1.66720", "2006-06-30": "1.43890", "2006-03-31": "1.85560", "2005-12-31": "1.47070", "2005-09-30": "2.29250", "2005-06-30": "2.08010", "2005-03-31": "1.78800"}, "Book Value Per Share": {"2020-09-30": "38.22530", "2020-06-30": "35.97660", "2020-03-31": "32.64420", "2019-12-31": "35.39040", "2019-09-30": "33.59080", "2019-06-30": "32.36490", "2019-03-31": "31.22920", "2018-12-31": "30.17040", "2018-09-30": "29.11320", "2018-06-30": "27.84040", "2018-03-31": "27.06570", "2017-12-31": "25.87700", "2017-09-30": "24.11670", "2017-06-30": "24.87730", "2017-03-31": "24.03130", "2016-12-31": "22.95330", "2016-09-30": "21.93640", "2016-06-30": "21.12760", "2016-03-31": "20.27720", "2015-12-31": "21.20230", "2015-09-30": "20.39950", "2015-06-30": "20.16060", "2015-03-31": "19.36160", "2014-12-31": "18.28650", "2014-09-30": "17.56780", "2014-06-30": "17.92770", "2014-03-31": "17.33310", "2013-12-31": "17.05080", "2013-09-30": "16.36470", "2013-06-30": "15.51490", "2013-03-31": "14.72560", "2012-12-31": "13.97110", "2012-09-30": "13.46900", "2012-06-30": "12.67100", "2012-03-31": "12.61890", "2011-12-31": "13.95300", "2011-09-30": "14.31630", "2011-06-30": "14.52630", "2011-03-31": "14.38960", "2010-12-31": "14.01220", "2010-09-30": "13.55120", "2010-06-30": "13.20190", "2010-03-31": "13.70180", "2009-12-31": "13.41170", "2009-09-30": "13.16190", "2009-06-30": "12.86770", "2009-03-31": "12.63200", "2008-12-31": "12.42900", "2008-09-30": "12.03150", "2008-06-30": "20.01100", "2008-03-31": "19.60980", "2007-12-31": "19.25900", "2007-09-30": "18.90310", "2007-06-30": "18.51240", "2007-03-31": "18.26390", "2006-12-31": "17.95720", "2006-09-30": "17.62350", "2006-06-30": "17.29310", "2006-03-31": "18.14120", "2005-12-31": "17.80680", "2005-09-30": "17.59490", "2005-06-30": "17.13700", "2005-03-31": "16.45150"}, "Operating Cash Flow Per Share": {"2020-09-30": 2.9457, "2020-06-30": 8.8877, "2020-03-31": "1.26330", "2019-12-31": 1.1377, "2019-09-30": 2.6444, "2019-06-30": 1.854, "2019-03-31": "2.86330", "2018-12-31": -0.2963, "2018-09-30": 2.7057, "2018-06-30": 1.044, "2018-03-31": "2.14350", "2017-12-31": 0.8224, "2017-09-30": 2.3259, "2017-06-30": 0.5249, "2017-03-31": "1.82680", "2016-12-31": 0.3044, "2016-09-30": 2.464, "2016-06-30": 0.3573, "2016-03-31": "1.84540", "2015-12-31": 0.269, "2015-09-30": 2.0789, "2015-06-30": 0.371, "2015-03-31": "1.73410", "2014-12-31": 0.258, "2014-09-30": 2.076, "2014-06-30": -0.0315, "2014-03-31": "1.77740", "2013-12-31": 0.1343, "2013-09-30": 1.5307, "2013-06-30": 0.3498, "2013-03-31": "1.91140", "2012-12-31": -0.0092, "2012-09-30": 1.5599, "2012-06-30": 0.2094, "2012-03-31": "0.75660", "2011-12-31": 0.5608, "2011-09-30": 1.2823, "2011-06-30": -0.1772, "2011-03-31": "1.01120", "2010-12-31": 0.3527, "2010-09-30": 0.5084, "2010-06-30": 0.4089, "2010-03-31": "0.40420", "2009-12-31": 0.137, "2009-09-30": 0.6545, "2009-06-30": 0.592, "2009-03-31": "0.69940", "2008-12-31": 0.641, "2008-09-30": 1.356, "2008-06-30": 0.788, "2008-03-31": "1.06310", "2007-12-31": 0.4179, "2007-09-30": 0.7696, "2007-06-30": -0.6518, "2007-03-31": "0.48980", "2006-12-31": -0.4325, "2006-09-30": 1.0588, "2006-06-30": 0.3679, "2006-03-31": "0.31190", "2005-12-31": 0.574, "2005-09-30": 0.9199, "2005-06-30": 0.294, "2005-03-31": "0.37480"}, "Free Cash Flow Per Share": {"2020-09-30": 2.5326, "2020-06-30": 8.5055, "2020-03-31": "0.80780", "2019-12-31": 0.2361, "2019-09-30": 1.9438, "2019-06-30": 1.1885, "2019-03-31": "2.20510", "2018-12-31": -1.525, "2018-09-30": 1.8128, "2018-06-30": 0.1894, "2018-03-31": "1.04850", "2017-12-31": 0.1866, "2017-09-30": 1.6792, "2017-06-30": -0.2483, "2017-03-31": "0.92220", "2016-12-31": -0.1785, "2016-09-30": 1.7756, "2016-06-30": -0.2056, "2016-03-31": "1.28960", "2015-12-31": -0.3311, "2015-09-30": 1.7887, "2015-06-30": -0.2259, "2015-03-31": "1.15900", "2014-12-31": -0.1835, "2014-09-30": 1.6453, "2014-06-30": -0.4662, "2014-03-31": "1.36770", "2013-12-31": -0.2723, "2013-09-30": 0.8895, "2013-06-30": 0.1056, "2013-03-31": "1.60490", "2012-12-31": -0.41, "2012-09-30": 1.2438, "2012-06-30": -0.2006, "2012-03-31": "0.48600", "2011-12-31": 0.2718, "2011-09-30": 0.8387, "2011-06-30": -0.4257, "2011-03-31": "0.85570", "2010-12-31": -0.1518, "2010-09-30": 0.2197, "2010-06-30": 0.2453, "2010-03-31": "0.33310", "2009-12-31": -0.053, "2009-09-30": 0.6274, "2009-06-30": 0.5565, "2009-03-31": "0.60850", "2008-12-31": 0.57, "2008-09-30": 1.0552, "2008-06-30": 0.6876, "2008-03-31": "0.93410", "2007-12-31": 0.2743, "2007-09-30": 0.5084, "2007-06-30": -0.8197, "2007-03-31": "0.28900", "2006-12-31": -0.5584, "2006-09-30": 0.6416, "2006-06-30": 0.2257, "2006-03-31": "0.23970", "2005-12-31": 0.3106, "2005-09-30": 0.8913, "2005-06-30": 0.1265, "2005-03-31": "0.31080"}}, "revenue": {"AutoNation Annual Revenue (Millions of US $)": {"2019": "$21,336", "2018": "$21,413", "2017": "$21,535", "2016": "$21,609", "2015": "$20,862", "2014": "$19,109", "2013": "$17,518", "2012": "$15,668", "2011": "$13,832", "2010": "$12,461", "2009": "$10,666", "2008": "$13,239", "2007": "$16,385", "2006": "$18,219", "2005": "$18,310"}, "AutoNation Quarterly Revenue (Millions of US $)": {"2020-09-30": "$5,405", "2020-06-30": "$4,533", "2020-03-31": "$4,667", "2019-12-31": "$5,549", "2019-09-30": "$5,461", "2019-06-30": "$5,344", "2019-03-31": "$4,982", "2018-12-31": "$5,412", "2018-09-30": "$5,349", "2018-06-30": "$5,392", "2018-03-31": "$5,260", "2017-12-31": "$5,684", "2017-09-30": "$5,432", "2017-06-30": "$5,279", "2017-03-31": "$5,139", "2016-12-31": "$5,481", "2016-09-30": "$5,568", "2016-06-30": "$5,441", "2016-03-31": "$5,120", "2015-12-31": "$5,340", "2015-09-30": "$5,354", "2015-06-30": "$5,224", "2015-03-31": "$4,944", "2014-12-31": "$5,048", "2014-09-30": "$4,909", "2014-06-30": "$4,789", "2014-03-31": "$4,364", "2013-12-31": "$4,524", "2013-09-30": "$4,471", "2013-06-30": "$4,427", "2013-03-31": "$4,096", "2012-12-31": "$4,172", "2012-09-30": "$3,934", "2012-06-30": "$3,905", "2012-03-31": "$3,657", "2011-12-31": "$3,678", "2011-09-30": "$3,507", "2011-06-30": "$3,336", "2011-03-31": "$3,311", "2010-12-31": "$3,246", "2010-09-30": "$3,274", "2010-06-30": "$3,104", "2010-03-31": "$2,837", "2009-12-31": "$2,777", "2009-09-30": "$2,891", "2009-06-30": "$2,597", "2009-03-31": "$2,401", "2008-12-31": "$2,377", "2008-09-30": "$3,359", "2008-06-30": "$3,664", "2008-03-31": "$3,839", "2007-12-31": "$3,095", "2007-09-30": "$4,513", "2007-06-30": "$4,477", "2007-03-31": "$4,300", "2006-12-31": "$3,900", "2006-09-30": "$4,855", "2006-06-30": "$4,893", "2006-03-31": "$4,571", "2005-12-31": "$3,790", "2005-09-30": "$5,071", "2005-06-30": "$4,944", "2005-03-31": "$4,505"}}, "gross-profit": {"AutoNation Annual Gross Profit (Millions of US $)": {"2019": "$3,523", "2018": "$3,397", "2017": "$3,359", "2016": "$3,313", "2015": "$3,262", "2014": "$2,989", "2013": "$2,760", "2012": "$2,486", "2011": "$2,304", "2010": "$2,127", "2009": "$1,910", "2008": "$2,225", "2007": "$2,643", "2006": "$2,921", "2005": "$2,915"}, "AutoNation Quarterly Gross Profit (Millions of US $)": {"2020-09-30": "$972", "2020-06-30": "$795", "2020-03-31": "$813", "2019-12-31": "$896", "2019-09-30": "$887", "2019-06-30": "$891", "2019-03-31": "$849", "2018-12-31": "$848", "2018-09-30": "$855", "2018-06-30": "$852", "2018-03-31": "$842", "2017-12-31": "$867", "2017-09-30": "$846", "2017-06-30": "$826", "2017-03-31": "$820", "2016-12-31": "$809", "2016-09-30": "$836", "2016-06-30": "$842", "2016-03-31": "$826", "2015-12-31": "$812", "2015-09-30": "$830", "2015-06-30": "$819", "2015-03-31": "$800", "2014-12-31": "$784", "2014-09-30": "$753", "2014-06-30": "$745", "2014-03-31": "$707", "2013-12-31": "$703", "2013-09-30": "$697", "2013-06-30": "$696", "2013-03-31": "$664", "2012-12-31": "$633", "2012-09-30": "$623", "2012-06-30": "$628", "2012-03-31": "$603", "2011-12-31": "$579", "2011-09-30": "$575", "2011-06-30": "$583", "2011-03-31": "$566", "2010-12-31": "$545", "2010-09-30": "$545", "2010-06-30": "$529", "2010-03-31": "$508", "2009-12-31": "$470", "2009-09-30": "$510", "2009-06-30": "$474", "2009-03-31": "$456", "2008-12-31": "$416", "2008-09-30": "$560", "2008-06-30": "$606", "2008-03-31": "$643", "2007-12-31": "$497", "2007-09-30": "$714", "2007-06-30": "$714", "2007-03-31": "$718", "2006-12-31": "$620", "2006-09-30": "$765", "2006-06-30": "$781", "2006-03-31": "$754", "2005-12-31": "$614", "2005-09-30": "$789", "2005-06-30": "$772", "2005-03-31": "$739"}}, "operating-income": {"AutoNation Annual Operating Income (Millions of US $)": {"2019": "$824", "2018": "$778", "2017": "$843", "2016": "$890", "2015": "$873", "2014": "$821", "2013": "$740", "2012": "$645", "2011": "$572", "2010": "$497", "2009": "$408", "2008": "$-1,281", "2007": "$683", "2006": "$783", "2005": "$794"}, "AutoNation Quarterly Operating Income (Millions of US $)": {"2020-09-30": "$272", "2020-06-30": "$201", "2020-03-31": "$-219", "2019-12-31": "$236", "2019-09-30": "$194", "2019-06-30": "$204", "2019-03-31": "$191", "2018-12-31": "$197", "2018-09-30": "$204", "2018-06-30": "$191", "2018-03-31": "$186", "2017-12-31": "$229", "2017-09-30": "$211", "2017-06-30": "$196", "2017-03-31": "$207", "2016-12-31": "$237", "2016-09-30": "$219", "2016-06-30": "$227", "2016-03-31": "$207", "2015-12-31": "$200", "2015-09-30": "$236", "2015-06-30": "$222", "2015-03-31": "$215", "2014-12-31": "$227", "2014-09-30": "$207", "2014-06-30": "$198", "2014-03-31": "$189", "2013-12-31": "$203", "2013-09-30": "$187", "2013-06-30": "$181", "2013-03-31": "$169", "2012-12-31": "$169", "2012-09-30": "$164", "2012-06-30": "$164", "2012-03-31": "$149", "2011-12-31": "$144", "2011-09-30": "$144", "2011-06-30": "$144", "2011-03-31": "$140", "2010-12-31": "$135", "2010-09-30": "$121", "2010-06-30": "$126", "2010-03-31": "$115", "2009-12-31": "$94", "2009-09-30": "$118", "2009-06-30": "$101", "2009-03-31": "$95", "2008-12-31": "$64", "2008-09-30": "$-1,625", "2008-06-30": "$134", "2008-03-31": "$146", "2007-12-31": "$128", "2007-09-30": "$185", "2007-06-30": "$184", "2007-03-31": "$186", "2006-12-31": "$166", "2006-09-30": "$203", "2006-06-30": "$212", "2006-03-31": "$202", "2005-12-31": "$165", "2005-09-30": "$219", "2005-06-30": "$211", "2005-03-31": "$200"}}, "ebitda": {"AutoNation Annual EBITDA (Millions of US $)": {"2019": "$1,009", "2018": "$950", "2017": "$1,008", "2016": "$1,052", "2015": "$1,005", "2014": "$933", "2013": "$842", "2012": "$739", "2011": "$660", "2010": "$577", "2009": "$488", "2008": "$418", "2007": "$771", "2006": "$867", "2005": "$879"}, "AutoNation Quarterly EBITDA (Millions of US $)": {"2020-09-30": "$325", "2020-06-30": "$252", "2020-03-31": "$148", "2019-12-31": "$284", "2019-09-30": "$240", "2019-06-30": "$249", "2019-03-31": "$236", "2018-12-31": "$241", "2018-09-30": "$246", "2018-06-30": "$235", "2018-03-31": "$228", "2017-12-31": "$271", "2017-09-30": "$254", "2017-06-30": "$237", "2017-03-31": "$245", "2016-12-31": "$288", "2016-09-30": "$257", "2016-06-30": "$263", "2016-03-31": "$244", "2015-12-31": "$235", "2015-09-30": "$267", "2015-06-30": "$258", "2015-03-31": "$245", "2014-12-31": "$256", "2014-09-30": "$236", "2014-06-30": "$226", "2014-03-31": "$216", "2013-12-31": "$230", "2013-09-30": "$213", "2013-06-30": "$206", "2013-03-31": "$194", "2012-12-31": "$193", "2012-09-30": "$188", "2012-06-30": "$187", "2012-03-31": "$171", "2011-12-31": "$166", "2011-09-30": "$166", "2011-06-30": "$167", "2011-03-31": "$162", "2010-12-31": "$155", "2010-09-30": "$141", "2010-06-30": "$146", "2010-03-31": "$135", "2009-12-31": "$113", "2009-09-30": "$138", "2009-06-30": "$120", "2009-03-31": "$116", "2008-12-31": "$87", "2008-09-30": "$8", "2008-06-30": "$155", "2008-03-31": "$169", "2007-12-31": "$149", "2007-09-30": "$209", "2007-06-30": "$206", "2007-03-31": "$208", "2006-12-31": "$186", "2006-09-30": "$224", "2006-06-30": "$234", "2006-03-31": "$223", "2005-12-31": "$185", "2005-09-30": "$240", "2005-06-30": "$232", "2005-03-31": "$221"}}, "net-income": {"AutoNation Annual Net Income (Millions of US $)": {"2019": "$450", "2018": "$396", "2017": "$435", "2016": "$431", "2015": "$443", "2014": "$419", "2013": "$375", "2012": "$316", "2011": "$281", "2010": "$227", "2009": "$198", "2008": "$-1,243", "2007": "$279", "2006": "$317", "2005": "$497"}, "AutoNation Quarterly Net Income (Millions of US $)": {"2020-09-30": "$183", "2020-06-30": "$280", "2020-03-31": "$-232", "2019-12-31": "$158", "2019-09-30": "$100", "2019-06-30": "$101", "2019-03-31": "$92", "2018-12-31": "$93", "2018-09-30": "$112", "2018-06-30": "$98", "2018-03-31": "$94", "2017-12-31": "$151", "2017-09-30": "$98", "2017-06-30": "$88", "2017-03-31": "$98", "2016-12-31": "$115", "2016-09-30": "$107", "2016-06-30": "$112", "2016-03-31": "$96", "2015-12-31": "$98", "2015-09-30": "$119", "2015-06-30": "$115", "2015-03-31": "$112", "2014-12-31": "$117", "2014-09-30": "$107", "2014-06-30": "$100", "2014-03-31": "$95", "2013-12-31": "$109", "2013-09-30": "$93", "2013-06-30": "$90", "2013-03-31": "$83", "2012-12-31": "$83", "2012-09-30": "$82", "2012-06-30": "$79", "2012-03-31": "$73", "2011-12-31": "$69", "2011-09-30": "$71", "2011-06-30": "$72", "2011-03-31": "$69", "2010-12-31": "$67", "2010-09-30": "$57", "2010-06-30": "$47", "2010-03-31": "$55", "2009-12-31": "$62", "2009-09-30": "$65", "2009-06-30": "$37", "2009-03-31": "$35", "2008-12-31": "$67", "2008-09-30": "$-1,413", "2008-06-30": "$52", "2008-03-31": "$51", "2007-12-31": "$52", "2007-09-30": "$72", "2007-06-30": "$77", "2007-03-31": "$78", "2006-12-31": "$75", "2006-09-30": "$82", "2006-06-30": "$73", "2006-03-31": "$87", "2005-12-31": "$75", "2005-09-30": "$129", "2005-06-30": "$195", "2005-03-31": "$97"}}, "eps-earnings-per-share-diluted": {"AutoNation Annual EPS": {"2019": "$4.97", "2018": "$4.34", "2017": "$4.43", "2016": "$4.15", "2015": "$3.89", "2014": "$3.52", "2013": "$3.04", "2012": "$2.52", "2011": "$1.91", "2010": "$1.43", "2009": "$1.12", "2008": "$-6.99", "2007": "$1.39", "2006": "$1.38", "2005": "$1.85"}, "AutoNation Quarterly EPS": {"2020-09-30": "$2.05", "2020-06-30": "$3.18", "2020-03-31": "$-2.58", "2019-12-31": "$1.74", "2019-09-30": "$1.10", "2019-06-30": "$1.12", "2019-03-31": "$1.01", "2018-12-31": "$1.03", "2018-09-30": "$1.23", "2018-06-30": "$1.07", "2018-03-31": "$1.01", "2017-12-31": "$1.60", "2017-09-30": "$1.00", "2017-06-30": "$0.86", "2017-03-31": "$0.97", "2016-12-31": "$1.13", "2016-09-30": "$1.05", "2016-06-30": "$1.08", "2016-03-31": "$0.89", "2015-12-31": "$0.88", "2015-09-30": "$1.04", "2015-06-30": "$1.00", "2015-03-31": "$0.97", "2014-12-31": "$1.01", "2014-09-30": "$0.90", "2014-06-30": "$0.83", "2014-03-31": "$0.78", "2013-12-31": "$0.89", "2013-09-30": "$0.75", "2013-06-30": "$0.73", "2013-03-31": "$0.67", "2012-12-31": "$0.67", "2012-09-30": "$0.66", "2012-06-30": "$0.64", "2012-03-31": "$0.55", "2011-12-31": "$0.49", "2011-09-30": "$0.48", "2011-06-30": "$0.48", "2011-03-31": "$0.46", "2010-12-31": "$0.45", "2010-09-30": "$0.38", "2010-06-30": "$0.29", "2010-03-31": "$0.32", "2009-12-31": "$0.35", "2009-09-30": "$0.36", "2009-06-30": "$0.21", "2009-03-31": "$0.20", "2008-12-31": "$0.43", "2008-09-30": "$-7.99", "2008-06-30": "$0.29", "2008-03-31": "$0.28", "2007-12-31": "$0.28", "2007-09-30": "$0.37", "2007-06-30": "$0.37", "2007-03-31": "$0.37", "2006-12-31": "$0.35", "2006-09-30": "$0.38", "2006-06-30": "$0.32", "2006-03-31": "$0.33", "2005-12-31": "$0.28", "2005-09-30": "$0.48", "2005-06-30": "$0.73", "2005-03-31": "$0.36"}}, "shares-outstanding": {"AutoNation Annual Shares Outstanding (Millions of Shares)": {"2019": "91", "2018": "91", "2017": "98", "2016": "104", "2015": "114", "2014": "119", "2013": "123", "2012": "126", "2011": "147", "2010": "159", "2009": "177", "2008": "178", "2007": "200", "2006": "229", "2005": "268"}, "AutoNation Quarterly Shares Outstanding (Millions of Shares)": {"2020-09-30": "89", "2020-06-30": "88", "2020-03-31": "90", "2019-12-31": "91", "2019-09-30": "90", "2019-06-30": "90", "2019-03-31": "91", "2018-12-31": "91", "2018-09-30": "91", "2018-06-30": "91", "2018-03-31": "93", "2017-12-31": "98", "2017-09-30": "98", "2017-06-30": "102", "2017-03-31": "102", "2016-12-31": "104", "2016-09-30": "103", "2016-06-30": "104", "2016-03-31": "107", "2015-12-31": "114", "2015-09-30": "114", "2015-06-30": "115", "2015-03-31": "115", "2014-12-31": "119", "2014-09-30": "119", "2014-06-30": "121", "2014-03-31": "121", "2013-12-31": "123", "2013-09-30": "124", "2013-06-30": "123", "2013-03-31": "123", "2012-12-31": "126", "2012-09-30": "123", "2012-06-30": "124", "2012-03-31": "132", "2011-12-31": "141", "2011-09-30": "147", "2011-06-30": "150", "2011-03-31": "152", "2010-12-31": "150", "2010-09-30": "150", "2010-06-30": "163", "2010-03-31": "172", "2009-12-31": "177", "2009-09-30": "179", "2009-06-30": "179", "2009-03-31": "177", "2008-12-31": "178", "2008-09-30": "177", "2008-06-30": "179", "2008-03-31": "181", "2007-12-31": "200", "2007-09-30": "198", "2007-06-30": "209", "2007-03-31": "211", "2006-12-31": "229", "2006-09-30": "215", "2006-06-30": "225", "2006-03-31": "267", "2005-12-31": "268", "2005-09-30": "267", "2005-06-30": "268", "2005-03-31": "270"}}, "total-assets": {"AutoNation Annual Total Assets (Millions of US $)": {"2019": "$10,543", "2018": "$10,665", "2017": "$10,272", "2016": "$10,060", "2015": "$9,548", "2014": "$8,400", "2013": "$7,914", "2012": "$7,203", "2011": "$6,199", "2010": "$5,974", "2009": "$5,407", "2008": "$6,014", "2007": "$8,480", "2006": "$8,601", "2005": "$8,825"}, "AutoNation Quarterly Total Assets (Millions of US $)": {"2020-09-30": "$9,569", "2020-06-30": "$9,449", "2020-03-31": "$10,552", "2019-12-31": "$10,543", "2019-09-30": "$10,452", "2019-06-30": "$10,700", "2019-03-31": "$10,914", "2018-12-31": "$10,665", "2018-09-30": "$10,120", "2018-06-30": "$10,289", "2018-03-31": "$10,220", "2017-12-31": "$10,272", "2017-09-30": "$9,955", "2017-06-30": "$10,150", "2017-03-31": "$10,093", "2016-12-31": "$10,060", "2016-09-30": "$9,687", "2016-06-30": "$9,788", "2016-03-31": "$9,998", "2015-12-31": "$9,548", "2015-09-30": "$8,851", "2015-06-30": "$8,839", "2015-03-31": "$8,439", "2014-12-31": "$8,400", "2014-09-30": "$7,794", "2014-06-30": "$7,872", "2014-03-31": "$7,744", "2013-12-31": "$7,914", "2013-09-30": "$7,375", "2013-06-30": "$7,453", "2013-03-31": "$7,194", "2012-12-31": "$7,203", "2012-09-30": "$6,563", "2012-06-30": "$6,461", "2012-03-31": "$6,332", "2011-12-31": "$6,199", "2011-09-30": "$5,767", "2011-06-30": "$5,936", "2011-03-31": "$5,889", "2010-12-31": "$5,974", "2010-09-30": "$5,731", "2010-06-30": "$5,518", "2010-03-31": "$5,501", "2009-12-31": "$5,407", "2009-09-30": "$5,094", "2009-06-30": "$5,237", "2009-03-31": "$5,586", "2008-12-31": "$6,014", "2008-09-30": "$6,238", "2008-06-30": "$8,351", "2008-03-31": "$8,523", "2007-12-31": "$8,480", "2007-09-30": "$8,343", "2007-06-30": "$8,452", "2007-03-31": "$8,366", "2006-12-31": "$8,601", "2006-09-30": "$8,380", "2006-06-30": "$8,752", "2006-03-31": "$8,811", "2005-12-31": "$8,825", "2005-09-30": "$8,265", "2005-06-30": "$8,599", "2005-03-31": "$8,741"}}, "cash-on-hand": {"AutoNation Annual Cash on Hand (Millions of US $)": {"2019": "$42", "2018": "$49", "2017": "$69", "2016": "$65", "2015": "$74", "2014": "$75", "2013": "$69", "2012": "$70", "2011": "$87", "2010": "$95", "2009": "$174", "2008": "$110", "2007": "$33", "2006": "$53", "2005": "$246"}, "AutoNation Quarterly Cash on Hand (Millions of US $)": {"2020-09-30": "$351", "2020-06-30": "$257", "2020-03-31": "$411", "2019-12-31": "$42", "2019-09-30": "$45", "2019-06-30": "$51", "2019-03-31": "$49", "2018-12-31": "$49", "2018-09-30": "$53", "2018-06-30": "$53", "2018-03-31": "$58", "2017-12-31": "$69", "2017-09-30": "$53", "2017-06-30": "$53", "2017-03-31": "$56", "2016-12-31": "$65", "2016-09-30": "$62", "2016-06-30": "$55", "2016-03-31": "$48", "2015-12-31": "$74", "2015-09-30": "$64", "2015-06-30": "$65", "2015-03-31": "$74", "2014-12-31": "$75", "2014-09-30": "$68", "2014-06-30": "$69", "2014-03-31": "$69", "2013-12-31": "$69", "2013-09-30": "$68", "2013-06-30": "$70", "2013-03-31": "$46", "2012-12-31": "$70", "2012-09-30": "$99", "2012-06-30": "$62", "2012-03-31": "$76", "2011-12-31": "$87", "2011-09-30": "$67", "2011-06-30": "$82", "2011-03-31": "$84", "2010-12-31": "$95", "2010-09-30": "$85", "2010-06-30": "$102", "2010-03-31": "$161", "2009-12-31": "$174", "2009-09-30": "$205", "2009-06-30": "$129", "2009-03-31": "$62", "2008-12-31": "$110", "2008-09-30": "$61", "2008-06-30": "$42", "2008-03-31": "$34", "2007-12-31": "$33", "2007-09-30": "$28", "2007-06-30": "$31", "2007-03-31": "$43", "2006-12-31": "$53", "2006-09-30": "$30", "2006-06-30": "$36", "2006-03-31": "$257", "2005-12-31": "$246", "2005-09-30": "$278", "2005-06-30": "$48", "2005-03-31": "$29"}}, "long-term-debt": {"AutoNation Annual Long Term Debt (Millions of US $)": {"2019": "$1,579", "2018": "$1,926", "2017": "$1,959", "2016": "$1,611", "2015": "$1,745", "2014": "$2,103", "2013": "$1,810", "2012": "$2,066", "2011": "$1,634", "2010": "$1,341", "2009": "$1,105", "2008": "$1,226", "2007": "$1,752", "2006": "$1,558", "2005": "$484"}, "AutoNation Quarterly Long Term Debt (Millions of US $)": {"2020-09-30": "$1,782", "2020-06-30": "$1,783", "2020-03-31": "$2,076", "2019-12-31": "$1,579", "2019-09-30": "$1,576", "2019-06-30": "$1,576", "2019-03-31": "$1,576", "2018-12-31": "$1,926", "2018-09-30": "$1,962", "2018-06-30": "$1,958", "2018-03-31": "$1,959", "2017-12-31": "$1,959", "2017-09-30": "$1,296", "2017-06-30": "$1,216", "2017-03-31": "$1,616", "2016-12-31": "$1,611", "2016-09-30": "$1,770", "2016-06-30": "$1,738", "2016-03-31": "$1,743", "2015-12-31": "$1,745", "2015-09-30": "$1,748", "2015-06-30": "$1,806", "2015-03-31": "$2,031", "2014-12-31": "$2,103", "2014-09-30": "$1,916", "2014-06-30": "$1,866", "2014-03-31": "$1,792", "2013-12-31": "$1,810", "2013-09-30": "$1,827", "2013-06-30": "$1,907", "2013-03-31": "$1,944", "2012-12-31": "$2,066", "2012-09-30": "$1,864", "2012-06-30": "$2,000", "2012-03-31": "$1,887", "2011-12-31": "$1,634", "2011-09-30": "$1,394", "2011-06-30": "$1,433", "2011-03-31": "$1,329", "2010-12-31": "$1,341", "2010-09-30": "$1,373", "2010-06-30": "$1,359", "2010-03-31": "$1,103", "2009-12-31": "$1,105", "2009-09-30": "$1,107", "2009-06-30": "$1,119", "2009-03-31": "$1,127", "2008-12-31": "$1,226", "2008-09-30": "$1,358", "2008-06-30": "$1,481", "2008-03-31": "$1,669", "2007-12-31": "$1,752", "2007-09-30": "$1,652", "2007-06-30": "$1,463", "2007-03-31": "$1,354", "2006-12-31": "$1,558", "2006-09-30": "$1,462", "2006-06-30": "$1,453", "2006-03-31": "$483", "2005-12-31": "$484", "2005-09-30": "$661", "2005-06-30": "$663", "2005-03-31": "$672"}}, "total-liabilities": {"AutoNation Annual Total Liabilities (Millions of US $)": {"2019": "$7,381", "2018": "$7,949", "2017": "$7,902", "2016": "$7,750", "2015": "$7,199", "2014": "$6,328", "2013": "$5,852", "2012": "$5,515", "2011": "$4,304", "2010": "$3,895", "2009": "$3,104", "2008": "$3,816", "2007": "$5,006", "2006": "$4,889", "2005": "$4,155"}, "AutoNation Quarterly Total Liabilities (Millions of US $)": {"2020-09-30": "$6,211", "2020-06-30": "$6,311", "2020-03-31": "$7,706", "2019-12-31": "$7,381", "2019-09-30": "$7,455", "2019-06-30": "$7,817", "2019-03-31": "$8,129", "2018-12-31": "$7,949", "2018-09-30": "$7,502", "2018-06-30": "$7,788", "2018-03-31": "$7,748", "2017-12-31": "$7,902", "2017-09-30": "$7,754", "2017-06-30": "$7,651", "2017-03-31": "$7,659", "2016-12-31": "$7,750", "2016-09-30": "$7,466", "2016-06-30": "$7,630", "2016-03-31": "$7,907", "2015-12-31": "$7,199", "2015-09-30": "$6,587", "2015-06-30": "$6,554", "2015-03-31": "$6,233", "2014-12-31": "$6,328", "2014-09-30": "$5,782", "2014-06-30": "$5,747", "2014-03-31": "$5,675", "2013-12-31": "$5,852", "2013-09-30": "$5,381", "2013-06-30": "$5,571", "2013-03-31": "$5,408", "2012-12-31": "$5,515", "2012-09-30": "$4,925", "2012-06-30": "$4,933", "2012-03-31": "$4,764", "2011-12-31": "$4,304", "2011-09-30": "$3,742", "2011-06-30": "$3,820", "2011-03-31": "$3,751", "2010-12-31": "$3,895", "2010-09-30": "$3,726", "2010-06-30": "$3,548", "2010-03-31": "$3,174", "2009-12-31": "$3,104", "2009-09-30": "$2,783", "2009-06-30": "$2,947", "2009-03-31": "$3,349", "2008-12-31": "$3,816", "2008-09-30": "$4,110", "2008-06-30": "$4,816", "2008-03-31": "$5,022", "2007-12-31": "$5,006", "2007-09-30": "$4,866", "2007-06-30": "$4,714", "2007-03-31": "$4,535", "2006-12-31": "$4,889", "2006-09-30": "$4,720", "2006-06-30": "$5,069", "2006-03-31": "$4,013", "2005-12-31": "$4,155", "2005-09-30": "$3,666", "2005-06-30": "$4,123", "2005-03-31": "$4,419"}}, "total-share-holder-equity": {"AutoNation Annual Share Holder Equity (Millions of US $)": {"2019": "$3,162", "2018": "$2,716", "2017": "$2,369", "2016": "$2,310", "2015": "$2,349", "2014": "$2,072", "2013": "$2,062", "2012": "$1,689", "2011": "$1,895", "2010": "$2,079", "2009": "$2,303", "2008": "$2,198", "2007": "$3,474", "2006": "$3,713", "2005": "$4,670"}, "AutoNation Quarterly Share Holder Equity (Millions of US $)": {"2020-09-30": "$3,358", "2020-06-30": "$3,138", "2020-03-31": "$2,847", "2019-12-31": "$3,162", "2019-09-30": "$2,997", "2019-06-30": "$2,883", "2019-03-31": "$2,786", "2018-12-31": "$2,716", "2018-09-30": "$2,618", "2018-06-30": "$2,501", "2018-03-31": "$2,472", "2017-12-31": "$2,369", "2017-09-30": "$2,201", "2017-06-30": "$2,499", "2017-03-31": "$2,434", "2016-12-31": "$2,310", "2016-09-30": "$2,221", "2016-06-30": "$2,158", "2016-03-31": "$2,091", "2015-12-31": "$2,349", "2015-09-30": "$2,265", "2015-06-30": "$2,285", "2015-03-31": "$2,206", "2014-12-31": "$2,072", "2014-09-30": "$2,012", "2014-06-30": "$2,125", "2014-03-31": "$2,069", "2013-12-31": "$2,062", "2013-09-30": "$1,993", "2013-06-30": "$1,883", "2013-03-31": "$1,787", "2012-12-31": "$1,689", "2012-09-30": "$1,639", "2012-06-30": "$1,528", "2012-03-31": "$1,568", "2011-12-31": "$1,895", "2011-09-30": "$2,025", "2011-06-30": "$2,116", "2011-03-31": "$2,139", "2010-12-31": "$2,079", "2010-09-30": "$2,005", "2010-06-30": "$1,971", "2010-03-31": "$2,327", "2009-12-31": "$2,303", "2009-09-30": "$2,311", "2009-06-30": "$2,290", "2009-03-31": "$2,237", "2008-12-31": "$2,198", "2008-09-30": "$2,128", "2008-06-30": "$3,535", "2008-03-31": "$3,501", "2007-12-31": "$3,474", "2007-09-30": "$3,477", "2007-06-30": "$3,738", "2007-03-31": "$3,831", "2006-12-31": "$3,713", "2006-09-30": "$3,660", "2006-06-30": "$3,683", "2006-03-31": "$4,798", "2005-12-31": "$4,670", "2005-09-30": "$4,599", "2005-06-30": "$4,477", "2005-03-31": "$4,322"}}, "profit-margins": {"current": "1.92%"}, "gross margin": {"2020-09-30": "17.25%", "2020-06-30": "16.78%", "2020-03-31": "16.59%", "2019-12-31": "16.51%", "2019-09-30": "16.39%", "2019-06-30": "16.33%", "2019-03-31": "16.11%", "2018-12-31": "15.86%", "2018-09-30": "15.75%", "2018-06-30": "15.65%", "2018-03-31": "15.61%", "2017-12-31": "15.60%", "2017-09-30": "15.48%", "2017-06-30": "15.33%", "2017-03-31": "15.29%", "2016-12-31": "15.33%", "2016-09-30": "15.45%", "2016-06-30": "15.57%", "2016-03-31": "15.62%", "2015-12-31": "15.63%", "2015-09-30": "15.72%", "2015-06-30": "15.68%", "2015-03-31": "15.65%", "2014-12-31": "15.64%", "2014-09-30": "15.65%", "2014-06-30": "15.72%", "2014-03-31": "15.76%", "2013-12-31": "15.76%", "2013-09-30": "15.67%", "2013-06-30": "15.73%", "2013-03-31": "15.82%", "2012-12-31": "15.87%", "2012-09-30": "16.03%", "2012-06-30": "16.17%", "2012-03-31": "16.50%", "2011-12-31": "16.65%", "2011-09-30": "16.93%", "2011-06-30": "17.00%", "2011-03-31": "16.88%", "2010-12-31": "17.06%", "2010-09-30": "17.11%", "2010-06-30": "17.37%", "2010-03-31": "17.67%", "2009-12-31": "17.91%", "2009-09-30": "18.08%", "2009-06-30": "17.76%", "2009-03-31": "17.27%", "2008-12-31": "16.81%", "2008-09-30": "16.52%", "2008-06-30": "16.28%", "2008-03-31": "16.13%", "2007-12-31": "16.13%", "2007-09-30": "16.09%", "2007-06-30": "16.07%", "2007-03-31": "16.07%", "2006-12-31": "16.03%", "2006-09-30": "16.09%", "2006-06-30": "16.03%", "2006-03-31": "15.94%", "2005-12-31": "15.91%"}, "operating margin": {"2020-09-30": "2.43%", "2020-06-30": "2.04%", "2020-03-31": "1.97%", "2019-12-31": "3.87%", "2019-09-30": "3.71%", "2019-06-30": "3.77%", "2019-03-31": "3.70%", "2018-12-31": "3.63%", "2018-09-30": "3.74%", "2018-06-30": "3.75%", "2018-03-31": "3.80%", "2017-12-31": "3.91%", "2017-09-30": "3.99%", "2017-06-30": "4.00%", "2017-03-31": "4.11%", "2016-12-31": "4.11%", "2016-09-30": "3.97%", "2016-06-30": "4.09%", "2016-03-31": "4.11%", "2015-12-31": "4.18%", "2015-09-30": "4.37%", "2015-06-30": "4.32%", "2015-03-31": "4.30%", "2014-12-31": "4.29%", "2014-09-30": "4.29%", "2014-06-30": "4.28%", "2014-03-31": "4.27%", "2013-12-31": "4.22%", "2013-09-30": "4.11%", "2013-06-30": "4.11%", "2013-03-31": "4.13%", "2012-12-31": "4.12%", "2012-09-30": "4.09%", "2012-06-30": "4.07%", "2012-03-31": "4.09%", "2011-12-31": "4.13%", "2011-09-30": "4.20%", "2011-06-30": "4.10%", "2011-03-31": "4.04%", "2010-12-31": "3.99%", "2010-09-30": "3.80%", "2010-06-30": "3.90%", "2010-03-31": "3.86%", "2009-12-31": "3.83%", "2009-09-30": "3.68%", "2009-06-30": "-12.72%", "2009-03-31": "-11.29%", "2008-12-31": "-9.68%", "2008-09-30": "-8.72%", "2008-06-30": "3.92%", "2008-03-31": "4.04%", "2007-12-31": "4.17%", "2007-09-30": "4.19%", "2007-06-30": "4.22%", "2007-03-31": "4.27%", "2006-12-31": "4.30%", "2006-09-30": "4.32%", "2006-06-30": "4.35%", "2006-03-31": "4.34%", "2005-12-31": "4.34%"}, "ebitda margin": {"2020-09-30": "5.01%", "2020-06-30": "4.57%", "2020-03-31": "4.38%", "2019-12-31": "4.73%", "2019-09-30": "4.56%", "2019-06-30": "4.61%", "2019-03-31": "4.53%", "2018-12-31": "4.44%", "2018-09-30": "4.52%", "2018-06-30": "4.54%", "2018-03-31": "4.57%", "2017-12-31": "4.68%", "2017-09-30": "4.80%", "2017-06-30": "4.78%", "2017-03-31": "4.87%", "2016-12-31": "4.87%", "2016-09-30": "4.65%", "2016-06-30": "4.75%", "2016-03-31": "4.77%", "2015-12-31": "4.82%", "2015-09-30": "4.98%", "2015-06-30": "4.94%", "2015-03-31": "4.89%", "2014-12-31": "4.88%", "2014-09-30": "4.89%", "2014-06-30": "4.88%", "2014-03-31": "4.86%", "2013-12-31": "4.81%", "2013-09-30": "4.69%", "2013-06-30": "4.69%", "2013-03-31": "4.72%", "2012-12-31": "4.71%", "2012-09-30": "4.69%", "2012-06-30": "4.67%", "2012-03-31": "4.72%", "2011-12-31": "4.77%", "2011-09-30": "4.84%", "2011-06-30": "4.74%", "2011-03-31": "4.67%", "2010-12-31": "4.63%", "2010-09-30": "4.46%", "2010-06-30": "4.58%", "2010-03-31": "4.56%", "2009-12-31": "4.57%", "2009-09-30": "4.48%", "2009-06-30": "3.07%", "2009-03-31": "3.09%", "2008-12-31": "3.16%", "2008-09-30": "3.45%", "2008-06-30": "4.51%", "2008-03-31": "4.60%", "2007-12-31": "4.71%", "2007-09-30": "4.70%", "2007-06-30": "4.69%", "2007-03-31": "4.74%", "2006-12-31": "4.76%", "2006-09-30": "4.78%", "2006-06-30": "4.81%", "2006-03-31": "4.79%", "2005-12-31": "4.80%"}, "pre tax profit margin": {"2020-09-30": "2.78%", "2020-06-30": "2.25%", "2020-03-31": "1.02%", "2019-12-31": "2.87%", "2019-09-30": "2.50%", "2019-06-30": "2.55%", "2019-03-31": "2.51%", "2018-12-31": "2.48%", "2018-09-30": "2.65%", "2018-06-30": "2.70%", "2018-03-31": "2.78%", "2017-12-31": "2.96%", "2017-09-30": "3.05%", "2017-06-30": "3.11%", "2017-03-31": "3.26%", "2016-12-31": "3.25%", "2016-09-30": "3.14%", "2016-06-30": "3.27%", "2016-03-31": "3.32%", "2015-12-31": "3.47%", "2015-09-30": "3.66%", "2015-06-30": "3.64%", "2015-03-31": "3.60%", "2014-12-31": "3.57%", "2014-09-30": "3.57%", "2014-06-30": "3.54%", "2014-03-31": "3.51%", "2013-12-31": "3.45%", "2013-09-30": "3.32%", "2013-06-30": "3.31%", "2013-03-31": "3.32%", "2012-12-31": "3.31%", "2012-09-30": "3.27%", "2012-06-30": "3.25%", "2012-03-31": "3.29%", "2011-12-31": "3.34%", "2011-09-30": "3.42%", "2011-06-30": "3.31%", "2011-03-31": "3.09%", "2010-12-31": "3.07%", "2010-09-30": "2.92%", "2010-06-30": "3.09%", "2010-03-31": "3.27%", "2009-12-31": "3.28%", "2009-09-30": "3.28%", "2009-06-30": "-13.22%", "2009-03-31": "-11.96%", "2008-12-31": "-10.58%", "2008-09-30": "-9.96%", "2008-06-30": "2.55%", "2008-03-31": "2.63%", "2007-12-31": "2.77%", "2007-09-30": "2.87%", "2007-06-30": "2.92%", "2007-03-31": "2.81%", "2006-12-31": "2.96%", "2006-09-30": "3.03%", "2006-06-30": "3.21%", "2006-03-31": "3.47%", "2005-12-31": "3.38%"}, "net profit margin": {"2020-09-30": "1.93%", "2020-06-30": "1.51%", "2020-03-31": "0.60%", "2019-12-31": "2.11%", "2019-09-30": "1.82%", "2019-06-30": "1.89%", "2019-03-31": "1.87%", "2018-12-31": "1.85%", "2018-09-30": "2.10%", "2018-06-30": "2.03%", "2018-03-31": "1.99%", "2017-12-31": "2.02%", "2017-09-30": "1.87%", "2017-06-30": "1.90%", "2017-03-31": "2.00%", "2016-12-31": "1.99%", "2016-09-30": "1.92%", "2016-06-30": "2.00%", "2016-03-31": "2.03%", "2015-12-31": "2.13%", "2015-09-30": "2.25%", "2015-06-30": "2.24%", "2015-03-31": "2.21%", "2014-12-31": "2.19%", "2014-09-30": "2.21%", "2014-06-30": "2.19%", "2014-03-31": "2.18%", "2013-12-31": "2.14%", "2013-09-30": "2.03%", "2013-06-30": "2.03%", "2013-03-31": "2.03%", "2012-12-31": "2.02%", "2012-09-30": "2.00%", "2012-06-30": "1.98%", "2012-03-31": "2.01%", "2011-12-31": "2.03%", "2011-09-30": "2.08%", "2011-06-30": "2.01%", "2011-03-31": "1.86%", "2010-12-31": "1.81%", "2010-09-30": "1.84%", "2010-06-30": "1.97%", "2010-03-31": "1.97%", "2009-12-31": "1.87%", "2009-09-30": "1.99%", "2009-06-30": "-11.87%", "2009-03-31": "-10.67%", "2008-12-31": "-9.39%", "2008-09-30": "-9.01%", "2008-06-30": "1.50%", "2008-03-31": "1.58%", "2007-12-31": "1.70%", "2007-09-30": "1.76%", "2007-06-30": "1.78%", "2007-03-31": "1.72%", "2006-12-31": "1.74%", "2006-09-30": "1.75%", "2006-06-30": "1.99%", "2006-03-31": "2.64%", "2005-12-31": "2.71%"}, "pe ratio": {"current": "12.84", "2021-02-05": "17.58", "2020-09-30": "12.06", "2020-06-30": "10.92", "2020-03-31": "20.33", "2019-12-31": "9.78", "2019-09-30": "11.93", "2019-06-30": "9.58", "2019-03-31": "8.25", "2018-12-31": "8.24", "2018-09-30": "8.39", "2018-06-30": "10.29", "2018-03-31": "10.37", "2017-12-31": "11.48", "2017-09-30": "11.95", "2017-06-30": "10.49", "2017-03-31": "9.97", "2016-12-31": "11.69", "2016-09-30": "12.52", "2016-06-30": "12.11", "2016-03-31": "12.28", "2015-12-31": "15.38", "2015-09-30": "14.44", "2015-06-30": "16.19", "2015-03-31": "17.29", "2014-12-31": "17.11", "2014-09-30": "14.80", "2014-06-30": "18.36", "2014-03-31": "16.90", "2013-12-31": "16.35", "2013-09-30": "18.50", "2013-06-30": "15.89", "2013-03-31": "16.57", "2012-12-31": "15.75", "2012-09-30": "18.66", "2012-06-30": "16.33", "2012-03-31": "17.16", "2011-12-31": "19.30", "2011-09-30": "17.53", "2011-06-30": "20.68", "2011-03-31": "22.39", "2010-12-31": "19.58", "2010-09-30": "17.22", "2010-06-30": "14.66", "2010-03-31": "14.46", "2009-12-31": "16.95", "2009-09-30": "15.72", "2009-06-30": "0.00", "2009-03-31": "0.00", "2008-12-31": "0.00", "2008-09-30": "0.00", "2008-06-30": "8.21", "2008-03-31": "11.52", "2007-12-31": "11.27", "2007-09-30": "12.05", "2007-06-30": "15.16", "2007-03-31": "14.85", "2006-12-31": "15.34"}, "price sales": {"2021-02-05": "0.34", "2020-09-30": "0.23", "2020-06-30": "0.17", "2020-03-31": "0.12", "2019-12-31": "0.21", "2019-09-30": "0.22", "2019-06-30": "0.18", "2019-03-31": "0.15", "2018-12-31": "0.15", "2018-09-30": "0.18", "2018-06-30": "0.21", "2018-03-31": "0.21", "2017-12-31": "0.24", "2017-09-30": "0.22", "2017-06-30": "0.20", "2017-03-31": "0.20", "2016-12-31": "0.23", "2016-09-30": "0.24", "2016-06-30": "0.24", "2016-03-31": "0.25", "2015-12-31": "0.33", "2015-09-30": "0.33", "2015-06-30": "0.37", "2015-03-31": "0.39", "2014-12-31": "0.38", "2014-09-30": "0.33", "2014-06-30": "0.40", "2014-03-31": "0.37", "2013-12-31": "0.35", "2013-09-30": "0.38", "2013-06-30": "0.32", "2013-03-31": "0.34", "2012-12-31": "0.32", "2012-09-30": "0.37", "2012-06-30": "0.32", "2012-03-31": "0.34", "2011-12-31": "0.39", "2011-09-30": "0.37", "2011-06-30": "0.42", "2011-03-31": "0.42", "2010-12-31": "0.36", "2010-09-30": "0.32", "2010-06-30": "0.29", "2010-03-31": "0.29", "2009-12-31": "0.32", "2009-09-30": "0.31", "2009-06-30": "0.29", "2009-03-31": "0.21", "2008-12-31": "0.13", "2008-09-30": "0.15", "2008-06-30": "0.13", "2008-03-31": "0.18", "2007-12-31": "0.20", "2007-09-30": "0.22", "2007-06-30": "0.28", "2007-03-31": "0.26", "2006-12-31": "0.27"}, "price book": {"current": "2.02", "2021-02-05": "2.02", "2020-09-30": "1.38", "2020-06-30": "1.04", "2020-03-31": "0.86", "2019-12-31": "1.37", "2019-09-30": "1.51", "2019-06-30": "1.30", "2019-03-31": "1.14", "2018-12-31": "1.18", "2018-09-30": "1.43", "2018-06-30": "1.74", "2018-03-31": "1.73", "2017-12-31": "1.98", "2017-09-30": "1.97", "2017-06-30": "1.69", "2017-03-31": "1.76", "2016-12-31": "2.12", "2016-09-30": "2.22", "2016-06-30": "2.22", "2016-03-31": "2.30", "2015-12-31": "2.81", "2015-09-30": "2.85", "2015-06-30": "3.12", "2015-03-31": "3.32", "2014-12-31": "3.30", "2014-09-30": "2.86", "2014-06-30": "3.33", "2014-03-31": "3.07", "2013-12-31": "2.91", "2013-09-30": "3.19", "2013-06-30": "2.80", "2013-03-31": "2.97", "2012-12-31": "2.84", "2012-09-30": "3.24", "2012-06-30": "2.78", "2012-03-31": "2.72", "2011-12-31": "2.64", "2011-09-30": "2.29", "2011-06-30": "2.52", "2011-03-31": "2.46", "2010-12-31": "2.01", "2010-09-30": "1.72", "2010-06-30": "1.48", "2010-03-31": "1.32", "2009-12-31": "1.43", "2009-09-30": "1.37", "2009-06-30": "1.35", "2009-03-31": "1.10", "2008-12-31": "0.79", "2008-09-30": "0.93", "2008-06-30": "0.50", "2008-03-31": "0.76", "2007-12-31": "0.81", "2007-09-30": "0.94", "2007-06-30": "1.21", "2007-03-31": "1.16", "2006-12-31": "1.19", "2006-09-30": "1.19", "2006-06-30": "1.24", "2006-03-31": "1.19"}, "price fcf": {"2021-02-05": "", "2020-09-30": "$12.08", "2020-06-30": "$11.49", "2020-03-31": "$4.18", "2019-12-31": "$5.57", "2019-09-30": "$3.81", "2019-06-30": "$3.68", "2019-03-31": "$2.68", "2018-12-31": "$1.53", "2018-09-30": "$3.24", "2018-06-30": "$3.10", "2018-03-31": "$2.67", "2017-12-31": "$2.54", "2017-09-30": "$2.17", "2017-06-30": "$2.27", "2017-03-31": "$2.31", "2016-12-31": "$2.68", "2016-09-30": "$2.53", "2016-06-30": "$2.54", "2016-03-31": "$2.52", "2015-12-31": "$2.39", "2015-09-30": "$2.54", "2015-06-30": "$2.39", "2015-03-31": "$2.15", "2014-12-31": "$2.36", "2014-09-30": "$2.27", "2014-06-30": "$1.52", "2014-03-31": "$2.09", "2013-12-31": "$2.33", "2013-09-30": "$2.19", "2013-06-30": "$2.54", "2013-03-31": "$2.24", "2012-12-31": "$1.12", "2012-09-30": "$1.80", "2012-06-30": "$1.40", "2012-03-31": "$1.17", "2011-12-31": "$1.54", "2011-09-30": "$1.12", "2011-06-30": "$0.50", "2011-03-31": "$1.17", "2010-12-31": "$0.65", "2010-09-30": "$0.75", "2010-06-30": "$1.15", "2010-03-31": "$1.46", "2009-12-31": "$1.74", "2009-09-30": "$2.36", "2009-06-30": "$2.79", "2009-03-31": "$2.92", "2008-12-31": "$3.25", "2008-09-30": "$2.95", "2008-06-30": "$2.40", "2008-03-31": "$0.90", "2007-12-31": "$0.25", "2007-09-30": "$-0.58", "2007-06-30": "$-0.45", "2007-03-31": "$0.60", "2006-12-31": "$0.55"}, "net worth": {"value": "$6.78B"}, "current ratio": {"current": "0.99", "2020-09-30": "0.99", "2020-06-30": "0.92", "2020-03-31": "0.95", "2019-12-31": "0.87", "2019-09-30": "0.85", "2019-06-30": "0.83", "2019-03-31": "0.82", "2018-12-31": "0.86", "2018-09-30": "0.86", "2018-06-30": "0.86", "2018-03-31": "0.86", "2017-12-31": "0.85", "2017-09-30": "0.73", "2017-06-30": "0.76", "2017-03-31": "0.82", "2016-12-31": "0.81", "2016-09-30": "0.82", "2016-06-30": "0.84", "2016-03-31": "0.83", "2015-12-31": "0.91", "2015-09-30": "0.95", "2015-06-30": "0.97", "2015-03-31": "1.03", "2014-12-31": "1.03", "2014-09-30": "1.02", "2014-06-30": "1.05", "2014-03-31": "1.02", "2013-12-31": "1.02", "2013-09-30": "1.02", "2013-06-30": "1.03", "2013-03-31": "1.04", "2012-12-31": "1.05", "2012-09-30": "1.04", "2012-06-30": "1.06", "2012-03-31": "1.05", "2011-12-31": "1.09", "2011-09-30": "1.06", "2011-06-30": "1.13", "2011-03-31": "1.09", "2010-12-31": "1.10", "2010-09-30": "1.12", "2010-06-30": "1.14", "2010-03-31": "1.21", "2009-12-31": "1.22", "2009-09-30": "1.23", "2009-06-30": "1.20", "2009-03-31": "1.08", "2008-12-31": "1.11", "2008-09-30": "1.03", "2008-06-30": "1.04", "2008-03-31": "1.09", "2007-12-31": "1.14", "2007-09-30": "1.10", "2007-06-30": "1.12", "2007-03-31": "1.12", "2006-12-31": "1.14", "2006-09-30": "1.11", "2006-06-30": "1.12", "2006-03-31": "1.18", "2005-12-31": "1.16", "2005-09-30": "1.22", "2005-06-30": "1.14", "2005-03-31": "1.07"}, "quick ratio": {"2020-09-30": "0.32", "2020-06-30": "0.29", "2020-03-31": "0.22", "2019-12-31": "0.22", "2019-09-30": "0.22", "2019-06-30": "0.21", "2019-03-31": "0.18", "2018-12-31": "0.22", "2018-09-30": "0.20", "2018-06-30": "0.20", "2018-03-31": "0.21", "2017-12-31": "0.25", "2017-09-30": "0.17", "2017-06-30": "0.15", "2017-03-31": "0.17", "2016-12-31": "0.21", "2016-09-30": "0.18", "2016-06-30": "0.18", "2016-03-31": "0.16", "2015-12-31": "0.21", "2015-09-30": "0.23", "2015-06-30": "0.24", "2015-03-31": "0.27", "2014-12-31": "0.28", "2014-09-30": "0.26", "2014-06-30": "0.27", "2014-03-31": "0.26", "2013-12-31": "0.27", "2013-09-30": "0.26", "2013-06-30": "0.26", "2013-03-31": "0.26", "2012-12-31": "0.30", "2012-09-30": "0.29", "2012-06-30": "0.30", "2012-03-31": "0.30", "2011-12-31": "0.35", "2011-09-30": "0.32", "2011-06-30": "0.32", "2011-03-31": "0.32", "2010-12-31": "0.32", "2010-09-30": "0.32", "2010-06-30": "0.36", "2010-03-31": "0.43", "2009-12-31": "0.47", "2009-09-30": "0.49", "2009-06-30": "0.46", "2009-03-31": "0.34", "2008-12-31": "0.39", "2008-09-30": "0.28", "2008-06-30": "0.27", "2008-03-31": "0.30", "2007-12-31": "0.36", "2007-09-30": "0.31", "2007-06-30": "0.31", "2007-03-31": "0.32", "2006-12-31": "0.38", "2006-09-30": "0.31", "2006-06-30": "0.28", "2006-03-31": "0.35", "2005-12-31": "0.40", "2005-09-30": "0.41", "2005-06-30": "0.32", "2005-03-31": "0.26"}, "debt equity ratio": {"current": "0.53", "2020-09-30": "1.85", "2020-06-30": "2.01", "2020-03-31": "2.71", "2019-12-31": "2.33", "2019-09-30": "2.49", "2019-06-30": "2.71", "2019-03-31": "2.92", "2018-12-31": "2.93", "2018-09-30": "2.87", "2018-06-30": "3.11", "2018-03-31": "3.14", "2017-12-31": "3.34", "2017-09-30": "3.52", "2017-06-30": "3.06", "2017-03-31": "3.15", "2016-12-31": "3.35", "2016-09-30": "3.36", "2016-06-30": "3.54", "2016-03-31": "3.78", "2015-12-31": "3.06", "2015-09-30": "2.91", "2015-06-30": "2.87", "2015-03-31": "2.83", "2014-12-31": "3.05", "2014-09-30": "2.87", "2014-06-30": "2.70", "2014-03-31": "2.74", "2013-12-31": "2.84", "2013-09-30": "2.70", "2013-06-30": "2.96", "2013-03-31": "3.03", "2012-12-31": "3.27", "2012-09-30": "3.01", "2012-06-30": "3.23", "2012-03-31": "3.04", "2011-12-31": "2.27", "2011-09-30": "1.85", "2011-06-30": "1.81", "2011-03-31": "1.75", "2010-12-31": "1.87", "2010-09-30": "1.86", "2010-06-30": "1.80", "2010-03-31": "1.36", "2009-12-31": "1.35", "2009-09-30": "1.20", "2009-06-30": "1.29", "2009-03-31": "1.50", "2008-12-31": "1.74", "2008-09-30": "1.93", "2008-06-30": "1.36", "2008-03-31": "1.44", "2007-12-31": "1.44", "2007-09-30": "1.40", "2007-06-30": "1.26", "2007-03-31": "1.18", "2006-12-31": "1.32", "2006-09-30": "1.29", "2006-06-30": "1.38", "2006-03-31": "0.84", "2005-12-31": "0.89", "2005-09-30": "0.80", "2005-06-30": "0.92", "2005-03-31": "1.02"}, "return on equity": {"2020-09-30": "12.44%", "2020-06-30": "10.08%", "2020-03-31": "4.27%", "2019-12-31": "15.25%", "2019-09-30": "13.57%", "2019-06-30": "14.47%", "2019-03-31": "14.88%", "2018-12-31": "15.41%", "2018-09-30": "18.27%", "2018-06-30": "18.48%", "2018-03-31": "18.07%", "2017-12-31": "18.31%", "2017-09-30": "16.90%", "2017-06-30": "17.24%", "2017-03-31": "18.94%", "2016-12-31": "19.59%", "2016-09-30": "18.73%", "2016-06-30": "19.18%", "2016-03-31": "19.04%", "2015-12-31": "19.51%", "2015-09-30": "20.98%", "2015-06-30": "21.04%", "2015-03-31": "20.72%", "2014-12-31": "20.25%", "2014-09-30": "19.88%", "2014-06-30": "19.25%", "2014-03-31": "19.33%", "2013-12-31": "19.42%", "2013-09-30": "18.99%", "2013-06-30": "19.32%", "2013-03-31": "19.69%", "2012-12-31": "19.74%", "2012-09-30": "18.28%", "2012-06-30": "16.65%", "2012-03-31": "14.99%", "2011-12-31": "13.75%", "2011-09-30": "13.35%", "2011-06-30": "12.71%", "2011-03-31": "11.72%", "2010-12-31": "10.79%", "2010-09-30": "10.27%", "2010-06-30": "10.28%", "2010-03-31": "9.49%", "2009-12-31": "8.71%", "2009-09-30": "9.03%", "2009-06-30": "-57.56%", "2009-03-31": "-49.87%", "2008-12-31": "-43.76%", "2008-09-30": "-39.82%", "2008-06-30": "6.49%", "2008-03-31": "7.10%", "2007-12-31": "7.69%", "2007-09-30": "8.18%", "2007-06-30": "8.35%", "2007-03-31": "8.28%", "2006-12-31": "8.00%", "2006-09-30": "7.54%", "2006-06-30": "8.20%", "2006-03-31": "10.48%", "2005-12-31": "10.98%"}, "return on assets": {"2020-09-30": "3.88%", "2020-06-30": "2.99%", "2020-03-31": "1.20%", "2019-12-31": "4.23%", "2019-09-30": "3.61%", "2019-06-30": "3.75%", "2019-03-31": "3.76%", "2018-12-31": "3.85%", "2018-09-30": "4.45%", "2018-06-30": "4.33%", "2018-03-31": "4.25%", "2017-12-31": "4.30%", "2017-09-30": "3.96%", "2017-06-30": "4.08%", "2017-03-31": "4.36%", "2016-12-31": "4.35%", "2016-09-30": "4.23%", "2016-06-30": "4.45%", "2016-03-31": "4.60%", "2015-12-31": "4.98%", "2015-09-30": "5.36%", "2015-06-30": "5.39%", "2015-03-31": "5.37%", "2014-12-31": "5.27%", "2014-09-30": "5.25%", "2014-06-30": "5.14%", "2014-03-31": "5.08%", "2013-12-31": "5.01%", "2013-09-30": "4.78%", "2013-06-30": "4.76%", "2013-03-31": "4.77%", "2012-12-31": "4.77%", "2012-09-30": "4.74%", "2012-06-30": "4.72%", "2012-03-31": "4.70%", "2011-12-31": "4.72%", "2011-09-30": "4.74%", "2011-06-30": "4.50%", "2011-03-31": "4.15%", "2010-12-31": "3.98%", "2010-09-30": "3.99%", "2010-06-30": "4.26%", "2010-03-31": "4.12%", "2009-12-31": "3.73%", "2009-09-30": "3.72%", "2009-06-30": "-22.08%", "2009-03-31": "-19.23%", "2008-12-31": "-17.07%", "2008-09-30": "-15.93%", "2008-06-30": "2.69%", "2008-03-31": "2.98%", "2007-12-31": "3.32%", "2007-09-30": "3.58%", "2007-06-30": "3.69%", "2007-03-31": "3.61%", "2006-12-31": "3.67%", "2006-09-30": "3.65%", "2006-06-30": "4.20%", "2006-03-31": "5.63%", "2005-12-31": "5.76%"}, "return on investments": {"2020-09-30": "9.94%", "2020-06-30": "8.60%", "2020-03-31": "8.88%", "2019-12-31": "18.20%", "2019-09-30": "17.43%", "2019-06-30": "17.65%", "2019-03-31": "17.36%", "2018-12-31": "17.18%", "2018-09-30": "18.20%", "2018-06-30": "19.55%", "2018-03-31": "20.59%", "2017-12-31": "21.63%", "2017-09-30": "22.42%", "2017-06-30": "21.92%", "2017-03-31": "22.43%", "2016-12-31": "22.74%", "2016-09-30": "21.55%", "2016-06-30": "21.95%", "2016-03-31": "21.58%", "2015-12-31": "21.25%", "2015-09-30": "21.77%", "2015-06-30": "21.18%", "2015-03-31": "20.72%", "2014-12-31": "20.56%", "2014-09-30": "20.37%", "2014-06-30": "19.99%", "2014-03-31": "19.81%", "2013-12-31": "19.46%", "2013-09-30": "18.71%", "2013-06-30": "18.49%", "2013-03-31": "18.35%", "2012-12-31": "18.14%", "2012-09-30": "17.69%", "2012-06-30": "17.23%", "2012-03-31": "16.63%", "2011-12-31": "16.36%", "2011-09-30": "16.25%", "2011-06-30": "15.64%", "2011-03-31": "15.36%", "2010-12-31": "14.66%", "2010-09-30": "13.47%", "2010-06-30": "13.34%", "2010-03-31": "12.53%", "2009-12-31": "12.00%", "2009-09-30": "11.10%", "2009-06-30": "-39.90%", "2009-03-31": "-34.85%", "2008-12-31": "-29.97%", "2008-09-30": "-25.76%", "2008-06-30": "11.55%", "2008-03-31": "12.41%", "2007-12-31": "13.17%", "2007-09-30": "13.87%", "2007-06-30": "14.23%", "2007-03-31": "14.81%", "2006-12-31": "15.05%", "2006-09-30": "15.12%", "2006-06-30": "15.32%", "2006-03-31": "15.30%", "2005-12-31": "15.48%"}, "return on tangible equity": {"2020-09-30": "29.34%", "2020-06-30": "26.78%", "2020-03-31": "12.90%", "2019-12-31": "51.90%", "2019-09-30": "51.40%", "2019-06-30": "61.37%", "2019-03-31": "71.66%", "2018-12-31": "83.71%", "2018-09-30": "116.89%", "2018-06-30": "159.64%", "2018-03-31": "164.50%", "2017-12-31": "174.87%", "2017-09-30": "171.80%", "2017-06-30": "159.69%", "2017-03-31": "202.82%", "2016-12-31": "272.15%", "2016-09-30": "174.63%", "2016-06-30": "129.67%", "2016-03-31": "102.09%", "2015-12-31": "84.81%", "2015-09-30": "93.44%", "2015-06-30": "96.06%", "2015-03-31": "93.86%", "2014-12-31": "92.14%", "2014-09-30": "87.31%", "2014-06-30": "84.15%", "2014-03-31": "93.48%", "2013-12-31": "103.88%", "2013-09-30": "122.78%", "2013-06-30": "138.24%", "2013-03-31": "159.51%", "2012-12-31": "172.75%", "2012-09-30": "112.33%", "2012-06-30": "79.95%", "2012-03-31": "55.77%", "2011-12-31": "42.97%", "2011-09-30": "39.21%", "2011-06-30": "36.88%", "2011-03-31": "34.19%", "2010-12-31": "29.41%", "2010-09-30": "26.43%", "2010-06-30": "24.80%", "2010-03-31": "21.76%", "2009-12-31": "20.24%", "2009-09-30": "21.35%", "2009-06-30": "-141.05%", "2009-03-31": "-163.99%", "2008-12-31": "-194.22%", "2008-09-30": "-241.34%", "2008-06-30": "54.24%", "2008-03-31": "54.11%", "2007-12-31": "51.24%", "2007-09-30": "50.63%", "2007-06-30": "47.47%", "2007-03-31": "46.30%", "2006-12-31": "34.09%", "2006-09-30": "26.32%", "2006-06-30": "25.01%", "2006-03-31": "29.14%", "2005-12-31": "31.79%"}, "dividend yield history": {"last payout": "$0.00", "last yield": "0.00%"}}