{"ticker": "ADSK", "price": {"title": "Autodesk Historical Annual Stock Price Data", "value": 305.86, "historical": {"2021": {"Average Stock Price": "301.4238", "Year Open": "296.8400", "Year High": "320.1300", "Year Low": "273.4700", "Year Close": "305.8600", "Annual % Change": "0.17%"}, "2020": {"Average Stock Price": "220.7038", "Year Open": "187.8300", "Year High": "305.3400", "Year Low": "136.0000", "Year Close": "305.3400", "Annual % Change": "66.43%"}, "2019": {"Average Stock Price": "158.8932", "Year Open": "128.9600", "Year High": "185.3800", "Year Low": "121.8500", "Year Close": "183.4600", "Annual % Change": "42.65%"}, "2018": {"Average Stock Price": "132.0647", "Year Open": "107.1200", "Year High": "157.2000", "Year Low": "104.8100", "Year Close": "128.6100", "Annual % Change": "22.68%"}, "2017": {"Average Stock Price": "102.4606", "Year Open": "76.1800", "Year High": "130.2400", "Year Low": "76.1800", "Year Close": "104.8300", "Annual % Change": "41.64%"}, "2016": {"Average Stock Price": "61.7252", "Year Open": "60.3100", "Year High": "81.7400", "Year Low": "42.6400", "Year Close": "74.0100", "Annual % Change": "21.47%"}, "2015": {"Average Stock Price": "56.1232", "Year Open": "59.5300", "Year High": "65.2900", "Year Low": "43.1400", "Year Close": "60.9300", "Annual % Change": "1.45%"}, "2014": {"Average Stock Price": "53.8300", "Year Open": "49.2500", "Year High": "62.0000", "Year Low": "45.1900", "Year Close": "60.0600", "Annual % Change": "19.36%"}, "2013": {"Average Stock Price": "39.1500", "Year Open": "36.9400", "Year High": "50.3190", "Year Low": "33.4800", "Year Close": "50.3190", "Annual % Change": "42.35%"}, "2012": {"Average Stock Price": "34.7544", "Year Open": "30.8100", "Year High": "42.3900", "Year Low": "30.1300", "Year Close": "35.3500", "Annual % Change": "16.55%"}, "2011": {"Average Stock Price": "36.5569", "Year Open": "39.2700", "Year High": "45.9900", "Year Low": "23.4100", "Year Close": "30.3300", "Annual % Change": "-20.60%"}, "2010": {"Average Stock Price": "30.4040", "Year Open": "25.6700", "Year High": "39.6500", "Year Low": "22.9500", "Year Close": "38.2000", "Annual % Change": "50.33%"}, "2009": {"Average Stock Price": "20.8177", "Year Open": "20.6800", "Year High": "27.6900", "Year Low": "11.7800", "Year Close": "25.4100", "Annual % Change": "29.31%"}, "2008": {"Average Stock Price": "32.5569", "Year Open": "48.2400", "Year High": "48.2400", "Year Low": "14.3700", "Year Close": "19.6500", "Annual % Change": "-60.51%"}, "2007": {"Average Stock Price": "44.6509", "Year Open": "40.5600", "Year High": "51.0400", "Year Low": "37.1500", "Year Close": "49.7600", "Annual % Change": "22.99%"}, "2006": {"Average Stock Price": "37.2451", "Year Open": "42.7500", "Year High": "44.2900", "Year Low": "30.0600", "Year Close": "40.4600", "Annual % Change": "-5.75%"}, "2005": {"Average Stock Price": "37.1036", "Year Open": "37.4300", "Year High": "47.6000", "Year Low": "27.5800", "Year Close": "42.9300", "Annual % Change": "13.12%"}, "2004": {"Average Stock Price": "20.7570", "Year Open": "12.2500", "Year High": "38.5700", "Year Low": "12.2500", "Year Close": "37.9500", "Annual % Change": "208.79%"}, "2003": {"Average Stock Price": "8.5596", "Year Open": "7.3000", "Year High": "12.3750", "Year Low": "6.6450", "Year Close": "12.2900", "Annual % Change": "71.89%"}, "2002": {"Average Stock Price": "7.8945", "Year Open": "9.2875", "Year High": "11.6750", "Year Low": "5.4500", "Year Close": "7.1500", "Annual % Change": "-23.26%"}, "2001": {"Average Stock Price": "8.8082", "Year Open": "6.4225", "Year High": "10.1825", "Year Low": "6.2975", "Year Close": "9.3175", "Annual % Change": "38.34%"}, "2000": {"Average Stock Price": "7.9472", "Year Open": "8.3450", "Year High": "13.7200", "Year Low": "4.9850", "Year Close": "6.7350", "Annual % Change": "-20.18%"}, "1999": {"Average Stock Price": "7.4301", "Year Open": "11.1875", "Year High": "12.1250", "Year Low": "4.2825", "Year Close": "8.4375", "Annual % Change": "-20.94%"}, "1998": {"Average Stock Price": "9.3590", "Year Open": "9.3750", "Year High": "12.4700", "Year Low": "5.5475", "Year Close": "10.6725", "Annual % Change": "15.38%"}, "1997": {"Average Stock Price": "9.4506", "Year Open": "7.1250", "Year High": "12.5000", "Year Low": "7.1250", "Year Close": "9.2500", "Annual % Change": "32.14%"}, "1996": {"Average Stock Price": "7.5836", "Year Open": "8.6875", "Year High": "10.8125", "Year Low": "4.9063", "Year Close": "7.0000", "Annual % Change": "-18.25%"}, "1995": {"Average Stock Price": "9.9729", "Year Open": "9.3450", "Year High": "13.0000", "Year Low": "7.8900", "Year Close": "8.5625", "Annual % Change": "-13.55%"}, "1994": {"Average Stock Price": "7.2410", "Year Open": "5.5938", "Year High": "10.1875", "Year Low": "5.3125", "Year Close": "9.9050", "Annual % Change": "76.09%"}, "1993": {"Average Stock Price": "5.7517", "Year Open": "5.8125", "Year High": "7.0475", "Year Low": "4.8750", "Year Close": "5.6250", "Annual % Change": "-2.70%"}, "1992": {"Average Stock Price": "4.9211", "Year Open": "4.6250", "Year High": "6.9375", "Year Low": "2.9375", "Year Close": "5.7813", "Annual % Change": "34.06%"}, "1991": {"Average Stock Price": "6.0003", "Year Open": "6.3438", "Year High": "7.6250", "Year Low": "3.7350", "Year Close": "4.3125", "Annual % Change": "-32.02%"}, "1990": {"Average Stock Price": "5.7976", "Year Open": "5.0313", "Year High": "7.5000", "Year Low": "4.0625", "Year Close": "6.3438", "Annual % Change": "30.13%"}, "1989": {"Average Stock Price": "4.4287", "Year Open": "3.7188", "Year High": "5.3750", "Year Low": "3.3750", "Year Close": "4.8750", "Annual % Change": "34.48%"}, "1988": {"Average Stock Price": "3.2037", "Year Open": "2.6250", "Year High": "3.8438", "Year Low": "2.0938", "Year Close": "3.6250", "Annual % Change": "39.76%"}, "1987": {"Average Stock Price": "2.9170", "Year Open": "1.6250", "Year High": "4.0938", "Year Low": "1.6250", "Year Close": "2.5938", "Annual % Change": "62.19%"}, "1986": {"Average Stock Price": "1.3108", "Year Open": "1.0833", "Year High": "1.6771", "Year Low": "0.8854", "Year Close": "1.5992", "Annual % Change": "55.07%"}}}, "market cap": {"value": "$67.26B"}, "income statement": {"Revenue": {"2020-01-31": "3274.30000", "2019-01-31": "2569.80000", "2018-01-31": "2056.60000", "2017-01-31": "2031.00000", "2016-01-31": "2504.10000", "2015-01-31": "2512.20000", "2014-01-31": "2273.90000", "2013-01-31": "2312.20000", "2012-01-31": "2215.60000", "2011-01-31": "1951.80000", "2010-01-31": "1713.70000", "2009-01-31": "2315.20000", "2008-01-31": "2171.90000", "2007-01-31": "1839.80000", "2006-01-31": "1537.20000", "2005-01-31": "1238.90000"}, "Cost Of Goods Sold": {"2020-01-31": "324.90000", "2019-01-31": "285.90000", "2018-01-31": "303.40000", "2017-01-31": "341.90000", "2016-01-31": "370.70000", "2015-01-31": "342.10000", "2014-01-31": "274.30000", "2013-01-31": "238.50000", "2012-01-31": "229.10000", "2011-01-31": "196.60000", "2010-01-31": "191.80000", "2009-01-31": "219.10000", "2008-01-31": "207.70000", "2007-01-31": "217.70000", "2006-01-31": "171.10000", "2005-01-31": "169.70000"}, "Gross Profit": {"2020-01-31": "2949.40000", "2019-01-31": "2283.90000", "2018-01-31": "1753.20000", "2017-01-31": "1689.10000", "2016-01-31": "2133.40000", "2015-01-31": "2170.10000", "2014-01-31": "1999.60000", "2013-01-31": "2073.70000", "2012-01-31": "1986.50000", "2011-01-31": "1755.20000", "2010-01-31": "1521.90000", "2009-01-31": "2096.10000", "2008-01-31": "1964.20000", "2007-01-31": "1622.10000", "2006-01-31": "1366.10000", "2005-01-31": "1069.20000"}, "Research And Development Expenses": {"2020-01-31": "851.10000", "2019-01-31": "725.00000", "2018-01-31": "755.50000", "2017-01-31": "766.10000", "2016-01-31": "790.00000", "2015-01-31": "725.20000", "2014-01-31": "611.10000", "2013-01-31": "600.00000", "2012-01-31": "566.50000", "2011-01-31": "496.20000", "2010-01-31": "457.50000", "2009-01-31": "576.10000", "2008-01-31": "490.50000", "2007-01-31": "410.60000", "2006-01-31": "303.20000", "2005-01-31": "241.50000"}, "SG&A Expenses": {"2020-01-31": "1715.90000", "2019-01-31": "1524.00000", "2018-01-31": "1392.50000", "2017-01-31": "1310.30000", "2016-01-31": "1308.90000", "2015-01-31": "1281.30000", "2014-01-31": "1054.40000", "2013-01-31": "1081.80000", "2012-01-31": "1065.70000", "2011-01-31": "976.80000", "2010-01-31": "929.60000", "2009-01-31": "1106.40000", "2008-01-31": "1028.10000", "2007-01-31": "861.80000", "2006-01-31": "684.40000", "2005-01-31": "569.30000"}, "Other Operating Income Or Expenses": {"2020-01-31": "", "2019-01-31": "", "2018-01-31": "", "2017-01-31": "", "2016-01-31": "", "2015-01-31": "", "2014-01-31": "", "2013-01-31": "", "2012-01-31": "", "2011-01-31": "", "2010-01-31": "", "2009-01-31": "", "2008-01-31": "", "2007-01-31": "", "2006-01-31": "", "2005-01-31": ""}, "Operating Expenses": {"2020-01-31": "2931.30000", "2019-01-31": "2594.80000", "2018-01-31": "2565.70000", "2017-01-31": "2530.60000", "2016-01-31": "2502.80000", "2015-01-31": "2391.50000", "2014-01-31": "1989.10000", "2013-01-31": "2006.30000", "2012-01-31": "1860.00000", "2011-01-31": "1680.40000", "2010-01-31": "1648.10000", "2009-01-31": "2070.70000", "2008-01-31": "1726.30000", "2007-01-31": "1490.10000", "2006-01-31": "1158.70000", "2005-01-31": "1007.20000"}, "Operating Income": {"2020-01-31": "343.00020", "2019-01-31": "-24.99980", "2018-01-31": "-509.10010", "2017-01-31": "-499.60010", "2016-01-31": "1.30000", "2015-01-31": "120.70000", "2014-01-31": "284.79980", "2013-01-31": "305.89990", "2012-01-31": "355.60020", "2011-01-31": "271.39990", "2010-01-31": "65.60000", "2009-01-31": "244.50000", "2008-01-31": "445.59990", "2007-01-31": "349.70000", "2006-01-31": "378.49990", "2005-01-31": "231.70000"}, "Total Non-Operating Income/Expense": {"2020-01-31": "-48.20000", "2019-01-31": "-17.70000", "2018-01-31": "-48.20000", "2017-01-31": "-24.20000", "2016-01-31": "-21.60000", "2015-01-31": "-37.70000", "2014-01-31": "-4.90000", "2013-01-31": "4.10000", "2012-01-31": "7.30000", "2011-01-31": "0.60000", "2010-01-31": "19.10000", "2009-01-31": "8.00000", "2008-01-31": "24.40000", "2007-01-31": "16.80000", "2006-01-31": "13.20000", "2005-01-31": "11.40000"}, "Pre-Tax Income": {"2020-01-31": "294.80000", "2019-01-31": "-42.70000", "2018-01-31": "-557.30000", "2017-01-31": "-523.80000", "2016-01-31": "-20.30000", "2015-01-31": "83.00000", "2014-01-31": "279.90000", "2013-01-31": "310.00000", "2012-01-31": "362.90000", "2011-01-31": "272.00000", "2010-01-31": "84.70000", "2009-01-31": "252.50000", "2008-01-31": "470.00000", "2007-01-31": "366.50000", "2006-01-31": "391.70000", "2005-01-31": "243.10000"}, "Income Taxes": {"2020-01-31": "80.30000", "2019-01-31": "38.10000", "2018-01-31": "9.60000", "2017-01-31": "58.30000", "2016-01-31": "310.20000", "2015-01-31": "1.20000", "2014-01-31": "51.10000", "2013-01-31": "62.60000", "2012-01-31": "77.60000", "2011-01-31": "60.00000", "2010-01-31": "26.70000", "2009-01-31": "68.90000", "2008-01-31": "113.80000", "2007-01-31": "76.80000", "2006-01-31": "58.10000", "2005-01-31": "22.00000"}, "Income After Taxes": {"2020-01-31": "214.50000", "2019-01-31": "-80.80000", "2018-01-31": "-566.90000", "2017-01-31": "-582.10000", "2016-01-31": "-330.50000", "2015-01-31": "81.80000", "2014-01-31": "228.80000", "2013-01-31": "247.40000", "2012-01-31": "285.30000", "2011-01-31": "212.00000", "2010-01-31": "58.00000", "2009-01-31": "183.60000", "2008-01-31": "356.20000", "2007-01-31": "289.70000", "2006-01-31": "333.60000", "2005-01-31": "221.10000"}, "Other Income": {"2020-01-31": "", "2019-01-31": "", "2018-01-31": "", "2017-01-31": "", "2016-01-31": "", "2015-01-31": "", "2014-01-31": "", "2013-01-31": "", "2012-01-31": "", "2011-01-31": "", "2010-01-31": "", "2009-01-31": "", "2008-01-31": "", "2007-01-31": "", "2006-01-31": "", "2005-01-31": ""}, "Income From Continuous Operations": {"2020-01-31": "214.50000", "2019-01-31": "-80.80000", "2018-01-31": "-566.90000", "2017-01-31": "-582.10000", "2016-01-31": "-330.50000", "2015-01-31": "81.80000", "2014-01-31": "228.80000", "2013-01-31": "247.40000", "2012-01-31": "285.30000", "2011-01-31": "212.00000", "2010-01-31": "58.00000", "2009-01-31": "183.60000", "2008-01-31": "356.20000", "2007-01-31": "289.70000", "2006-01-31": "333.60000", "2005-01-31": "221.10000"}, "Income From Discontinued Operations": {"2020-01-31": "", "2019-01-31": "", "2018-01-31": "", "2017-01-31": "", "2016-01-31": "", "2015-01-31": "", "2014-01-31": "", "2013-01-31": "", "2012-01-31": "", "2011-01-31": "", "2010-01-31": "", "2009-01-31": "", "2008-01-31": "", "2007-01-31": "", "2006-01-31": "", "2005-01-31": ""}, "Net Income": {"2020-01-31": "214.50000", "2019-01-31": "-80.80000", "2018-01-31": "-566.90000", "2017-01-31": "-582.10000", "2016-01-31": "-330.50000", "2015-01-31": "81.80000", "2014-01-31": "228.80000", "2013-01-31": "247.40000", "2012-01-31": "285.30000", "2011-01-31": "212.00000", "2010-01-31": "58.00000", "2009-01-31": "183.60000", "2008-01-31": "356.20000", "2007-01-31": "289.70000", "2006-01-31": "333.60000", "2005-01-31": "221.10000"}, "EBITDA": {"2020-01-31": "470.30020", "2019-01-31": "70.20020", "2018-01-31": "-400.70010", "2017-01-31": "-360.40010", "2016-01-31": "147.10010", "2015-01-31": "266.59990", "2014-01-31": "413.69980", "2013-01-31": "433.69990", "2012-01-31": "471.10020", "2011-01-31": "376.79990", "2010-01-31": "198.10000", "2009-01-31": "465.20000", "2008-01-31": "506.89980", "2007-01-31": "403.20000", "2006-01-31": "422.19990", "2005-01-31": "283.60000"}, "EBIT": {"2020-01-31": "343.00020", "2019-01-31": "-24.99980", "2018-01-31": "-509.10010", "2017-01-31": "-499.60010", "2016-01-31": "1.30000", "2015-01-31": "120.70000", "2014-01-31": "284.79980", "2013-01-31": "305.89990", "2012-01-31": "355.60020", "2011-01-31": "271.39990", "2010-01-31": "65.60000", "2009-01-31": "244.50000", "2008-01-31": "445.59990", "2007-01-31": "349.70000", "2006-01-31": "378.49990", "2005-01-31": "231.70000"}, "Basic Shares Outstanding": {"2020-01-31": "219.70000", "2019-01-31": "218.90000", "2018-01-31": "219.50000", "2017-01-31": "222.70000", "2016-01-31": "226.00000", "2015-01-31": "227.10000", "2014-01-31": "224.00000", "2013-01-31": "226.40000", "2012-01-31": "227.70000", "2011-01-31": "227.60000", "2010-01-31": "228.70000", "2009-01-31": "225.50000", "2008-01-31": "230.30000", "2007-01-31": "230.70000", "2006-01-31": "229.00000", "2005-01-31": "227.00000"}, "Shares Outstanding": {"2020-01-31": "222.50000", "2019-01-31": "218.90000", "2018-01-31": "219.50000", "2017-01-31": "222.70000", "2016-01-31": "226.00000", "2015-01-31": "232.40000", "2014-01-31": "229.60000", "2013-01-31": "231.70000", "2012-01-31": "233.30000", "2011-01-31": "234.20000", "2010-01-31": "232.10000", "2009-01-31": "230.10000", "2008-01-31": "242.00000", "2007-01-31": "243.20000", "2006-01-31": "247.50000", "2005-01-31": "247.00000"}, "Basic EPS": {"2020-01-31": "0.98000", "2019-01-31": "-0.37000", "2018-01-31": "-2.58000", "2017-01-31": "-2.61000", "2016-01-31": "-1.46000", "2015-01-31": "0.36000", "2014-01-31": "1.02000", "2013-01-31": "1.09000", "2012-01-31": "1.25000", "2011-01-31": "0.93000", "2010-01-31": "0.25000", "2009-01-31": "0.81000", "2008-01-31": "1.55000", "2007-01-31": "1.26000", "2006-01-31": "1.46000", "2005-01-31": "0.97000"}, "EPS - Earnings Per Share": {"2020-01-31": "0.96000", "2019-01-31": "-0.37000", "2018-01-31": "-2.58000", "2017-01-31": "-2.61000", "2016-01-31": "-1.46000", "2015-01-31": "0.35000", "2014-01-31": "1.00000", "2013-01-31": "1.07000", "2012-01-31": "1.22000", "2011-01-31": "0.90000", "2010-01-31": "0.25000", "2009-01-31": "0.80000", "2008-01-31": "1.47000", "2007-01-31": "1.19000", "2006-01-31": "1.35000", "2005-01-31": "0.90000"}}, "income statement, quarterly": {"Revenue": {"2020-10-31": "952.40000", "2020-07-31": "913.10000", "2020-04-30": "885.70000", "2020-01-31": "899.30000", "2019-10-31": "842.70000", "2019-07-31": "796.80000", "2019-04-30": "735.50000", "2019-01-31": "737.29990", "2018-10-31": "660.90000", "2018-07-31": "611.70000", "2018-04-30": "559.90000", "2018-01-31": "553.80000", "2017-10-31": "515.30000", "2017-07-31": "501.80000", "2017-04-30": "485.70000", "2017-01-31": "478.80000", "2016-10-31": "489.60000", "2016-07-31": "550.70000", "2016-04-30": "511.90000", "2016-01-31": "648.30000", "2015-10-31": "599.80000", "2015-07-31": "609.50000", "2015-04-30": "646.50000", "2015-01-31": "664.60000", "2014-10-31": "618.00000", "2014-07-31": "637.10000", "2014-04-30": "592.50000", "2014-01-31": "586.60000", "2013-10-31": "555.20000", "2013-07-31": "561.70000", "2013-04-30": "570.40000", "2013-01-31": "606.90000", "2012-10-31": "548.00000", "2012-07-31": "568.70000", "2012-04-30": "588.60000", "2012-01-31": "592.40020", "2011-10-31": "548.60000", "2011-07-31": "546.30000", "2011-04-30": "528.30000", "2011-01-31": "527.70010", "2010-10-31": "476.70000", "2010-07-31": "472.80000", "2010-04-30": "474.60000", "2010-01-31": "456.09990", "2009-10-31": "416.90000", "2009-07-31": "414.90000", "2009-04-30": "425.80000", "2009-01-31": "489.80000", "2008-10-31": "607.10000", "2008-07-31": "619.50000", "2008-04-30": "598.80000", "2008-01-31": "598.99990", "2007-10-31": "538.40000", "2007-07-31": "525.90000", "2007-04-30": "508.60000", "2007-01-31": "497.40000", "2006-10-31": "456.80000", "2006-07-31": "449.60000", "2006-04-30": "436.00000", "2006-01-31": "423.80000", "2005-10-31": "381.50000", "2005-07-31": "376.80000", "2005-04-30": "355.10000", "2005-01-31": "361.28810"}, "Cost Of Goods Sold": {"2020-10-31": "83.70000", "2020-07-31": "80.90000", "2020-04-30": "81.90000", "2020-01-31": "83.20000", "2019-10-31": "79.50000", "2019-07-31": "79.50000", "2019-04-30": "82.70000", "2019-01-31": "77.00000", "2018-10-31": "72.30000", "2018-07-31": "69.80000", "2018-04-30": "66.80000", "2018-01-31": "73.10000", "2017-10-31": "77.50000", "2017-07-31": "74.60000", "2017-04-30": "78.20000", "2017-01-31": "82.90000", "2016-10-31": "81.50000", "2016-07-31": "85.10000", "2016-04-30": "92.40000", "2016-01-31": "94.90000", "2015-10-31": "91.00000", "2015-07-31": "93.00000", "2015-04-30": "91.80000", "2015-01-31": "89.50000", "2014-10-31": "86.00000", "2014-07-31": "87.90000", "2014-04-30": "78.70000", "2014-01-31": "71.90000", "2013-10-31": "67.10000", "2013-07-31": "67.80000", "2013-04-30": "67.50000", "2013-01-31": "62.00000", "2012-10-31": "57.90000", "2012-07-31": "59.80000", "2012-04-30": "58.80000", "2012-01-31": "57.50000", "2011-10-31": "59.60000", "2011-07-31": "57.40000", "2011-04-30": "54.60000", "2011-01-31": "48.40000", "2010-10-31": "48.50000", "2010-07-31": "48.40000", "2010-04-30": "51.30000", "2010-01-31": "44.40000", "2009-10-31": "45.00000", "2009-07-31": "50.10000", "2009-04-30": "52.30000", "2009-01-31": "48.50000", "2008-10-31": "52.90000", "2008-07-31": "59.70000", "2008-04-30": "58.00000", "2008-01-31": "51.50000", "2007-10-31": "51.60000", "2007-07-31": "51.90000", "2007-04-30": "52.70000", "2007-01-31": "55.70000", "2006-10-31": "56.30000", "2006-07-31": "55.80000", "2006-04-30": "49.90000", "2006-01-31": "40.60000", "2005-10-31": "42.50000", "2005-07-31": "44.50000", "2005-04-30": "43.50000", "2005-01-31": "44.21800"}, "Gross Profit": {"2020-10-31": "868.70000", "2020-07-31": "832.20000", "2020-04-30": "803.80000", "2020-01-31": "816.10000", "2019-10-31": "763.20000", "2019-07-31": "717.30000", "2019-04-30": "652.80000", "2019-01-31": "660.29990", "2018-10-31": "588.60000", "2018-07-31": "541.90000", "2018-04-30": "493.10000", "2018-01-31": "480.70000", "2017-10-31": "437.80000", "2017-07-31": "427.20000", "2017-04-30": "407.50000", "2017-01-31": "395.90000", "2016-10-31": "408.10000", "2016-07-31": "465.60000", "2016-04-30": "419.50000", "2016-01-31": "553.40000", "2015-10-31": "508.80000", "2015-07-31": "516.50000", "2015-04-30": "554.70000", "2015-01-31": "575.10000", "2014-10-31": "532.00000", "2014-07-31": "549.20000", "2014-04-30": "513.80000", "2014-01-31": "514.70000", "2013-10-31": "488.10000", "2013-07-31": "493.90000", "2013-04-30": "502.90000", "2013-01-31": "544.90000", "2012-10-31": "490.10000", "2012-07-31": "508.90000", "2012-04-30": "529.80000", "2012-01-31": "534.90020", "2011-10-31": "489.00000", "2011-07-31": "488.90000", "2011-04-30": "473.70000", "2011-01-31": "479.30010", "2010-10-31": "428.20000", "2010-07-31": "424.40000", "2010-04-30": "423.30000", "2010-01-31": "411.69990", "2009-10-31": "371.90000", "2009-07-31": "364.80000", "2009-04-30": "373.50000", "2009-01-31": "441.30000", "2008-10-31": "554.20000", "2008-07-31": "559.80000", "2008-04-30": "540.80000", "2008-01-31": "547.49990", "2007-10-31": "486.80000", "2007-07-31": "474.00000", "2007-04-30": "455.90000", "2007-01-31": "441.70000", "2006-10-31": "400.50000", "2006-07-31": "393.80000", "2006-04-30": "386.10000", "2006-01-31": "383.20000", "2005-10-31": "339.00000", "2005-07-31": "332.30000", "2005-04-30": "311.60000", "2005-01-31": "317.07010"}, "Research And Development Expenses": {"2020-10-31": "233.00000", "2020-07-31": "232.50000", "2020-04-30": "217.40000", "2020-01-31": "217.10000", "2019-10-31": "213.00000", "2019-07-31": "215.40000", "2019-04-30": "205.60000", "2019-01-31": "190.40000", "2018-10-31": "181.00000", "2018-07-31": "180.80000", "2018-04-30": "172.80000", "2018-01-31": "182.20000", "2017-10-31": "191.80000", "2017-07-31": "193.80000", "2017-04-30": "187.70000", "2017-01-31": "187.00000", "2016-10-31": "192.60000", "2016-07-31": "193.00000", "2016-04-30": "193.50000", "2016-01-31": "204.50000", "2015-10-31": "197.90000", "2015-07-31": "193.10000", "2015-04-30": "194.50000", "2015-01-31": "191.50010", "2014-10-31": "183.90000", "2014-07-31": "179.30000", "2014-04-30": "170.50000", "2014-01-31": "162.40000", "2013-10-31": "149.00000", "2013-07-31": "148.90000", "2013-04-30": "150.80000", "2013-01-31": "149.40000", "2012-10-31": "153.00000", "2012-07-31": "144.90000", "2012-04-30": "152.70000", "2012-01-31": "149.50000", "2011-10-31": "141.20000", "2011-07-31": "139.20000", "2011-04-30": "136.60000", "2011-01-31": "126.90000", "2010-10-31": "122.80000", "2010-07-31": "119.30000", "2010-04-30": "127.20000", "2010-01-31": "116.90000", "2009-10-31": "109.30000", "2009-07-31": "109.80000", "2009-04-30": "121.50000", "2009-01-31": "138.70000", "2008-10-31": "137.00000", "2008-07-31": "154.80000", "2008-04-30": "145.60000", "2008-01-31": "137.70000", "2007-10-31": "123.20000", "2007-07-31": "114.90000", "2007-04-30": "114.70000", "2007-01-31": "104.30000", "2006-10-31": "108.90000", "2006-07-31": "98.00000", "2006-04-30": "99.40000", "2006-01-31": "89.50000", "2005-10-31": "74.30000", "2005-07-31": "73.50000", "2005-04-30": "65.90000", "2005-01-31": "65.33500"}, "SG&A Expenses": {"2020-10-31": "458.10000", "2020-07-31": "444.10000", "2020-04-30": "446.10000", "2020-01-31": "455.50000", "2019-10-31": "429.80000", "2019-07-31": "418.20000", "2019-04-30": "412.40000", "2019-01-31": "421.50000", "2018-10-31": "385.00000", "2018-07-31": "368.20000", "2018-04-30": "349.30000", "2018-01-31": "381.60000", "2017-10-31": "341.30000", "2017-07-31": "335.60000", "2017-04-30": "334.00000", "2017-01-31": "357.70000", "2016-10-31": "325.40000", "2016-07-31": "311.70000", "2016-04-30": "315.50000", "2016-01-31": "350.60000", "2015-10-31": "317.60000", "2015-07-31": "310.90000", "2015-04-30": "329.80000", "2015-01-31": "360.30010", "2014-10-31": "324.00000", "2014-07-31": "309.10000", "2014-04-30": "287.90000", "2014-01-31": "274.50010", "2013-10-31": "259.20000", "2013-07-31": "250.40000", "2013-04-30": "270.30000", "2013-01-31": "261.60010", "2012-10-31": "266.00000", "2012-07-31": "271.10000", "2012-04-30": "283.10000", "2012-01-31": "293.60000", "2011-10-31": "257.60000", "2011-07-31": "256.00000", "2011-04-30": "258.50000", "2011-01-31": "278.99990", "2010-10-31": "236.20000", "2010-07-31": "223.40000", "2010-04-30": "238.20000", "2010-01-31": "238.40010", "2009-10-31": "231.40000", "2009-07-31": "225.90000", "2009-04-30": "233.90000", "2009-01-31": "267.30000", "2008-10-31": "277.60000", "2008-07-31": "286.20000", "2008-04-30": "275.30000", "2008-01-31": "285.70000", "2007-10-31": "258.00000", "2007-07-31": "244.60000", "2007-04-30": "239.80000", "2007-01-31": "217.70000", "2006-10-31": "223.00000", "2006-07-31": "193.70000", "2006-04-30": "227.40000", "2006-01-31": "192.40000", "2005-10-31": "169.50000", "2005-07-31": "167.40000", "2005-04-30": "155.10000", "2005-01-31": "164.94700"}, "Other Operating Income Or Expenses": {"2020-10-31": "", "2020-07-31": "", "2020-04-30": "", "2020-01-31": "", "2019-10-31": "", "2019-07-31": "", "2019-04-30": "", "2019-01-31": "", "2018-10-31": "", "2018-07-31": "", "2018-04-30": "", "2018-01-31": "", "2017-10-31": "", "2017-07-31": "", "2017-04-30": "", "2017-01-31": "", "2016-10-31": "", "2016-07-31": "", "2016-04-30": "", "2016-01-31": "", "2015-10-31": "", "2015-07-31": "", "2015-04-30": "", "2015-01-31": "", "2014-10-31": "", "2014-07-31": "", "2014-04-30": "", "2014-01-31": "", "2013-10-31": "", "2013-07-31": "", "2013-04-30": "", "2013-01-31": "", "2012-10-31": "", "2012-07-31": "", "2012-04-30": "", "2012-01-31": "", "2011-10-31": "", "2011-07-31": "", "2011-04-30": "", "2011-01-31": "", "2010-10-31": "", "2010-07-31": "", "2010-04-30": "", "2010-01-31": "", "2009-10-31": "", "2009-07-31": "", "2009-04-30": "", "2009-01-31": "", "2008-10-31": "", "2008-07-31": "", "2008-04-30": "", "2008-01-31": "", "2007-10-31": "", "2007-07-31": "", "2007-04-30": "", "2007-01-31": "", "2006-10-31": "", "2006-07-31": "", "2006-04-30": "", "2006-01-31": "", "2005-10-31": "", "2005-07-31": "", "2005-04-30": "", "2005-01-31": ""}, "Operating Expenses": {"2020-10-31": "784.40000", "2020-07-31": "767.00000", "2020-04-30": "755.10000", "2020-01-31": "765.49970", "2019-10-31": "732.10000", "2019-07-31": "722.99990", "2019-04-30": "710.70000", "2019-01-31": "696.99980", "2018-10-31": "646.20000", "2018-07-31": "636.40000", "2018-04-30": "615.20000", "2018-01-31": "735.70010", "2017-10-31": "615.30000", "2017-07-31": "609.40000", "2017-04-30": "605.30000", "2017-01-31": "645.90010", "2016-10-31": "609.50010", "2016-07-31": "613.60000", "2016-04-30": "661.60000", "2016-01-31": "658.00010", "2015-10-31": "614.60000", "2015-07-31": "605.20000", "2015-04-30": "625.00000", "2015-01-31": "650.59990", "2014-10-31": "603.40000", "2014-07-31": "587.20000", "2014-04-30": "550.30000", "2014-01-31": "534.90010", "2013-10-31": "487.10000", "2013-07-31": "478.10000", "2013-04-30": "489.00000", "2013-01-31": "522.30000", "2012-10-31": "513.60000", "2012-07-31": "475.80000", "2012-04-30": "494.60000", "2012-01-31": "500.59980", "2011-10-31": "458.40000", "2011-07-31": "451.30000", "2011-04-30": "449.70000", "2011-01-31": "456.10010", "2010-10-31": "407.50000", "2010-07-31": "393.00000", "2010-04-30": "423.80000", "2010-01-31": "400.10000", "2009-10-31": "390.60000", "2009-07-31": "412.20000", "2009-04-30": "445.20000", "2009-01-31": "623.60000", "2008-10-31": "467.50000", "2008-07-31": "500.70000", "2008-04-30": "478.90000", "2008-01-31": "474.90000", "2007-10-31": "432.80000", "2007-07-31": "411.40000", "2007-04-30": "407.20000", "2007-01-31": "377.70010", "2006-10-31": "388.20000", "2006-07-31": "347.50000", "2006-04-30": "376.70000", "2006-01-31": "322.50010", "2005-10-31": "286.30000", "2005-07-31": "285.40000", "2005-04-30": "264.50000", "2005-01-31": "286.31100"}, "Operating Income": {"2020-10-31": "168.00010", "2020-07-31": "146.10000", "2020-04-30": "130.60000", "2020-01-31": "133.80040", "2019-10-31": "110.60000", "2019-07-31": "73.80010", "2019-04-30": "24.80000", "2019-01-31": "40.30010", "2018-10-31": "14.70000", "2018-07-31": "-24.70000", "2018-04-30": "-55.30000", "2018-01-31": "-181.90010", "2017-10-31": "-100.00000", "2017-07-31": "-107.60000", "2017-04-30": "-119.60000", "2017-01-31": "-167.10010", "2016-10-31": "-119.90010", "2016-07-31": "-62.90000", "2016-04-30": "-149.70000", "2016-01-31": "-9.70010", "2015-10-31": "-14.80000", "2015-07-31": "4.30000", "2015-04-30": "21.50000", "2015-01-31": "14.00010", "2014-10-31": "14.60000", "2014-07-31": "49.90000", "2014-04-30": "42.20000", "2014-01-31": "51.69980", "2013-10-31": "68.10000", "2013-07-31": "83.60000", "2013-04-30": "81.40010", "2013-01-31": "84.60000", "2012-10-31": "34.40000", "2012-07-31": "92.90000", "2012-04-30": "94.00000", "2012-01-31": "91.80040", "2011-10-31": "90.20000", "2011-07-31": "95.00000", "2011-04-30": "78.60000", "2011-01-31": "71.60000", "2010-10-31": "69.20000", "2010-07-31": "79.80000", "2010-04-30": "50.80000", "2010-01-31": "55.99990", "2009-10-31": "26.30000", "2009-07-31": "2.70000", "2009-04-30": "-19.40000", "2009-01-31": "-133.80000", "2008-10-31": "139.60000", "2008-07-31": "118.80000", "2008-04-30": "119.90000", "2008-01-31": "124.09990", "2007-10-31": "105.60000", "2007-07-31": "114.50000", "2007-04-30": "101.40000", "2007-01-31": "119.69990", "2006-10-31": "68.60000", "2006-07-31": "102.10000", "2006-04-30": "59.30000", "2006-01-31": "101.29990", "2005-10-31": "95.20000", "2005-07-31": "91.40000", "2005-04-30": "90.60000", "2005-01-31": "74.97710"}, "Total Non-Operating Income/Expense": {"2020-10-31": "-11.90000", "2020-07-31": "-17.10000", "2020-04-30": "-40.10000", "2020-01-31": "-10.50000", "2019-10-31": "-14.20000", "2019-07-31": "-7.30000", "2019-04-30": "-16.20000", "2019-01-31": "-7.30000", "2018-10-31": "-3.20000", "2018-07-31": "1.30000", "2018-04-30": "-8.50000", "2018-01-31": "-16.40000", "2017-10-31": "-11.20000", "2017-07-31": "-18.80000", "2017-04-30": "-1.80000", "2017-01-31": "-1.10000", "2016-10-31": "-9.40000", "2016-07-31": "-10.10000", "2016-04-30": "-3.60000", "2016-01-31": "-10.80000", "2015-10-31": "-7.70000", "2015-07-31": "-3.40000", "2015-04-30": "0.30000", "2015-01-31": "-21.10000", "2014-10-31": "-3.00000", "2014-07-31": "-7.00000", "2014-04-30": "-6.60000", "2014-01-31": "4.60000", "2013-10-31": "1.10000", "2013-07-31": "-1.80000", "2013-04-30": "-8.80000", "2013-01-31": "1.50000", "2012-10-31": "-0.10000", "2012-07-31": "-0.80000", "2012-04-30": "3.50000", "2012-01-31": "1.10000", "2011-10-31": "1.10000", "2011-07-31": "-0.80000", "2011-04-30": "5.90000", "2011-01-31": "1.40000", "2010-10-31": "2.50000", "2010-07-31": "0.10000", "2010-04-30": "-3.40000", "2010-01-31": "2.70000", "2009-10-31": "5.70000", "2009-07-31": "10.70000", "2009-04-30": "", "2009-01-31": "-1.80000", "2008-10-31": "-3.40000", "2008-07-31": "6.30000", "2008-04-30": "6.90000", "2008-01-31": "6.80000", "2007-10-31": "4.40000", "2007-07-31": "3.40000", "2007-04-30": "9.80000", "2007-01-31": "4.50000", "2006-10-31": "6.00000", "2006-07-31": "2.80000", "2006-04-30": "3.50000", "2006-01-31": "4.20000", "2005-10-31": "3.20000", "2005-07-31": "2.80000", "2005-04-30": "3.00000", "2005-01-31": "4.00400"}, "Pre-Tax Income": {"2020-10-31": "156.10000", "2020-07-31": "129.00000", "2020-04-30": "90.50000", "2020-01-31": "123.30000", "2019-10-31": "96.40000", "2019-07-31": "66.50000", "2019-04-30": "8.60000", "2019-01-31": "33.00000", "2018-10-31": "11.50000", "2018-07-31": "-23.40000", "2018-04-30": "-63.80000", "2018-01-31": "-198.30000", "2017-10-31": "-111.20000", "2017-07-31": "-126.40000", "2017-04-30": "-121.40000", "2017-01-31": "-168.20000", "2016-10-31": "-129.30000", "2016-07-31": "-73.00000", "2016-04-30": "-153.30000", "2016-01-31": "-20.50000", "2015-10-31": "-22.50000", "2015-07-31": "0.90000", "2015-04-30": "21.80000", "2015-01-31": "-7.10000", "2014-10-31": "11.60000", "2014-07-31": "42.90000", "2014-04-30": "35.60000", "2014-01-31": "56.30000", "2013-10-31": "69.20000", "2013-07-31": "81.80000", "2013-04-30": "72.60000", "2013-01-31": "86.10000", "2012-10-31": "34.30000", "2012-07-31": "92.10000", "2012-04-30": "97.50000", "2012-01-31": "92.90000", "2011-10-31": "91.30000", "2011-07-31": "94.20000", "2011-04-30": "84.50000", "2011-01-31": "73.00000", "2010-10-31": "71.70000", "2010-07-31": "79.90000", "2010-04-30": "47.40000", "2010-01-31": "58.70000", "2009-10-31": "32.00000", "2009-07-31": "13.40000", "2009-04-30": "-19.40000", "2009-01-31": "-135.60000", "2008-10-31": "136.20000", "2008-07-31": "125.10000", "2008-04-30": "126.80000", "2008-01-31": "130.90000", "2007-10-31": "110.00000", "2007-07-31": "117.90000", "2007-04-30": "111.20000", "2007-01-31": "124.20000", "2006-10-31": "74.60000", "2006-07-31": "104.90000", "2006-04-30": "62.80000", "2006-01-31": "105.50000", "2005-10-31": "98.40000", "2005-07-31": "94.20000", "2005-04-30": "93.60000", "2005-01-31": "78.98100"}, "Income Taxes": {"2020-10-31": "23.90000", "2020-07-31": "30.80000", "2020-04-30": "24.00000", "2020-01-31": "-8.50000", "2019-10-31": "29.70000", "2019-07-31": "26.30000", "2019-04-30": "32.80000", "2019-01-31": "-31.70000", "2018-10-31": "35.20000", "2018-07-31": "16.00000", "2018-04-30": "18.60000", "2018-01-31": "-24.80000", "2017-10-31": "8.60000", "2017-07-31": "17.60000", "2017-04-30": "8.20000", "2017-01-31": "5.20000", "2016-10-31": "13.50000", "2016-07-31": "25.20000", "2016-04-30": "14.40000", "2016-01-31": "16.70000", "2015-10-31": "21.30000", "2015-07-31": "269.50000", "2015-04-30": "2.70000", "2015-01-31": "-18.60000", "2014-10-31": "0.90000", "2014-07-31": "11.60000", "2014-04-30": "7.30000", "2014-01-31": "2.40000", "2013-10-31": "11.60000", "2013-07-31": "20.10000", "2013-04-30": "17.00000", "2013-01-31": "11.60000", "2012-10-31": "4.90000", "2012-07-31": "27.50000", "2012-04-30": "18.60000", "2012-01-31": "20.90000", "2011-10-31": "18.50000", "2011-07-31": "23.00000", "2011-04-30": "15.20000", "2011-01-31": "11.40000", "2010-10-31": "18.10000", "2010-07-31": "20.00000", "2010-04-30": "10.50000", "2010-01-31": "8.60000", "2009-10-31": "2.50000", "2009-07-31": "2.90000", "2009-04-30": "12.70000", "2009-01-31": "-30.30000", "2008-10-31": "31.70000", "2008-07-31": "35.30000", "2008-04-30": "32.20000", "2008-01-31": "34.40000", "2007-10-31": "25.20000", "2007-07-31": "26.30000", "2007-04-30": "27.90000", "2007-01-31": "27.80000", "2006-10-31": "16.60000", "2006-07-31": "18.10000", "2006-04-30": "14.30000", "2006-01-31": "20.40000", "2005-10-31": "2.70000", "2005-07-31": "17.50000", "2005-04-30": "17.50000", "2005-01-31": "13.62100"}, "Income After Taxes": {"2020-10-31": "132.20000", "2020-07-31": "98.20000", "2020-04-30": "66.50000", "2020-01-31": "131.80000", "2019-10-31": "66.70000", "2019-07-31": "40.20000", "2019-04-30": "-24.20000", "2019-01-31": "64.70000", "2018-10-31": "-23.70000", "2018-07-31": "-39.40000", "2018-04-30": "-82.40000", "2018-01-31": "-173.50000", "2017-10-31": "-119.80000", "2017-07-31": "-144.00000", "2017-04-30": "-129.60000", "2017-01-31": "-173.40000", "2016-10-31": "-142.80000", "2016-07-31": "-98.20000", "2016-04-30": "-167.70000", "2016-01-31": "-37.20000", "2015-10-31": "-43.80000", "2015-07-31": "-268.60000", "2015-04-30": "19.10000", "2015-01-31": "11.50000", "2014-10-31": "10.70000", "2014-07-31": "31.30000", "2014-04-30": "28.30000", "2014-01-31": "53.90000", "2013-10-31": "57.60000", "2013-07-31": "61.70000", "2013-04-30": "55.60000", "2013-01-31": "74.50000", "2012-10-31": "29.40000", "2012-07-31": "64.60000", "2012-04-30": "78.90000", "2012-01-31": "72.00000", "2011-10-31": "72.80000", "2011-07-31": "71.20000", "2011-04-30": "69.30000", "2011-01-31": "61.60000", "2010-10-31": "53.60000", "2010-07-31": "59.90000", "2010-04-30": "36.90000", "2010-01-31": "50.10000", "2009-10-31": "29.50000", "2009-07-31": "10.50000", "2009-04-30": "-32.10000", "2009-01-31": "-105.30000", "2008-10-31": "104.50000", "2008-07-31": "89.80000", "2008-04-30": "94.60000", "2008-01-31": "96.50000", "2007-10-31": "84.80000", "2007-07-31": "91.60000", "2007-04-30": "83.30000", "2007-01-31": "96.40000", "2006-10-31": "58.00000", "2006-07-31": "86.80000", "2006-04-30": "48.50000", "2006-01-31": "85.10000", "2005-10-31": "95.70000", "2005-07-31": "76.70000", "2005-04-30": "76.10000", "2005-01-31": "65.36000"}, "Other Income": {"2020-10-31": "", "2020-07-31": "", "2020-04-30": "", "2020-01-31": "", "2019-10-31": "", "2019-07-31": "", "2019-04-30": "", "2019-01-31": "", "2018-10-31": "", "2018-07-31": "", "2018-04-30": "", "2018-01-31": "", "2017-10-31": "", "2017-07-31": "", "2017-04-30": "", "2017-01-31": "", "2016-10-31": "", "2016-07-31": "", "2016-04-30": "", "2016-01-31": "", "2015-10-31": "", "2015-07-31": "", "2015-04-30": "", "2015-01-31": "", "2014-10-31": "", "2014-07-31": "", "2014-04-30": "", "2014-01-31": "", "2013-10-31": "", "2013-07-31": "", "2013-04-30": "", "2013-01-31": "", "2012-10-31": "", "2012-07-31": "", "2012-04-30": "", "2012-01-31": "", "2011-10-31": "", "2011-07-31": "", "2011-04-30": "", "2011-01-31": "", "2010-10-31": "", "2010-07-31": "", "2010-04-30": "", "2010-01-31": "", "2009-10-31": "", "2009-07-31": "", "2009-04-30": "", "2009-01-31": "", "2008-10-31": "", "2008-07-31": "", "2008-04-30": "", "2008-01-31": "", "2007-10-31": "", "2007-07-31": "", "2007-04-30": "", "2007-01-31": "", "2006-10-31": "", "2006-07-31": "", "2006-04-30": "", "2006-01-31": "", "2005-10-31": "", "2005-07-31": "", "2005-04-30": "", "2005-01-31": ""}, "Income From Continuous Operations": {"2020-10-31": "132.20000", "2020-07-31": "98.20000", "2020-04-30": "66.50000", "2020-01-31": "131.80000", "2019-10-31": "66.70000", "2019-07-31": "40.20000", "2019-04-30": "-24.20000", "2019-01-31": "64.70000", "2018-10-31": "-23.70000", "2018-07-31": "-39.40000", "2018-04-30": "-82.40000", "2018-01-31": "-173.50000", "2017-10-31": "-119.80000", "2017-07-31": "-144.00000", "2017-04-30": "-129.60000", "2017-01-31": "-173.40000", "2016-10-31": "-142.80000", "2016-07-31": "-98.20000", "2016-04-30": "-167.70000", "2016-01-31": "-37.20000", "2015-10-31": "-43.80000", "2015-07-31": "-268.60000", "2015-04-30": "19.10000", "2015-01-31": "11.50000", "2014-10-31": "10.70000", "2014-07-31": "31.30000", "2014-04-30": "28.30000", "2014-01-31": "53.90000", "2013-10-31": "57.60000", "2013-07-31": "61.70000", "2013-04-30": "55.60000", "2013-01-31": "74.50000", "2012-10-31": "29.40000", "2012-07-31": "64.60000", "2012-04-30": "78.90000", "2012-01-31": "72.00000", "2011-10-31": "72.80000", "2011-07-31": "71.20000", "2011-04-30": "69.30000", "2011-01-31": "61.60000", "2010-10-31": "53.60000", "2010-07-31": "59.90000", "2010-04-30": "36.90000", "2010-01-31": "50.10000", "2009-10-31": "29.50000", "2009-07-31": "10.50000", "2009-04-30": "-32.10000", "2009-01-31": "-105.30000", "2008-10-31": "104.50000", "2008-07-31": "89.80000", "2008-04-30": "94.60000", "2008-01-31": "96.50000", "2007-10-31": "84.80000", "2007-07-31": "91.60000", "2007-04-30": "83.30000", "2007-01-31": "96.40000", "2006-10-31": "58.00000", "2006-07-31": "86.80000", "2006-04-30": "48.50000", "2006-01-31": "85.10000", "2005-10-31": "95.70000", "2005-07-31": "76.70000", "2005-04-30": "76.10000", "2005-01-31": "65.36000"}, "Income From Discontinued Operations": {"2020-10-31": "", "2020-07-31": "", "2020-04-30": "", "2020-01-31": "", "2019-10-31": "", "2019-07-31": "", "2019-04-30": "", "2019-01-31": "", "2018-10-31": "", "2018-07-31": "", "2018-04-30": "", "2018-01-31": "", "2017-10-31": "", "2017-07-31": "", "2017-04-30": "", "2017-01-31": "", "2016-10-31": "", "2016-07-31": "", "2016-04-30": "", "2016-01-31": "", "2015-10-31": "", "2015-07-31": "", "2015-04-30": "", "2015-01-31": "", "2014-10-31": "", "2014-07-31": "", "2014-04-30": "", "2014-01-31": "", "2013-10-31": "", "2013-07-31": "", "2013-04-30": "", "2013-01-31": "", "2012-10-31": "", "2012-07-31": "", "2012-04-30": "", "2012-01-31": "", "2011-10-31": "", "2011-07-31": "", "2011-04-30": "", "2011-01-31": "", "2010-10-31": "", "2010-07-31": "", "2010-04-30": "", "2010-01-31": "", "2009-10-31": "", "2009-07-31": "", "2009-04-30": "", "2009-01-31": "", "2008-10-31": "", "2008-07-31": "", "2008-04-30": "", "2008-01-31": "", "2007-10-31": "", "2007-07-31": "", "2007-04-30": "", "2007-01-31": "", "2006-10-31": "", "2006-07-31": "", "2006-04-30": "", "2006-01-31": "", "2005-10-31": "", "2005-07-31": "", "2005-04-30": "", "2005-01-31": ""}, "Net Income": {"2020-10-31": "132.20000", "2020-07-31": "98.20000", "2020-04-30": "66.50000", "2020-01-31": "131.80000", "2019-10-31": "66.70000", "2019-07-31": "40.20000", "2019-04-30": "-24.20000", "2019-01-31": "64.70000", "2018-10-31": "-23.70000", "2018-07-31": "-39.40000", "2018-04-30": "-82.40000", "2018-01-31": "-173.50000", "2017-10-31": "-119.80000", "2017-07-31": "-144.00000", "2017-04-30": "-129.60000", "2017-01-31": "-173.40000", "2016-10-31": "-142.80000", "2016-07-31": "-98.20000", "2016-04-30": "-167.70000", "2016-01-31": "-37.20000", "2015-10-31": "-43.80000", "2015-07-31": "-268.60000", "2015-04-30": "19.10000", "2015-01-31": "11.50000", "2014-10-31": "10.70000", "2014-07-31": "31.30000", "2014-04-30": "28.30000", "2014-01-31": "53.90000", "2013-10-31": "57.60000", "2013-07-31": "61.70000", "2013-04-30": "55.60000", "2013-01-31": "74.50000", "2012-10-31": "29.40000", "2012-07-31": "64.60000", "2012-04-30": "78.90000", "2012-01-31": "72.00000", "2011-10-31": "72.80000", "2011-07-31": "71.20000", "2011-04-30": "69.30000", "2011-01-31": "61.60000", "2010-10-31": "53.60000", "2010-07-31": "59.90000", "2010-04-30": "36.90000", "2010-01-31": "50.10000", "2009-10-31": "29.50000", "2009-07-31": "10.50000", "2009-04-30": "-32.10000", "2009-01-31": "-105.30000", "2008-10-31": "104.50000", "2008-07-31": "89.80000", "2008-04-30": "94.60000", "2008-01-31": "96.50000", "2007-10-31": "84.80000", "2007-07-31": "91.60000", "2007-04-30": "83.30000", "2007-01-31": "96.40000", "2006-10-31": "58.00000", "2006-07-31": "86.80000", "2006-04-30": "48.50000", "2006-01-31": "85.10000", "2005-10-31": "95.70000", "2005-07-31": "76.70000", "2005-04-30": "76.10000", "2005-01-31": "65.36000"}, "EBITDA": {"2020-10-31": "200.20010", "2020-07-31": "176.10000", "2020-04-30": "160.60000", "2020-01-31": "164.70030", "2019-10-31": "142.20000", "2019-07-31": "105.90010", "2019-04-30": "57.50000", "2019-01-31": "65.70010", "2018-10-31": "38.20000", "2018-07-31": "-2.50000", "2018-04-30": "-31.20000", "2018-01-31": "-155.00020", "2017-10-31": "-75.30000", "2017-07-31": "-79.20000", "2017-04-30": "-91.20000", "2017-01-31": "-132.40010", "2016-10-31": "-85.80010", "2016-07-31": "-29.90000", "2016-04-30": "-112.30000", "2016-01-31": "26.39990", "2015-10-31": "20.90000", "2015-07-31": "40.50010", "2015-04-30": "59.30000", "2015-01-31": "50.00010", "2014-10-31": "51.20000", "2014-07-31": "87.10000", "2014-04-30": "78.30000", "2014-01-31": "84.89980", "2013-10-31": "98.70000", "2013-07-31": "115.60000", "2013-04-30": "114.50010", "2013-01-31": "119.30000", "2012-10-31": "69.40000", "2012-07-31": "121.80000", "2012-04-30": "123.20000", "2012-01-31": "122.10040", "2011-10-31": "121.20000", "2011-07-31": "124.70000", "2011-04-30": "103.10000", "2011-01-31": "97.40000", "2010-10-31": "95.80000", "2010-07-31": "106.10000", "2010-04-30": "77.50000", "2010-01-31": "83.09990", "2009-10-31": "55.20000", "2009-07-31": "31.20000", "2009-04-30": "28.60000", "2009-01-31": "22.40000", "2008-10-31": "165.00000", "2008-07-31": "141.00000", "2008-04-30": "136.80000", "2008-01-31": "141.29990", "2007-10-31": "121.10000", "2007-07-31": "128.90000", "2007-04-30": "115.60000", "2007-01-31": "133.99990", "2006-10-31": "81.80000", "2006-07-31": "115.60000", "2006-04-30": "71.80000", "2006-01-31": "111.19990", "2005-10-31": "104.70000", "2005-07-31": "103.10000", "2005-04-30": "103.20000", "2005-01-31": "88.29610"}, "EBIT": {"2020-10-31": "168.00010", "2020-07-31": "146.10000", "2020-04-30": "130.60000", "2020-01-31": "133.80020", "2019-10-31": "110.60000", "2019-07-31": "73.80010", "2019-04-30": "24.80000", "2019-01-31": "40.30020", "2018-10-31": "14.70000", "2018-07-31": "-24.70000", "2018-04-30": "-55.30000", "2018-01-31": "-181.90010", "2017-10-31": "-100.00000", "2017-07-31": "-107.60000", "2017-04-30": "-119.60000", "2017-01-31": "-167.10010", "2016-10-31": "-119.90010", "2016-07-31": "-62.90000", "2016-04-30": "-149.70000", "2016-01-31": "-9.70000", "2015-10-31": "-14.80000", "2015-07-31": "4.30000", "2015-04-30": "21.50000", "2015-01-31": "14.00000", "2014-10-31": "14.60000", "2014-07-31": "49.90000", "2014-04-30": "42.20000", "2014-01-31": "51.69970", "2013-10-31": "68.10000", "2013-07-31": "83.60000", "2013-04-30": "81.40010", "2013-01-31": "84.59990", "2012-10-31": "34.40000", "2012-07-31": "92.90000", "2012-04-30": "94.00000", "2012-01-31": "91.80030", "2011-10-31": "90.20000", "2011-07-31": "95.00000", "2011-04-30": "78.60000", "2011-01-31": "71.59990", "2010-10-31": "69.20000", "2010-07-31": "79.80000", "2010-04-30": "50.80000", "2010-01-31": "56.00000", "2009-10-31": "26.30000", "2009-07-31": "2.70000", "2009-04-30": "-19.40000", "2009-01-31": "-133.80000", "2008-10-31": "139.60000", "2008-07-31": "118.80000", "2008-04-30": "119.90000", "2008-01-31": "124.09980", "2007-10-31": "105.60000", "2007-07-31": "114.50000", "2007-04-30": "101.40000", "2007-01-31": "119.70000", "2006-10-31": "68.60000", "2006-07-31": "102.10000", "2006-04-30": "59.30000", "2006-01-31": "101.29990", "2005-10-31": "95.20000", "2005-07-31": "91.40000", "2005-04-30": "90.60000", "2005-01-31": "74.97700"}, "Basic Shares Outstanding": {"2020-10-31": "219.60000", "2020-07-31": "219.20000", "2020-04-30": "219.20000", "2020-01-31": "219.70000", "2019-10-31": "219.70000", "2019-07-31": "219.60000", "2019-04-30": "219.60000", "2019-01-31": "218.90000", "2018-10-31": "218.90000", "2018-07-31": "219.00000", "2018-04-30": "218.60000", "2018-01-31": "219.50000", "2017-10-31": "219.60000", "2017-07-31": "219.50000", "2017-04-30": "219.90000", "2017-01-31": "222.70000", "2016-10-31": "222.30000", "2016-07-31": "223.20000", "2016-04-30": "224.40000", "2016-01-31": "226.00000", "2015-10-31": "225.30000", "2015-07-31": "227.00000", "2015-04-30": "227.20000", "2015-01-31": "227.10000", "2014-10-31": "226.90000", "2014-07-31": "227.30000", "2014-04-30": "227.00000", "2014-01-31": "224.00000", "2013-10-31": "223.10000", "2013-07-31": "223.10000", "2013-04-30": "223.80000", "2013-01-31": "226.40000", "2012-10-31": "225.50000", "2012-07-31": "227.80000", "2012-04-30": "228.10000", "2012-01-31": "227.70000", "2011-10-31": "227.10000", "2011-07-31": "229.40000", "2011-04-30": "228.20000", "2011-01-31": "227.60000", "2010-10-31": "226.50000", "2010-07-31": "228.00000", "2010-04-30": "229.00000", "2010-01-31": "228.70000", "2009-10-31": "229.60000", "2009-07-31": "228.90000", "2009-04-30": "227.10000", "2009-01-31": "225.50000", "2008-10-31": "225.30000", "2008-07-31": "224.20000", "2008-04-30": "226.20000", "2008-01-31": "230.30000", "2007-10-31": "229.40000", "2007-07-31": "230.30000", "2007-04-30": "231.20000", "2007-01-31": "230.70000", "2006-10-31": "230.90000", "2006-07-31": "230.50000", "2006-04-30": "230.30000", "2006-01-31": "229.00000", "2005-10-31": "229.60000", "2005-07-31": "228.70000", "2005-04-30": "227.70000", "2005-01-31": "227.00000"}, "Shares Outstanding": {"2020-10-31": "222.30000", "2020-07-31": "222.20000", "2020-04-30": "221.30000", "2020-01-31": "222.50000", "2019-10-31": "221.90000", "2019-07-31": "222.40000", "2019-04-30": "219.60000", "2019-01-31": "218.90000", "2018-10-31": "218.90000", "2018-07-31": "219.00000", "2018-04-30": "218.60000", "2018-01-31": "219.50000", "2017-10-31": "219.60000", "2017-07-31": "219.50000", "2017-04-30": "219.90000", "2017-01-31": "222.70000", "2016-10-31": "222.30000", "2016-07-31": "223.20000", "2016-04-30": "224.40000", "2016-01-31": "226.00000", "2015-10-31": "225.30000", "2015-07-31": "227.00000", "2015-04-30": "231.70000", "2015-01-31": "232.40000", "2014-10-31": "231.50000", "2014-07-31": "232.40000", "2014-04-30": "231.60000", "2014-01-31": "229.60000", "2013-10-31": "227.70000", "2013-07-31": "228.30000", "2013-04-30": "229.30000", "2013-01-31": "231.70000", "2012-10-31": "229.90000", "2012-07-31": "232.10000", "2012-04-30": "234.10000", "2012-01-31": "233.30000", "2011-10-31": "230.70000", "2011-07-31": "236.60000", "2011-04-30": "237.10000", "2011-01-31": "234.20000", "2010-10-31": "232.40000", "2010-07-31": "233.80000", "2010-04-30": "234.60000", "2010-01-31": "232.10000", "2009-10-31": "232.90000", "2009-07-31": "232.30000", "2009-04-30": "227.10000", "2009-01-31": "230.10000", "2008-10-31": "230.40000", "2008-07-31": "231.10000", "2008-04-30": "232.60000", "2008-01-31": "242.00000", "2007-10-31": "239.90000", "2007-07-31": "243.00000", "2007-04-30": "243.80000", "2007-01-31": "243.20000", "2006-10-31": "242.00000", "2006-07-31": "243.10000", "2006-04-30": "244.70000", "2006-01-31": "247.50000", "2005-10-31": "249.50000", "2005-07-31": "250.30000", "2005-04-30": "249.30000", "2005-01-31": "247.00000"}, "Basic EPS": {"2020-10-31": "0.60000", "2020-07-31": "0.45000", "2020-04-30": "0.30000", "2020-01-31": "0.61000", "2019-10-31": "0.30000", "2019-07-31": "0.18000", "2019-04-30": "-0.11000", "2019-01-31": "0.30000", "2018-10-31": "-0.11000", "2018-07-31": "-0.18000", "2018-04-30": "-0.38000", "2018-01-31": "-0.78000", "2017-10-31": "-0.55000", "2017-07-31": "-0.66000", "2017-04-30": "-0.59000", "2017-01-31": "-0.78000", "2016-10-31": "-0.64000", "2016-07-31": "-0.44000", "2016-04-30": "-0.75000", "2016-01-31": "-0.17000", "2015-10-31": "-0.19000", "2015-07-31": "-1.18000", "2015-04-30": "0.08000", "2015-01-31": "0.05000", "2014-10-31": "0.05000", "2014-07-31": "0.14000", "2014-04-30": "0.12000", "2014-01-31": "0.23000", "2013-10-31": "0.26000", "2013-07-31": "0.28000", "2013-04-30": "0.25000", "2013-01-31": "0.33000", "2012-10-31": "0.13000", "2012-07-31": "0.28000", "2012-04-30": "0.35000", "2012-01-31": "0.32000", "2011-10-31": "0.32000", "2011-07-31": "0.31000", "2011-04-30": "0.30000", "2011-01-31": "0.27000", "2010-10-31": "0.24000", "2010-07-31": "0.26000", "2010-04-30": "0.16000", "2010-01-31": "0.21000", "2009-10-31": "0.13000", "2009-07-31": "0.05000", "2009-04-30": "-0.14000", "2009-01-31": "-0.47000", "2008-10-31": "0.46000", "2008-07-31": "0.40000", "2008-04-30": "0.42000", "2008-01-31": "0.42000", "2007-10-31": "0.37000", "2007-07-31": "0.40000", "2007-04-30": "0.36000", "2007-01-31": "0.42000", "2006-10-31": "0.25000", "2006-07-31": "0.38000", "2006-04-30": "0.21000", "2006-01-31": "0.37000", "2005-10-31": "0.42000", "2005-07-31": "0.34000", "2005-04-30": "0.33000", "2005-01-31": "0.28000"}, "EPS - Earnings Per Share": {"2020-10-31": "0.59000", "2020-07-31": "0.44000", "2020-04-30": "0.30000", "2020-01-31": "0.59000", "2019-10-31": "0.30000", "2019-07-31": "0.18000", "2019-04-30": "-0.11000", "2019-01-31": "0.30000", "2018-10-31": "-0.11000", "2018-07-31": "-0.18000", "2018-04-30": "-0.38000", "2018-01-31": "-0.78000", "2017-10-31": "-0.55000", "2017-07-31": "-0.66000", "2017-04-30": "-0.59000", "2017-01-31": "-0.78000", "2016-10-31": "-0.64000", "2016-07-31": "-0.44000", "2016-04-30": "-0.75000", "2016-01-31": "-0.17000", "2015-10-31": "-0.19000", "2015-07-31": "-1.18000", "2015-04-30": "0.08000", "2015-01-31": "0.05000", "2014-10-31": "0.05000", "2014-07-31": "0.13000", "2014-04-30": "0.12000", "2014-01-31": "0.24000", "2013-10-31": "0.25000", "2013-07-31": "0.27000", "2013-04-30": "0.24000", "2013-01-31": "0.32000", "2012-10-31": "0.13000", "2012-07-31": "0.28000", "2012-04-30": "0.34000", "2012-01-31": "0.31000", "2011-10-31": "0.32000", "2011-07-31": "0.30000", "2011-04-30": "0.29000", "2011-01-31": "0.26000", "2010-10-31": "0.23000", "2010-07-31": "0.25000", "2010-04-30": "0.16000", "2010-01-31": "0.21000", "2009-10-31": "0.13000", "2009-07-31": "0.05000", "2009-04-30": "-0.14000", "2009-01-31": "-0.45000", "2008-10-31": "0.45000", "2008-07-31": "0.39000", "2008-04-30": "0.41000", "2008-01-31": "0.40000", "2007-10-31": "0.35000", "2007-07-31": "0.38000", "2007-04-30": "0.34000", "2007-01-31": "0.39000", "2006-10-31": "0.24000", "2006-07-31": "0.36000", "2006-04-30": "0.20000", "2006-01-31": "0.35000", "2005-10-31": "0.38000", "2005-07-31": "0.31000", "2005-04-30": "0.31000", "2005-01-31": "0.26000"}}, "balance sheet": {"Cash On Hand": {"2020-01-31": "1843.70000", "2019-01-31": "953.60000", "2018-01-31": "1323.20000", "2017-01-31": "1899.90000", "2016-01-31": "2250.90000", "2015-01-31": "2026.40000", "2014-01-31": "2267.10000", "2013-01-31": "1954.30000", "2012-01-31": "1411.30000", "2011-01-31": "1274.30000", "2010-01-31": "1000.60000", "2009-01-31": "981.10000", "2008-01-31": "949.30000", "2007-01-31": "777.90000", "2006-01-31": "377.50000", "2005-01-31": "532.70000"}, "Receivables": {"2020-01-31": "652.30000", "2019-01-31": "474.30000", "2018-01-31": "438.20000", "2017-01-31": "452.30000", "2016-01-31": "653.60000", "2015-01-31": "458.90000", "2014-01-31": "423.70000", "2013-01-31": "495.10000", "2012-01-31": "395.10000", "2011-01-31": "318.40000", "2010-01-31": "277.40000", "2009-01-31": "316.50000", "2008-01-31": "386.50000", "2007-01-31": "301.30000", "2006-01-31": "261.40000", "2005-01-31": "196.80000"}, "Inventory": {"2020-01-31": "", "2019-01-31": "", "2018-01-31": "", "2017-01-31": "", "2016-01-31": "", "2015-01-31": "", "2014-01-31": "", "2013-01-31": "", "2012-01-31": "", "2011-01-31": "", "2010-01-31": "", "2009-01-31": "", "2008-01-31": "", "2007-01-31": "", "2006-01-31": "14.20000", "2005-01-31": "12.50000"}, "Pre-Paid Expenses": {"2020-01-31": "163.30000", "2019-01-31": "192.10000", "2018-01-31": "116.50000", "2017-01-31": "108.40000", "2016-01-31": "88.60000", "2015-01-31": "100.90000", "2014-01-31": "87.40000", "2013-01-31": "60.80000", "2012-01-31": "59.40000", "2011-01-31": "64.80000", "2010-01-31": "57.40000", "2009-01-31": "59.30000", "2008-01-31": "47.90000", "2007-01-31": "32.40000", "2006-01-31": "29.30000", "2005-01-31": "25.50000"}, "Other Current Assets": {"2020-01-31": "", "2019-01-31": "", "2018-01-31": "", "2017-01-31": "", "2016-01-31": "", "2015-01-31": "", "2014-01-31": "", "2013-01-31": "", "2012-01-31": "", "2011-01-31": "", "2010-01-31": "", "2009-01-31": "", "2008-01-31": "", "2007-01-31": "", "2006-01-31": "", "2005-01-31": ""}, "Total Current Assets": {"2020-01-31": "2659.30000", "2019-01-31": "1620.00000", "2018-01-31": "1877.90000", "2017-01-31": "2460.60000", "2016-01-31": "2993.10000", "2015-01-31": "2671.30000", "2014-01-31": "2835.00000", "2013-01-31": "2552.40000", "2012-01-31": "1895.90000", "2011-01-31": "1714.30000", "2010-01-31": "1379.60000", "2009-01-31": "1388.00000", "2008-01-31": "1481.80000", "2007-01-31": "1189.70000", "2006-01-31": "746.80000", "2005-01-31": "781.80000"}, "Property, Plant, And Equipment": {"2020-01-31": "161.70000", "2019-01-31": "149.70000", "2018-01-31": "145.00000", "2017-01-31": "158.60000", "2016-01-31": "169.30000", "2015-01-31": "159.20000", "2014-01-31": "130.30000", "2013-01-31": "114.90000", "2012-01-31": "104.50000", "2011-01-31": "84.50000", "2010-01-31": "101.60000", "2009-01-31": "120.60000", "2008-01-31": "80.20000", "2007-01-31": "65.60000", "2006-01-31": "61.40000", "2005-01-31": "69.60000"}, "Long-Term Investments": {"2020-01-31": "", "2019-01-31": "", "2018-01-31": "190.80000", "2017-01-31": "306.20000", "2016-01-31": "532.30000", "2015-01-31": "273.00000", "2014-01-31": "277.30000", "2013-01-31": "411.10000", "2012-01-31": "192.80000", "2011-01-31": "192.60000", "2010-01-31": "125.60000", "2009-01-31": "7.60000", "2008-01-31": "8.40000", "2007-01-31": "", "2006-01-31": "", "2005-01-31": ""}, "Goodwill And Intangible Assets": {"2020-01-31": "2515.90000", "2019-01-31": "2556.40000", "2018-01-31": "1647.30000", "2017-01-31": "1606.80000", "2016-01-31": "1605.80000", "2015-01-31": "1542.70000", "2014-01-31": "1073.00000", "2013-01-31": "947.50000", "2012-01-31": "767.00000", "2011-01-31": "611.30000", "2010-01-31": "630.90000", "2009-01-31": "655.80000", "2008-01-31": "507.80000", "2007-01-31": "406.60000", "2006-01-31": "368.00000", "2005-01-31": "175.90000"}, "Other Long-Term Assets": {"2020-01-31": "347.20000", "2019-01-31": "337.80000", "2018-01-31": "170.90000", "2017-01-31": "202.00000", "2016-01-31": "205.60000", "2015-01-31": "163.50000", "2014-01-31": "148.30000", "2013-01-31": "159.70000", "2012-01-31": "131.80000", "2011-01-31": "94.20000", "2010-01-31": "107.60000", "2009-01-31": "123.00000", "2008-01-31": "79.40000", "2007-01-31": "75.80000", "2006-01-31": "55.40000", "2005-01-31": "9.80000"}, "Total Long-Term Assets": {"2020-01-31": "3520.00000", "2019-01-31": "3109.20000", "2018-01-31": "2235.70000", "2017-01-31": "2337.50000", "2016-01-31": "2522.20000", "2015-01-31": "2238.40000", "2014-01-31": "1760.00000", "2013-01-31": "1756.00000", "2012-01-31": "1331.90000", "2011-01-31": "1073.30000", "2010-01-31": "1067.60000", "2009-01-31": "1032.70000", "2008-01-31": "730.40000", "2007-01-31": "607.80000", "2006-01-31": "609.00000", "2005-01-31": "360.40000"}, "Total Assets": {"2020-01-31": "6179.30000", "2019-01-31": "4729.20000", "2018-01-31": "4113.60000", "2017-01-31": "4798.10000", "2016-01-31": "5515.30000", "2015-01-31": "4909.70000", "2014-01-31": "4595.00000", "2013-01-31": "4308.40000", "2012-01-31": "3227.80000", "2011-01-31": "2787.60000", "2010-01-31": "2447.20000", "2009-01-31": "2420.70000", "2008-01-31": "2212.20000", "2007-01-31": "1797.50000", "2006-01-31": "1355.80000", "2005-01-31": "1142.20000"}, "Total Current Liabilities": {"2020-01-31": "3219.20000", "2019-01-31": "2301.20000", "2018-01-31": "2123.20000", "2017-01-31": "2185.40000", "2016-01-31": "1591.00000", "2015-01-31": "1400.10000", "2014-01-31": "1071.50000", "2013-01-31": "1043.70000", "2012-01-31": "954.10000", "2011-01-31": "869.80000", "2010-01-31": "704.00000", "2009-01-31": "800.10000", "2008-01-31": "730.30000", "2007-01-31": "574.20000", "2006-01-31": "487.80000", "2005-01-31": "468.30000"}, "Long Term Debt": {"2020-01-31": "1635.10000", "2019-01-31": "2087.70000", "2018-01-31": "1586.00000", "2017-01-31": "1092.00000", "2016-01-31": "1487.70000", "2015-01-31": "743.10000", "2014-01-31": "746.40000", "2013-01-31": "745.60000", "2012-01-31": "", "2011-01-31": "", "2010-01-31": "", "2009-01-31": "", "2008-01-31": "", "2007-01-31": "", "2006-01-31": "", "2005-01-31": ""}, "Other Non-Current Liabilities": {"2020-01-31": "138.90000", "2019-01-31": "143.30000", "2018-01-31": "190.30000", "2017-01-31": "177.70000", "2016-01-31": "299.00000", "2015-01-31": "291.00000", "2014-01-31": "311.20000", "2013-01-31": "288.30000", "2012-01-31": "253.90000", "2011-01-31": "216.80000", "2010-01-31": "197.80000", "2009-01-31": "173.90000", "2008-01-31": "142.70000", "2007-01-31": "40.90000", "2006-01-31": "29.20000", "2005-01-31": "10.30000"}, "Total Long Term Liabilities": {"2020-01-31": "3099.20000", "2019-01-31": "2638.90000", "2018-01-31": "2246.40000", "2017-01-31": "1879.10000", "2016-01-31": "2304.70000", "2015-01-31": "1290.40000", "2014-01-31": "1262.00000", "2013-01-31": "1221.50000", "2012-01-31": "390.80000", "2011-01-31": "308.50000", "2010-01-31": "269.70000", "2009-01-31": "309.90000", "2008-01-31": "251.40000", "2007-01-31": "108.30000", "2006-01-31": "65.00000", "2005-01-31": "25.80000"}, "Total Liabilities": {"2020-01-31": "6318.40000", "2019-01-31": "4940.10000", "2018-01-31": "4369.60000", "2017-01-31": "4064.50000", "2016-01-31": "3895.70000", "2015-01-31": "2690.50000", "2014-01-31": "2333.50000", "2013-01-31": "2265.20000", "2012-01-31": "1344.90000", "2011-01-31": "1178.30000", "2010-01-31": "973.70000", "2009-01-31": "1110.00000", "2008-01-31": "981.70000", "2007-01-31": "682.50000", "2006-01-31": "552.80000", "2005-01-31": "494.10000"}, "Common Stock Net": {"2020-01-31": "2317.00000", "2019-01-31": "2071.50000", "2018-01-31": "1952.70000", "2017-01-31": "1876.30000", "2016-01-31": "1821.50000", "2015-01-31": "1773.10000", "2014-01-31": "1637.30000", "2013-01-31": "1449.80000", "2012-01-31": "1365.40000", "2011-01-31": "1267.20000", "2010-01-31": "1204.30000", "2009-01-31": "1080.40000", "2008-01-31": "998.30000", "2007-01-31": "908.30000", "2006-01-31": "803.80000", "2005-01-31": "625.20000"}, "Retained Earnings (Accumulated Deficit)": {"2020-01-31": "-2295.80000", "2019-01-31": "-2147.40000", "2018-01-31": "-2084.90000", "2017-01-31": "-964.20000", "2016-01-31": "-80.80000", "2015-01-31": "499.40000", "2014-01-31": "624.80000", "2013-01-31": "599.10000", "2012-01-31": "511.60000", "2011-01-31": "342.70000", "2010-01-31": "272.70000", "2009-01-31": "241.50000", "2008-01-31": "218.40000", "2007-01-31": "210.30000", "2006-01-31": "16.70000", "2005-01-31": "26.00000"}, "Comprehensive Income": {"2020-01-31": "-160.30000", "2019-01-31": "-135.00000", "2018-01-31": "-123.80000", "2017-01-31": "-178.50000", "2016-01-31": "-121.10000", "2015-01-31": "-53.30000", "2014-01-31": "-0.60000", "2013-01-31": "-5.70000", "2012-01-31": "5.90000", "2011-01-31": "-0.60000", "2010-01-31": "-3.50000", "2009-01-31": "-11.20000", "2008-01-31": "13.80000", "2007-01-31": "-3.60000", "2006-01-31": "-7.40000", "2005-01-31": "-2.80000"}, "Other Share Holders Equity": {"2020-01-31": "", "2019-01-31": "", "2018-01-31": "", "2017-01-31": "", "2016-01-31": "", "2015-01-31": "", "2014-01-31": "", "2013-01-31": "", "2012-01-31": "", "2011-01-31": "", "2010-01-31": "", "2009-01-31": "", "2008-01-31": "", "2007-01-31": "", "2006-01-31": "", "2005-01-31": ""}, "Share Holder Equity": {"2020-01-31": "-139.10000", "2019-01-31": "-210.90000", "2018-01-31": "-256.00000", "2017-01-31": "733.60000", "2016-01-31": "1619.60000", "2015-01-31": "2219.20000", "2014-01-31": "2261.50000", "2013-01-31": "2043.20000", "2012-01-31": "1882.90000", "2011-01-31": "1609.30000", "2010-01-31": "1473.50000", "2009-01-31": "1310.70000", "2008-01-31": "1230.50000", "2007-01-31": "1115.00000", "2006-01-31": "803.00000", "2005-01-31": "648.10000"}, "Total Liabilities And Share Holders Equity": {"2020-01-31": "6179.30000", "2019-01-31": "4729.20000", "2018-01-31": "4113.60000", "2017-01-31": "4798.10000", "2016-01-31": "5515.30000", "2015-01-31": "4909.70000", "2014-01-31": "4595.00000", "2013-01-31": "4308.40000", "2012-01-31": "3227.80000", "2011-01-31": "2787.60000", "2010-01-31": "2447.20000", "2009-01-31": "2420.70000", "2008-01-31": "2212.20000", "2007-01-31": "1797.50000", "2006-01-31": "1355.80000", "2005-01-31": "1142.20000"}}, "balance sheet, quarterly": {"Cash On Hand": {"2020-10-31": "1615.50000", "2020-07-31": "1519.50000", "2020-04-30": "1466.90000", "2020-01-31": "1843.70000", "2019-10-31": "1024.50000", "2019-07-31": "991.30000", "2019-04-30": "972.10000", "2019-01-31": "953.60000", "2018-10-31": "1078.20000", "2018-07-31": "1169.80000", "2018-04-30": "1292.90000", "2018-01-31": "1323.20000", "2017-10-31": "1453.90000", "2017-07-31": "1707.70000", "2017-04-30": "1811.30000", "2017-01-31": "1899.90000", "2016-10-31": "1968.90000", "2016-07-31": "2064.90000", "2016-04-30": "2267.30000", "2016-01-31": "2250.90000", "2015-10-31": "2284.30000", "2015-07-31": "2389.90000", "2015-04-30": "1830.90000", "2015-01-31": "2026.40000", "2014-10-31": "1901.40000", "2014-07-31": "1906.40000", "2014-04-30": "2119.70000", "2014-01-31": "2267.10000", "2013-10-31": "2060.50000", "2013-07-31": "1997.90000", "2013-04-30": "2087.90000", "2013-01-31": "1954.30000", "2012-10-31": "1329.10000", "2012-07-31": "1430.70000", "2012-04-30": "1512.00000", "2012-01-31": "1411.30000", "2011-10-31": "1343.60000", "2011-07-31": "1373.30000", "2011-04-30": "1349.80000", "2011-01-31": "1274.30000", "2010-10-31": "1136.80000", "2010-07-31": "1086.60000", "2010-04-30": "1059.80000", "2010-01-31": "1000.60000", "2009-10-31": "961.60000", "2009-07-31": "936.40000", "2009-04-30": "958.90000", "2009-01-31": "981.10000", "2008-10-31": "933.20000", "2008-07-31": "962.20000", "2008-04-30": "942.00000", "2008-01-31": "949.30000", "2007-10-31": "872.60000", "2007-07-31": "826.90000", "2007-04-30": "964.00000", "2007-01-31": "777.90000", "2006-10-31": "597.30000", "2006-07-31": "468.20000", "2006-04-30": "385.80000", "2006-01-31": "377.50000", "2005-10-31": "547.94000", "2005-07-31": "521.47000", "2005-04-30": "537.77600", "2005-01-31": "532.70000"}, "Receivables": {"2020-10-31": "540.40000", "2020-07-31": "490.10000", "2020-04-30": "356.50000", "2020-01-31": "652.30000", "2019-10-31": "520.30000", "2019-07-31": "347.40000", "2019-04-30": "268.10000", "2019-01-31": "474.30000", "2018-10-31": "309.00000", "2018-07-31": "234.40000", "2018-04-30": "206.70000", "2018-01-31": "438.20000", "2017-10-31": "307.80000", "2017-07-31": "265.60000", "2017-04-30": "231.50000", "2017-01-31": "452.30000", "2016-10-31": "259.80000", "2016-07-31": "306.90000", "2016-04-30": "256.40000", "2016-01-31": "653.60000", "2015-10-31": "362.30000", "2015-07-31": "394.10000", "2015-04-30": "316.00000", "2015-01-31": "458.90000", "2014-10-31": "375.70000", "2014-07-31": "365.30000", "2014-04-30": "323.30000", "2014-01-31": "423.70000", "2013-10-31": "304.10000", "2013-07-31": "303.90000", "2013-04-30": "285.80000", "2013-01-31": "495.10000", "2012-10-31": "293.30000", "2012-07-31": "361.40000", "2012-04-30": "300.60000", "2012-01-31": "395.10000", "2011-10-31": "259.20000", "2011-07-31": "297.00000", "2011-04-30": "271.00000", "2011-01-31": "318.40000", "2010-10-31": "240.10000", "2010-07-31": "231.00000", "2010-04-30": "218.10000", "2010-01-31": "277.40000", "2009-10-31": "215.70000", "2009-07-31": "223.90000", "2009-04-30": "228.60000", "2009-01-31": "316.50000", "2008-10-31": "291.40000", "2008-07-31": "325.20000", "2008-04-30": "333.50000", "2008-01-31": "386.50000", "2007-10-31": "299.20000", "2007-07-31": "278.40000", "2007-04-30": "260.40000", "2007-01-31": "301.30000", "2006-10-31": "256.00000", "2006-07-31": "258.70000", "2006-04-30": "276.40000", "2006-01-31": "261.40000", "2005-10-31": "201.76900", "2005-07-31": "202.41500", "2005-04-30": "190.21600", "2005-01-31": "196.80000"}, "Inventory": {"2020-10-31": "", "2020-07-31": "", "2020-04-30": "", "2020-01-31": "", "2019-10-31": "", "2019-07-31": "", "2019-04-30": "", "2019-01-31": "", "2018-10-31": "", "2018-07-31": "", "2018-04-30": "", "2018-01-31": "", "2017-10-31": "", "2017-07-31": "", "2017-04-30": "", "2017-01-31": "", "2016-10-31": "", "2016-07-31": "", "2016-04-30": "", "2016-01-31": "", "2015-10-31": "", "2015-07-31": "", "2015-04-30": "", "2015-01-31": "", "2014-10-31": "", "2014-07-31": "", "2014-04-30": "", "2014-01-31": "", "2013-10-31": "", "2013-07-31": "", "2013-04-30": "", "2013-01-31": "", "2012-10-31": "", "2012-07-31": "", "2012-04-30": "", "2012-01-31": "", "2011-10-31": "", "2011-07-31": "", "2011-04-30": "", "2011-01-31": "", "2010-10-31": "", "2010-07-31": "", "2010-04-30": "", "2010-01-31": "", "2009-10-31": "", "2009-07-31": "", "2009-04-30": "", "2009-01-31": "", "2008-10-31": "", "2008-07-31": "", "2008-04-30": "", "2008-01-31": "", "2007-10-31": "", "2007-07-31": "", "2007-04-30": "", "2007-01-31": "", "2006-10-31": "7.50000", "2006-07-31": "7.00000", "2006-04-30": "13.20000", "2006-01-31": "14.20000", "2005-10-31": "15.11200", "2005-07-31": "14.30100", "2005-04-30": "14.72400", "2005-01-31": "12.50000"}, "Pre-Paid Expenses": {"2020-10-31": "183.90000", "2020-07-31": "194.30000", "2020-04-30": "200.90000", "2020-01-31": "163.30000", "2019-10-31": "162.00000", "2019-07-31": "176.80000", "2019-04-30": "182.10000", "2019-01-31": "192.10000", "2018-10-31": "202.80000", "2018-07-31": "194.60000", "2018-04-30": "198.40000", "2018-01-31": "116.50000", "2017-10-31": "110.20000", "2017-07-31": "110.00000", "2017-04-30": "96.90000", "2017-01-31": "108.40000", "2016-10-31": "103.40000", "2016-07-31": "114.70000", "2016-04-30": "105.30000", "2016-01-31": "88.60000", "2015-10-31": "90.70000", "2015-07-31": "105.80000", "2015-04-30": "112.90000", "2015-01-31": "100.90000", "2014-10-31": "100.90000", "2014-07-31": "102.00000", "2014-04-30": "92.80000", "2014-01-31": "87.40000", "2013-10-31": "99.80000", "2013-07-31": "83.10000", "2013-04-30": "81.40000", "2013-01-31": "60.80000", "2012-10-31": "53.80000", "2012-07-31": "65.80000", "2012-04-30": "60.80000", "2012-01-31": "59.40000", "2011-10-31": "61.60000", "2011-07-31": "73.20000", "2011-04-30": "72.50000", "2011-01-31": "64.80000", "2010-10-31": "49.20000", "2010-07-31": "56.20000", "2010-04-30": "72.30000", "2010-01-31": "57.40000", "2009-10-31": "60.00000", "2009-07-31": "58.70000", "2009-04-30": "67.70000", "2009-01-31": "59.30000", "2008-10-31": "51.20000", "2008-07-31": "56.90000", "2008-04-30": "51.20000", "2008-01-31": "47.90000", "2007-10-31": "48.70000", "2007-07-31": "47.00000", "2007-04-30": "43.30000", "2007-01-31": "32.40000", "2006-10-31": "27.50000", "2006-07-31": "25.20000", "2006-04-30": "25.60000", "2006-01-31": "29.30000", "2005-10-31": "26.06900", "2005-07-31": "24.56000", "2005-04-30": "28.38600", "2005-01-31": "25.50000"}, "Other Current Assets": {"2020-10-31": "", "2020-07-31": "", "2020-04-30": "", "2020-01-31": "", "2019-10-31": "", "2019-07-31": "", "2019-04-30": "", "2019-01-31": "", "2018-10-31": "", "2018-07-31": "", "2018-04-30": "", "2018-01-31": "", "2017-10-31": "", "2017-07-31": "", "2017-04-30": "", "2017-01-31": "", "2016-10-31": "", "2016-07-31": "", "2016-04-30": "", "2016-01-31": "", "2015-10-31": "", "2015-07-31": "", "2015-04-30": "", "2015-01-31": "", "2014-10-31": "", "2014-07-31": "", "2014-04-30": "", "2014-01-31": "", "2013-10-31": "", "2013-07-31": "", "2013-04-30": "", "2013-01-31": "", "2012-10-31": "", "2012-07-31": "", "2012-04-30": "", "2012-01-31": "", "2011-10-31": "", "2011-07-31": "", "2011-04-30": "", "2011-01-31": "", "2010-10-31": "", "2010-07-31": "", "2010-04-30": "", "2010-01-31": "", "2009-10-31": "", "2009-07-31": "", "2009-04-30": "", "2009-01-31": "", "2008-10-31": "", "2008-07-31": "", "2008-04-30": "", "2008-01-31": "", "2007-10-31": "", "2007-07-31": "", "2007-04-30": "", "2007-01-31": "", "2006-10-31": "", "2006-07-31": "", "2006-04-30": "", "2006-01-31": "", "2005-10-31": "", "2005-07-31": "", "2005-04-30": "", "2005-01-31": ""}, "Total Current Assets": {"2020-10-31": "2339.80000", "2020-07-31": "2203.90000", "2020-04-30": "2024.30000", "2020-01-31": "2659.30000", "2019-10-31": "1706.80000", "2019-07-31": "1515.50000", "2019-04-30": "1422.30000", "2019-01-31": "1620.00000", "2018-10-31": "1590.00000", "2018-07-31": "1598.80000", "2018-04-30": "1698.00000", "2018-01-31": "1877.90000", "2017-10-31": "1871.90000", "2017-07-31": "2083.30000", "2017-04-30": "2139.70000", "2017-01-31": "2460.60000", "2016-10-31": "2332.10000", "2016-07-31": "2486.50000", "2016-04-30": "2629.00000", "2016-01-31": "2993.10000", "2015-10-31": "2747.50000", "2015-07-31": "2899.80000", "2015-04-30": "2341.00000", "2015-01-31": "2671.30000", "2014-10-31": "2458.70000", "2014-07-31": "2450.00000", "2014-04-30": "2590.30000", "2014-01-31": "2835.00000", "2013-10-31": "2517.90000", "2013-07-31": "2436.50000", "2013-04-30": "2511.10000", "2013-01-31": "2552.40000", "2012-10-31": "1724.60000", "2012-07-31": "1902.70000", "2012-04-30": "1912.10000", "2012-01-31": "1895.90000", "2011-10-31": "1698.60000", "2011-07-31": "1778.80000", "2011-04-30": "1732.40000", "2011-01-31": "1714.30000", "2010-10-31": "1470.80000", "2010-07-31": "1417.40000", "2010-04-30": "1394.00000", "2010-01-31": "1379.60000", "2009-10-31": "1287.10000", "2009-07-31": "1267.30000", "2009-04-30": "1302.20000", "2009-01-31": "1388.00000", "2008-10-31": "1310.40000", "2008-07-31": "1402.50000", "2008-04-30": "1423.40000", "2008-01-31": "1481.80000", "2007-10-31": "1320.30000", "2007-07-31": "1264.90000", "2007-04-30": "1384.50000", "2007-01-31": "1189.70000", "2006-10-31": "968.60000", "2006-07-31": "835.90000", "2006-04-30": "786.90000", "2006-01-31": "746.80000", "2005-10-31": "859.78600", "2005-07-31": "806.01000", "2005-04-30": "796.71000", "2005-01-31": "781.80000"}, "Property, Plant, And Equipment": {"2020-10-31": "191.50000", "2020-07-31": "177.80000", "2020-04-30": "164.20000", "2020-01-31": "161.70000", "2019-10-31": "151.50000", "2019-07-31": "151.40000", "2019-04-30": "152.60000", "2019-01-31": "149.70000", "2018-10-31": "144.70000", "2018-07-31": "146.80000", "2018-04-30": "158.20000", "2018-01-31": "145.00000", "2017-10-31": "148.10000", "2017-07-31": "153.00000", "2017-04-30": "150.40000", "2017-01-31": "158.60000", "2016-10-31": "168.30000", "2016-07-31": "173.00000", "2016-04-30": "174.90000", "2016-01-31": "169.30000", "2015-10-31": "155.30000", "2015-07-31": "158.20000", "2015-04-30": "156.90000", "2015-01-31": "159.20000", "2014-10-31": "160.40000", "2014-07-31": "146.90000", "2014-04-30": "142.10000", "2014-01-31": "130.30000", "2013-10-31": "134.10000", "2013-07-31": "133.40000", "2013-04-30": "129.00000", "2013-01-31": "114.90000", "2012-10-31": "114.60000", "2012-07-31": "109.00000", "2012-04-30": "104.00000", "2012-01-31": "104.50000", "2011-10-31": "102.10000", "2011-07-31": "105.20000", "2011-04-30": "99.80000", "2011-01-31": "84.50000", "2010-10-31": "84.80000", "2010-07-31": "88.50000", "2010-04-30": "95.50000", "2010-01-31": "101.60000", "2009-10-31": "111.90000", "2009-07-31": "118.30000", "2009-04-30": "120.70000", "2009-01-31": "120.60000", "2008-10-31": "116.60000", "2008-07-31": "109.20000", "2008-04-30": "84.30000", "2008-01-31": "80.20000", "2007-10-31": "68.70000", "2007-07-31": "66.50000", "2007-04-30": "63.90000", "2007-01-31": "65.60000", "2006-10-31": "64.10000", "2006-07-31": "64.80000", "2006-04-30": "65.90000", "2006-01-31": "61.40000", "2005-10-31": "60.13200", "2005-07-31": "61.07600", "2005-04-30": "65.58500", "2005-01-31": "69.60000"}, "Long-Term Investments": {"2020-10-31": "", "2020-07-31": "", "2020-04-30": "", "2020-01-31": "", "2019-10-31": "", "2019-07-31": "", "2019-04-30": "", "2019-01-31": "", "2018-10-31": "114.80000", "2018-07-31": "128.10000", "2018-04-30": "171.50000", "2018-01-31": "190.80000", "2017-10-31": "264.30000", "2017-07-31": "236.00000", "2017-04-30": "264.40000", "2017-01-31": "306.20000", "2016-10-31": "455.00000", "2016-07-31": "505.60000", "2016-04-30": "538.90000", "2016-01-31": "532.30000", "2015-10-31": "540.10000", "2015-07-31": "562.50000", "2015-04-30": "440.30000", "2015-01-31": "273.00000", "2014-10-31": "255.50000", "2014-07-31": "262.10000", "2014-04-30": "268.20000", "2014-01-31": "277.30000", "2013-10-31": "418.50000", "2013-07-31": "410.10000", "2013-04-30": "392.00000", "2013-01-31": "411.10000", "2012-10-31": "408.30000", "2012-07-31": "286.10000", "2012-04-30": "284.10000", "2012-01-31": "192.80000", "2011-10-31": "190.60000", "2011-07-31": "179.20000", "2011-04-30": "175.90000", "2011-01-31": "192.60000", "2010-10-31": "199.80000", "2010-07-31": "184.10000", "2010-04-30": "179.50000", "2010-01-31": "125.60000", "2009-10-31": "92.00000", "2009-07-31": "92.30000", "2009-04-30": "7.60000", "2009-01-31": "7.60000", "2008-10-31": "8.30000", "2008-07-31": "8.30000", "2008-04-30": "8.30000", "2008-01-31": "8.40000", "2007-10-31": "", "2007-07-31": "", "2007-04-30": "", "2007-01-31": "", "2006-10-31": "", "2006-07-31": "", "2006-04-30": "", "2006-01-31": "", "2005-10-31": "", "2005-07-31": "", "2005-04-30": "", "2005-01-31": ""}, "Goodwill And Intangible Assets": {"2020-10-31": "2549.60000", "2020-07-31": "2520.10000", "2020-04-30": "2497.20000", "2020-01-31": "2515.90000", "2019-10-31": "2522.80000", "2019-07-31": "2519.40000", "2019-04-30": "2542.50000", "2019-01-31": "2556.40000", "2018-10-31": "1665.10000", "2018-07-31": "1682.40000", "2018-04-30": "1628.00000", "2018-01-31": "1647.30000", "2017-10-31": "1618.60000", "2017-07-31": "1622.60000", "2017-04-30": "1611.80000", "2017-01-31": "1606.80000", "2016-10-31": "1611.20000", "2016-07-31": "1664.00000", "2016-04-30": "1650.50000", "2016-01-31": "1605.80000", "2015-10-31": "1591.10000", "2015-07-31": "1547.00000", "2015-04-30": "1560.90000", "2015-01-31": "1542.70000", "2014-10-31": "1571.30000", "2014-07-31": "1548.30000", "2014-04-30": "1352.40000", "2014-01-31": "1073.00000", "2013-10-31": "976.60000", "2013-07-31": "966.30000", "2013-04-30": "964.90000", "2013-01-31": "947.50000", "2012-10-31": "900.50000", "2012-07-31": "810.60000", "2012-04-30": "757.70000", "2012-01-31": "767.00000", "2011-10-31": "744.30000", "2011-07-31": "676.80000", "2011-04-30": "668.50000", "2011-01-31": "611.30000", "2010-10-31": "615.00000", "2010-07-31": "619.30000", "2010-04-30": "620.40000", "2010-01-31": "630.90000", "2009-10-31": "619.40000", "2009-07-31": "622.20000", "2009-04-30": "625.70000", "2009-01-31": "655.80000", "2008-10-31": "740.00000", "2008-07-31": "733.10000", "2008-04-30": "508.20000", "2008-01-31": "507.80000", "2007-10-31": "450.80000", "2007-07-31": "416.90000", "2007-04-30": "404.00000", "2007-01-31": "406.60000", "2006-10-31": "418.80000", "2006-07-31": "415.30000", "2006-04-30": "406.20000", "2006-01-31": "368.00000", "2005-10-31": "210.93300", "2005-07-31": "204.93600", "2005-04-30": "182.72500", "2005-01-31": "175.90000"}, "Other Long-Term Assets": {"2020-10-31": "392.90000", "2020-07-31": "377.80000", "2020-04-30": "382.70000", "2020-01-31": "347.20000", "2019-10-31": "334.20000", "2019-07-31": "341.30000", "2019-04-30": "326.80000", "2019-01-31": "337.80000", "2018-10-31": "188.10000", "2018-07-31": "195.40000", "2018-04-30": "188.70000", "2018-01-31": "170.90000", "2017-10-31": "184.40000", "2017-07-31": "192.90000", "2017-04-30": "201.10000", "2017-01-31": "202.00000", "2016-10-31": "213.00000", "2016-07-31": "208.50000", "2016-04-30": "202.50000", "2016-01-31": "205.60000", "2015-10-31": "181.60000", "2015-07-31": "170.10000", "2015-04-30": "170.00000", "2015-01-31": "163.50000", "2014-10-31": "193.20000", "2014-07-31": "209.30000", "2014-04-30": "202.00000", "2014-01-31": "148.30000", "2013-10-31": "156.10000", "2013-07-31": "151.70000", "2013-04-30": "158.40000", "2013-01-31": "159.70000", "2012-10-31": "152.90000", "2012-07-31": "130.70000", "2012-04-30": "129.80000", "2012-01-31": "131.80000", "2011-10-31": "130.70000", "2011-07-31": "114.90000", "2011-04-30": "122.90000", "2011-01-31": "94.20000", "2010-10-31": "103.00000", "2010-07-31": "102.60000", "2010-04-30": "99.90000", "2010-01-31": "107.60000", "2009-10-31": "112.30000", "2009-07-31": "118.30000", "2009-04-30": "125.00000", "2009-01-31": "123.00000", "2008-10-31": "112.20000", "2008-07-31": "122.90000", "2008-04-30": "76.00000", "2008-01-31": "79.40000", "2007-10-31": "81.90000", "2007-07-31": "78.00000", "2007-04-30": "75.10000", "2007-01-31": "75.80000", "2006-10-31": "78.80000", "2006-07-31": "80.00000", "2006-04-30": "81.60000", "2006-01-31": "55.40000", "2005-10-31": "18.35300", "2005-07-31": "16.87700", "2005-04-30": "15.79200", "2005-01-31": "9.80000"}, "Total Long-Term Assets": {"2020-10-31": "3604.70000", "2020-07-31": "3543.40000", "2020-04-30": "3519.60000", "2020-01-31": "3520.00000", "2019-10-31": "3329.80000", "2019-07-31": "3357.20000", "2019-04-30": "3386.20000", "2019-01-31": "3109.20000", "2018-10-31": "2184.40000", "2018-07-31": "2234.20000", "2018-04-30": "2213.40000", "2018-01-31": "2235.70000", "2017-10-31": "2280.10000", "2017-07-31": "2270.70000", "2017-04-30": "2291.70000", "2017-01-31": "2337.50000", "2016-10-31": "2497.10000", "2016-07-31": "2560.90000", "2016-04-30": "2576.60000", "2016-01-31": "2522.20000", "2015-10-31": "2472.50000", "2015-07-31": "2442.00000", "2015-04-30": "2434.90000", "2015-01-31": "2238.40000", "2014-10-31": "2278.10000", "2014-07-31": "2253.40000", "2014-04-30": "2058.30000", "2014-01-31": "1760.00000", "2013-10-31": "1803.60000", "2013-07-31": "1786.80000", "2013-04-30": "1778.60000", "2013-01-31": "1756.00000", "2012-10-31": "1704.60000", "2012-07-31": "1473.20000", "2012-04-30": "1404.90000", "2012-01-31": "1331.90000", "2011-10-31": "1306.40000", "2011-07-31": "1194.90000", "2011-04-30": "1169.80000", "2011-01-31": "1073.30000", "2010-10-31": "1110.30000", "2010-07-31": "1107.60000", "2010-04-30": "1107.70000", "2010-01-31": "1067.60000", "2009-10-31": "1028.30000", "2009-07-31": "1043.80000", "2009-04-30": "967.30000", "2009-01-31": "1032.70000", "2008-10-31": "1063.30000", "2008-07-31": "1041.00000", "2008-04-30": "716.60000", "2008-01-31": "730.40000", "2007-10-31": "670.70000", "2007-07-31": "613.20000", "2007-04-30": "604.90000", "2007-01-31": "607.80000", "2006-10-31": "631.70000", "2006-07-31": "639.60000", "2006-04-30": "652.70000", "2006-01-31": "609.00000", "2005-10-31": "430.84300", "2005-07-31": "375.88200", "2005-04-30": "380.89500", "2005-01-31": "360.40000"}, "Total Assets": {"2020-10-31": "5944.50000", "2020-07-31": "5747.30000", "2020-04-30": "5543.90000", "2020-01-31": "6179.30000", "2019-10-31": "5036.60000", "2019-07-31": "4872.70000", "2019-04-30": "4808.50000", "2019-01-31": "4729.20000", "2018-10-31": "3774.40000", "2018-07-31": "3833.00000", "2018-04-30": "3911.40000", "2018-01-31": "4113.60000", "2017-10-31": "4152.00000", "2017-07-31": "4354.00000", "2017-04-30": "4431.40000", "2017-01-31": "4798.10000", "2016-10-31": "4829.20000", "2016-07-31": "5047.40000", "2016-04-30": "5205.60000", "2016-01-31": "5515.30000", "2015-10-31": "5220.00000", "2015-07-31": "5341.80000", "2015-04-30": "4775.90000", "2015-01-31": "4909.70000", "2014-10-31": "4736.80000", "2014-07-31": "4703.40000", "2014-04-30": "4648.60000", "2014-01-31": "4595.00000", "2013-10-31": "4321.50000", "2013-07-31": "4223.30000", "2013-04-30": "4289.70000", "2013-01-31": "4308.40000", "2012-10-31": "3429.20000", "2012-07-31": "3375.90000", "2012-04-30": "3317.00000", "2012-01-31": "3227.80000", "2011-10-31": "3005.00000", "2011-07-31": "2973.70000", "2011-04-30": "2902.20000", "2011-01-31": "2787.60000", "2010-10-31": "2581.10000", "2010-07-31": "2525.00000", "2010-04-30": "2501.70000", "2010-01-31": "2447.20000", "2009-10-31": "2315.40000", "2009-07-31": "2311.10000", "2009-04-30": "2269.50000", "2009-01-31": "2420.70000", "2008-10-31": "2373.70000", "2008-07-31": "2443.50000", "2008-04-30": "2140.00000", "2008-01-31": "2212.20000", "2007-10-31": "1991.00000", "2007-07-31": "1878.10000", "2007-04-30": "1989.40000", "2007-01-31": "1797.50000", "2006-10-31": "1600.30000", "2006-07-31": "1475.50000", "2006-04-30": "1439.60000", "2006-01-31": "1355.80000", "2005-10-31": "1290.62900", "2005-07-31": "1181.89200", "2005-04-30": "1177.60500", "2005-01-31": "1142.20000"}, "Total Current Liabilities": {"2020-10-31": "2811.60000", "2020-07-31": "2619.60000", "2020-04-30": "2578.30000", "2020-01-31": "3219.20000", "2019-10-31": "2840.20000", "2019-07-31": "2707.30000", "2019-04-30": "2220.70000", "2019-01-31": "2301.20000", "2018-10-31": "1985.50000", "2018-07-31": "1915.10000", "2018-04-30": "1852.60000", "2018-01-31": "2123.20000", "2017-10-31": "1750.00000", "2017-07-31": "1701.70000", "2017-04-30": "2049.60000", "2017-01-31": "2185.40000", "2016-10-31": "1597.60000", "2016-07-31": "1559.60000", "2016-04-30": "1474.50000", "2016-01-31": "1591.00000", "2015-10-31": "1311.20000", "2015-07-31": "1313.80000", "2015-04-30": "1270.30000", "2015-01-31": "1400.10000", "2014-10-31": "1193.30000", "2014-07-31": "1157.30000", "2014-04-30": "1118.70000", "2014-01-31": "1071.50000", "2013-10-31": "948.10000", "2013-07-31": "955.90000", "2013-04-30": "979.80000", "2013-01-31": "1043.70000", "2012-10-31": "985.30000", "2012-07-31": "901.40000", "2012-04-30": "875.50000", "2012-01-31": "954.10000", "2011-10-31": "813.60000", "2011-07-31": "827.10000", "2011-04-30": "819.50000", "2011-01-31": "869.80000", "2010-10-31": "734.70000", "2010-07-31": "723.10000", "2010-04-30": "711.00000", "2010-01-31": "704.00000", "2009-10-31": "627.30000", "2009-07-31": "661.70000", "2009-04-30": "681.80000", "2009-01-31": "800.10000", "2008-10-31": "664.30000", "2008-07-31": "869.00000", "2008-04-30": "734.50000", "2008-01-31": "730.30000", "2007-10-31": "608.10000", "2007-07-31": "597.50000", "2007-04-30": "585.00000", "2007-01-31": "574.20000", "2006-10-31": "512.20000", "2006-07-31": "496.80000", "2006-04-30": "520.00000", "2006-01-31": "487.80000", "2005-10-31": "463.42300", "2005-07-31": "435.10500", "2005-04-30": "436.90000", "2005-01-31": "468.30000"}, "Long Term Debt": {"2020-10-31": "1636.60000", "2020-07-31": "1636.10000", "2020-04-30": "1635.60000", "2020-01-31": "1635.10000", "2019-10-31": "1290.30000", "2019-07-31": "1389.80000", "2019-04-30": "1963.30000", "2019-01-31": "2087.70000", "2018-10-31": "1587.80000", "2018-07-31": "1587.20000", "2018-04-30": "1586.60000", "2018-01-31": "1586.00000", "2017-10-31": "1585.40000", "2017-07-31": "1584.90000", "2017-04-30": "1092.40000", "2017-01-31": "1092.00000", "2016-10-31": "1489.90000", "2016-07-31": "1489.20000", "2016-04-30": "1488.40000", "2016-01-31": "1487.70000", "2015-10-31": "1486.90000", "2015-07-31": "1486.20000", "2015-04-30": "747.40000", "2015-01-31": "743.10000", "2014-10-31": "747.00000", "2014-07-31": "746.80000", "2014-04-30": "746.60000", "2014-01-31": "746.40000", "2013-10-31": "746.20000", "2013-07-31": "746.00000", "2013-04-30": "745.80000", "2013-01-31": "745.60000", "2012-10-31": "", "2012-07-31": "", "2012-04-30": "", "2012-01-31": "", "2011-10-31": "", "2011-07-31": "", "2011-04-30": "", "2011-01-31": "", "2010-10-31": "", "2010-07-31": "", "2010-04-30": "", "2010-01-31": "", "2009-10-31": "", "2009-07-31": "", "2009-04-30": "", "2009-01-31": "", "2008-10-31": "", "2008-07-31": "", "2008-04-30": "", "2008-01-31": "", "2007-10-31": "", "2007-07-31": "", "2007-04-30": "", "2007-01-31": "", "2006-10-31": "", "2006-07-31": "", "2006-04-30": "", "2006-01-31": "", "2005-10-31": "", "2005-07-31": "", "2005-04-30": "", "2005-01-31": ""}, "Other Non-Current Liabilities": {"2020-10-31": "172.40000", "2020-07-31": "164.30000", "2020-04-30": "144.90000", "2020-01-31": "138.90000", "2019-10-31": "136.00000", "2019-07-31": "135.50000", "2019-04-30": "134.30000", "2019-01-31": "143.30000", "2018-10-31": "168.40000", "2018-07-31": "176.10000", "2018-04-30": "178.80000", "2018-01-31": "190.30000", "2017-10-31": "180.60000", "2017-07-31": "183.50000", "2017-04-30": "179.60000", "2017-01-31": "177.70000", "2016-10-31": "171.30000", "2016-07-31": "187.40000", "2016-04-30": "296.80000", "2016-01-31": "299.00000", "2015-10-31": "298.60000", "2015-07-31": "256.10000", "2015-04-30": "273.50000", "2015-01-31": "291.00000", "2014-10-31": "296.90000", "2014-07-31": "298.10000", "2014-04-30": "280.80000", "2014-01-31": "311.20000", "2013-10-31": "310.40000", "2013-07-31": "301.70000", "2013-04-30": "291.90000", "2013-01-31": "288.30000", "2012-10-31": "270.40000", "2012-07-31": "262.10000", "2012-04-30": "254.00000", "2012-01-31": "253.90000", "2011-10-31": "243.90000", "2011-07-31": "240.40000", "2011-04-30": "228.00000", "2011-01-31": "216.80000", "2010-10-31": "213.20000", "2010-07-31": "204.20000", "2010-04-30": "203.50000", "2010-01-31": "197.80000", "2009-10-31": "188.10000", "2009-07-31": "186.80000", "2009-04-30": "178.30000", "2009-01-31": "173.90000", "2008-10-31": "169.70000", "2008-07-31": "163.50000", "2008-04-30": "58.60000", "2008-01-31": "142.70000", "2007-10-31": "47.00000", "2007-07-31": "45.30000", "2007-04-30": "44.20000", "2007-01-31": "40.90000", "2006-10-31": "38.50000", "2006-07-31": "36.00000", "2006-04-30": "32.10000", "2006-01-31": "29.20000", "2005-10-31": "17.66500", "2005-07-31": "9.29000", "2005-04-30": "9.92700", "2005-01-31": "10.30000"}, "Total Long Term Liabilities": {"2020-10-31": "3063.60000", "2020-07-31": "3060.40000", "2020-04-30": "3104.70000", "2020-01-31": "3099.20000", "2019-10-31": "2367.90000", "2019-07-31": "2359.70000", "2019-04-30": "2833.10000", "2019-01-31": "2638.90000", "2018-10-31": "2127.20000", "2018-07-31": "2159.50000", "2018-04-30": "2187.40000", "2018-01-31": "2246.40000", "2017-10-31": "2294.70000", "2017-07-31": "2336.80000", "2017-04-30": "1873.70000", "2017-01-31": "1879.10000", "2016-10-31": "2171.00000", "2016-07-31": "2156.10000", "2016-04-30": "2295.20000", "2016-01-31": "2304.70000", "2015-10-31": "2175.70000", "2015-07-31": "2125.90000", "2015-04-30": "1281.20000", "2015-01-31": "1290.40000", "2014-10-31": "1275.00000", "2014-07-31": "1262.70000", "2014-04-30": "1241.20000", "2014-01-31": "1262.00000", "2013-10-31": "1211.50000", "2013-07-31": "1216.30000", "2013-04-30": "1225.40000", "2013-01-31": "1221.50000", "2012-10-31": "426.00000", "2012-07-31": "423.20000", "2012-04-30": "396.20000", "2012-01-31": "390.80000", "2011-10-31": "363.90000", "2011-07-31": "357.50000", "2011-04-30": "331.50000", "2011-01-31": "308.50000", "2010-10-31": "290.30000", "2010-07-31": "276.10000", "2010-04-30": "276.60000", "2010-01-31": "269.70000", "2009-10-31": "256.40000", "2009-07-31": "264.30000", "2009-04-30": "259.20000", "2009-01-31": "309.90000", "2008-10-31": "309.30000", "2008-07-31": "314.60000", "2008-04-30": "270.10000", "2008-01-31": "251.40000", "2007-10-31": "204.10000", "2007-07-31": "167.90000", "2007-04-30": "160.20000", "2007-01-31": "108.30000", "2006-10-31": "87.50000", "2006-07-31": "83.70000", "2006-04-30": "73.30000", "2006-01-31": "65.00000", "2005-10-31": "50.10500", "2005-07-31": "34.50700", "2005-04-30": "29.91400", "2005-01-31": "25.80000"}, "Total Liabilities": {"2020-10-31": "5875.20000", "2020-07-31": "5680.00000", "2020-04-30": "5683.00000", "2020-01-31": "6318.40000", "2019-10-31": "5208.10000", "2019-07-31": "5067.00000", "2019-04-30": "5053.80000", "2019-01-31": "4940.10000", "2018-10-31": "4112.70000", "2018-07-31": "4074.60000", "2018-04-30": "4040.00000", "2018-01-31": "4369.60000", "2017-10-31": "4044.70000", "2017-07-31": "4038.50000", "2017-04-30": "3923.30000", "2017-01-31": "4064.50000", "2016-10-31": "3768.60000", "2016-07-31": "3715.70000", "2016-04-30": "3769.70000", "2016-01-31": "3895.70000", "2015-10-31": "3486.90000", "2015-07-31": "3439.70000", "2015-04-30": "2551.50000", "2015-01-31": "2690.50000", "2014-10-31": "2468.30000", "2014-07-31": "2420.00000", "2014-04-30": "2359.90000", "2014-01-31": "2333.50000", "2013-10-31": "2159.60000", "2013-07-31": "2172.20000", "2013-04-30": "2205.20000", "2013-01-31": "2265.20000", "2012-10-31": "1411.30000", "2012-07-31": "1324.60000", "2012-04-30": "1271.70000", "2012-01-31": "1344.90000", "2011-10-31": "1177.50000", "2011-07-31": "1184.60000", "2011-04-30": "1151.00000", "2011-01-31": "1178.30000", "2010-10-31": "1025.00000", "2010-07-31": "999.20000", "2010-04-30": "987.60000", "2010-01-31": "973.70000", "2009-10-31": "883.70000", "2009-07-31": "926.00000", "2009-04-30": "941.00000", "2009-01-31": "1110.00000", "2008-10-31": "973.60000", "2008-07-31": "1183.60000", "2008-04-30": "1004.60000", "2008-01-31": "981.70000", "2007-10-31": "812.20000", "2007-07-31": "765.40000", "2007-04-30": "745.20000", "2007-01-31": "682.50000", "2006-10-31": "599.70000", "2006-07-31": "580.50000", "2006-04-30": "593.30000", "2006-01-31": "552.80000", "2005-10-31": "513.52800", "2005-07-31": "469.61200", "2005-04-30": "466.81400", "2005-01-31": "494.10000"}, "Common Stock Net": {"2020-10-31": "2507.10000", "2020-07-31": "2492.70000", "2020-04-30": "2401.30000", "2020-01-31": "2317.00000", "2019-10-31": "2225.10000", "2019-07-31": "2200.70000", "2019-04-30": "2123.10000", "2019-01-31": "2071.50000", "2018-10-31": "2009.10000", "2018-07-31": "2012.50000", "2018-04-30": "2001.00000", "2018-01-31": "1952.70000", "2017-10-31": "1930.80000", "2017-07-31": "1934.80000", "2017-04-30": "1899.00000", "2017-01-31": "1876.30000", "2016-10-31": "1882.80000", "2016-07-31": "1857.10000", "2016-04-30": "1865.60000", "2016-01-31": "1821.50000", "2015-10-31": "1809.90000", "2015-07-31": "1808.00000", "2015-04-30": "1816.20000", "2015-01-31": "1773.10000", "2014-10-31": "1731.20000", "2014-07-31": "1697.10000", "2014-04-30": "1683.10000", "2014-01-31": "1637.30000", "2013-10-31": "1535.10000", "2013-07-31": "1455.80000", "2013-04-30": "1499.50000", "2013-01-31": "1449.80000", "2012-10-31": "1438.90000", "2012-07-31": "1457.30000", "2012-04-30": "1496.20000", "2012-01-31": "1365.40000", "2011-10-31": "1359.90000", "2011-07-31": "1356.50000", "2011-04-30": "1363.50000", "2011-01-31": "1267.20000", "2010-10-31": "1242.10000", "2010-07-31": "1225.10000", "2010-04-30": "1237.60000", "2010-01-31": "1204.30000", "2009-10-31": "1194.20000", "2009-07-31": "1166.60000", "2009-04-30": "1128.80000", "2009-01-31": "1080.40000", "2008-10-31": "1059.20000", "2008-07-31": "997.60000", "2008-04-30": "962.70000", "2008-01-31": "998.30000", "2007-10-31": "987.90000", "2007-07-31": "927.50000", "2007-04-30": "921.80000", "2007-01-31": "908.30000", "2006-10-31": "890.00000", "2006-07-31": "842.10000", "2006-04-30": "809.10000", "2006-01-31": "803.80000", "2005-10-31": "752.74800", "2005-07-31": "689.93700", "2005-04-30": "664.74500", "2005-01-31": "625.20000"}, "Retained Earnings (Accumulated Deficit)": {"2020-10-31": "-2281.40000", "2020-07-31": "-2270.90000", "2020-04-30": "-2361.30000", "2020-01-31": "-2295.80000", "2019-10-31": "-2240.30000", "2019-07-31": "-2224.30000", "2019-04-30": "-2226.80000", "2019-01-31": "-2147.40000", "2018-10-31": "-2189.90000", "2018-07-31": "-2103.20000", "2018-04-30": "-1995.80000", "2018-01-31": "-2084.90000", "2017-10-31": "-1668.00000", "2017-07-31": "-1466.40000", "2017-04-30": "-1224.60000", "2017-01-31": "-964.20000", "2016-10-31": "-634.70000", "2016-07-31": "-395.60000", "2016-04-30": "-308.20000", "2016-01-31": "-80.80000", "2015-10-31": "9.70000", "2015-07-31": "164.40000", "2015-04-30": "464.20000", "2015-01-31": "499.40000", "2014-10-31": "538.60000", "2014-07-31": "584.00000", "2014-04-30": "600.00000", "2014-01-31": "624.80000", "2013-10-31": "630.90000", "2013-07-31": "602.80000", "2013-04-30": "587.00000", "2013-01-31": "599.10000", "2012-10-31": "585.40000", "2012-07-31": "593.40000", "2012-04-30": "545.40000", "2012-01-31": "511.60000", "2011-10-31": "464.20000", "2011-07-31": "418.30000", "2011-04-30": "382.90000", "2011-01-31": "342.70000", "2010-10-31": "318.00000", "2010-07-31": "303.60000", "2010-04-30": "277.60000", "2010-01-31": "272.70000", "2009-10-31": "233.80000", "2009-07-31": "219.90000", "2009-04-30": "209.40000", "2009-01-31": "241.50000", "2008-10-31": "346.90000", "2008-07-31": "242.40000", "2008-04-30": "152.60000", "2008-01-31": "218.40000", "2007-10-31": "179.10000", "2007-07-31": "180.70000", "2007-04-30": "320.00000", "2007-01-31": "210.30000", "2006-10-31": "113.90000", "2006-07-31": "55.90000", "2006-04-30": "42.90000", "2006-01-31": "16.70000", "2005-10-31": "32.32100", "2005-07-31": "31.27000", "2005-04-30": "49.49500", "2005-01-31": "26.00000"}, "Comprehensive Income": {"2020-10-31": "-156.40000", "2020-07-31": "-154.50000", "2020-04-30": "-179.10000", "2020-01-31": "-160.30000", "2019-10-31": "-156.30000", "2019-07-31": "-170.70000", "2019-04-30": "-141.60000", "2019-01-31": "-135.00000", "2018-10-31": "-157.50000", "2018-07-31": "-150.90000", "2018-04-30": "-133.80000", "2018-01-31": "-123.80000", "2017-10-31": "-155.50000", "2017-07-31": "-152.90000", "2017-04-30": "-166.30000", "2017-01-31": "-178.50000", "2016-10-31": "-187.50000", "2016-07-31": "-129.80000", "2016-04-30": "-121.50000", "2016-01-31": "-121.10000", "2015-10-31": "-86.50000", "2015-07-31": "-70.30000", "2015-04-30": "-56.00000", "2015-01-31": "-53.30000", "2014-10-31": "-1.30000", "2014-07-31": "2.30000", "2014-04-30": "5.60000", "2014-01-31": "-0.60000", "2013-10-31": "-4.10000", "2013-07-31": "-7.50000", "2013-04-30": "-2.00000", "2013-01-31": "-5.70000", "2012-10-31": "-6.40000", "2012-07-31": "0.60000", "2012-04-30": "3.70000", "2012-01-31": "5.90000", "2011-10-31": "3.40000", "2011-07-31": "14.30000", "2011-04-30": "4.80000", "2011-01-31": "-0.60000", "2010-10-31": "-4.00000", "2010-07-31": "-2.90000", "2010-04-30": "-1.10000", "2010-01-31": "-3.50000", "2009-10-31": "3.70000", "2009-07-31": "-1.40000", "2009-04-30": "-9.70000", "2009-01-31": "-11.20000", "2008-10-31": "-6.00000", "2008-07-31": "19.90000", "2008-04-30": "20.10000", "2008-01-31": "13.80000", "2007-10-31": "11.80000", "2007-07-31": "4.50000", "2007-04-30": "2.40000", "2007-01-31": "-3.60000", "2006-10-31": "-3.30000", "2006-07-31": "-3.00000", "2006-04-30": "-5.70000", "2006-01-31": "-7.40000", "2005-10-31": "-7.66100", "2005-07-31": "-8.48700", "2005-04-30": "-3.31100", "2005-01-31": "-2.80000"}, "Other Share Holders Equity": {"2020-10-31": "", "2020-07-31": "", "2020-04-30": "", "2020-01-31": "", "2019-10-31": "", "2019-07-31": "", "2019-04-30": "", "2019-01-31": "", "2018-10-31": "", "2018-07-31": "", "2018-04-30": "", "2018-01-31": "", "2017-10-31": "", "2017-07-31": "", "2017-04-30": "", "2017-01-31": "", "2016-10-31": "", "2016-07-31": "", "2016-04-30": "", "2016-01-31": "", "2015-10-31": "", "2015-07-31": "", "2015-04-30": "", "2015-01-31": "", "2014-10-31": "", "2014-07-31": "", "2014-04-30": "", "2014-01-31": "", "2013-10-31": "", "2013-07-31": "", "2013-04-30": "", "2013-01-31": "", "2012-10-31": "", "2012-07-31": "", "2012-04-30": "", "2012-01-31": "", "2011-10-31": "", "2011-07-31": "", "2011-04-30": "", "2011-01-31": "", "2010-10-31": "", "2010-07-31": "", "2010-04-30": "", "2010-01-31": "", "2009-10-31": "", "2009-07-31": "", "2009-04-30": "", "2009-01-31": "", "2008-10-31": "", "2008-07-31": "", "2008-04-30": "", "2008-01-31": "", "2007-10-31": "", "2007-07-31": "", "2007-04-30": "", "2007-01-31": "", "2006-10-31": "", "2006-07-31": "", "2006-04-30": "", "2006-01-31": "", "2005-10-31": "", "2005-07-31": "", "2005-04-30": "", "2005-01-31": ""}, "Share Holder Equity": {"2020-10-31": "69.30000", "2020-07-31": "67.30000", "2020-04-30": "-139.10000", "2020-01-31": "-139.10000", "2019-10-31": "-171.50000", "2019-07-31": "-194.30000", "2019-04-30": "-245.30000", "2019-01-31": "-210.90000", "2018-10-31": "-338.30000", "2018-07-31": "-241.60000", "2018-04-30": "-128.60000", "2018-01-31": "-256.00000", "2017-10-31": "107.30000", "2017-07-31": "315.50000", "2017-04-30": "508.10000", "2017-01-31": "733.60000", "2016-10-31": "1060.60000", "2016-07-31": "1331.70000", "2016-04-30": "1435.90000", "2016-01-31": "1619.60000", "2015-10-31": "1733.10000", "2015-07-31": "1902.10000", "2015-04-30": "2224.40000", "2015-01-31": "2219.20000", "2014-10-31": "2268.50000", "2014-07-31": "2283.40000", "2014-04-30": "2288.70000", "2014-01-31": "2261.50000", "2013-10-31": "2161.90000", "2013-07-31": "2051.10000", "2013-04-30": "2084.50000", "2013-01-31": "2043.20000", "2012-10-31": "2017.90000", "2012-07-31": "2051.30000", "2012-04-30": "2045.30000", "2012-01-31": "1882.90000", "2011-10-31": "1827.50000", "2011-07-31": "1789.10000", "2011-04-30": "1751.20000", "2011-01-31": "1609.30000", "2010-10-31": "1556.10000", "2010-07-31": "1525.80000", "2010-04-30": "1514.10000", "2010-01-31": "1473.50000", "2009-10-31": "1431.70000", "2009-07-31": "1385.10000", "2009-04-30": "1328.50000", "2009-01-31": "1310.70000", "2008-10-31": "1400.10000", "2008-07-31": "1259.90000", "2008-04-30": "1135.40000", "2008-01-31": "1230.50000", "2007-10-31": "1178.80000", "2007-07-31": "1112.70000", "2007-04-30": "1244.20000", "2007-01-31": "1115.00000", "2006-10-31": "1000.60000", "2006-07-31": "895.00000", "2006-04-30": "846.30000", "2006-01-31": "803.00000", "2005-10-31": "777.10100", "2005-07-31": "712.28000", "2005-04-30": "710.79100", "2005-01-31": "648.10000"}, "Total Liabilities And Share Holders Equity": {"2020-10-31": "5944.50000", "2020-07-31": "5747.30000", "2020-04-30": "5543.90000", "2020-01-31": "6179.30000", "2019-10-31": "5036.60000", "2019-07-31": "4872.70000", "2019-04-30": "4808.50000", "2019-01-31": "4729.20000", "2018-10-31": "3774.40000", "2018-07-31": "3833.00000", "2018-04-30": "3911.40000", "2018-01-31": "4113.60000", "2017-10-31": "4152.00000", "2017-07-31": "4354.00000", "2017-04-30": "4431.40000", "2017-01-31": "4798.10000", "2016-10-31": "4829.20000", "2016-07-31": "5047.40000", "2016-04-30": "5205.60000", "2016-01-31": "5515.30000", "2015-10-31": "5220.00000", "2015-07-31": "5341.80000", "2015-04-30": "4775.90000", "2015-01-31": "4909.70000", "2014-10-31": "4736.80000", "2014-07-31": "4703.40000", "2014-04-30": "4648.60000", "2014-01-31": "4595.00000", "2013-10-31": "4321.50000", "2013-07-31": "4223.30000", "2013-04-30": "4289.70000", "2013-01-31": "4308.40000", "2012-10-31": "3429.20000", "2012-07-31": "3375.90000", "2012-04-30": "3317.00000", "2012-01-31": "3227.80000", "2011-10-31": "3005.00000", "2011-07-31": "2973.70000", "2011-04-30": "2902.20000", "2011-01-31": "2787.60000", "2010-10-31": "2581.10000", "2010-07-31": "2525.00000", "2010-04-30": "2501.70000", "2010-01-31": "2447.20000", "2009-10-31": "2315.40000", "2009-07-31": "2311.10000", "2009-04-30": "2269.50000", "2009-01-31": "2420.70000", "2008-10-31": "2373.70000", "2008-07-31": "2443.50000", "2008-04-30": "2140.00000", "2008-01-31": "2212.20000", "2007-10-31": "1991.00000", "2007-07-31": "1878.10000", "2007-04-30": "1989.40000", "2007-01-31": "1797.50000", "2006-10-31": "1600.30000", "2006-07-31": "1475.50000", "2006-04-30": "1439.60000", "2006-01-31": "1355.80000", "2005-10-31": "1290.62900", "2005-07-31": "1181.89200", "2005-04-30": "1177.60500", "2005-01-31": "1142.20000"}}, "cash flow statement": {"Net Income/Loss": {"2020-01-31": "214.50000", "2019-01-31": "-80.80000", "2018-01-31": "-566.90000", "2017-01-31": "-582.10000", "2016-01-31": "-330.50000", "2015-01-31": "81.80000", "2014-01-31": "228.80000", "2013-01-31": "247.40000", "2012-01-31": "285.30000", "2011-01-31": "212.00000", "2010-01-31": "58.00000", "2009-01-31": "183.60000", "2008-01-31": "356.20000", "2007-01-31": "289.70000", "2006-01-31": "333.60000", "2005-01-31": "221.10000"}, "Total Depreciation And Amortization - Cash Flow": {"2020-01-31": "127.30000", "2019-01-31": "95.20000", "2018-01-31": "108.40000", "2017-01-31": "139.20000", "2016-01-31": "145.80000", "2015-01-31": "145.90000", "2014-01-31": "128.90000", "2013-01-31": "127.80000", "2012-01-31": "115.50000", "2011-01-31": "105.40000", "2010-01-31": "132.50000", "2009-01-31": "220.70000", "2008-01-31": "61.30000", "2007-01-31": "53.50000", "2006-01-31": "43.70000", "2005-01-31": "51.90000"}, "Other Non-Cash Items": {"2020-01-31": "361.30000", "2019-01-31": "276.60000", "2018-01-31": "323.70000", "2017-01-31": "255.80000", "2016-01-31": "408.10000", "2015-01-31": "166.10000", "2014-01-31": "70.40000", "2013-01-31": "165.70000", "2012-01-31": "41.90000", "2011-01-31": "87.40000", "2010-01-31": "128.30000", "2009-01-31": "141.50000", "2008-01-31": "161.30000", "2007-01-31": "140.60000", "2006-01-31": "54.40000", "2005-01-31": "33.40000"}, "Total Non-Cash Items": {"2020-01-31": "488.60000", "2019-01-31": "371.80000", "2018-01-31": "432.10000", "2017-01-31": "395.00000", "2016-01-31": "553.90000", "2015-01-31": "312.00000", "2014-01-31": "199.30000", "2013-01-31": "293.50000", "2012-01-31": "157.40000", "2011-01-31": "192.80000", "2010-01-31": "260.80000", "2009-01-31": "362.20000", "2008-01-31": "222.60000", "2007-01-31": "194.10000", "2006-01-31": "98.10000", "2005-01-31": "85.30000"}, "Change In Accounts Receivable": {"2020-01-31": "-178.50000", "2019-01-31": "-25.40000", "2018-01-31": "13.30000", "2017-01-31": "201.50000", "2016-01-31": "-195.50000", "2015-01-31": "-17.30000", "2014-01-31": "72.30000", "2013-01-31": "-98.10000", "2012-01-31": "-71.80000", "2011-01-31": "-40.70000", "2010-01-31": "37.30000", "2009-01-31": "81.80000", "2008-01-31": "-78.30000", "2007-01-31": "-39.80000", "2006-01-31": "-45.80000", "2005-01-31": "-30.00000"}, "Change In Inventories": {"2020-01-31": "", "2019-01-31": "", "2018-01-31": "", "2017-01-31": "", "2016-01-31": "", "2015-01-31": "", "2014-01-31": "", "2013-01-31": "", "2012-01-31": "", "2011-01-31": "", "2010-01-31": "", "2009-01-31": "", "2008-01-31": "", "2007-01-31": "", "2006-01-31": "", "2005-01-31": "4.80000"}, "Change In Accounts Payable": {"2020-01-31": "", "2019-01-31": "", "2018-01-31": "", "2017-01-31": "", "2016-01-31": "", "2015-01-31": "", "2014-01-31": "", "2013-01-31": "", "2012-01-31": "", "2011-01-31": "", "2010-01-31": "", "2009-01-31": "", "2008-01-31": "", "2007-01-31": "", "2006-01-31": "", "2005-01-31": ""}, "Change In Assets/Liabilities": {"2020-01-31": "975.20000", "2019-01-31": "204.50000", "2018-01-31": "158.40000", "2017-01-31": "253.50000", "2016-01-31": "357.70000", "2015-01-31": "252.00000", "2014-01-31": "45.70000", "2013-01-31": "113.40000", "2012-01-31": "147.30000", "2011-01-31": "58.60000", "2010-01-31": "-29.60000", "2009-01-31": "33.00000", "2008-01-31": "112.00000", "2007-01-31": "118.10000", "2006-01-31": "71.00000", "2005-01-31": "60.60000"}, "Total Change In Assets/Liabilities": {"2020-01-31": "712.00000", "2019-01-31": "86.10000", "2018-01-31": "135.70000", "2017-01-31": "356.80000", "2016-01-31": "190.60000", "2015-01-31": "314.80000", "2014-01-31": "135.40000", "2013-01-31": "18.20000", "2012-01-31": "130.80000", "2011-01-31": "136.00000", "2010-01-31": "-72.00000", "2009-01-31": "48.10000", "2008-01-31": "129.70000", "2007-01-31": "92.80000", "2006-01-31": "-16.50000", "2005-01-31": "66.90000"}, "Cash Flow From Operating Activities": {"2020-01-31": "1415.10000", "2019-01-31": "377.10000", "2018-01-31": "0.90000", "2017-01-31": "169.70000", "2016-01-31": "414.00000", "2015-01-31": "708.60000", "2014-01-31": "563.50000", "2013-01-31": "559.10000", "2012-01-31": "573.50000", "2011-01-31": "540.80000", "2010-01-31": "246.80000", "2009-01-31": "593.90000", "2008-01-31": "708.50000", "2007-01-31": "576.60000", "2006-01-31": "415.20000", "2005-01-31": "373.30000"}, "Net Change In Property, Plant, And Equipment": {"2020-01-31": "-53.20000", "2019-01-31": "-67.00000", "2018-01-31": "-50.70000", "2017-01-31": "-76.00000", "2016-01-31": "-72.40000", "2015-01-31": "-75.50000", "2014-01-31": "-64.20000", "2013-01-31": "-56.40000", "2012-01-31": "-63.00000", "2011-01-31": "-28.30000", "2010-01-31": "-31.70000", "2009-01-31": "-78.40000", "2008-01-31": "-43.30000", "2007-01-31": "-35.30000", "2006-01-31": "-20.50000", "2005-01-31": "-40.80000"}, "Net Change In Intangible Assets": {"2020-01-31": "", "2019-01-31": "", "2018-01-31": "", "2017-01-31": "", "2016-01-31": "", "2015-01-31": "", "2014-01-31": "", "2013-01-31": "", "2012-01-31": "", "2011-01-31": "", "2010-01-31": "", "2009-01-31": "", "2008-01-31": "", "2007-01-31": "", "2006-01-31": "", "2005-01-31": "-1.60000"}, "Net Acquisitions/Divestitures": {"2020-01-31": "", "2019-01-31": "-1040.20000", "2018-01-31": "", "2017-01-31": "-85.20000", "2016-01-31": "-148.50000", "2015-01-31": "-630.00000", "2014-01-31": "-176.10000", "2013-01-31": "-263.70000", "2012-01-31": "-221.70000", "2011-01-31": "-13.50000", "2010-01-31": "-26.10000", "2009-01-31": "-364.50000", "2008-01-31": "-114.50000", "2007-01-31": "-52.50000", "2006-01-31": "-242.10000", "2005-01-31": "-11.80000"}, "Net Change In Short-term Investments": {"2020-01-31": "7.50000", "2019-01-31": "392.80000", "2018-01-31": "569.30000", "2017-01-31": "447.00000", "2016-01-31": "-544.10010", "2015-01-31": "-196.10000", "2014-01-31": "64.90000", "2013-01-31": "-300.00000", "2012-01-31": "-55.10000", "2011-01-31": "-96.50000", "2010-01-31": "-213.80000", "2009-01-31": "-35.20000", "2008-01-31": "72.10000", "2007-01-31": "-19.80000", "2006-01-31": "-75.30000", "2005-01-31": "230.70000"}, "Net Change In Long-Term Investments": {"2020-01-31": "", "2019-01-31": "", "2018-01-31": "", "2017-01-31": "", "2016-01-31": "", "2015-01-31": "", "2014-01-31": "", "2013-01-31": "", "2012-01-31": "", "2011-01-31": "", "2010-01-31": "", "2009-01-31": "", "2008-01-31": "", "2007-01-31": "-12.50000", "2006-01-31": "", "2005-01-31": ""}, "Net Change In Investments - Total": {"2020-01-31": "7.50000", "2019-01-31": "392.80000", "2018-01-31": "569.30000", "2017-01-31": "447.00000", "2016-01-31": "-544.10010", "2015-01-31": "-196.10000", "2014-01-31": "64.90000", "2013-01-31": "-300.00000", "2012-01-31": "-55.10000", "2011-01-31": "-96.50000", "2010-01-31": "-213.80000", "2009-01-31": "-35.20000", "2008-01-31": "72.10000", "2007-01-31": "-32.30000", "2006-01-31": "-75.30000", "2005-01-31": "230.70000"}, "Investing Activities - Other": {"2020-01-31": "-11.60000", "2019-01-31": "4.00000", "2018-01-31": "-12.20000", "2017-01-31": "-13.80000", "2016-01-31": "-44.50000", "2015-01-31": "-4.00000", "2014-01-31": "-18.60000", "2013-01-31": "-27.10000", "2012-01-31": "-30.50000", "2011-01-31": "-4.00000", "2010-01-31": "-11.40000", "2009-01-31": "", "2008-01-31": "", "2007-01-31": "2.30000", "2006-01-31": "-0.10000", "2005-01-31": "-0.90000"}, "Cash Flow From Investing Activities": {"2020-01-31": "-57.30000", "2019-01-31": "-710.40000", "2018-01-31": "506.40000", "2017-01-31": "272.00000", "2016-01-31": "-809.50000", "2015-01-31": "-905.60000", "2014-01-31": "-194.00000", "2013-01-31": "-647.20000", "2012-01-31": "-370.30000", "2011-01-31": "-142.30000", "2010-01-31": "-283.00000", "2009-01-31": "-478.10000", "2008-01-31": "-85.70000", "2007-01-31": "-117.80000", "2006-01-31": "-338.00000", "2005-01-31": "175.60000"}, "Net Long-Term Debt": {"2020-01-31": "-1.10000", "2019-01-31": "500.00000", "2018-01-31": "96.90000", "2017-01-31": "", "2016-01-31": "748.30000", "2015-01-31": "", "2014-01-31": "", "2013-01-31": "745.60000", "2012-01-31": "", "2011-01-31": "", "2010-01-31": "", "2009-01-31": "", "2008-01-31": "", "2007-01-31": "", "2006-01-31": "", "2005-01-31": ""}, "Net Current Debt": {"2020-01-31": "", "2019-01-31": "", "2018-01-31": "", "2017-01-31": "", "2016-01-31": "", "2015-01-31": "", "2014-01-31": "", "2013-01-31": "", "2012-01-31": "", "2011-01-31": "", "2010-01-31": "-52.10000", "2009-01-31": "52.10000", "2008-01-31": "", "2007-01-31": "", "2006-01-31": "", "2005-01-31": ""}, "Debt Issuance/Retirement Net - Total": {"2020-01-31": "-1.10000", "2019-01-31": "500.00000", "2018-01-31": "96.90000", "2017-01-31": "", "2016-01-31": "748.30000", "2015-01-31": "", "2014-01-31": "", "2013-01-31": "745.60000", "2012-01-31": "", "2011-01-31": "", "2010-01-31": "-52.10000", "2009-01-31": "52.10000", "2008-01-31": "", "2007-01-31": "", "2006-01-31": "", "2005-01-31": ""}, "Net Common Equity Issued/Repurchased": {"2020-01-31": "-348.80000", "2019-01-31": "-202.60000", "2018-01-31": "-604.60000", "2017-01-31": "-502.10000", "2016-01-31": "-347.20000", "2015-01-31": "-197.00000", "2014-01-31": "-111.00000", "2013-01-31": "-211.00000", "2012-01-31": "-151.30000", "2011-01-31": "-159.40000", "2010-01-31": "6.80000", "2009-01-31": "-166.50000", "2008-01-31": "-375.70000", "2007-01-31": "-80.20000", "2006-01-31": "-302.00000", "2005-01-31": "-304.10000"}, "Net Total Equity Issued/Repurchased": {"2020-01-31": "-348.80000", "2019-01-31": "-202.60000", "2018-01-31": "-604.60000", "2017-01-31": "-502.10000", "2016-01-31": "-347.20000", "2015-01-31": "-197.00000", "2014-01-31": "-111.00000", "2013-01-31": "-211.00000", "2012-01-31": "-151.30000", "2011-01-31": "-159.40000", "2010-01-31": "6.80000", "2009-01-31": "-166.50000", "2008-01-31": "-375.70000", "2007-01-31": "-80.20000", "2006-01-31": "-302.00000", "2005-01-31": "-304.10000"}, "Total Common And Preferred Stock Dividends Paid": {"2020-01-31": "", "2019-01-31": "", "2018-01-31": "", "2017-01-31": "", "2016-01-31": "", "2015-01-31": "", "2014-01-31": "", "2013-01-31": "", "2012-01-31": "", "2011-01-31": "", "2010-01-31": "", "2009-01-31": "", "2008-01-31": "", "2007-01-31": "", "2006-01-31": "-3.40000", "2005-01-31": "-13.50000"}, "Financial Activities - Other": {"2020-01-31": "-116.90000", "2019-01-31": "-145.50000", "2018-01-31": "-148.90000", "2017-01-31": "-76.20000", "2016-01-31": "-57.90000", "2015-01-31": "-43.40000", "2014-01-31": "-15.50000", "2013-01-31": "6.80000", "2012-01-31": "31.50000", "2011-01-31": "", "2010-01-31": "", "2009-01-31": "", "2008-01-31": "", "2007-01-31": "", "2006-01-31": "-0.20000", "2005-01-31": "-0.20000"}, "Cash Flow From Financial Activities": {"2020-01-31": "-466.80000", "2019-01-31": "151.90000", "2018-01-31": "-656.60000", "2017-01-31": "-578.30000", "2016-01-31": "343.20000", "2015-01-31": "-240.40000", "2014-01-31": "-126.50000", "2013-01-31": "541.40000", "2012-01-31": "-119.80000", "2011-01-31": "-159.40000", "2010-01-31": "-45.30000", "2009-01-31": "-114.40000", "2008-01-31": "-375.70000", "2007-01-31": "-80.20000", "2006-01-31": "-305.60000", "2005-01-31": "-317.80000"}, "Net Cash Flow": {"2020-01-31": "888.70000", "2019-01-31": "-192.00000", "2018-01-31": "-135.10000", "2017-01-31": "-139.90000", "2016-01-31": "-57.60000", "2015-01-31": "-442.40000", "2014-01-31": "240.80000", "2013-01-31": "455.30000", "2012-01-31": "81.80000", "2011-01-31": "236.40000", "2010-01-31": "-78.90000", "2009-01-31": "-0.30000", "2008-01-31": "252.00000", "2007-01-31": "378.70000", "2006-01-31": "-230.50000", "2005-01-31": "235.50000"}, "Stock-Based Compensation": {"2020-01-31": "362.40000", "2019-01-31": "249.50000", "2018-01-31": "261.40000", "2017-01-31": "221.80000", "2016-01-31": "197.20000", "2015-01-31": "165.60000", "2014-01-31": "132.20000", "2013-01-31": "156.30000", "2012-01-31": "108.80000", "2011-01-31": "80.70000", "2010-01-31": "93.60000", "2009-01-31": "89.50000", "2008-01-31": "99.30000", "2007-01-31": "94.30000", "2006-01-31": "4.60000", "2005-01-31": "11.90000"}, "Common Stock Dividends Paid": {"2020-01-31": "", "2019-01-31": "", "2018-01-31": "", "2017-01-31": "", "2016-01-31": "", "2015-01-31": "", "2014-01-31": "", "2013-01-31": "", "2012-01-31": "", "2011-01-31": "", "2010-01-31": "", "2009-01-31": "", "2008-01-31": "", "2007-01-31": "", "2006-01-31": "-3.40000", "2005-01-31": "-13.50000"}}, "cash flow statement, quarterly": {"Net Income/Loss": {"2020-10-31": 132.2, "2020-07-31": 98.2, "2020-04-30": "66.50000", "2020-01-31": 131.8, "2019-10-31": 66.7, "2019-07-31": 40.2, "2019-04-30": "-24.20000", "2019-01-31": 64.7, "2018-10-31": -23.7, "2018-07-31": -39.4, "2018-04-30": "-82.40000", "2018-01-31": -173.5, "2017-10-31": -119.8, "2017-07-31": -144, "2017-04-30": "-129.60000", "2017-01-31": -173.4, "2016-10-31": -142.8, "2016-07-31": -98.2, "2016-04-30": "-167.70000", "2016-01-31": -37.2, "2015-10-31": -43.8, "2015-07-31": -268.6, "2015-04-30": "19.10000", "2015-01-31": 11.5, "2014-10-31": 10.7, "2014-07-31": 31.3, "2014-04-30": "28.30000", "2014-01-31": 53.9, "2013-10-31": 57.6, "2013-07-31": 61.7, "2013-04-30": "55.60000", "2013-01-31": 74.5, "2012-10-31": 29.4, "2012-07-31": 64.6, "2012-04-30": "78.90000", "2012-01-31": 72, "2011-10-31": 72.8, "2011-07-31": 71.2, "2011-04-30": "69.30000", "2011-01-31": 61.6, "2010-10-31": 53.6, "2010-07-31": 59.9, "2010-04-30": "36.90000", "2010-01-31": 50.1, "2009-10-31": 29.6, "2009-07-31": 10.4, "2009-04-30": "-32.10000", "2009-01-31": -105.4, "2008-10-31": 104.6, "2008-07-31": 89.8, "2008-04-30": "94.60000", "2008-01-31": 96.5, "2007-10-31": 84.8, "2007-07-31": 91.6, "2007-04-30": "83.30000", "2007-01-31": 96.4, "2006-10-31": 58, "2006-07-31": 86.8, "2006-04-30": "48.50000", "2006-01-31": 83.4, "2005-10-31": 95.7, "2005-07-31": 78.4, "2005-04-30": "76.10000", "2005-01-31": 221.1}, "Total Depreciation And Amortization - Cash Flow": {"2020-10-31": 32.2, "2020-07-31": 30, "2020-04-30": "30.00000", "2020-01-31": 30.9, "2019-10-31": 31.6, "2019-07-31": 32.1, "2019-04-30": "32.70000", "2019-01-31": 25.4, "2018-10-31": 23.5, "2018-07-31": 22.2, "2018-04-30": "24.10000", "2018-01-31": 26.9, "2017-10-31": 24.7, "2017-07-31": 28.4, "2017-04-30": "28.40000", "2017-01-31": 34.7, "2016-10-31": 34.1, "2016-07-31": 33, "2016-04-30": "37.40000", "2016-01-31": 36.1, "2015-10-31": 35.7, "2015-07-31": 36.2, "2015-04-30": "37.80000", "2015-01-31": 36, "2014-10-31": 36.6, "2014-07-31": 37.2, "2014-04-30": "36.10000", "2014-01-31": 33.2, "2013-10-31": 30.6, "2013-07-31": 32, "2013-04-30": "33.10000", "2013-01-31": 34.7, "2012-10-31": 35, "2012-07-31": 28.9, "2012-04-30": "29.20000", "2012-01-31": 30.3, "2011-10-31": 31, "2011-07-31": 29.7, "2011-04-30": "24.50000", "2011-01-31": 25.8, "2010-10-31": 26.6, "2010-07-31": 26.3, "2010-04-30": "26.70000", "2010-01-31": 27.1, "2009-10-31": 28.9, "2009-07-31": 28.5, "2009-04-30": "48.00000", "2009-01-31": 156.2, "2008-10-31": 25.4, "2008-07-31": 22.2, "2008-04-30": "16.90000", "2008-01-31": 17.2, "2007-10-31": 15.5, "2007-07-31": 14.4, "2007-04-30": "14.20000", "2007-01-31": 14.3, "2006-10-31": 13.2, "2006-07-31": 13.5, "2006-04-30": "12.50000", "2006-01-31": 9.9, "2005-10-31": 9.5, "2005-07-31": 11.7, "2005-04-30": "12.60000", "2005-01-31": 51.9}, "Other Non-Cash Items": {"2020-10-31": 108.5, "2020-07-31": 110.2, "2020-04-30": "134.40000", "2020-01-31": 44.7, "2019-10-31": 121.2, "2019-07-31": 80.3, "2019-04-30": "115.10000", "2019-01-31": 35.3, "2018-10-31": 95, "2018-07-31": 45.6, "2018-04-30": "100.70000", "2018-01-31": 98.6, "2017-10-31": 74.2, "2017-07-31": 77.5, "2017-04-30": "73.40000", "2017-01-31": 58, "2016-10-31": 39, "2016-07-31": 40.4, "2016-04-30": "118.40000", "2016-01-31": 55.7, "2015-10-31": 53.8, "2015-07-31": 257.2, "2015-04-30": "41.40000", "2015-01-31": 50.7, "2014-10-31": 32.3, "2014-07-31": 17.8, "2014-04-30": "65.30000", "2014-01-31": -29.9, "2013-10-31": 34.8, "2013-07-31": 33.9, "2013-04-30": "31.60000", "2013-01-31": 33.2, "2012-10-31": 89.8, "2012-07-31": 20.3, "2012-04-30": "22.40000", "2012-01-31": -2.6, "2011-10-31": 6.1, "2011-07-31": 12.5, "2011-04-30": "25.90000", "2011-01-31": 16.1, "2010-10-31": 17, "2010-07-31": 22.9, "2010-04-30": "31.40000", "2010-01-31": 8.1, "2009-10-31": 35.2, "2009-07-31": 44.4, "2009-04-30": "40.60000", "2009-01-31": 52.6, "2008-10-31": 23.7, "2008-07-31": 40, "2008-04-30": "25.20000", "2008-01-31": 84.6, "2007-10-31": 39.8, "2007-07-31": 22.1, "2007-04-30": "14.80000", "2007-01-31": 59, "2006-10-31": 38.8, "2006-07-31": 21.1, "2006-04-30": "21.70000", "2006-01-31": -55.7, "2005-10-31": 55.7, "2005-07-31": 30.4, "2005-04-30": "24.00000", "2005-01-31": 33.4}, "Total Non-Cash Items": {"2020-10-31": 140.7, "2020-07-31": 140.2, "2020-04-30": "164.40000", "2020-01-31": 75.6, "2019-10-31": 152.8, "2019-07-31": 112.4, "2019-04-30": "147.80000", "2019-01-31": 60.7, "2018-10-31": 118.5, "2018-07-31": 67.8, "2018-04-30": "124.80000", "2018-01-31": 125.5, "2017-10-31": 98.9, "2017-07-31": 105.9, "2017-04-30": "101.80000", "2017-01-31": 92.7, "2016-10-31": 73.1, "2016-07-31": 73.4, "2016-04-30": "155.80000", "2016-01-31": 91.8, "2015-10-31": 89.5, "2015-07-31": 293.4, "2015-04-30": "79.20000", "2015-01-31": 86.7, "2014-10-31": 68.9, "2014-07-31": 55, "2014-04-30": "101.40000", "2014-01-31": 3.3, "2013-10-31": 65.4, "2013-07-31": 65.9, "2013-04-30": "64.70000", "2013-01-31": 67.9, "2012-10-31": 124.8, "2012-07-31": 49.2, "2012-04-30": "51.60000", "2012-01-31": 27.7, "2011-10-31": 37.1, "2011-07-31": 42.2, "2011-04-30": "50.40000", "2011-01-31": 41.9, "2010-10-31": 43.6, "2010-07-31": 49.2, "2010-04-30": "58.10000", "2010-01-31": 35.2, "2009-10-31": 64.1, "2009-07-31": 72.9, "2009-04-30": "88.60000", "2009-01-31": 208.8, "2008-10-31": 49.1, "2008-07-31": 62.2, "2008-04-30": "42.10000", "2008-01-31": 101.8, "2007-10-31": 55.3, "2007-07-31": 36.5, "2007-04-30": "29.00000", "2007-01-31": 73.3, "2006-10-31": 52, "2006-07-31": 34.6, "2006-04-30": "34.20000", "2006-01-31": -45.8, "2005-10-31": 65.2, "2005-07-31": 42.1, "2005-04-30": "36.60000", "2005-01-31": 85.3}, "Change In Accounts Receivable": {"2020-10-31": -49.9, "2020-07-31": -132.8, "2020-04-30": "295.50000", "2020-01-31": -131.3, "2019-10-31": -173, "2019-07-31": -80.4, "2019-04-30": "206.20000", "2019-01-31": -154.8, "2018-10-31": -74.8, "2018-07-31": -27.2, "2018-04-30": "231.40000", "2018-01-31": -130, "2017-10-31": -42.2, "2017-07-31": -35.4, "2017-04-30": "220.90000", "2017-01-31": -192.3, "2016-10-31": 46.9, "2016-07-31": -50.5, "2016-04-30": "397.40000", "2016-01-31": -292.9, "2015-10-31": 33, "2015-07-31": -78.7, "2015-04-30": "143.10000", "2015-01-31": -83.2, "2014-10-31": -10.4, "2014-07-31": -40.9, "2014-04-30": "117.20000", "2014-01-31": 72.3, "2013-10-31": 0, "2013-07-31": 0, "2013-04-30": "", "2013-01-31": -98.1, "2012-10-31": 0, "2012-07-31": 0, "2012-04-30": "", "2012-01-31": -71.8, "2011-10-31": 0, "2011-07-31": 0, "2011-04-30": "", "2011-01-31": -40.7, "2010-10-31": 0, "2010-07-31": 0, "2010-04-30": "", "2010-01-31": 37.3, "2009-10-31": 0, "2009-07-31": 0, "2009-04-30": "", "2009-01-31": 81.8, "2008-10-31": 0, "2008-07-31": 0, "2008-04-30": "", "2008-01-31": -78.3, "2007-10-31": 0, "2007-07-31": 0, "2007-04-30": "", "2007-01-31": -39.8, "2006-10-31": 0, "2006-07-31": 0, "2006-04-30": "", "2006-01-31": -45.8, "2005-10-31": 0, "2005-07-31": 0, "2005-04-30": "", "2005-01-31": -30}, "Change In Inventories": {"2020-10-31": 0, "2020-07-31": 0, "2020-04-30": "", "2020-01-31": 0, "2019-10-31": 0, "2019-07-31": 0, "2019-04-30": "", "2019-01-31": 0, "2018-10-31": 0, "2018-07-31": 0, "2018-04-30": "", "2018-01-31": 0, "2017-10-31": 0, "2017-07-31": 0, "2017-04-30": "", "2017-01-31": 0, "2016-10-31": 0, "2016-07-31": 0, "2016-04-30": "", "2016-01-31": 0, "2015-10-31": 0, "2015-07-31": 0, "2015-04-30": "", "2015-01-31": 0, "2014-10-31": 0, "2014-07-31": 0, "2014-04-30": "", "2014-01-31": 0, "2013-10-31": 0, "2013-07-31": 0, "2013-04-30": "", "2013-01-31": 0, "2012-10-31": 0, "2012-07-31": 0, "2012-04-30": "", "2012-01-31": 0, "2011-10-31": 0, "2011-07-31": 0, "2011-04-30": "", "2011-01-31": 0, "2010-10-31": 0, "2010-07-31": 0, "2010-04-30": "", "2010-01-31": 0, "2009-10-31": 0, "2009-07-31": 0, "2009-04-30": "", "2009-01-31": 0, "2008-10-31": 0, "2008-07-31": 0, "2008-04-30": "", "2008-01-31": 0, "2007-10-31": 0, "2007-07-31": 0, "2007-04-30": "", "2007-01-31": 0, "2006-10-31": 0, "2006-07-31": 0, "2006-04-30": "", "2006-01-31": 0, "2005-10-31": 0, "2005-07-31": 0, "2005-04-30": "", "2005-01-31": 4.8}, "Change In Accounts Payable": {"2020-10-31": 0, "2020-07-31": 0, "2020-04-30": "", "2020-01-31": 0, "2019-10-31": 0, "2019-07-31": 0, "2019-04-30": "", "2019-01-31": 0, "2018-10-31": 0, "2018-07-31": 0, "2018-04-30": "", "2018-01-31": 0, "2017-10-31": 0, "2017-07-31": 0, "2017-04-30": "", "2017-01-31": 0, "2016-10-31": 0, "2016-07-31": 0, "2016-04-30": "", "2016-01-31": 0, "2015-10-31": 0, "2015-07-31": 0, "2015-04-30": "", "2015-01-31": 0, "2014-10-31": 0, "2014-07-31": 0, "2014-04-30": "", "2014-01-31": 0, "2013-10-31": 0, "2013-07-31": 0, "2013-04-30": "", "2013-01-31": 0, "2012-10-31": 0, "2012-07-31": 0, "2012-04-30": "", "2012-01-31": 0, "2011-10-31": 0, "2011-07-31": 0, "2011-04-30": "", "2011-01-31": 0, "2010-10-31": 0, "2010-07-31": 0, "2010-04-30": "", "2010-01-31": 0, "2009-10-31": 0, "2009-07-31": 0, "2009-04-30": "", "2009-01-31": 0, "2008-10-31": 0, "2008-07-31": 0, "2008-04-30": "", "2008-01-31": 0, "2007-10-31": 0, "2007-07-31": 0, "2007-04-30": "", "2007-01-31": 0, "2006-10-31": 0, "2006-07-31": 0, "2006-04-30": "", "2006-01-31": 0, "2005-10-31": 0, "2005-07-31": 0, "2005-04-30": "", "2005-01-31": 0}, "Change In Assets/Liabilities": {"2020-10-31": 42.1, "2020-07-31": -133.4, "2020-04-30": "-48.60000", "2020-01-31": 608.8, "2019-10-31": 180.7, "2019-07-31": 112.1, "2019-04-30": "73.60000", "2019-01-31": 270, "2018-10-31": -6.7, "2018-07-31": 1.1, "2018-04-30": "-59.90000", "2018-01-31": 186.7, "2017-10-31": -16, "2017-07-31": -31.8, "2017-04-30": "19.50000", "2017-01-31": 250.6, "2016-10-31": 27.6, "2016-07-31": -13.9, "2016-04-30": "-10.80000", "2016-01-31": 308.7, "2015-10-31": -10.8, "2015-07-31": 85.6, "2015-04-30": "-25.80000", "2015-01-31": 150, "2014-10-31": 40.9, "2014-07-31": 10.2, "2014-04-30": "50.90000", "2014-01-31": 36.6, "2013-10-31": -32.4, "2013-07-31": -62.3, "2013-04-30": "103.80000", "2013-01-31": 108.4, "2012-10-31": 2.9, "2012-07-31": -6.7, "2012-04-30": "8.80000", "2012-01-31": 92, "2011-10-31": 27.8, "2011-07-31": 18.8, "2011-04-30": "8.70000", "2011-01-31": -5, "2010-10-31": 17.1, "2010-07-31": 2.4, "2010-04-30": "44.10000", "2010-01-31": 82.7, "2009-10-31": -47, "2009-07-31": -36, "2009-04-30": "-29.30000", "2009-01-31": -32.1, "2008-10-31": -46.5, "2008-07-31": 63, "2008-04-30": "48.60000", "2008-01-31": 3, "2007-10-31": 21.2, "2007-07-31": 8.5, "2007-04-30": "79.30000", "2007-01-31": 46.4, "2006-10-31": 22.9, "2006-07-31": 41.3, "2006-04-30": "7.50000", "2006-01-31": 163.7, "2005-10-31": -36, "2005-07-31": -7.3, "2005-04-30": "-49.40000", "2005-01-31": 60.6}, "Total Change In Assets/Liabilities": {"2020-10-31": 88.2, "2020-07-31": -147.2, "2020-04-30": "96.40000", "2020-01-31": 490.8, "2019-10-31": 56.9, "2019-07-31": 66.7, "2019-04-30": "97.60000", "2019-01-31": 186.1, "2018-10-31": -55.6, "2018-07-31": 14.9, "2018-04-30": "-59.30000", "2018-01-31": 127.3, "2017-10-31": -30.2, "2017-07-31": -34.4, "2017-04-30": "73.00000", "2017-01-31": 96.3, "2016-10-31": 77.4, "2016-07-31": 6.8, "2016-04-30": "176.30000", "2016-01-31": 115.3, "2015-10-31": 34.7, "2015-07-31": 52.4, "2015-04-30": "-11.80000", "2015-01-31": 159.5, "2014-10-31": 56.4, "2014-07-31": 9.9, "2014-04-30": "89.00000", "2014-01-31": 126.3, "2013-10-31": -32.4, "2013-07-31": -62.3, "2013-04-30": "103.80000", "2013-01-31": 13.2, "2012-10-31": 2.9, "2012-07-31": -6.7, "2012-04-30": "8.80000", "2012-01-31": 75.5, "2011-10-31": 27.8, "2011-07-31": 18.8, "2011-04-30": "8.70000", "2011-01-31": 72.4, "2010-10-31": 17.1, "2010-07-31": 2.4, "2010-04-30": "44.10000", "2010-01-31": 40.3, "2009-10-31": -47, "2009-07-31": -36, "2009-04-30": "-29.30000", "2009-01-31": -17, "2008-10-31": -46.5, "2008-07-31": 63, "2008-04-30": "48.60000", "2008-01-31": 20.7, "2007-10-31": 21.2, "2007-07-31": 8.5, "2007-04-30": "79.30000", "2007-01-31": 21.1, "2006-10-31": 22.9, "2006-07-31": 41.3, "2006-04-30": "7.50000", "2006-01-31": 76.2, "2005-10-31": -36, "2005-07-31": -7.3, "2005-04-30": "-49.40000", "2005-01-31": 66.9}, "Cash Flow From Operating Activities": {"2020-10-31": 361.1, "2020-07-31": 91.2, "2020-04-30": "327.30000", "2020-01-31": 698.2, "2019-10-31": 276.4, "2019-07-31": 219.3, "2019-04-30": "221.20000", "2019-01-31": 311.5, "2018-10-31": 39.2, "2018-07-31": 43.3, "2018-04-30": "-16.90000", "2018-01-31": 79.3, "2017-10-31": -51.1, "2017-07-31": -72.5, "2017-04-30": "45.20000", "2017-01-31": 15.6, "2016-10-31": 7.7, "2016-07-31": -18, "2016-04-30": "164.40000", "2016-01-31": 169.9, "2015-10-31": 80.4, "2015-07-31": 77.2, "2015-04-30": "86.50000", "2015-01-31": 257.7, "2014-10-31": 136, "2014-07-31": 96.2, "2014-04-30": "218.70000", "2014-01-31": 183.5, "2013-10-31": 90.6, "2013-07-31": 65.3, "2013-04-30": "224.10000", "2013-01-31": 155.6, "2012-10-31": 157.1, "2012-07-31": 107.1, "2012-04-30": "139.30000", "2012-01-31": 175.2, "2011-10-31": 137.7, "2011-07-31": 132.2, "2011-04-30": "128.40000", "2011-01-31": 175.9, "2010-10-31": 114.3, "2010-07-31": 111.5, "2010-04-30": "139.10000", "2010-01-31": 125.6, "2009-10-31": 46.7, "2009-07-31": 47.3, "2009-04-30": "27.20000", "2009-01-31": 86.4, "2008-10-31": 107.2, "2008-07-31": 215, "2008-04-30": "185.30000", "2008-01-31": 219, "2007-10-31": 161.3, "2007-07-31": 136.6, "2007-04-30": "191.60000", "2007-01-31": 190.8, "2006-10-31": 132.9, "2006-07-31": 162.7, "2006-04-30": "90.20000", "2006-01-31": 113.8, "2005-10-31": 124.9, "2005-07-31": 113.2, "2005-04-30": "63.30000", "2005-01-31": 373.3}, "Net Change In Property, Plant, And Equipment": {"2020-10-31": -20.9, "2020-07-31": -26.8, "2020-04-30": "-19.90000", "2020-01-31": -14, "2019-10-31": -9.7, "2019-07-31": -14.8, "2019-04-30": "-14.70000", "2019-01-31": -17.6, "2018-10-31": -12.7, "2018-07-31": -20, "2018-04-30": "-16.70000", "2018-01-31": -11.4, "2017-10-31": -12.9, "2017-07-31": -17.8, "2017-04-30": "-8.60000", "2017-01-31": -10.9, "2016-10-31": -22.5, "2016-07-31": -20.3, "2016-04-30": "-22.30000", "2016-01-31": -30.6, "2015-10-31": -12, "2015-07-31": -17.3, "2015-04-30": "-12.50000", "2015-01-31": -15.5, "2014-10-31": -28.4, "2014-07-31": -17.1, "2014-04-30": "-14.50000", "2014-01-31": -9.2, "2013-10-31": -12.4, "2013-07-31": -16.8, "2013-04-30": "-25.80000", "2013-01-31": -11.7, "2012-10-31": -16.5, "2012-07-31": -16.7, "2012-04-30": "-11.50000", "2012-01-31": -14.3, "2011-10-31": -8.9, "2011-07-31": -16.6, "2011-04-30": "-23.20000", "2011-01-31": -10.2, "2010-10-31": -7, "2010-07-31": -5.3, "2010-04-30": "-5.80000", "2010-01-31": -1.5, "2009-10-31": -5.9, "2009-07-31": -10.7, "2009-04-30": "-13.60000", "2009-01-31": -19.3, "2008-10-31": -19.2, "2008-07-31": -26.5, "2008-04-30": "-13.40000", "2008-01-31": -14.2, "2007-10-31": -10.9, "2007-07-31": -11.4, "2007-04-30": "-6.80000", "2007-01-31": -9.9, "2006-10-31": -7, "2006-07-31": -7, "2006-04-30": "-11.40000", "2006-01-31": -5.2, "2005-10-31": -5.4, "2005-07-31": -4.4, "2005-04-30": "-5.50000", "2005-01-31": -40.8}, "Net Change In Intangible Assets": {"2020-10-31": 0, "2020-07-31": -1.2, "2020-04-30": "-3.60000", "2020-01-31": 0, "2019-10-31": 0, "2019-07-31": 0, "2019-04-30": "", "2019-01-31": 0, "2018-10-31": 0, "2018-07-31": 0, "2018-04-30": "", "2018-01-31": 0, "2017-10-31": 0, "2017-07-31": 0, "2017-04-30": "", "2017-01-31": 0, "2016-10-31": 0, "2016-07-31": 0, "2016-04-30": "", "2016-01-31": 0, "2015-10-31": 0, "2015-07-31": 0, "2015-04-30": "", "2015-01-31": 0, "2014-10-31": 0, "2014-07-31": 0, "2014-04-30": "", "2014-01-31": 0, "2013-10-31": 0, "2013-07-31": 0, "2013-04-30": "", "2013-01-31": 0, "2012-10-31": 0, "2012-07-31": 0, "2012-04-30": "", "2012-01-31": 0, "2011-10-31": 0, "2011-07-31": 0, "2011-04-30": "", "2011-01-31": 0, "2010-10-31": 0, "2010-07-31": 0, "2010-04-30": "", "2010-01-31": 0, "2009-10-31": 0, "2009-07-31": 0, "2009-04-30": "", "2009-01-31": 0, "2008-10-31": 0, "2008-07-31": 1, "2008-04-30": "-1.00000", "2008-01-31": 0, "2007-10-31": 0, "2007-07-31": 0, "2007-04-30": "", "2007-01-31": 0, "2006-10-31": 0, "2006-07-31": 0, "2006-04-30": "", "2006-01-31": 0, "2005-10-31": 0, "2005-07-31": 0, "2005-04-30": "", "2005-01-31": -1.6}, "Net Acquisitions/Divestitures": {"2020-10-31": -44.8, "2020-07-31": 0, "2020-04-30": "", "2020-01-31": 0, "2019-10-31": 0, "2019-07-31": 0, "2019-04-30": "", "2019-01-31": -1006.1, "2018-10-31": 0, "2018-07-31": -34.1, "2018-04-30": "", "2018-01-31": 0, "2017-10-31": 0, "2017-07-31": 0, "2017-04-30": "", "2017-01-31": 0, "2016-10-31": 0, "2016-07-31": -25.6, "2016-04-30": "-59.60000", "2016-01-31": -43.9, "2015-10-31": -67.1, "2015-07-31": -3, "2015-04-30": "-34.50000", "2015-01-31": -26.2, "2014-10-31": -55.5, "2014-07-31": -226, "2014-04-30": "-322.30000", "2014-01-31": -108.1, "2013-10-31": -20.8, "2013-07-31": -12.5, "2013-04-30": "-34.70000", "2013-01-31": -59.5, "2012-10-31": -135, "2012-07-31": -69.2, "2012-04-30": "", "2012-01-31": -39, "2011-10-31": -88.3, "2011-07-31": -18, "2011-04-30": "-76.40000", "2011-01-31": -5, "2010-10-31": 0, "2010-07-31": -8.5, "2010-04-30": "", "2010-01-31": -22.5, "2009-10-31": -3.6, "2009-07-31": 0, "2009-04-30": "", "2009-01-31": -67.2, "2008-10-31": -33.4, "2008-07-31": -264.1, "2008-04-30": "0.20000", "2008-01-31": -48.5, "2007-10-31": -44.7, "2007-07-31": -21.3, "2007-04-30": "", "2007-01-31": 12.5, "2006-10-31": -9, "2006-07-31": 0, "2006-04-30": "-56.00000", "2006-01-31": -189.4, "2005-10-31": -9.4, "2005-07-31": -28.7, "2005-04-30": "-14.60000", "2005-01-31": -11.8}, "Net Change In Short-term Investments": {"2020-10-31": 2, "2020-07-31": 5, "2020-04-30": "-11.00000", "2020-01-31": 0, "2019-10-31": 0, "2019-07-31": 22.7, "2019-04-30": "-15.20000", "2019-01-31": 271.9, "2018-10-31": 84.4, "2018-07-31": -28.4, "2018-04-30": "64.90000", "2018-01-31": 259.6, "2017-10-31": 78.3, "2017-07-31": -31.8, "2017-04-30": "263.20000", "2017-01-31": -3.9, "2016-10-31": 115.8, "2016-07-31": 482.4, "2016-04-30": "-147.30000", "2016-01-31": 50.1, "2015-10-31": -8.0001, "2015-07-31": -390.9, "2015-04-30": "-195.30000", "2015-01-31": -81, "2014-10-31": 34.7, "2014-07-31": -65.7, "2014-04-30": "-84.10000", "2014-01-31": 309.7, "2013-10-31": 5.5, "2013-07-31": -182.7, "2013-04-30": "-67.60000", "2013-01-31": 159.5, "2012-10-31": -123.6, "2012-07-31": -65.4, "2012-04-30": "-270.50000", "2012-01-31": -16.9, "2011-10-31": -12.7, "2011-07-31": 13.1, "2011-04-30": "-38.60000", "2011-01-31": 42.1, "2010-10-31": -8.5, "2010-07-31": -119.4, "2010-04-30": "-10.70000", "2010-01-31": 61.5, "2009-10-31": 7.2, "2009-07-31": -267.6, "2009-04-30": "-14.90000", "2009-01-31": 70.8, "2008-10-31": -105.1, "2008-07-31": 0.4, "2008-04-30": "-1.30000", "2008-01-31": 4.5, "2007-10-31": 7.6, "2007-07-31": 149.7, "2007-04-30": "-89.70000", "2007-01-31": -29.5, "2006-10-31": -53.4, "2006-07-31": 99.5, "2006-04-30": "-36.40000", "2006-01-31": 66.7, "2005-10-31": -114.2, "2005-07-31": -23.1, "2005-04-30": "-4.70000", "2005-01-31": 230.7}, "Net Change In Long-Term Investments": {"2020-10-31": 0, "2020-07-31": 0, "2020-04-30": "", "2020-01-31": 0, "2019-10-31": 0, "2019-07-31": 0, "2019-04-30": "", "2019-01-31": 0, "2018-10-31": 0, "2018-07-31": 0, "2018-04-30": "", "2018-01-31": 0, "2017-10-31": 0, "2017-07-31": 0, "2017-04-30": "", "2017-01-31": 0, "2016-10-31": 0, "2016-07-31": 0, "2016-04-30": "", "2016-01-31": 0, "2015-10-31": 0, "2015-07-31": 0, "2015-04-30": "", "2015-01-31": 0, "2014-10-31": 0, "2014-07-31": 0, "2014-04-30": "", "2014-01-31": 0, "2013-10-31": 0, "2013-07-31": 0, "2013-04-30": "", "2013-01-31": 0, "2012-10-31": 0, "2012-07-31": 0, "2012-04-30": "", "2012-01-31": 0, "2011-10-31": 0, "2011-07-31": 0, "2011-04-30": "", "2011-01-31": 0, "2010-10-31": 0, "2010-07-31": 0, "2010-04-30": "", "2010-01-31": 10, "2009-10-31": 0, "2009-07-31": 0, "2009-04-30": "-10.00000", "2009-01-31": 0, "2008-10-31": 0, "2008-07-31": 0, "2008-04-30": "", "2008-01-31": 0, "2007-10-31": 0, "2007-07-31": 0, "2007-04-30": "", "2007-01-31": -12.5, "2006-10-31": 0, "2006-07-31": 0, "2006-04-30": "", "2006-01-31": 0, "2005-10-31": 0, "2005-07-31": 0, "2005-04-30": "", "2005-01-31": 0}, "Net Change In Investments - Total": {"2020-10-31": 2, "2020-07-31": 5, "2020-04-30": "-11.00000", "2020-01-31": 0, "2019-10-31": 0, "2019-07-31": 22.7, "2019-04-30": "-15.20000", "2019-01-31": 271.9, "2018-10-31": 84.4, "2018-07-31": -28.4, "2018-04-30": "64.90000", "2018-01-31": 259.6, "2017-10-31": 78.3, "2017-07-31": -31.8, "2017-04-30": "263.20000", "2017-01-31": -3.9, "2016-10-31": 115.8, "2016-07-31": 482.4, "2016-04-30": "-147.30000", "2016-01-31": 50.1, "2015-10-31": -8.0001, "2015-07-31": -390.9, "2015-04-30": "-195.30000", "2015-01-31": -81, "2014-10-31": 34.7, "2014-07-31": -65.7, "2014-04-30": "-84.10000", "2014-01-31": 309.7, "2013-10-31": 5.5, "2013-07-31": -182.7, "2013-04-30": "-67.60000", "2013-01-31": 159.5, "2012-10-31": -123.6, "2012-07-31": -65.4, "2012-04-30": "-270.50000", "2012-01-31": -16.9, "2011-10-31": -12.7, "2011-07-31": 13.1, "2011-04-30": "-38.60000", "2011-01-31": 42.1, "2010-10-31": -8.5, "2010-07-31": -119.4, "2010-04-30": "-10.70000", "2010-01-31": 71.5, "2009-10-31": 7.2, "2009-07-31": -267.6, "2009-04-30": "-24.90000", "2009-01-31": 70.8, "2008-10-31": -105.1, "2008-07-31": 0.4, "2008-04-30": "-1.30000", "2008-01-31": 4.5, "2007-10-31": 7.6, "2007-07-31": 149.7, "2007-04-30": "-89.70000", "2007-01-31": -42, "2006-10-31": -53.4, "2006-07-31": 99.5, "2006-04-30": "-36.40000", "2006-01-31": 66.7, "2005-10-31": -114.2, "2005-07-31": -23.1, "2005-04-30": "-4.70000", "2005-01-31": 230.7}, "Investing Activities - Other": {"2020-10-31": -1.2, "2020-07-31": -10.8, "2020-04-30": "-43.50000", "2020-01-31": -0.6, "2019-10-31": -0.5, "2019-07-31": -11.2, "2019-04-30": "0.70000", "2019-01-31": 1.7, "2018-10-31": 8.3, "2018-07-31": -5.4, "2018-04-30": "-0.60000", "2018-01-31": -0.7, "2017-10-31": -7.2, "2017-07-31": -8.2, "2017-04-30": "3.90000", "2017-01-31": 1, "2016-10-31": -8.1, "2016-07-31": -5.7, "2016-04-30": "-1.00000", "2016-01-31": -29, "2015-10-31": -2.4, "2015-07-31": -2.5, "2015-04-30": "-10.60000", "2015-01-31": -5.2, "2014-10-31": 1.9, "2014-07-31": 0.1, "2014-04-30": "-0.80000", "2014-01-31": -2.9, "2013-10-31": -10.3, "2013-07-31": -1.8, "2013-04-30": "-3.60000", "2013-01-31": -5, "2012-10-31": -4.1, "2012-07-31": -13, "2012-04-30": "-5.00000", "2012-01-31": -7, "2011-10-31": -8.4, "2011-07-31": -0.6, "2011-04-30": "-14.50000", "2011-01-31": 0, "2010-10-31": -3.5, "2010-07-31": -0.5, "2010-04-30": "", "2010-01-31": -11.4, "2009-10-31": 0, "2009-07-31": 0, "2009-04-30": "", "2009-01-31": 0, "2008-10-31": 0, "2008-07-31": 0, "2008-04-30": "", "2008-01-31": 0, "2007-10-31": 0, "2007-07-31": 0, "2007-04-30": "", "2007-01-31": 0, "2006-10-31": 2.6, "2006-07-31": -0.3, "2006-04-30": "", "2006-01-31": -0.1, "2005-10-31": 0, "2005-07-31": 0, "2005-04-30": "", "2005-01-31": -0.9}, "Cash Flow From Investing Activities": {"2020-10-31": -64.9, "2020-07-31": -33.8, "2020-04-30": "-78.00000", "2020-01-31": -14.6, "2019-10-31": -10.2, "2019-07-31": -3.3, "2019-04-30": "-29.20000", "2019-01-31": -750.1, "2018-10-31": 80, "2018-07-31": -87.9, "2018-04-30": "47.60000", "2018-01-31": 247.5, "2017-10-31": 58.2, "2017-07-31": -57.8, "2017-04-30": "258.50000", "2017-01-31": -13.8, "2016-10-31": 85.2, "2016-07-31": 430.8, "2016-04-30": "-230.20000", "2016-01-31": -53.4, "2015-10-31": -89.5, "2015-07-31": -413.7, "2015-04-30": "-252.90000", "2015-01-31": -127.9, "2014-10-31": -47.3, "2014-07-31": -308.7, "2014-04-30": "-421.70000", "2014-01-31": 189.5, "2013-10-31": -38, "2013-07-31": -213.8, "2013-04-30": "-131.70000", "2013-01-31": 83.3, "2012-10-31": -279.2, "2012-07-31": -164.3, "2012-04-30": "-287.00000", "2012-01-31": -77.2, "2011-10-31": -118.3, "2011-07-31": -22.1, "2011-04-30": "-152.70000", "2011-01-31": 26.9, "2010-10-31": -19, "2010-07-31": -133.7, "2010-04-30": "-16.50000", "2010-01-31": 36.1, "2009-10-31": -2.3, "2009-07-31": -278.3, "2009-04-30": "-38.50000", "2009-01-31": -15.7, "2008-10-31": -157.7, "2008-07-31": -289.2, "2008-04-30": "-15.50000", "2008-01-31": -58.2, "2007-10-31": -48, "2007-07-31": 117, "2007-04-30": "-96.50000", "2007-01-31": -39.4, "2006-10-31": -66.8, "2006-07-31": 92.2, "2006-04-30": "-103.80000", "2006-01-31": -128, "2005-10-31": -129, "2005-07-31": -56.2, "2005-04-30": "-24.80000", "2005-01-31": 175.6}, "Net Long-Term Debt": {"2020-10-31": 0, "2020-07-31": 0, "2020-04-30": "-450.00000", "2020-01-31": 348.9, "2019-10-31": -100, "2019-07-31": -125, "2019-04-30": "-125.00000", "2019-01-31": 500, "2018-10-31": 0, "2018-07-31": 0, "2018-04-30": "", "2018-01-31": 0, "2017-10-31": 0, "2017-07-31": 96.9, "2017-04-30": "", "2017-01-31": 0, "2016-10-31": 0, "2016-07-31": 0, "2016-04-30": "", "2016-01-31": 0, "2015-10-31": 0, "2015-07-31": 748.3, "2015-04-30": "", "2015-01-31": 0, "2014-10-31": 0, "2014-07-31": 0, "2014-04-30": "", "2014-01-31": 0, "2013-10-31": 0, "2013-07-31": 0, "2013-04-30": "", "2013-01-31": 745.6, "2012-10-31": 0, "2012-07-31": 0, "2012-04-30": "", "2012-01-31": 0, "2011-10-31": 0, "2011-07-31": 0, "2011-04-30": "", "2011-01-31": 0, "2010-10-31": 0, "2010-07-31": 0, "2010-04-30": "", "2010-01-31": 0, "2009-10-31": 0, "2009-07-31": 0, "2009-04-30": "", "2009-01-31": 0, "2008-10-31": 0, "2008-07-31": 0, "2008-04-30": "", "2008-01-31": 0, "2007-10-31": 0, "2007-07-31": 0, "2007-04-30": "", "2007-01-31": 0, "2006-10-31": 0, "2006-07-31": 0, "2006-04-30": "", "2006-01-31": 0, "2005-10-31": 0, "2005-07-31": 0, "2005-04-30": "", "2005-01-31": 0}, "Net Current Debt": {"2020-10-31": 0, "2020-07-31": 0, "2020-04-30": "", "2020-01-31": 0, "2019-10-31": 0, "2019-07-31": 0, "2019-04-30": "", "2019-01-31": 0, "2018-10-31": 0, "2018-07-31": 0, "2018-04-30": "", "2018-01-31": 0, "2017-10-31": 0, "2017-07-31": 0, "2017-04-30": "", "2017-01-31": 0, "2016-10-31": 0, "2016-07-31": 0, "2016-04-30": "", "2016-01-31": 0, "2015-10-31": 0, "2015-07-31": 0, "2015-04-30": "", "2015-01-31": 0, "2014-10-31": 0, "2014-07-31": 0, "2014-04-30": "", "2014-01-31": 0, "2013-10-31": 0, "2013-07-31": 0, "2013-04-30": "", "2013-01-31": -110, "2012-10-31": 110, "2012-07-31": 0, "2012-04-30": "", "2012-01-31": 0, "2011-10-31": 0, "2011-07-31": 0, "2011-04-30": "", "2011-01-31": 0, "2010-10-31": 0, "2010-07-31": 0, "2010-04-30": "", "2010-01-31": 0, "2009-10-31": 0, "2009-07-31": -2.1, "2009-04-30": "-50.00000", "2009-01-31": 48.1, "2008-10-31": -116, "2008-07-31": 80, "2008-04-30": "40.00000", "2008-01-31": 0, "2007-10-31": 0, "2007-07-31": 0, "2007-04-30": "", "2007-01-31": 0, "2006-10-31": 0, "2006-07-31": 0, "2006-04-30": "", "2006-01-31": 0, "2005-10-31": 0, "2005-07-31": 0, "2005-04-30": "", "2005-01-31": 0}, "Debt Issuance/Retirement Net - Total": {"2020-10-31": 0, "2020-07-31": 0, "2020-04-30": "-450.00000", "2020-01-31": 348.9, "2019-10-31": -100, "2019-07-31": -125, "2019-04-30": "-125.00000", "2019-01-31": 500, "2018-10-31": 0, "2018-07-31": 0, "2018-04-30": "", "2018-01-31": 0, "2017-10-31": 0, "2017-07-31": 96.9, "2017-04-30": "", "2017-01-31": 0, "2016-10-31": 0, "2016-07-31": 0, "2016-04-30": "", "2016-01-31": 0, "2015-10-31": 0, "2015-07-31": 748.3, "2015-04-30": "", "2015-01-31": 0, "2014-10-31": 0, "2014-07-31": 0, "2014-04-30": "", "2014-01-31": 0, "2013-10-31": 0, "2013-07-31": 0, "2013-04-30": "", "2013-01-31": 635.6, "2012-10-31": 110, "2012-07-31": 0, "2012-04-30": "", "2012-01-31": 0, "2011-10-31": 0, "2011-07-31": 0, "2011-04-30": "", "2011-01-31": 0, "2010-10-31": 0, "2010-07-31": 0, "2010-04-30": "", "2010-01-31": 0, "2009-10-31": 0, "2009-07-31": -2.1, "2009-04-30": "-50.00000", "2009-01-31": 48.1, "2008-10-31": -116, "2008-07-31": 80, "2008-04-30": "40.00000", "2008-01-31": 0, "2007-10-31": 0, "2007-07-31": 0, "2007-04-30": "", "2007-01-31": 0, "2006-10-31": 0, "2006-07-31": 0, "2006-04-30": "", "2006-01-31": 0, "2005-10-31": 0, "2005-07-31": 0, "2005-04-30": "", "2005-01-31": 0}, "Net Common Equity Issued/Repurchased": {"2020-10-31": -136, "2020-07-31": -5.3, "2020-04-30": "-145.20000", "2020-01-31": -178.7, "2019-10-31": -85.2, "2019-07-31": -43.3, "2019-04-30": "-41.60000", "2019-01-31": -31.4, "2018-10-31": -66.9, "2018-07-31": -131.4, "2018-04-30": "27.10000", "2018-01-31": -259.9, "2017-10-31": -85.4, "2017-07-31": -113.5, "2017-04-30": "-145.80000", "2017-01-31": -206.7, "2016-10-31": -79.6, "2016-07-31": -166.9, "2016-04-30": "-48.90000", "2016-01-31": -88.8, "2015-10-31": -112.6, "2015-07-31": -107.6, "2015-04-30": "-38.20000", "2015-01-31": -19, "2014-10-31": -65, "2014-07-31": -72.7, "2014-04-30": "-40.30000", "2014-01-31": 24.3, "2013-10-31": 24.7, "2013-07-31": -100.8, "2013-04-30": "-59.20000", "2013-01-31": -70.1, "2012-10-31": -89.4, "2012-07-31": -105.3, "2012-04-30": "53.80000", "2012-01-31": -43.9, "2011-10-31": -67.6, "2011-07-31": -82.5, "2011-04-30": "42.70000", "2011-01-31": -31.7, "2010-10-31": -38.6, "2010-07-31": -66.5, "2010-04-30": "-22.60000", "2010-01-31": -21.3, "2009-10-31": -16, "2009-07-31": 18.7, "2009-04-30": "25.40000", "2009-01-31": 1, "2008-10-31": 39, "2008-07-31": 14.8, "2008-04-30": "-221.30000", "2008-01-31": -72.9, "2007-10-31": -61.5, "2007-07-31": -241.3, "2007-04-30": "", "2007-01-31": 0.1, "2006-10-31": 9.9, "2006-07-31": -73.6, "2006-04-30": "-16.60000", "2006-01-31": -89.2, "2005-10-31": -83.5, "2005-07-31": -95.8, "2005-04-30": "-33.50000", "2005-01-31": -304.1}, "Net Total Equity Issued/Repurchased": {"2020-10-31": -136, "2020-07-31": -5.3, "2020-04-30": "-145.20000", "2020-01-31": -178.7, "2019-10-31": -85.2, "2019-07-31": -43.3, "2019-04-30": "-41.60000", "2019-01-31": -31.4, "2018-10-31": -66.9, "2018-07-31": -131.4, "2018-04-30": "27.10000", "2018-01-31": -259.9, "2017-10-31": -85.4, "2017-07-31": -113.5, "2017-04-30": "-145.80000", "2017-01-31": -206.7, "2016-10-31": -79.6, "2016-07-31": -166.9, "2016-04-30": "-48.90000", "2016-01-31": -88.8, "2015-10-31": -112.6, "2015-07-31": -107.6, "2015-04-30": "-38.20000", "2015-01-31": -19, "2014-10-31": -65, "2014-07-31": -72.7, "2014-04-30": "-40.30000", "2014-01-31": 24.3, "2013-10-31": 24.7, "2013-07-31": -100.8, "2013-04-30": "-59.20000", "2013-01-31": -70.1, "2012-10-31": -89.4, "2012-07-31": -105.3, "2012-04-30": "53.80000", "2012-01-31": -43.9, "2011-10-31": -67.6, "2011-07-31": -82.5, "2011-04-30": "42.70000", "2011-01-31": -31.7, "2010-10-31": -38.6, "2010-07-31": -66.5, "2010-04-30": "-22.60000", "2010-01-31": -21.3, "2009-10-31": -16, "2009-07-31": 18.7, "2009-04-30": "25.40000", "2009-01-31": 1, "2008-10-31": 39, "2008-07-31": 14.8, "2008-04-30": "-221.30000", "2008-01-31": -72.9, "2007-10-31": -61.5, "2007-07-31": -241.3, "2007-04-30": "", "2007-01-31": 0.1, "2006-10-31": 9.9, "2006-07-31": -73.6, "2006-04-30": "-16.60000", "2006-01-31": -89.2, "2005-10-31": -83.5, "2005-07-31": -95.8, "2005-04-30": "-33.50000", "2005-01-31": -304.1}, "Total Common And Preferred Stock Dividends Paid": {"2020-10-31": 0, "2020-07-31": 0, "2020-04-30": "", "2020-01-31": 0, "2019-10-31": 0, "2019-07-31": 0, "2019-04-30": "", "2019-01-31": 0, "2018-10-31": 0, "2018-07-31": 0, "2018-04-30": "", "2018-01-31": 0, "2017-10-31": 0, "2017-07-31": 0, "2017-04-30": "", "2017-01-31": 0, "2016-10-31": 0, "2016-07-31": 0, "2016-04-30": "", "2016-01-31": 0, "2015-10-31": 0, "2015-07-31": 0, "2015-04-30": "", "2015-01-31": 0, "2014-10-31": 0, "2014-07-31": 0, "2014-04-30": "", "2014-01-31": 0, "2013-10-31": 0, "2013-07-31": 0, "2013-04-30": "", "2013-01-31": 0, "2012-10-31": 0, "2012-07-31": 0, "2012-04-30": "", "2012-01-31": 0, "2011-10-31": 0, "2011-07-31": 0, "2011-04-30": "", "2011-01-31": 0, "2010-10-31": 0, "2010-07-31": 0, "2010-04-30": "", "2010-01-31": 0, "2009-10-31": 0, "2009-07-31": 0, "2009-04-30": "", "2009-01-31": 0, "2008-10-31": 0, "2008-07-31": 0, "2008-04-30": "", "2008-01-31": 0, "2007-10-31": 0, "2007-07-31": 0, "2007-04-30": "", "2007-01-31": 0, "2006-10-31": 0, "2006-07-31": 0, "2006-04-30": "", "2006-01-31": 0, "2005-10-31": 0, "2005-07-31": 0, "2005-04-30": "-3.40000", "2005-01-31": -13.5}, "Financial Activities - Other": {"2020-10-31": -65.4, "2020-07-31": -7.1, "2020-04-30": "-35.00000", "2020-01-31": -37, "2019-10-31": -48.7, "2019-07-31": -5.4, "2019-04-30": "-25.80000", "2019-01-31": -24.8, "2018-10-31": -67.7, "2018-07-31": -14.2, "2018-04-30": "-38.80000", "2018-01-31": -22.5, "2017-10-31": -70.8, "2017-07-31": -22.6, "2017-04-30": "-33.00000", "2017-01-31": -17.3, "2016-10-31": -39, "2016-07-31": -1.6, "2016-04-30": "-18.30000", "2016-01-31": -9.3, "2015-10-31": -13.6, "2015-07-31": -11.9, "2015-04-30": "-23.10000", "2015-01-31": -41.7, "2014-10-31": 0, "2014-07-31": -1.7, "2014-04-30": "", "2014-01-31": -14.7, "2013-10-31": -4, "2013-07-31": -5.8, "2013-04-30": "9.00000", "2013-01-31": -20.6, "2012-10-31": -0.7, "2012-07-31": 18.2, "2012-04-30": "9.90000", "2012-01-31": -1.5, "2011-10-31": 19.5, "2011-07-31": 13.5, "2011-04-30": "", "2011-01-31": 0, "2010-10-31": 0, "2010-07-31": 0, "2010-04-30": "", "2010-01-31": 0, "2009-10-31": 0, "2009-07-31": 0, "2009-04-30": "", "2009-01-31": 0, "2008-10-31": 0, "2008-07-31": 0, "2008-04-30": "", "2008-01-31": 0, "2007-10-31": 0, "2007-07-31": 0, "2007-04-30": "", "2007-01-31": 0, "2006-10-31": 0, "2006-07-31": 0, "2006-04-30": "", "2006-01-31": -0.2, "2005-10-31": 0, "2005-07-31": 0, "2005-04-30": "", "2005-01-31": -0.2}, "Cash Flow From Financial Activities": {"2020-10-31": -201.4, "2020-07-31": -12.4, "2020-04-30": "-630.20000", "2020-01-31": 133.2, "2019-10-31": -233.9, "2019-07-31": -173.7, "2019-04-30": "-192.40000", "2019-01-31": 443.8, "2018-10-31": -134.6, "2018-07-31": -145.6, "2018-04-30": "-11.70000", "2018-01-31": -282.4, "2017-10-31": -156.2, "2017-07-31": -39.2, "2017-04-30": "-178.80000", "2017-01-31": -224, "2016-10-31": -118.6, "2016-07-31": -168.5, "2016-04-30": "-67.20000", "2016-01-31": -98.1, "2015-10-31": -126.2, "2015-07-31": 628.8, "2015-04-30": "-61.30000", "2015-01-31": -60.7, "2014-10-31": -65, "2014-07-31": -74.4, "2014-04-30": "-40.30000", "2014-01-31": 9.6, "2013-10-31": 20.7, "2013-07-31": -106.6, "2013-04-30": "-50.20000", "2013-01-31": 544.9, "2012-10-31": 19.9, "2012-07-31": -87.1, "2012-04-30": "63.70000", "2012-01-31": -45.4, "2011-10-31": -48.1, "2011-07-31": -69, "2011-04-30": "42.70000", "2011-01-31": -31.7, "2010-10-31": -38.6, "2010-07-31": -66.5, "2010-04-30": "-22.60000", "2010-01-31": -21.3, "2009-10-31": -16, "2009-07-31": 16.6, "2009-04-30": "-24.60000", "2009-01-31": 49.1, "2008-10-31": -77, "2008-07-31": 94.8, "2008-04-30": "-181.30000", "2008-01-31": -72.9, "2007-10-31": -61.5, "2007-07-31": -241.3, "2007-04-30": "", "2007-01-31": 0.1, "2006-10-31": 9.9, "2006-07-31": -73.6, "2006-04-30": "-16.60000", "2006-01-31": -89.4, "2005-10-31": -83.5, "2005-07-31": -95.8, "2005-04-30": "-36.90000", "2005-01-31": -317.8}, "Net Cash Flow": {"2020-10-31": 97.2, "2020-07-31": 50.1, "2020-04-30": "-385.00000", "2020-01-31": 818.5, "2019-10-31": 32.3, "2019-07-31": 40.7, "2019-04-30": "-2.80000", "2019-01-31": 10.3, "2018-10-31": -19.7, "2018-07-31": -197.6, "2018-04-30": "15.00000", "2018-01-31": 52.8, "2017-10-31": -148.9, "2017-07-31": -166.1, "2017-04-30": "127.10000", "2017-01-31": -223.4, "2016-10-31": -30.8, "2016-07-31": 243.9, "2016-04-30": "-129.60000", "2016-01-31": 15.5, "2015-10-31": -135.6, "2015-07-31": 290.4, "2015-04-30": "-227.90000", "2015-01-31": 65.6, "2014-10-31": 21.9, "2014-07-31": -286.5, "2014-04-30": "-243.40000", "2014-01-31": 379.6, "2013-10-31": 72.4, "2013-07-31": -254.8, "2013-04-30": "43.60000", "2013-01-31": 785.2, "2012-10-31": -103.2, "2012-07-31": -144.3, "2012-04-30": "-82.40000", "2012-01-31": 53.6, "2011-10-31": -28.2, "2011-07-31": 40.1, "2011-04-30": "16.30000", "2011-01-31": 170.8, "2010-10-31": 54.3, "2010-07-31": -88.1, "2010-04-30": "99.40000", "2010-01-31": 140.2, "2009-10-31": 30, "2009-07-31": -212, "2009-04-30": "-37.10000", "2009-01-31": 121.2, "2008-10-31": -133.2, "2008-07-31": 20.5, "2008-04-30": "-8.80000", "2008-01-31": 89.6, "2007-10-31": 53.4, "2007-07-31": 12.6, "2007-04-30": "96.40000", "2007-01-31": 151, "2006-10-31": 75.8, "2006-07-31": 181.8, "2006-04-30": "-29.90000", "2006-01-31": -103.7, "2005-10-31": -87.8, "2005-07-31": -39.4, "2005-04-30": "0.40000", "2005-01-31": 235.5}, "Stock-Based Compensation": {"2020-10-31": 97.4, "2020-07-31": 95.9, "2020-04-30": "98.20000", "2020-01-31": 105, "2019-10-31": 94, "2019-07-31": 88.2, "2019-04-30": "75.20000", "2019-01-31": 74, "2018-10-31": 64.2, "2018-07-31": 56.9, "2018-04-30": "54.40000", "2018-01-31": 61.9, "2017-10-31": 65.1, "2017-07-31": 67.6, "2017-04-30": "66.80000", "2017-01-31": 59.3, "2016-10-31": 56.6, "2016-07-31": 54.3, "2016-04-30": "51.60000", "2016-01-31": 56.1, "2015-10-31": 50.2, "2015-07-31": 40.7, "2015-04-30": "50.20000", "2015-01-31": 49.1, "2014-10-31": 43.1, "2014-07-31": 39.8, "2014-04-30": "33.60000", "2014-01-31": 36.1, "2013-10-31": 31.5, "2013-07-31": 31.1, "2013-04-30": "33.50000", "2013-01-31": 37.5, "2012-10-31": 51.9, "2012-07-31": 33.5, "2012-04-30": "33.40000", "2012-01-31": 30, "2011-10-31": 25.6, "2011-07-31": 27.3, "2011-04-30": "25.90000", "2011-01-31": 18.4, "2010-10-31": 17, "2010-07-31": 21, "2010-04-30": "24.30000", "2010-01-31": 18.9, "2009-10-31": 30.3, "2009-07-31": 21.4, "2009-04-30": "23.00000", "2009-01-31": 18.6, "2008-10-31": 22.5, "2008-07-31": 23.2, "2008-04-30": "25.20000", "2008-01-31": 26.2, "2007-10-31": 37.2, "2007-07-31": 21.1, "2007-04-30": "14.80000", "2007-01-31": 18.3, "2006-10-31": 34.3, "2006-07-31": 20, "2006-04-30": "21.70000", "2006-01-31": 0.7, "2005-10-31": 1.1, "2005-07-31": 2.7, "2005-04-30": "0.10000", "2005-01-31": 11.9}, "Common Stock Dividends Paid": {"2020-10-31": 0, "2020-07-31": 0, "2020-04-30": "", "2020-01-31": 0, "2019-10-31": 0, "2019-07-31": 0, "2019-04-30": "", "2019-01-31": 0, "2018-10-31": 0, "2018-07-31": 0, "2018-04-30": "", "2018-01-31": 0, "2017-10-31": 0, "2017-07-31": 0, "2017-04-30": "", "2017-01-31": 0, "2016-10-31": 0, "2016-07-31": 0, "2016-04-30": "", "2016-01-31": 0, "2015-10-31": 0, "2015-07-31": 0, "2015-04-30": "", "2015-01-31": 0, "2014-10-31": 0, "2014-07-31": 0, "2014-04-30": "", "2014-01-31": 0, "2013-10-31": 0, "2013-07-31": 0, "2013-04-30": "", "2013-01-31": 0, "2012-10-31": 0, "2012-07-31": 0, "2012-04-30": "", "2012-01-31": 0, "2011-10-31": 0, "2011-07-31": 0, "2011-04-30": "", "2011-01-31": 0, "2010-10-31": 0, "2010-07-31": 0, "2010-04-30": "", "2010-01-31": 0, "2009-10-31": 0, "2009-07-31": 0, "2009-04-30": "", "2009-01-31": 0, "2008-10-31": 0, "2008-07-31": 0, "2008-04-30": "", "2008-01-31": 0, "2007-10-31": 0, "2007-07-31": 0, "2007-04-30": "", "2007-01-31": 0, "2006-10-31": 0, "2006-07-31": 0, "2006-04-30": "", "2006-01-31": 0, "2005-10-31": 0, "2005-07-31": 0, "2005-04-30": "-3.40000", "2005-01-31": -13.5}}, "financial ratios": {"Current Ratio": {"2020-01-31": "0.82610", "2019-01-31": "0.70400", "2018-01-31": "0.88450", "2017-01-31": "1.12590", "2016-01-31": "1.88130", "2015-01-31": "1.90790", "2014-01-31": "2.64580", "2013-01-31": "2.44550", "2012-01-31": "1.98710", "2011-01-31": "1.97090", "2010-01-31": "1.95970", "2009-01-31": "1.73480", "2008-01-31": "2.02900", "2007-01-31": "2.07190", "2006-01-31": "1.53100", "2005-01-31": "1.66940"}, "Long-term Debt / Capital": {"2020-01-31": "1.09300", "2019-01-31": "1.11240", "2018-01-31": "1.19250", "2017-01-31": "0.59820", "2016-01-31": "0.47880", "2015-01-31": "0.25090", "2014-01-31": "0.24810", "2013-01-31": "0.26740", "2012-01-31": "", "2011-01-31": "", "2010-01-31": "", "2009-01-31": "", "2008-01-31": "", "2007-01-31": "", "2006-01-31": "", "2005-01-31": ""}, "Debt/Equity Ratio": {"2020-01-31": "-14.98780", "2019-01-31": "-9.89900", "2018-01-31": "-6.19530", "2017-01-31": "2.03200", "2016-01-31": "0.91860", "2015-01-31": "0.33490", "2014-01-31": "0.33000", "2013-01-31": "0.36490", "2012-01-31": "", "2011-01-31": "", "2010-01-31": "", "2009-01-31": "0.03970", "2008-01-31": "", "2007-01-31": "", "2006-01-31": "", "2005-01-31": ""}, "Gross Margin": {"2020-01-31": "90.07730", "2019-01-31": "88.87460", "2018-01-31": "85.24750", "2017-01-31": "83.16590", "2016-01-31": "85.19630", "2015-01-31": "86.38250", "2014-01-31": "87.93700", "2013-01-31": "89.68520", "2012-01-31": "89.65970", "2011-01-31": "89.92730", "2010-01-31": "88.80790", "2009-01-31": "90.53650", "2008-01-31": "90.43700", "2007-01-31": "88.16720", "2006-01-31": "88.86940", "2005-01-31": "86.30240"}, "Operating Margin": {"2020-01-31": "10.47550", "2019-01-31": "-0.97280", "2018-01-31": "-24.75450", "2017-01-31": "-24.59870", "2016-01-31": "0.05190", "2015-01-31": "4.80460", "2014-01-31": "12.52470", "2013-01-31": "13.22980", "2012-01-31": "16.04980", "2011-01-31": "13.90510", "2010-01-31": "3.82800", "2009-01-31": "10.56060", "2008-01-31": "20.51660", "2007-01-31": "19.00750", "2006-01-31": "24.62270", "2005-01-31": "18.70210"}, "EBIT Margin": {"2020-01-31": "10.47550", "2019-01-31": "-0.97280", "2018-01-31": "-24.75450", "2017-01-31": "-24.59870", "2016-01-31": "0.05190", "2015-01-31": "4.80460", "2014-01-31": "12.52470", "2013-01-31": "13.22980", "2012-01-31": "16.04980", "2011-01-31": "13.90510", "2010-01-31": "3.82800", "2009-01-31": "10.56060", "2008-01-31": "20.51660", "2007-01-31": "19.00750", "2006-01-31": "24.62270", "2005-01-31": "18.70210"}, "EBITDA Margin": {"2020-01-31": "14.36340", "2019-01-31": "2.73170", "2018-01-31": "-19.48360", "2017-01-31": "-17.74500", "2016-01-31": "5.87440", "2015-01-31": "10.61220", "2014-01-31": "18.19340", "2013-01-31": "18.75700", "2012-01-31": "21.26290", "2011-01-31": "19.30530", "2010-01-31": "11.55980", "2009-01-31": "20.09330", "2008-01-31": "23.33900", "2007-01-31": "21.91540", "2006-01-31": "27.46550", "2005-01-31": "22.89130"}, "Pre-Tax Profit Margin": {"2020-01-31": "9.00350", "2019-01-31": "-1.66160", "2018-01-31": "-27.09810", "2017-01-31": "-25.79030", "2016-01-31": "-0.81070", "2015-01-31": "3.30390", "2014-01-31": "12.30930", "2013-01-31": "13.40720", "2012-01-31": "16.37930", "2011-01-31": "13.93590", "2010-01-31": "4.94250", "2009-01-31": "10.90620", "2008-01-31": "21.64000", "2007-01-31": "19.92060", "2006-01-31": "25.48140", "2005-01-31": "19.62230"}, "Net Profit Margin": {"2020-01-31": "6.55100", "2019-01-31": "-3.14420", "2018-01-31": "-27.56490", "2017-01-31": "-28.66080", "2016-01-31": "-13.19840", "2015-01-31": "3.25610", "2014-01-31": "10.06200", "2013-01-31": "10.69980", "2012-01-31": "12.87690", "2011-01-31": "10.86180", "2010-01-31": "3.38450", "2009-01-31": "7.93020", "2008-01-31": "16.40040", "2007-01-31": "15.74630", "2006-01-31": "21.70180", "2005-01-31": "17.84650"}, "Asset Turnover": {"2020-01-31": "0.52990", "2019-01-31": "0.54340", "2018-01-31": "0.50000", "2017-01-31": "0.42330", "2016-01-31": "0.45400", "2015-01-31": "0.51170", "2014-01-31": "0.49490", "2013-01-31": "0.53670", "2012-01-31": "0.68640", "2011-01-31": "0.70020", "2010-01-31": "0.70030", "2009-01-31": "0.95640", "2008-01-31": "0.98180", "2007-01-31": "1.02350", "2006-01-31": "1.13380", "2005-01-31": "1.08470"}, "Inventory Turnover Ratio": {"2020-01-31": "", "2019-01-31": "", "2018-01-31": "", "2017-01-31": "", "2016-01-31": "", "2015-01-31": "", "2014-01-31": "", "2013-01-31": "", "2012-01-31": "", "2011-01-31": "", "2010-01-31": "", "2009-01-31": "", "2008-01-31": "", "2007-01-31": "", "2006-01-31": "12.04930", "2005-01-31": "13.57600"}, "Receiveable Turnover": {"2020-01-31": "5.01960", "2019-01-31": "5.41810", "2018-01-31": "4.69330", "2017-01-31": "4.49040", "2016-01-31": "3.83120", "2015-01-31": "5.47440", "2014-01-31": "5.36680", "2013-01-31": "4.67020", "2012-01-31": "5.60770", "2011-01-31": "6.13000", "2010-01-31": "6.17770", "2009-01-31": "7.31500", "2008-01-31": "5.61940", "2007-01-31": "6.10620", "2006-01-31": "5.88060", "2005-01-31": "6.29520"}, "Days Sales In Receivables": {"2020-01-31": "72.71460", "2019-01-31": "67.36690", "2018-01-31": "77.77060", "2017-01-31": "81.28480", "2016-01-31": "95.26940", "2015-01-31": "66.67400", "2014-01-31": "68.01110", "2013-01-31": "78.15570", "2012-01-31": "65.08910", "2011-01-31": "59.54300", "2010-01-31": "59.08330", "2009-01-31": "49.89740", "2008-01-31": "64.95350", "2007-01-31": "59.77520", "2006-01-31": "62.06810", "2005-01-31": "57.98050"}, "ROE - Return On Equity": {"2020-01-31": "-154.20550", "2019-01-31": "38.31200", "2018-01-31": "221.44530", "2017-01-31": "-79.34840", "2016-01-31": "-20.40630", "2015-01-31": "3.68600", "2014-01-31": "10.11720", "2013-01-31": "12.10850", "2012-01-31": "15.15220", "2011-01-31": "13.17340", "2010-01-31": "3.93620", "2009-01-31": "14.00780", "2008-01-31": "28.94760", "2007-01-31": "25.98210", "2006-01-31": "41.54420", "2005-01-31": "34.11510"}, "Return On Tangible Equity": {"2020-01-31": "-8.07910", "2019-01-31": "2.91980", "2018-01-31": "29.78510", "2017-01-31": "66.66290", "2016-01-31": "-2394.96100", "2015-01-31": "12.09160", "2014-01-31": "19.25120", "2013-01-31": "22.57920", "2012-01-31": "25.56680", "2011-01-31": "21.24250", "2010-01-31": "6.88350", "2009-01-31": "28.03480", "2008-01-31": "49.28740", "2007-01-31": "40.89500", "2006-01-31": "76.68970", "2005-01-31": "46.82340"}, "ROA - Return On Assets": {"2020-01-31": "3.47130", "2019-01-31": "-1.70850", "2018-01-31": "-13.78110", "2017-01-31": "-12.13190", "2016-01-31": "-5.99240", "2015-01-31": "1.66610", "2014-01-31": "4.97930", "2013-01-31": "5.74230", "2012-01-31": "8.83880", "2011-01-31": "7.60510", "2010-01-31": "2.37010", "2009-01-31": "7.58460", "2008-01-31": "16.10160", "2007-01-31": "16.11680", "2006-01-31": "24.60540", "2005-01-31": "19.35740"}, "ROI - Return On Investment": {"2020-01-31": "14.33820", "2019-01-31": "-4.30520", "2018-01-31": "-42.62410", "2017-01-31": "-31.88540", "2016-01-31": "-10.63620", "2015-01-31": "2.76140", "2014-01-31": "7.60660", "2013-01-31": "8.87120", "2012-01-31": "15.15220", "2011-01-31": "13.17340", "2010-01-31": "3.93620", "2009-01-31": "14.00780", "2008-01-31": "28.94760", "2007-01-31": "25.98210", "2006-01-31": "41.54420", "2005-01-31": "34.11510"}, "Book Value Per Share": {"2020-01-31": "-0.63400", "2019-01-31": "-0.96130", "2018-01-31": "-1.17270", "2017-01-31": "3.33000", "2016-01-31": "7.21750", "2015-01-31": "9.77620", "2014-01-31": "9.97570", "2013-01-31": "9.13770", "2012-01-31": "8.33510", "2011-01-31": "7.08940", "2010-01-31": "6.43730", "2009-01-31": "5.78930", "2008-01-31": "5.35000", "2007-01-31": "4.82480", "2006-01-31": "3.49740", "2005-01-31": "2.84750"}, "Operating Cash Flow Per Share": {"2020-01-31": 4.6373, "2019-01-31": 1.7186, "2018-01-31": -0.7579, "2017-01-31": -1.0699, "2016-01-31": -1.2172, "2015-01-31": 0.5948, "2014-01-31": 0.0413, "2013-01-31": -0.0452, "2012-01-31": 0.1491, "2011-01-31": 1.2458, "2010-01-31": -1.5178, "2009-01-31": -0.3466, "2008-01-31": 0.5568, "2007-01-31": 0.6933, "2006-01-31": 0.1663, "2005-01-31": 1.5113}, "Free Cash Flow Per Share": {"2020-01-31": 4.7043, "2019-01-31": 1.6435, "2018-01-31": -0.6476, "2017-01-31": -1.0908, "2016-01-31": -1.2127, "2015-01-31": 0.5495, "2014-01-31": 0.0051, "2013-01-31": -0.0186, "2012-01-31": -0.0001, "2011-01-31": 1.2615, "2010-01-31": -1.3135, "2009-01-31": -0.5085, "2008-01-31": 0.5231, "2007-01-31": 0.631, "2006-01-31": 0.2485, "2005-01-31": 1.3462}}, "financial ratios, quarterly": {"Current Ratio": {"2020-10-31": "0.83220", "2020-07-31": "0.84130", "2020-04-30": "0.78510", "2020-01-31": "0.82610", "2019-10-31": "0.60090", "2019-07-31": "0.55980", "2019-04-30": "0.64050", "2019-01-31": "0.70400", "2018-10-31": "0.80080", "2018-07-31": "0.83480", "2018-04-30": "0.91650", "2018-01-31": "0.88450", "2017-10-31": "1.06970", "2017-07-31": "1.22420", "2017-04-30": "1.04400", "2017-01-31": "1.12590", "2016-10-31": "1.45980", "2016-07-31": "1.59430", "2016-04-30": "1.78300", "2016-01-31": "1.88130", "2015-10-31": "2.09540", "2015-07-31": "2.20720", "2015-04-30": "1.84290", "2015-01-31": "1.90790", "2014-10-31": "2.06040", "2014-07-31": "2.11700", "2014-04-30": "2.31550", "2014-01-31": "2.64580", "2013-10-31": "2.65570", "2013-07-31": "2.54890", "2013-04-30": "2.56290", "2013-01-31": "2.44550", "2012-10-31": "1.75030", "2012-07-31": "2.11080", "2012-04-30": "2.18400", "2012-01-31": "1.98710", "2011-10-31": "2.08780", "2011-07-31": "2.15060", "2011-04-30": "2.11400", "2011-01-31": "1.97090", "2010-10-31": "2.00190", "2010-07-31": "1.96020", "2010-04-30": "1.96060", "2010-01-31": "1.95970", "2009-10-31": "2.05180", "2009-07-31": "1.91520", "2009-04-30": "1.90990", "2009-01-31": "1.73480", "2008-10-31": "1.97260", "2008-07-31": "1.61390", "2008-04-30": "1.93790", "2008-01-31": "2.02900", "2007-10-31": "2.17120", "2007-07-31": "2.11700", "2007-04-30": "2.36670", "2007-01-31": "2.07190", "2006-10-31": "1.89110", "2006-07-31": "1.68260", "2006-04-30": "1.51330", "2006-01-31": "1.53100", "2005-10-31": "1.85530", "2005-07-31": "1.85240", "2005-04-30": "1.82360", "2005-01-31": "1.66940"}, "Long-term Debt / Capital": {"2020-10-31": "0.95940", "2020-07-31": "0.96050", "2020-04-30": "1.09300", "2020-01-31": "1.09300", "2019-10-31": "1.15330", "2019-07-31": "1.16250", "2019-04-30": "1.14280", "2019-01-31": "1.11240", "2018-10-31": "1.27070", "2018-07-31": "1.17950", "2018-04-30": "1.08820", "2018-01-31": "1.19250", "2017-10-31": "0.93660", "2017-07-31": "0.83400", "2017-04-30": "0.68250", "2017-01-31": "0.59820", "2016-10-31": "0.58420", "2016-07-31": "0.52790", "2016-04-30": "0.50900", "2016-01-31": "0.47880", "2015-10-31": "0.46180", "2015-07-31": "0.43860", "2015-04-30": "0.25150", "2015-01-31": "0.25090", "2014-10-31": "0.24770", "2014-07-31": "0.24650", "2014-04-30": "0.24600", "2014-01-31": "0.24810", "2013-10-31": "0.25660", "2013-07-31": "0.26670", "2013-04-30": "0.26350", "2013-01-31": "0.26740", "2012-10-31": "", "2012-07-31": "", "2012-04-30": "", "2012-01-31": "", "2011-10-31": "", "2011-07-31": "", "2011-04-30": "", "2011-01-31": "", "2010-10-31": "", "2010-07-31": "", "2010-04-30": "", "2010-01-31": "", "2009-10-31": "", "2009-07-31": "", "2009-04-30": "", "2009-01-31": "", "2008-10-31": "", "2008-07-31": "", "2008-04-30": "", "2008-01-31": "", "2007-10-31": "", "2007-07-31": "", "2007-04-30": "", "2007-01-31": "", "2006-10-31": "", "2006-07-31": "", "2006-04-30": "", "2006-01-31": "", "2005-10-31": "", "2005-07-31": "", "2005-04-30": "", "2005-01-31": ""}, "Debt/Equity Ratio": {"2020-10-31": "23.61620", "2020-07-31": "24.31060", "2020-04-30": "-11.75850", "2020-01-31": "-14.98780", "2019-10-31": "-10.14400", "2019-07-31": "-9.46470", "2019-04-30": "-8.00370", "2019-01-31": "-9.89900", "2018-10-31": "-4.69350", "2018-07-31": "-6.56950", "2018-04-30": "-12.33750", "2018-01-31": "-6.19530", "2017-10-31": "14.77540", "2017-07-31": "5.02350", "2017-04-30": "2.93540", "2017-01-31": "2.03200", "2016-10-31": "1.40480", "2016-07-31": "1.11830", "2016-04-30": "1.03660", "2016-01-31": "0.91860", "2015-10-31": "0.85790", "2015-07-31": "0.78130", "2015-04-30": "0.33600", "2015-01-31": "0.33490", "2014-10-31": "0.32930", "2014-07-31": "0.32710", "2014-04-30": "0.32620", "2014-01-31": "0.33000", "2013-10-31": "0.34520", "2013-07-31": "0.36370", "2013-04-30": "0.35780", "2013-01-31": "0.36490", "2012-10-31": "0.05450", "2012-07-31": "", "2012-04-30": "", "2012-01-31": "", "2011-10-31": "", "2011-07-31": "", "2011-04-30": "", "2011-01-31": "", "2010-10-31": "", "2010-07-31": "", "2010-04-30": "", "2010-01-31": "", "2009-10-31": "", "2009-07-31": "", "2009-04-30": "0.00160", "2009-01-31": "0.03970", "2008-10-31": "0.00280", "2008-07-31": "0.09520", "2008-04-30": "0.03520", "2008-01-31": "", "2007-10-31": "", "2007-07-31": "", "2007-04-30": "", "2007-01-31": "", "2006-10-31": "", "2006-07-31": "", "2006-04-30": "", "2006-01-31": "", "2005-10-31": "", "2005-07-31": "", "2005-04-30": "", "2005-01-31": ""}, "Gross Margin": {"2020-10-31": "91.21170", "2020-07-31": "91.14010", "2020-04-30": "90.75310", "2020-01-31": "90.74830", "2019-10-31": "90.56600", "2019-07-31": "90.02260", "2019-04-30": "88.75600", "2019-01-31": "89.55650", "2018-10-31": "89.06040", "2018-07-31": "88.58920", "2018-04-30": "88.06930", "2018-01-31": "86.80030", "2017-10-31": "84.96020", "2017-07-31": "85.13350", "2017-04-30": "83.89950", "2017-01-31": "82.68590", "2016-10-31": "83.35380", "2016-07-31": "84.54690", "2016-04-30": "81.94960", "2016-01-31": "85.36170", "2015-10-31": "84.82830", "2015-07-31": "84.74160", "2015-04-30": "85.80050", "2015-01-31": "86.53330", "2014-10-31": "86.08410", "2014-07-31": "86.20310", "2014-04-30": "86.71730", "2014-01-31": "87.74290", "2013-10-31": "87.91430", "2013-07-31": "87.92950", "2013-04-30": "88.16620", "2013-01-31": "89.78410", "2012-10-31": "89.43430", "2012-07-31": "89.48480", "2012-04-30": "90.01020", "2012-01-31": "90.29370", "2011-10-31": "89.13600", "2011-07-31": "89.49300", "2011-04-30": "89.66500", "2011-01-31": "90.82810", "2010-10-31": "89.82590", "2010-07-31": "89.76310", "2010-04-30": "89.19090", "2010-01-31": "90.26530", "2009-10-31": "89.20610", "2009-07-31": "87.92480", "2009-04-30": "87.71720", "2009-01-31": "90.09800", "2008-10-31": "91.28640", "2008-07-31": "90.36320", "2008-04-30": "90.31400", "2008-01-31": "91.40230", "2007-10-31": "90.41610", "2007-07-31": "90.13120", "2007-04-30": "89.63820", "2007-01-31": "88.80180", "2006-10-31": "87.67510", "2006-07-31": "87.58900", "2006-04-30": "88.55510", "2006-01-31": "90.42000", "2005-10-31": "88.85980", "2005-07-31": "88.19000", "2005-04-30": "87.74990", "2005-01-31": "87.76100"}, "Operating Margin": {"2020-10-31": "17.63970", "2020-07-31": "16.00040", "2020-04-30": "14.74540", "2020-01-31": "14.87830", "2019-10-31": "13.12450", "2019-07-31": "9.26210", "2019-04-30": "3.37190", "2019-01-31": "5.46590", "2018-10-31": "2.22420", "2018-07-31": "-4.03790", "2018-04-30": "-9.87680", "2018-01-31": "-32.84580", "2017-10-31": "-19.40620", "2017-07-31": "-21.44280", "2017-04-30": "-24.62430", "2017-01-31": "-34.89980", "2016-10-31": "-24.48940", "2016-07-31": "-11.42180", "2016-04-30": "-29.24400", "2016-01-31": "-1.49620", "2015-10-31": "-2.46750", "2015-07-31": "0.70550", "2015-04-30": "3.32560", "2015-01-31": "2.10650", "2014-10-31": "2.36250", "2014-07-31": "7.83240", "2014-04-30": "7.12240", "2014-01-31": "8.81350", "2013-10-31": "12.26590", "2013-07-31": "14.88340", "2013-04-30": "14.27070", "2013-01-31": "13.93970", "2012-10-31": "6.27740", "2012-07-31": "16.33550", "2012-04-30": "15.97010", "2012-01-31": "15.49640", "2011-10-31": "16.44190", "2011-07-31": "17.38970", "2011-04-30": "14.87790", "2011-01-31": "13.56830", "2010-10-31": "14.51650", "2010-07-31": "16.87820", "2010-04-30": "10.70380", "2010-01-31": "12.27800", "2009-10-31": "6.30850", "2009-07-31": "0.65080", "2009-04-30": "-4.55610", "2009-01-31": "-27.31730", "2008-10-31": "22.99460", "2008-07-31": "19.17680", "2008-04-30": "20.02340", "2008-01-31": "20.71790", "2007-10-31": "19.61370", "2007-07-31": "21.77220", "2007-04-30": "19.93710", "2007-01-31": "24.06510", "2006-10-31": "15.01750", "2006-07-31": "22.70910", "2006-04-30": "13.60090", "2006-01-31": "23.90280", "2005-10-31": "24.95410", "2005-07-31": "24.25690", "2005-04-30": "25.51390", "2005-01-31": "20.75270"}, "EBIT Margin": {"2020-10-31": "17.63970", "2020-07-31": "16.00040", "2020-04-30": "14.74540", "2020-01-31": "14.87830", "2019-10-31": "13.12450", "2019-07-31": "9.26210", "2019-04-30": "3.37190", "2019-01-31": "5.46590", "2018-10-31": "2.22420", "2018-07-31": "-4.03790", "2018-04-30": "-9.87680", "2018-01-31": "-32.84580", "2017-10-31": "-19.40620", "2017-07-31": "-21.44280", "2017-04-30": "-24.62430", "2017-01-31": "-34.89980", "2016-10-31": "-24.48940", "2016-07-31": "-11.42180", "2016-04-30": "-29.24400", "2016-01-31": "-1.49620", "2015-10-31": "-2.46750", "2015-07-31": "0.70550", "2015-04-30": "3.32560", "2015-01-31": "2.10650", "2014-10-31": "2.36250", "2014-07-31": "7.83240", "2014-04-30": "7.12240", "2014-01-31": "8.81350", "2013-10-31": "12.26590", "2013-07-31": "14.88340", "2013-04-30": "14.27070", "2013-01-31": "13.93970", "2012-10-31": "6.27740", "2012-07-31": "16.33550", "2012-04-30": "15.97010", "2012-01-31": "15.49630", "2011-10-31": "16.44190", "2011-07-31": "17.38970", "2011-04-30": "14.87790", "2011-01-31": "13.56830", "2010-10-31": "14.51650", "2010-07-31": "16.87820", "2010-04-30": "10.70380", "2010-01-31": "12.27800", "2009-10-31": "6.30850", "2009-07-31": "0.65080", "2009-04-30": "-4.55610", "2009-01-31": "-27.31730", "2008-10-31": "22.99460", "2008-07-31": "19.17680", "2008-04-30": "20.02340", "2008-01-31": "20.71780", "2007-10-31": "19.61370", "2007-07-31": "21.77220", "2007-04-30": "19.93710", "2007-01-31": "24.06510", "2006-10-31": "15.01750", "2006-07-31": "22.70910", "2006-04-30": "13.60090", "2006-01-31": "23.90280", "2005-10-31": "24.95410", "2005-07-31": "24.25690", "2005-04-30": "25.51390", "2005-01-31": "20.75270"}, "EBITDA Margin": {"2020-10-31": "", "2020-07-31": "", "2020-04-30": "", "2020-01-31": "", "2019-10-31": "", "2019-07-31": "", "2019-04-30": "", "2019-01-31": "", "2018-10-31": "", "2018-07-31": "", "2018-04-30": "", "2018-01-31": "", "2017-10-31": "", "2017-07-31": "", "2017-04-30": "", "2017-01-31": "", "2016-10-31": "", "2016-07-31": "", "2016-04-30": "", "2016-01-31": "", "2015-10-31": "", "2015-07-31": "", "2015-04-30": "", "2015-01-31": "", "2014-10-31": "", "2014-07-31": "", "2014-04-30": "", "2014-01-31": "", "2013-10-31": "", "2013-07-31": "", "2013-04-30": "", "2013-01-31": "", "2012-10-31": "", "2012-07-31": "", "2012-04-30": "", "2012-01-31": "", "2011-10-31": "", "2011-07-31": "", "2011-04-30": "", "2011-01-31": "", "2010-10-31": "", "2010-07-31": "", "2010-04-30": "", "2010-01-31": "", "2009-10-31": "", "2009-07-31": "", "2009-04-30": "", "2009-01-31": "", "2008-10-31": "", "2008-07-31": "", "2008-04-30": "", "2008-01-31": "", "2007-10-31": "", "2007-07-31": "", "2007-04-30": "", "2007-01-31": "", "2006-10-31": "", "2006-07-31": "", "2006-04-30": "", "2006-01-31": "", "2005-10-31": "", "2005-07-31": "", "2005-04-30": "", "2005-01-31": ""}, "Pre-Tax Profit Margin": {"2020-10-31": "16.39020", "2020-07-31": "14.12770", "2020-04-30": "10.21790", "2020-01-31": "13.71070", "2019-10-31": "11.43940", "2019-07-31": "8.34590", "2019-04-30": "1.16930", "2019-01-31": "4.47580", "2018-10-31": "1.74010", "2018-07-31": "-3.82540", "2018-04-30": "-11.39490", "2018-01-31": "-35.80720", "2017-10-31": "-21.57970", "2017-07-31": "-25.18930", "2017-04-30": "-24.99490", "2017-01-31": "-35.12950", "2016-10-31": "-26.40930", "2016-07-31": "-13.25590", "2016-04-30": "-29.94730", "2016-01-31": "-3.16210", "2015-10-31": "-3.75130", "2015-07-31": "0.14770", "2015-04-30": "3.37200", "2015-01-31": "-1.06830", "2014-10-31": "1.87700", "2014-07-31": "6.73360", "2014-04-30": "6.00840", "2014-01-31": "9.59770", "2013-10-31": "12.46400", "2013-07-31": "14.56290", "2013-04-30": "12.72790", "2013-01-31": "14.18690", "2012-10-31": "6.25910", "2012-07-31": "16.19480", "2012-04-30": "16.56470", "2012-01-31": "15.68200", "2011-10-31": "16.64240", "2011-07-31": "17.24330", "2011-04-30": "15.99470", "2011-01-31": "13.83360", "2010-10-31": "15.04090", "2010-07-31": "16.89930", "2010-04-30": "9.98740", "2010-01-31": "12.87000", "2009-10-31": "7.67570", "2009-07-31": "3.22970", "2009-04-30": "-4.55610", "2009-01-31": "-27.68480", "2008-10-31": "22.43450", "2008-07-31": "20.19370", "2008-04-30": "21.17570", "2008-01-31": "21.85310", "2007-10-31": "20.43090", "2007-07-31": "22.41870", "2007-04-30": "21.86390", "2007-01-31": "24.96980", "2006-10-31": "16.33100", "2006-07-31": "23.33190", "2006-04-30": "14.40370", "2006-01-31": "24.89380", "2005-10-31": "25.79290", "2005-07-31": "25.00000", "2005-04-30": "26.35880", "2005-01-31": "21.86100"}, "Net Profit Margin": {"2020-10-31": "13.88070", "2020-07-31": "10.75460", "2020-04-30": "7.50820", "2020-01-31": "14.65580", "2019-10-31": "7.91500", "2019-07-31": "5.04520", "2019-04-30": "-3.29030", "2019-01-31": "8.77530", "2018-10-31": "-3.58600", "2018-07-31": "-6.44110", "2018-04-30": "-14.71690", "2018-01-31": "-31.32900", "2017-10-31": "-23.24860", "2017-07-31": "-28.69670", "2017-04-30": "-26.68310", "2017-01-31": "-36.21550", "2016-10-31": "-29.16670", "2016-07-31": "-17.83190", "2016-04-30": "-32.76030", "2016-01-31": "-5.73810", "2015-10-31": "-7.30240", "2015-07-31": "-44.06890", "2015-04-30": "2.95440", "2015-01-31": "1.73040", "2014-10-31": "1.73140", "2014-07-31": "4.91290", "2014-04-30": "4.77640", "2014-01-31": "9.18850", "2013-10-31": "10.37460", "2013-07-31": "10.98450", "2013-04-30": "9.74750", "2013-01-31": "12.27550", "2012-10-31": "5.36500", "2012-07-31": "11.35920", "2012-04-30": "13.40470", "2012-01-31": "12.15390", "2011-10-31": "13.27010", "2011-07-31": "13.03310", "2011-04-30": "13.11760", "2011-01-31": "11.67330", "2010-10-31": "11.24400", "2010-07-31": "12.66920", "2010-04-30": "7.77500", "2010-01-31": "10.98440", "2009-10-31": "7.07600", "2009-07-31": "2.53070", "2009-04-30": "-7.53880", "2009-01-31": "-21.49860", "2008-10-31": "17.21300", "2008-07-31": "14.49560", "2008-04-30": "15.79830", "2008-01-31": "16.11020", "2007-10-31": "15.75040", "2007-07-31": "17.41780", "2007-04-30": "16.37830", "2007-01-31": "19.38080", "2006-10-31": "12.69700", "2006-07-31": "19.30610", "2006-04-30": "11.12390", "2006-01-31": "20.08020", "2005-10-31": "25.08520", "2005-07-31": "20.35560", "2005-04-30": "21.43060", "2005-01-31": "18.09080"}, "Asset Turnover": {"2020-10-31": "0.16020", "2020-07-31": "0.15890", "2020-04-30": "0.15980", "2020-01-31": "0.14550", "2019-10-31": "0.16730", "2019-07-31": "0.16350", "2019-04-30": "0.15300", "2019-01-31": "0.15590", "2018-10-31": "0.17510", "2018-07-31": "0.15960", "2018-04-30": "0.14310", "2018-01-31": "0.13460", "2017-10-31": "0.12410", "2017-07-31": "0.11530", "2017-04-30": "0.10960", "2017-01-31": "0.09980", "2016-10-31": "0.10140", "2016-07-31": "0.10910", "2016-04-30": "0.09830", "2016-01-31": "0.11750", "2015-10-31": "0.11490", "2015-07-31": "0.11410", "2015-04-30": "0.13540", "2015-01-31": "0.13540", "2014-10-31": "0.13050", "2014-07-31": "0.13550", "2014-04-30": "0.12750", "2014-01-31": "0.12770", "2013-10-31": "0.12850", "2013-07-31": "0.13300", "2013-04-30": "0.13300", "2013-01-31": "0.14090", "2012-10-31": "0.15980", "2012-07-31": "0.16850", "2012-04-30": "0.17740", "2012-01-31": "0.18350", "2011-10-31": "0.18260", "2011-07-31": "0.18370", "2011-04-30": "0.18200", "2011-01-31": "0.18930", "2010-10-31": "0.18470", "2010-07-31": "0.18720", "2010-04-30": "0.18970", "2010-01-31": "0.18640", "2009-10-31": "0.18010", "2009-07-31": "0.17950", "2009-04-30": "0.18760", "2009-01-31": "0.20230", "2008-10-31": "0.25580", "2008-07-31": "0.25350", "2008-04-30": "0.27980", "2008-01-31": "0.27080", "2007-10-31": "0.27040", "2007-07-31": "0.28000", "2007-04-30": "0.25570", "2007-01-31": "0.27670", "2006-10-31": "0.28540", "2006-07-31": "0.30470", "2006-04-30": "0.30290", "2006-01-31": "0.31260", "2005-10-31": "0.29560", "2005-07-31": "0.31880", "2005-04-30": "0.30150", "2005-01-31": "0.31630"}, "Inventory Turnover Ratio": {"2020-10-31": "", "2020-07-31": "", "2020-04-30": "", "2020-01-31": "", "2019-10-31": "", "2019-07-31": "", "2019-04-30": "", "2019-01-31": "", "2018-10-31": "", "2018-07-31": "", "2018-04-30": "", "2018-01-31": "", "2017-10-31": "", "2017-07-31": "", "2017-04-30": "", "2017-01-31": "", "2016-10-31": "", "2016-07-31": "", "2016-04-30": "", "2016-01-31": "", "2015-10-31": "", "2015-07-31": "", "2015-04-30": "", "2015-01-31": "", "2014-10-31": "", "2014-07-31": "", "2014-04-30": "", "2014-01-31": "", "2013-10-31": "", "2013-07-31": "", "2013-04-30": "", "2013-01-31": "", "2012-10-31": "", "2012-07-31": "", "2012-04-30": "", "2012-01-31": "", "2011-10-31": "", "2011-07-31": "", "2011-04-30": "", "2011-01-31": "", "2010-10-31": "", "2010-07-31": "", "2010-04-30": "", "2010-01-31": "", "2009-10-31": "", "2009-07-31": "", "2009-04-30": "", "2009-01-31": "", "2008-10-31": "", "2008-07-31": "", "2008-04-30": "", "2008-01-31": "", "2007-10-31": "", "2007-07-31": "", "2007-04-30": "", "2007-01-31": "", "2006-10-31": "7.50670", "2006-07-31": "7.97140", "2006-04-30": "3.78030", "2006-01-31": "2.85920", "2005-10-31": "2.81230", "2005-07-31": "3.11170", "2005-04-30": "2.95440", "2005-01-31": "3.53740"}, "Receiveable Turnover": {"2020-10-31": "1.76240", "2020-07-31": "1.86310", "2020-04-30": "2.48440", "2020-01-31": "1.37870", "2019-10-31": "1.61960", "2019-07-31": "2.29360", "2019-04-30": "2.74340", "2019-01-31": "1.55450", "2018-10-31": "2.13880", "2018-07-31": "2.60960", "2018-04-30": "2.70880", "2018-01-31": "1.26380", "2017-10-31": "1.67410", "2017-07-31": "1.88930", "2017-04-30": "2.09810", "2017-01-31": "1.05860", "2016-10-31": "1.88450", "2016-07-31": "1.79440", "2016-04-30": "1.99650", "2016-01-31": "0.99190", "2015-10-31": "1.65550", "2015-07-31": "1.54660", "2015-04-30": "2.04590", "2015-01-31": "1.44820", "2014-10-31": "1.64490", "2014-07-31": "1.74400", "2014-04-30": "1.83270", "2014-01-31": "1.38450", "2013-10-31": "1.82570", "2013-07-31": "1.84830", "2013-04-30": "1.99580", "2013-01-31": "1.22580", "2012-10-31": "1.86840", "2012-07-31": "1.57360", "2012-04-30": "1.95810", "2012-01-31": "1.49940", "2011-10-31": "2.11650", "2011-07-31": "1.83940", "2011-04-30": "1.94940", "2011-01-31": "1.65730", "2010-10-31": "1.98540", "2010-07-31": "2.04680", "2010-04-30": "2.17610", "2010-01-31": "1.64420", "2009-10-31": "1.93280", "2009-07-31": "1.85310", "2009-04-30": "1.86260", "2009-01-31": "1.54760", "2008-10-31": "2.08340", "2008-07-31": "1.90500", "2008-04-30": "1.79550", "2008-01-31": "1.54980", "2007-10-31": "1.79950", "2007-07-31": "1.88900", "2007-04-30": "1.95310", "2007-01-31": "1.65080", "2006-10-31": "1.78440", "2006-07-31": "1.73790", "2006-04-30": "1.57740", "2006-01-31": "1.62130", "2005-10-31": "1.89080", "2005-07-31": "1.86150", "2005-04-30": "1.86680", "2005-01-31": "1.83580"}, "Days Sales In Receivables": {"2020-10-31": "51.06680", "2020-07-31": "48.30690", "2020-04-30": "36.22560", "2020-01-31": "65.28080", "2019-10-31": "55.56780", "2019-07-31": "39.23950", "2019-04-30": "32.80630", "2019-01-31": "57.89640", "2018-10-31": "42.07900", "2018-07-31": "34.48750", "2018-04-30": "33.22560", "2018-01-31": "71.21340", "2017-10-31": "53.75900", "2017-07-31": "47.63650", "2017-04-30": "42.89690", "2017-01-31": "85.01880", "2016-10-31": "47.75740", "2016-07-31": "50.15620", "2016-04-30": "45.07910", "2016-01-31": "90.73580", "2015-10-31": "54.36310", "2015-07-31": "58.19360", "2015-04-30": "43.99070", "2015-01-31": "62.14420", "2014-10-31": "54.71360", "2014-07-31": "51.60420", "2014-04-30": "49.10890", "2014-01-31": "65.00680", "2013-10-31": "49.29580", "2013-07-31": "48.69330", "2013-04-30": "45.09470", "2013-01-31": "73.42070", "2012-10-31": "48.16970", "2012-07-31": "57.19360", "2012-04-30": "45.96330", "2012-01-31": "60.02530", "2011-10-31": "42.52280", "2011-07-31": "48.92920", "2011-04-30": "46.16700", "2011-01-31": "54.30360", "2010-10-31": "45.33040", "2010-07-31": "43.97210", "2010-04-30": "41.35900", "2010-01-31": "54.73800", "2009-10-31": "46.56510", "2009-07-31": "48.56830", "2009-04-30": "48.31850", "2009-01-31": "58.15640", "2008-10-31": "43.19880", "2008-07-31": "47.24460", "2008-04-30": "50.12530", "2008-01-31": "58.07180", "2007-10-31": "50.01490", "2007-07-31": "47.64400", "2007-04-30": "46.07940", "2007-01-31": "54.51750", "2006-10-31": "50.43780", "2006-07-31": "51.78600", "2006-04-30": "57.05510", "2006-01-31": "55.51200", "2005-10-31": "47.59950", "2005-07-31": "48.34750", "2005-04-30": "48.21020", "2005-01-31": "49.02460"}, "ROE - Return On Equity": {"2020-10-31": "190.76430", "2020-07-31": "145.91370", "2020-04-30": "-47.80730", "2020-01-31": "-94.75190", "2019-10-31": "-38.89210", "2019-07-31": "-20.68970", "2019-04-30": "9.86550", "2019-01-31": "-30.67810", "2018-10-31": "7.00560", "2018-07-31": "16.30800", "2018-04-30": "64.07460", "2018-01-31": "67.77340", "2017-10-31": "-111.64950", "2017-07-31": "-45.64180", "2017-04-30": "-25.50680", "2017-01-31": "-23.63690", "2016-10-31": "-13.46410", "2016-07-31": "-7.37400", "2016-04-30": "-11.67910", "2016-01-31": "-2.29690", "2015-10-31": "-2.52730", "2015-07-31": "-14.12120", "2015-04-30": "0.85870", "2015-01-31": "0.51820", "2014-10-31": "0.47170", "2014-07-31": "1.37080", "2014-04-30": "1.23650", "2014-01-31": "2.38340", "2013-10-31": "2.66430", "2013-07-31": "3.00810", "2013-04-30": "2.66730", "2013-01-31": "3.64620", "2012-10-31": "1.45700", "2012-07-31": "3.14920", "2012-04-30": "3.85760", "2012-01-31": "3.82390", "2011-10-31": "3.98360", "2011-07-31": "3.97970", "2011-04-30": "3.95730", "2011-01-31": "3.82780", "2010-10-31": "3.44450", "2010-07-31": "3.92580", "2010-04-30": "2.43710", "2010-01-31": "3.40010", "2009-10-31": "2.06050", "2009-07-31": "0.75810", "2009-04-30": "-2.41630", "2009-01-31": "-8.03390", "2008-10-31": "7.46380", "2008-07-31": "7.12760", "2008-04-30": "8.33190", "2008-01-31": "7.84230", "2007-10-31": "7.19380", "2007-07-31": "8.23220", "2007-04-30": "6.69510", "2007-01-31": "8.64570", "2006-10-31": "5.79650", "2006-07-31": "9.69830", "2006-04-30": "5.73080", "2006-01-31": "10.59780", "2005-10-31": "12.31500", "2005-07-31": "10.76820", "2005-04-30": "10.70640", "2005-01-31": "10.08490"}, "Return On Tangible Equity": {"2020-10-31": "-5.33000", "2020-07-31": "-4.00360", "2020-04-30": "-2.52250", "2020-01-31": "-4.96420", "2019-10-31": "-2.47560", "2019-07-31": "-1.48140", "2019-04-30": "0.86810", "2019-01-31": "-2.33800", "2018-10-31": "1.18300", "2018-07-31": "2.04780", "2018-04-30": "4.69090", "2018-01-31": "9.11570", "2017-10-31": "7.92700", "2017-07-31": "11.01680", "2017-04-30": "11.74230", "2017-01-31": "19.85800", "2016-10-31": "25.93540", "2016-07-31": "29.55160", "2016-04-30": "78.14540", "2016-01-31": "-269.56910", "2015-10-31": "-30.84500", "2015-07-31": "-75.64070", "2015-04-30": "2.87870", "2015-01-31": "1.69990", "2014-10-31": "1.53470", "2014-07-31": "4.25790", "2014-04-30": "3.02250", "2014-01-31": "4.53510", "2013-10-31": "4.85950", "2013-07-31": "5.68770", "2013-04-30": "4.96610", "2013-01-31": "6.79930", "2012-10-31": "2.63110", "2012-07-31": "5.20670", "2012-04-30": "6.12770", "2012-01-31": "6.45220", "2011-10-31": "6.72080", "2011-07-31": "6.40120", "2011-04-30": "6.40070", "2011-01-31": "6.17230", "2010-10-31": "5.69550", "2010-07-31": "6.60780", "2010-04-30": "4.12890", "2010-01-31": "5.94590", "2009-10-31": "3.63170", "2009-07-31": "1.37630", "2009-04-30": "-4.56740", "2009-01-31": "-16.07880", "2008-10-31": "15.83090", "2008-07-31": "17.04630", "2008-04-30": "15.08290", "2008-01-31": "13.35270", "2007-10-31": "11.64840", "2007-07-31": "13.16470", "2007-04-30": "9.91430", "2007-01-31": "13.60810", "2006-10-31": "9.96910", "2006-07-31": "18.09460", "2006-04-30": "11.02020", "2006-01-31": "19.56320", "2005-10-31": "16.90310", "2005-07-31": "15.11800", "2005-04-30": "14.41110", "2005-01-31": "13.84160"}, "ROA - Return On Assets": {"2020-10-31": "2.22390", "2020-07-31": "1.70860", "2020-04-30": "1.19950", "2020-01-31": "2.13290", "2019-10-31": "1.32430", "2019-07-31": "0.82500", "2019-04-30": "-0.50330", "2019-01-31": "1.36810", "2018-10-31": "-0.62790", "2018-07-31": "-1.02790", "2018-04-30": "-2.10670", "2018-01-31": "-4.21770", "2017-10-31": "-2.88540", "2017-07-31": "-3.30730", "2017-04-30": "-2.92460", "2017-01-31": "-3.61390", "2016-10-31": "-2.95700", "2016-07-31": "-1.94560", "2016-04-30": "-3.22150", "2016-01-31": "-0.67450", "2015-10-31": "-0.83910", "2015-07-31": "-5.02830", "2015-04-30": "0.39990", "2015-01-31": "0.23420", "2014-10-31": "0.22590", "2014-07-31": "0.66550", "2014-04-30": "0.60880", "2014-01-31": "1.17300", "2013-10-31": "1.33290", "2013-07-31": "1.46090", "2013-04-30": "1.29610", "2013-01-31": "1.72920", "2012-10-31": "0.85730", "2012-07-31": "1.91360", "2012-04-30": "2.37870", "2012-01-31": "2.23060", "2011-10-31": "2.42260", "2011-07-31": "2.39430", "2011-04-30": "2.38780", "2011-01-31": "2.20980", "2010-10-31": "2.07660", "2010-07-31": "2.37230", "2010-04-30": "1.47500", "2010-01-31": "2.04720", "2009-10-31": "1.27410", "2009-07-31": "0.45430", "2009-04-30": "-1.41440", "2009-01-31": "-4.35000", "2008-10-31": "4.40240", "2008-07-31": "3.67510", "2008-04-30": "4.42060", "2008-01-31": "4.36220", "2007-10-31": "4.25920", "2007-07-31": "4.87730", "2007-04-30": "4.18720", "2007-01-31": "5.36300", "2006-10-31": "3.62430", "2006-07-31": "5.88280", "2006-04-30": "3.36900", "2006-01-31": "6.27670", "2005-10-31": "7.41500", "2005-07-31": "6.48960", "2005-04-30": "6.46230", "2005-01-31": "5.72230"}, "ROI - Return On Investment": {"2020-10-31": "7.74960", "2020-07-31": "5.76490", "2020-04-30": "4.44370", "2020-01-31": "8.81020", "2019-10-31": "5.96170", "2019-07-31": "3.36260", "2019-04-30": "-1.40860", "2019-01-31": "3.44740", "2018-10-31": "-1.89680", "2018-07-31": "-2.92810", "2018-04-30": "-5.65160", "2018-01-31": "-13.04510", "2017-10-31": "-7.07750", "2017-07-31": "-7.57740", "2017-04-30": "-8.09750", "2017-01-31": "-9.49820", "2016-10-31": "-5.59890", "2016-07-31": "-3.48120", "2016-04-30": "-5.73470", "2016-01-31": "-1.19720", "2015-10-31": "-1.36020", "2015-07-31": "-7.92730", "2015-04-30": "0.64270", "2015-01-31": "0.38820", "2014-10-31": "0.35480", "2014-07-31": "1.03290", "2014-04-30": "0.93240", "2014-01-31": "1.79190", "2013-10-31": "1.98070", "2013-07-31": "2.20590", "2013-04-30": "1.96450", "2013-01-31": "2.67140", "2012-10-31": "1.45700", "2012-07-31": "3.14920", "2012-04-30": "3.85760", "2012-01-31": "3.82390", "2011-10-31": "3.98360", "2011-07-31": "3.97970", "2011-04-30": "3.95730", "2011-01-31": "3.82780", "2010-10-31": "3.44450", "2010-07-31": "3.92580", "2010-04-30": "2.43710", "2010-01-31": "3.40010", "2009-10-31": "2.06050", "2009-07-31": "0.75810", "2009-04-30": "-2.41630", "2009-01-31": "-8.03390", "2008-10-31": "7.46380", "2008-07-31": "7.12760", "2008-04-30": "8.33190", "2008-01-31": "7.84230", "2007-10-31": "7.19380", "2007-07-31": "8.23220", "2007-04-30": "6.69510", "2007-01-31": "8.64570", "2006-10-31": "5.79650", "2006-07-31": "9.69830", "2006-04-30": "5.73080", "2006-01-31": "10.59780", "2005-10-31": "12.31500", "2005-07-31": "10.76820", "2005-04-30": "10.70640", "2005-01-31": "10.08490"}, "Book Value Per Share": {"2020-10-31": "0.31520", "2020-07-31": "0.30690", "2020-04-30": "-0.63460", "2020-01-31": "-0.63400", "2019-10-31": "-0.77940", "2019-07-31": "-0.88480", "2019-04-30": "-1.11690", "2019-01-31": "-0.96130", "2018-10-31": "-1.54470", "2018-07-31": "-1.10510", "2018-04-30": "-0.58680", "2018-01-31": "-1.17270", "2017-10-31": "0.48710", "2017-07-31": "1.43940", "2017-04-30": "2.30540", "2017-01-31": "3.33000", "2016-10-31": "4.76550", "2016-07-31": "6.00150", "2016-04-30": "6.39160", "2016-01-31": "7.21750", "2015-10-31": "7.69160", "2015-07-31": "8.40900", "2015-04-30": "9.77110", "2015-01-31": "9.77620", "2014-10-31": "9.97050", "2014-07-31": "10.04860", "2014-04-30": "10.04400", "2014-01-31": "9.97570", "2013-10-31": "9.58290", "2013-07-31": "9.19780", "2013-04-30": "9.27270", "2013-01-31": "9.13770", "2012-10-31": "8.98040", "2012-07-31": "9.04050", "2012-04-30": "8.90420", "2012-01-31": "8.33510", "2011-10-31": "8.05780", "2011-07-31": "7.81860", "2011-04-30": "7.58250", "2011-01-31": "7.08940", "2010-10-31": "6.84320", "2010-07-31": "6.71320", "2010-04-30": "6.59840", "2010-01-31": "6.43730", "2009-10-31": "6.23240", "2009-07-31": "6.02920", "2009-04-30": "5.81630", "2009-01-31": "5.78930", "2008-10-31": "6.18720", "2008-07-31": "5.60070", "2008-04-30": "5.06990", "2008-01-31": "5.35000", "2007-10-31": "5.10520", "2007-07-31": "4.83780", "2007-04-30": "5.38150", "2007-01-31": "4.82480", "2006-10-31": "4.32790", "2006-07-31": "3.87110", "2006-04-30": "3.65260", "2006-01-31": "3.49740", "2005-10-31": "3.36700", "2005-07-31": "3.11860", "2005-04-30": "3.10930", "2005-01-31": "2.84750"}, "Operating Cash Flow Per Share": {"2020-10-31": 1.6236, "2020-07-31": 0.4044, "2020-04-30": "1.47900", "2020-01-31": 3.1293, "2019-10-31": 1.25, "2019-07-31": 0.9734, "2019-04-30": "1.00730", "2019-01-31": 1.423, "2018-10-31": 0.1792, "2018-07-31": 0.1978, "2018-04-30": "-0.07730", "2018-01-31": 0.3611, "2017-10-31": -0.2326, "2017-07-31": -0.3299, "2017-04-30": "0.20550", "2017-01-31": 0.0688, "2016-10-31": 0.0373, "2016-07-31": -0.0767, "2016-04-30": "0.73260", "2016-01-31": 0.7485, "2015-10-31": 0.3623, "2015-07-31": 0.3478, "2015-04-30": "0.37330", "2015-01-31": 1.1014, "2014-10-31": 0.5927, "2014-07-31": 0.4107, "2014-04-30": "0.94430", "2014-01-31": 0.7854, "2013-10-31": 0.4013, "2013-07-31": 0.2903, "2013-04-30": "0.97730", "2013-01-31": 0.6579, "2012-10-31": 0.6935, "2012-07-31": 0.4666, "2012-04-30": "0.59500", "2012-01-31": 0.7317, "2011-10-31": 0.6251, "2011-07-31": 0.5599, "2011-04-30": "0.54150", "2011-01-31": 0.739, "2010-10-31": 0.4982, "2010-07-31": 0.479, "2010-04-30": "0.59290", "2010-01-31": 0.5429, "2009-10-31": 0.1997, "2009-07-31": 0.2009, "2009-04-30": "0.11980", "2009-01-31": 0.3784, "2008-10-31": 0.4705, "2008-07-31": 0.9356, "2008-04-30": "0.79660", "2008-01-31": 0.8873, "2007-10-31": 0.6898, "2007-07-31": 0.5647, "2007-04-30": "0.78590", "2007-01-31": 0.7767, "2006-10-31": 0.5539, "2006-07-31": 0.6717, "2006-04-30": "0.36860", "2006-01-31": 0.4696, "2005-10-31": 0.5028, "2005-07-31": 0.4513, "2005-04-30": "0.25390", "2005-01-31": 1.5113}, "Free Cash Flow Per Share": {"2020-10-31": 1.5296, "2020-07-31": 0.2842, "2020-04-30": "1.38910", "2020-01-31": 3.0668, "2019-10-31": 1.2061, "2019-07-31": 0.9077, "2019-04-30": "0.94030", "2019-01-31": 1.3426, "2018-10-31": 0.121, "2018-07-31": 0.1067, "2018-04-30": "-0.15370", "2018-01-31": 0.3091, "2017-10-31": -0.2914, "2017-07-31": -0.411, "2017-04-30": "0.16640", "2017-01-31": 0.0203, "2016-10-31": -0.0647, "2016-07-31": -0.1681, "2016-04-30": "0.63320", "2016-01-31": 0.6136, "2015-10-31": 0.308, "2015-07-31": 0.2705, "2015-04-30": "0.31940", "2015-01-31": 1.0356, "2014-10-31": 0.4696, "2014-07-31": 0.3373, "2014-04-30": "0.88170", "2014-01-31": 0.7474, "2013-10-31": 0.3463, "2013-07-31": 0.2162, "2013-04-30": "0.86480", "2013-01-31": 0.6089, "2012-10-31": 0.6206, "2012-07-31": 0.3942, "2012-04-30": "0.54590", "2012-01-31": 0.6728, "2011-10-31": 0.5822, "2011-07-31": 0.4895, "2011-04-30": "0.44370", "2011-01-31": 0.696, "2010-10-31": 0.4679, "2010-07-31": 0.4562, "2010-04-30": "0.56820", "2010-01-31": 0.5361, "2009-10-31": 0.1746, "2009-07-31": 0.1562, "2009-04-30": "0.05990", "2009-01-31": 0.2941, "2008-10-31": 0.3867, "2008-07-31": 0.8205, "2008-04-30": "0.73900", "2008-01-31": 0.8297, "2007-10-31": 0.6434, "2007-07-31": 0.5177, "2007-04-30": "0.75800", "2007-01-31": 0.7364, "2006-10-31": 0.5247, "2006-07-31": 0.6426, "2006-04-30": "0.32200", "2006-01-31": 0.448, "2005-10-31": 0.4811, "2005-07-31": 0.4338, "2005-04-30": "0.23180", "2005-01-31": 1.3462}}, "revenue": {"Autodesk Annual Revenue (Millions of US $)": {"2020": "$3,274", "2019": "$2,570", "2018": "$2,057", "2017": "$2,031", "2016": "$2,504", "2015": "$2,512", "2014": "$2,274", "2013": "$2,312", "2012": "$2,216", "2011": "$1,952", "2010": "$1,714", "2009": "$2,315", "2008": "$2,172", "2007": "$1,840", "2006": "$1,537", "2005": "$1,239"}, "Autodesk Quarterly Revenue (Millions of US $)": {"2020-10-31": "$952", "2020-07-31": "$913", "2020-04-30": "$886", "2020-01-31": "$899", "2019-10-31": "$843", "2019-07-31": "$797", "2019-04-30": "$736", "2019-01-31": "$737", "2018-10-31": "$661", "2018-07-31": "$612", "2018-04-30": "$560", "2018-01-31": "$554", "2017-10-31": "$515", "2017-07-31": "$502", "2017-04-30": "$486", "2017-01-31": "$479", "2016-10-31": "$490", "2016-07-31": "$551", "2016-04-30": "$512", "2016-01-31": "$648", "2015-10-31": "$600", "2015-07-31": "$610", "2015-04-30": "$647", "2015-01-31": "$665", "2014-10-31": "$618", "2014-07-31": "$637", "2014-04-30": "$593", "2014-01-31": "$587", "2013-10-31": "$555", "2013-07-31": "$562", "2013-04-30": "$570", "2013-01-31": "$607", "2012-10-31": "$548", "2012-07-31": "$569", "2012-04-30": "$589", "2012-01-31": "$592", "2011-10-31": "$549", "2011-07-31": "$546", "2011-04-30": "$528", "2011-01-31": "$528", "2010-10-31": "$477", "2010-07-31": "$473", "2010-04-30": "$475", "2010-01-31": "$456", "2009-10-31": "$417", "2009-07-31": "$415", "2009-04-30": "$426", "2009-01-31": "$490", "2008-10-31": "$607", "2008-07-31": "$620", "2008-04-30": "$599", "2008-01-31": "$599", "2007-10-31": "$538", "2007-07-31": "$526", "2007-04-30": "$509", "2007-01-31": "$497", "2006-10-31": "$457", "2006-07-31": "$450", "2006-04-30": "$436", "2006-01-31": "$424", "2005-10-31": "$382", "2005-07-31": "$377", "2005-04-30": "$355", "2005-01-31": "$361"}}, "gross-profit": {"Autodesk Annual Gross Profit (Millions of US $)": {"2020": "$2,949", "2019": "$2,284", "2018": "$1,753", "2017": "$1,689", "2016": "$2,133", "2015": "$2,170", "2014": "$2,000", "2013": "$2,074", "2012": "$1,987", "2011": "$1,755", "2010": "$1,522", "2009": "$2,096", "2008": "$1,964", "2007": "$1,622", "2006": "$1,366", "2005": "$1,069"}, "Autodesk Quarterly Gross Profit (Millions of US $)": {"2020-10-31": "$869", "2020-07-31": "$832", "2020-04-30": "$804", "2020-01-31": "$816", "2019-10-31": "$763", "2019-07-31": "$717", "2019-04-30": "$653", "2019-01-31": "$660", "2018-10-31": "$589", "2018-07-31": "$542", "2018-04-30": "$493", "2018-01-31": "$481", "2017-10-31": "$438", "2017-07-31": "$427", "2017-04-30": "$408", "2017-01-31": "$396", "2016-10-31": "$408", "2016-07-31": "$466", "2016-04-30": "$420", "2016-01-31": "$553", "2015-10-31": "$509", "2015-07-31": "$517", "2015-04-30": "$555", "2015-01-31": "$575", "2014-10-31": "$532", "2014-07-31": "$549", "2014-04-30": "$514", "2014-01-31": "$515", "2013-10-31": "$488", "2013-07-31": "$494", "2013-04-30": "$503", "2013-01-31": "$545", "2012-10-31": "$490", "2012-07-31": "$509", "2012-04-30": "$530", "2012-01-31": "$535", "2011-10-31": "$489", "2011-07-31": "$489", "2011-04-30": "$474", "2011-01-31": "$479", "2010-10-31": "$428", "2010-07-31": "$424", "2010-04-30": "$423", "2010-01-31": "$412", "2009-10-31": "$372", "2009-07-31": "$365", "2009-04-30": "$374", "2009-01-31": "$441", "2008-10-31": "$554", "2008-07-31": "$560", "2008-04-30": "$541", "2008-01-31": "$548", "2007-10-31": "$487", "2007-07-31": "$474", "2007-04-30": "$456", "2007-01-31": "$442", "2006-10-31": "$401", "2006-07-31": "$394", "2006-04-30": "$386", "2006-01-31": "$383", "2005-10-31": "$339", "2005-07-31": "$332", "2005-04-30": "$312", "2005-01-31": "$317"}}, "operating-income": {"Autodesk Annual Operating Income (Millions of US $)": {"2020": "$343", "2019": "$-25", "2018": "$-509", "2017": "$-500", "2016": "$1", "2015": "$121", "2014": "$285", "2013": "$306", "2012": "$356", "2011": "$271", "2010": "$66", "2009": "$245", "2008": "$446", "2007": "$350", "2006": "$379", "2005": "$232"}, "Autodesk Quarterly Operating Income (Millions of US $)": {"2020-10-31": "$168", "2020-07-31": "$146", "2020-04-30": "$131", "2020-01-31": "$134", "2019-10-31": "$111", "2019-07-31": "$74", "2019-04-30": "$25", "2019-01-31": "$40", "2018-10-31": "$15", "2018-07-31": "$-25", "2018-04-30": "$-55", "2018-01-31": "$-182", "2017-10-31": "$-100", "2017-07-31": "$-108", "2017-04-30": "$-120", "2017-01-31": "$-167", "2016-10-31": "$-120", "2016-07-31": "$-63", "2016-04-30": "$-150", "2016-01-31": "$-10", "2015-10-31": "$-15", "2015-07-31": "$4", "2015-04-30": "$22", "2015-01-31": "$14", "2014-10-31": "$15", "2014-07-31": "$50", "2014-04-30": "$42", "2014-01-31": "$52", "2013-10-31": "$68", "2013-07-31": "$84", "2013-04-30": "$81", "2013-01-31": "$85", "2012-10-31": "$34", "2012-07-31": "$93", "2012-04-30": "$94", "2012-01-31": "$92", "2011-10-31": "$90", "2011-07-31": "$95", "2011-04-30": "$79", "2011-01-31": "$72", "2010-10-31": "$69", "2010-07-31": "$80", "2010-04-30": "$51", "2010-01-31": "$56", "2009-10-31": "$26", "2009-07-31": "$3", "2009-04-30": "$-19", "2009-01-31": "$-134", "2008-10-31": "$140", "2008-07-31": "$119", "2008-04-30": "$120", "2008-01-31": "$124", "2007-10-31": "$106", "2007-07-31": "$115", "2007-04-30": "$101", "2007-01-31": "$120", "2006-10-31": "$69", "2006-07-31": "$102", "2006-04-30": "$59", "2006-01-31": "$101", "2005-10-31": "$95", "2005-07-31": "$91", "2005-04-30": "$91", "2005-01-31": "$75"}}, "ebitda": {"Autodesk Annual EBITDA (Millions of US $)": {"2020": "$470", "2019": "$70", "2018": "$-401", "2017": "$-360", "2016": "$147", "2015": "$267", "2014": "$414", "2013": "$434", "2012": "$471", "2011": "$377", "2010": "$198", "2009": "$465", "2008": "$507", "2007": "$403", "2006": "$422", "2005": "$284"}, "Autodesk Quarterly EBITDA (Millions of US $)": {"2020-10-31": "$200", "2020-07-31": "$176", "2020-04-30": "$161", "2020-01-31": "$165", "2019-10-31": "$142", "2019-07-31": "$106", "2019-04-30": "$58", "2019-01-31": "$66", "2018-10-31": "$38", "2018-07-31": "$-3", "2018-04-30": "$-31", "2018-01-31": "$-155", "2017-10-31": "$-75", "2017-07-31": "$-79", "2017-04-30": "$-91", "2017-01-31": "$-132", "2016-10-31": "$-86", "2016-07-31": "$-30", "2016-04-30": "$-112", "2016-01-31": "$26", "2015-10-31": "$21", "2015-07-31": "$41", "2015-04-30": "$59", "2015-01-31": "$50", "2014-10-31": "$51", "2014-07-31": "$87", "2014-04-30": "$78", "2014-01-31": "$85", "2013-10-31": "$99", "2013-07-31": "$116", "2013-04-30": "$115", "2013-01-31": "$119", "2012-10-31": "$69", "2012-07-31": "$122", "2012-04-30": "$123", "2012-01-31": "$122", "2011-10-31": "$121", "2011-07-31": "$125", "2011-04-30": "$103", "2011-01-31": "$97", "2010-10-31": "$96", "2010-07-31": "$106", "2010-04-30": "$78", "2010-01-31": "$83", "2009-10-31": "$55", "2009-07-31": "$31", "2009-04-30": "$29", "2009-01-31": "$22", "2008-10-31": "$165", "2008-07-31": "$141", "2008-04-30": "$137", "2008-01-31": "$141", "2007-10-31": "$121", "2007-07-31": "$129", "2007-04-30": "$116", "2007-01-31": "$134", "2006-10-31": "$82", "2006-07-31": "$116", "2006-04-30": "$72", "2006-01-31": "$111", "2005-10-31": "$105", "2005-07-31": "$103", "2005-04-30": "$103", "2005-01-31": "$88"}}, "net-income": {"Autodesk Annual Net Income (Millions of US $)": {"2020": "$215", "2019": "$-81", "2018": "$-567", "2017": "$-582", "2016": "$-331", "2015": "$82", "2014": "$229", "2013": "$247", "2012": "$285", "2011": "$212", "2010": "$58", "2009": "$184", "2008": "$356", "2007": "$290", "2006": "$334", "2005": "$221"}, "Autodesk Quarterly Net Income (Millions of US $)": {"2020-10-31": "$132", "2020-07-31": "$98", "2020-04-30": "$67", "2020-01-31": "$132", "2019-10-31": "$67", "2019-07-31": "$40", "2019-04-30": "$-24", "2019-01-31": "$65", "2018-10-31": "$-24", "2018-07-31": "$-39", "2018-04-30": "$-82", "2018-01-31": "$-174", "2017-10-31": "$-120", "2017-07-31": "$-144", "2017-04-30": "$-130", "2017-01-31": "$-173", "2016-10-31": "$-143", "2016-07-31": "$-98", "2016-04-30": "$-168", "2016-01-31": "$-37", "2015-10-31": "$-44", "2015-07-31": "$-269", "2015-04-30": "$19", "2015-01-31": "$12", "2014-10-31": "$11", "2014-07-31": "$31", "2014-04-30": "$28", "2014-01-31": "$54", "2013-10-31": "$58", "2013-07-31": "$62", "2013-04-30": "$56", "2013-01-31": "$75", "2012-10-31": "$29", "2012-07-31": "$65", "2012-04-30": "$79", "2012-01-31": "$72", "2011-10-31": "$73", "2011-07-31": "$71", "2011-04-30": "$69", "2011-01-31": "$62", "2010-10-31": "$54", "2010-07-31": "$60", "2010-04-30": "$37", "2010-01-31": "$50", "2009-10-31": "$30", "2009-07-31": "$11", "2009-04-30": "$-32", "2009-01-31": "$-105", "2008-10-31": "$105", "2008-07-31": "$90", "2008-04-30": "$95", "2008-01-31": "$97", "2007-10-31": "$85", "2007-07-31": "$92", "2007-04-30": "$83", "2007-01-31": "$96", "2006-10-31": "$58", "2006-07-31": "$87", "2006-04-30": "$49", "2006-01-31": "$85", "2005-10-31": "$96", "2005-07-31": "$77", "2005-04-30": "$76", "2005-01-31": "$65"}}, "eps-earnings-per-share-diluted": {"Autodesk Annual EPS": {"2020": "$0.96", "2019": "$-0.37", "2018": "$-2.58", "2017": "$-2.61", "2016": "$-1.46", "2015": "$0.35", "2014": "$1.00", "2013": "$1.07", "2012": "$1.22", "2011": "$0.90", "2010": "$0.25", "2009": "$0.80", "2008": "$1.47", "2007": "$1.19", "2006": "$1.35", "2005": "$0.90"}, "Autodesk Quarterly EPS": {"2020-10-31": "$0.59", "2020-07-31": "$0.44", "2020-04-30": "$0.30", "2020-01-31": "$0.59", "2019-10-31": "$0.30", "2019-07-31": "$0.18", "2019-04-30": "$-0.11", "2019-01-31": "$0.30", "2018-10-31": "$-0.11", "2018-07-31": "$-0.18", "2018-04-30": "$-0.38", "2018-01-31": "$-0.78", "2017-10-31": "$-0.55", "2017-07-31": "$-0.66", "2017-04-30": "$-0.59", "2017-01-31": "$-0.78", "2016-10-31": "$-0.64", "2016-07-31": "$-0.44", "2016-04-30": "$-0.75", "2016-01-31": "$-0.17", "2015-10-31": "$-0.19", "2015-07-31": "$-1.18", "2015-04-30": "$0.08", "2015-01-31": "$0.05", "2014-10-31": "$0.05", "2014-07-31": "$0.13", "2014-04-30": "$0.12", "2014-01-31": "$0.24", "2013-10-31": "$0.25", "2013-07-31": "$0.27", "2013-04-30": "$0.24", "2013-01-31": "$0.32", "2012-10-31": "$0.13", "2012-07-31": "$0.28", "2012-04-30": "$0.34", "2012-01-31": "$0.31", "2011-10-31": "$0.32", "2011-07-31": "$0.30", "2011-04-30": "$0.29", "2011-01-31": "$0.26", "2010-10-31": "$0.23", "2010-07-31": "$0.25", "2010-04-30": "$0.16", "2010-01-31": "$0.21", "2009-10-31": "$0.13", "2009-07-31": "$0.05", "2009-04-30": "$-0.14", "2009-01-31": "$-0.45", "2008-10-31": "$0.45", "2008-07-31": "$0.39", "2008-04-30": "$0.41", "2008-01-31": "$0.40", "2007-10-31": "$0.35", "2007-07-31": "$0.38", "2007-04-30": "$0.34", "2007-01-31": "$0.39", "2006-10-31": "$0.24", "2006-07-31": "$0.36", "2006-04-30": "$0.20", "2006-01-31": "$0.35", "2005-10-31": "$0.38", "2005-07-31": "$0.31", "2005-04-30": "$0.31", "2005-01-31": "$0.26"}}, "shares-outstanding": {"Autodesk Annual Shares Outstanding (Millions of Shares)": {"2020": "223", "2019": "219", "2018": "220", "2017": "223", "2016": "226", "2015": "232", "2014": "230", "2013": "232", "2012": "233", "2011": "234", "2010": "232", "2009": "230", "2008": "242", "2007": "243", "2006": "248", "2005": "247"}, "Autodesk Quarterly Shares Outstanding (Millions of Shares)": {"2020-10-31": "222", "2020-07-31": "222", "2020-04-30": "221", "2020-01-31": "223", "2019-10-31": "222", "2019-07-31": "222", "2019-04-30": "220", "2019-01-31": "219", "2018-10-31": "219", "2018-07-31": "219", "2018-04-30": "219", "2018-01-31": "220", "2017-10-31": "220", "2017-07-31": "220", "2017-04-30": "220", "2017-01-31": "223", "2016-10-31": "222", "2016-07-31": "223", "2016-04-30": "224", "2016-01-31": "226", "2015-10-31": "225", "2015-07-31": "227", "2015-04-30": "232", "2015-01-31": "232", "2014-10-31": "232", "2014-07-31": "232", "2014-04-30": "232", "2014-01-31": "230", "2013-10-31": "228", "2013-07-31": "228", "2013-04-30": "229", "2013-01-31": "232", "2012-10-31": "230", "2012-07-31": "232", "2012-04-30": "234", "2012-01-31": "233", "2011-10-31": "231", "2011-07-31": "237", "2011-04-30": "237", "2011-01-31": "234", "2010-10-31": "232", "2010-07-31": "234", "2010-04-30": "235", "2010-01-31": "232", "2009-10-31": "233", "2009-07-31": "232", "2009-04-30": "227", "2009-01-31": "230", "2008-10-31": "230", "2008-07-31": "231", "2008-04-30": "233", "2008-01-31": "242", "2007-10-31": "240", "2007-07-31": "243", "2007-04-30": "244", "2007-01-31": "243", "2006-10-31": "242", "2006-07-31": "243", "2006-04-30": "245", "2006-01-31": "248", "2005-10-31": "250", "2005-07-31": "250", "2005-04-30": "249", "2005-01-31": "247"}}, "total-assets": {"Autodesk Annual Total Assets (Millions of US $)": {"2020": "$6,179", "2019": "$4,729", "2018": "$4,114", "2017": "$4,798", "2016": "$5,515", "2015": "$4,910", "2014": "$4,595", "2013": "$4,308", "2012": "$3,228", "2011": "$2,788", "2010": "$2,447", "2009": "$2,421", "2008": "$2,212", "2007": "$1,798", "2006": "$1,356", "2005": "$1,142"}, "Autodesk Quarterly Total Assets (Millions of US $)": {"2020-10-31": "$5,945", "2020-07-31": "$5,747", "2020-04-30": "$5,544", "2020-01-31": "$6,179", "2019-10-31": "$5,037", "2019-07-31": "$4,873", "2019-04-30": "$4,809", "2019-01-31": "$4,729", "2018-10-31": "$3,774", "2018-07-31": "$3,833", "2018-04-30": "$3,911", "2018-01-31": "$4,114", "2017-10-31": "$4,152", "2017-07-31": "$4,354", "2017-04-30": "$4,431", "2017-01-31": "$4,798", "2016-10-31": "$4,829", "2016-07-31": "$5,047", "2016-04-30": "$5,206", "2016-01-31": "$5,515", "2015-10-31": "$5,220", "2015-07-31": "$5,342", "2015-04-30": "$4,776", "2015-01-31": "$4,910", "2014-10-31": "$4,737", "2014-07-31": "$4,703", "2014-04-30": "$4,649", "2014-01-31": "$4,595", "2013-10-31": "$4,322", "2013-07-31": "$4,223", "2013-04-30": "$4,290", "2013-01-31": "$4,308", "2012-10-31": "$3,429", "2012-07-31": "$3,376", "2012-04-30": "$3,317", "2012-01-31": "$3,228", "2011-10-31": "$3,005", "2011-07-31": "$2,974", "2011-04-30": "$2,902", "2011-01-31": "$2,788", "2010-10-31": "$2,581", "2010-07-31": "$2,525", "2010-04-30": "$2,502", "2010-01-31": "$2,447", "2009-10-31": "$2,315", "2009-07-31": "$2,311", "2009-04-30": "$2,270", "2009-01-31": "$2,421", "2008-10-31": "$2,374", "2008-07-31": "$2,444", "2008-04-30": "$2,140", "2008-01-31": "$2,212", "2007-10-31": "$1,991", "2007-07-31": "$1,878", "2007-04-30": "$1,989", "2007-01-31": "$1,798", "2006-10-31": "$1,600", "2006-07-31": "$1,476", "2006-04-30": "$1,440", "2006-01-31": "$1,356", "2005-10-31": "$1,291", "2005-07-31": "$1,182", "2005-04-30": "$1,178", "2005-01-31": "$1,142"}}, "cash-on-hand": {"Autodesk Annual Cash on Hand (Millions of US $)": {"2020": "$1,844", "2019": "$954", "2018": "$1,323", "2017": "$1,900", "2016": "$2,251", "2015": "$2,026", "2014": "$2,267", "2013": "$1,954", "2012": "$1,411", "2011": "$1,274", "2010": "$1,001", "2009": "$981", "2008": "$949", "2007": "$778", "2006": "$378", "2005": "$533"}, "Autodesk Quarterly Cash on Hand (Millions of US $)": {"2020-10-31": "$1,616", "2020-07-31": "$1,520", "2020-04-30": "$1,467", "2020-01-31": "$1,844", "2019-10-31": "$1,025", "2019-07-31": "$991", "2019-04-30": "$972", "2019-01-31": "$954", "2018-10-31": "$1,078", "2018-07-31": "$1,170", "2018-04-30": "$1,293", "2018-01-31": "$1,323", "2017-10-31": "$1,454", "2017-07-31": "$1,708", "2017-04-30": "$1,811", "2017-01-31": "$1,900", "2016-10-31": "$1,969", "2016-07-31": "$2,065", "2016-04-30": "$2,267", "2016-01-31": "$2,251", "2015-10-31": "$2,284", "2015-07-31": "$2,390", "2015-04-30": "$1,831", "2015-01-31": "$2,026", "2014-10-31": "$1,901", "2014-07-31": "$1,906", "2014-04-30": "$2,120", "2014-01-31": "$2,267", "2013-10-31": "$2,061", "2013-07-31": "$1,998", "2013-04-30": "$2,088", "2013-01-31": "$1,954", "2012-10-31": "$1,329", "2012-07-31": "$1,431", "2012-04-30": "$1,512", "2012-01-31": "$1,411", "2011-10-31": "$1,344", "2011-07-31": "$1,373", "2011-04-30": "$1,350", "2011-01-31": "$1,274", "2010-10-31": "$1,137", "2010-07-31": "$1,087", "2010-04-30": "$1,060", "2010-01-31": "$1,001", "2009-10-31": "$962", "2009-07-31": "$936", "2009-04-30": "$959", "2009-01-31": "$981", "2008-10-31": "$933", "2008-07-31": "$962", "2008-04-30": "$942", "2008-01-31": "$949", "2007-10-31": "$873", "2007-07-31": "$827", "2007-04-30": "$964", "2007-01-31": "$778", "2006-10-31": "$597", "2006-07-31": "$468", "2006-04-30": "$386", "2006-01-31": "$378", "2005-10-31": "$548", "2005-07-31": "$521", "2005-04-30": "$538", "2005-01-31": "$533"}}, "long-term-debt": {"Autodesk Annual Long Term Debt (Millions of US $)": {"2020": "$1,635", "2019": "$2,088", "2018": "$1,586", "2017": "$1,092", "2016": "$1,488", "2015": "$743", "2014": "$746", "2013": "$746", "2012": "$", "2011": "$", "2010": "$", "2009": "$", "2008": "$", "2007": "$", "2006": "$", "2005": "$"}, "Autodesk Quarterly Long Term Debt (Millions of US $)": {"2020-10-31": "$1,637", "2020-07-31": "$1,636", "2020-04-30": "$1,636", "2020-01-31": "$1,635", "2019-10-31": "$1,290", "2019-07-31": "$1,390", "2019-04-30": "$1,963", "2019-01-31": "$2,088", "2018-10-31": "$1,588", "2018-07-31": "$1,587", "2018-04-30": "$1,587", "2018-01-31": "$1,586", "2017-10-31": "$1,585", "2017-07-31": "$1,585", "2017-04-30": "$1,092", "2017-01-31": "$1,092", "2016-10-31": "$1,490", "2016-07-31": "$1,489", "2016-04-30": "$1,488", "2016-01-31": "$1,488", "2015-10-31": "$1,487", "2015-07-31": "$1,486", "2015-04-30": "$747", "2015-01-31": "$743", "2014-10-31": "$747", "2014-07-31": "$747", "2014-04-30": "$747", "2014-01-31": "$746", "2013-10-31": "$746", "2013-07-31": "$746", "2013-04-30": "$746", "2013-01-31": "$746", "2012-10-31": "", "2012-07-31": "", "2012-04-30": "", "2012-01-31": "", "2011-10-31": "", "2011-07-31": "", "2011-04-30": "", "2011-01-31": "", "2010-10-31": "", "2010-07-31": "", "2010-04-30": "", "2010-01-31": "", "2009-10-31": "", "2009-07-31": "", "2009-04-30": "", "2009-01-31": "", "2008-10-31": "", "2008-07-31": "", "2008-04-30": "", "2008-01-31": "", "2007-10-31": "", "2007-07-31": "", "2007-04-30": "", "2007-01-31": "", "2006-10-31": "", "2006-07-31": "", "2006-04-30": "", "2006-01-31": "", "2005-10-31": "", "2005-07-31": "", "2005-04-30": "", "2005-01-31": ""}}, "total-liabilities": {"Autodesk Annual Total Liabilities (Millions of US $)": {"2020": "$6,318", "2019": "$4,940", "2018": "$4,370", "2017": "$4,065", "2016": "$3,896", "2015": "$2,691", "2014": "$2,334", "2013": "$2,265", "2012": "$1,345", "2011": "$1,178", "2010": "$974", "2009": "$1,110", "2008": "$982", "2007": "$683", "2006": "$553", "2005": "$494"}, "Autodesk Quarterly Total Liabilities (Millions of US $)": {"2020-10-31": "$5,875", "2020-07-31": "$5,680", "2020-04-30": "$5,683", "2020-01-31": "$6,318", "2019-10-31": "$5,208", "2019-07-31": "$5,067", "2019-04-30": "$5,054", "2019-01-31": "$4,940", "2018-10-31": "$4,113", "2018-07-31": "$4,075", "2018-04-30": "$4,040", "2018-01-31": "$4,370", "2017-10-31": "$4,045", "2017-07-31": "$4,039", "2017-04-30": "$3,923", "2017-01-31": "$4,065", "2016-10-31": "$3,769", "2016-07-31": "$3,716", "2016-04-30": "$3,770", "2016-01-31": "$3,896", "2015-10-31": "$3,487", "2015-07-31": "$3,440", "2015-04-30": "$2,552", "2015-01-31": "$2,691", "2014-10-31": "$2,468", "2014-07-31": "$2,420", "2014-04-30": "$2,360", "2014-01-31": "$2,334", "2013-10-31": "$2,160", "2013-07-31": "$2,172", "2013-04-30": "$2,205", "2013-01-31": "$2,265", "2012-10-31": "$1,411", "2012-07-31": "$1,325", "2012-04-30": "$1,272", "2012-01-31": "$1,345", "2011-10-31": "$1,178", "2011-07-31": "$1,185", "2011-04-30": "$1,151", "2011-01-31": "$1,178", "2010-10-31": "$1,025", "2010-07-31": "$999", "2010-04-30": "$988", "2010-01-31": "$974", "2009-10-31": "$884", "2009-07-31": "$926", "2009-04-30": "$941", "2009-01-31": "$1,110", "2008-10-31": "$974", "2008-07-31": "$1,184", "2008-04-30": "$1,005", "2008-01-31": "$982", "2007-10-31": "$812", "2007-07-31": "$765", "2007-04-30": "$745", "2007-01-31": "$683", "2006-10-31": "$600", "2006-07-31": "$581", "2006-04-30": "$593", "2006-01-31": "$553", "2005-10-31": "$514", "2005-07-31": "$470", "2005-04-30": "$467", "2005-01-31": "$494"}}, "total-share-holder-equity": {"Autodesk Annual Share Holder Equity (Millions of US $)": {"2020": "$-139", "2019": "$-211", "2018": "$-256", "2017": "$734", "2016": "$1,620", "2015": "$2,219", "2014": "$2,262", "2013": "$2,043", "2012": "$1,883", "2011": "$1,609", "2010": "$1,474", "2009": "$1,311", "2008": "$1,231", "2007": "$1,115", "2006": "$803", "2005": "$648"}, "Autodesk Quarterly Share Holder Equity (Millions of US $)": {"2020-10-31": "$69", "2020-07-31": "$67", "2020-04-30": "$-139", "2020-01-31": "$-139", "2019-10-31": "$-172", "2019-07-31": "$-194", "2019-04-30": "$-245", "2019-01-31": "$-211", "2018-10-31": "$-338", "2018-07-31": "$-242", "2018-04-30": "$-129", "2018-01-31": "$-256", "2017-10-31": "$107", "2017-07-31": "$316", "2017-04-30": "$508", "2017-01-31": "$734", "2016-10-31": "$1,061", "2016-07-31": "$1,332", "2016-04-30": "$1,436", "2016-01-31": "$1,620", "2015-10-31": "$1,733", "2015-07-31": "$1,902", "2015-04-30": "$2,224", "2015-01-31": "$2,219", "2014-10-31": "$2,269", "2014-07-31": "$2,283", "2014-04-30": "$2,289", "2014-01-31": "$2,262", "2013-10-31": "$2,162", "2013-07-31": "$2,051", "2013-04-30": "$2,085", "2013-01-31": "$2,043", "2012-10-31": "$2,018", "2012-07-31": "$2,051", "2012-04-30": "$2,045", "2012-01-31": "$1,883", "2011-10-31": "$1,828", "2011-07-31": "$1,789", "2011-04-30": "$1,751", "2011-01-31": "$1,609", "2010-10-31": "$1,556", "2010-07-31": "$1,526", "2010-04-30": "$1,514", "2010-01-31": "$1,474", "2009-10-31": "$1,432", "2009-07-31": "$1,385", "2009-04-30": "$1,329", "2009-01-31": "$1,311", "2008-10-31": "$1,400", "2008-07-31": "$1,260", "2008-04-30": "$1,135", "2008-01-31": "$1,231", "2007-10-31": "$1,179", "2007-07-31": "$1,113", "2007-04-30": "$1,244", "2007-01-31": "$1,115", "2006-10-31": "$1,001", "2006-07-31": "$895", "2006-04-30": "$846", "2006-01-31": "$803", "2005-10-31": "$777", "2005-07-31": "$712", "2005-04-30": "$711", "2005-01-31": "$648"}}, "profit-margins": {"current": "11.74%"}, "gross margin": {"2020-10-31": "90.99%", "2020-07-31": "90.79%", "2020-04-30": "90.51%", "2020-01-31": "90.05%", "2019-10-31": "89.72%", "2019-07-31": "89.36%", "2019-04-30": "89.00%", "2019-01-31": "88.87%", "2018-10-31": "88.19%", "2018-07-31": "87.19%", "2018-04-30": "86.30%", "2018-01-31": "85.27%", "2017-10-31": "84.21%", "2017-07-31": "83.75%", "2017-04-30": "83.65%", "2017-01-31": "83.17%", "2016-10-31": "83.92%", "2016-07-31": "84.29%", "2016-04-30": "84.35%", "2016-01-31": "85.19%", "2015-10-31": "85.49%", "2015-07-31": "85.79%", "2015-04-30": "86.13%", "2015-01-31": "86.35%", "2014-10-31": "86.65%", "2014-07-31": "87.10%", "2014-04-30": "87.55%", "2014-01-31": "87.95%", "2013-10-31": "88.49%", "2013-07-31": "88.85%", "2013-04-30": "89.23%", "2013-01-31": "89.67%", "2012-10-31": "89.82%", "2012-07-31": "89.73%", "2012-04-30": "89.76%", "2012-01-31": "89.71%", "2011-10-31": "89.77%", "2011-07-31": "89.95%", "2011-04-30": "89.98%", "2011-01-31": "89.81%", "2010-10-31": "89.69%", "2010-07-31": "89.57%", "2010-04-30": "89.17%", "2010-01-31": "88.86%", "2009-10-31": "88.79%", "2009-07-31": "89.47%", "2009-04-30": "90.01%", "2009-01-31": "90.50%", "2008-10-31": "90.80%", "2008-07-31": "90.62%", "2008-04-30": "90.58%", "2008-01-31": "90.42%", "2007-10-31": "89.81%", "2007-07-31": "89.14%", "2007-04-30": "88.50%", "2007-01-31": "88.21%", "2006-10-31": "88.51%", "2006-07-31": "88.77%", "2006-04-30": "88.94%", "2006-01-31": "88.82%", "2005-10-31": "88.14%"}, "operating margin": {"2020-10-31": "15.86%", "2020-07-31": "14.74%", "2020-04-30": "13.14%", "2020-01-31": "10.50%", "2019-10-31": "8.03%", "2019-07-31": "5.25%", "2019-04-30": "2.00%", "2019-01-31": "-0.97%", "2018-10-31": "-10.35%", "2018-07-31": "-16.15%", "2018-04-30": "-20.88%", "2018-01-31": "-24.79%", "2017-10-31": "-24.97%", "2017-07-31": "-26.32%", "2017-04-30": "-23.43%", "2017-01-31": "-24.61%", "2016-10-31": "-15.58%", "2016-07-31": "-10.30%", "2016-04-30": "-7.22%", "2016-01-31": "0.04%", "2015-10-31": "0.99%", "2015-07-31": "2.17%", "2015-04-30": "3.93%", "2015-01-31": "4.81%", "2014-10-31": "6.53%", "2014-07-31": "8.94%", "2014-04-30": "10.71%", "2014-01-31": "12.53%", "2013-10-31": "13.86%", "2013-07-31": "12.42%", "2013-04-30": "12.77%", "2013-01-31": "13.23%", "2012-10-31": "13.62%", "2012-07-31": "16.05%", "2012-04-30": "16.30%", "2012-01-31": "16.07%", "2011-10-31": "15.62%", "2011-07-31": "15.15%", "2011-04-30": "14.96%", "2011-01-31": "13.93%", "2010-10-31": "13.61%", "2010-07-31": "11.70%", "2010-04-30": "7.71%", "2010-01-31": "3.85%", "2009-10-31": "-7.09%", "2009-07-31": "-0.52%", "2009-04-30": "4.95%", "2009-01-31": "10.58%", "2008-10-31": "20.74%", "2008-07-31": "19.91%", "2008-04-30": "20.56%", "2008-01-31": "20.53%", "2007-10-31": "21.35%", "2007-07-31": "20.36%", "2007-04-30": "20.49%", "2007-01-31": "19.02%", "2006-10-31": "18.73%", "2006-07-31": "21.10%", "2006-04-30": "21.37%", "2006-01-31": "24.58%", "2005-10-31": "23.86%"}, "ebitda margin": {"2020-10-31": "19.23%", "2020-07-31": "18.19%", "2020-04-30": "16.76%", "2020-01-31": "14.38%", "2019-10-31": "11.95%", "2019-07-31": "9.14%", "2019-04-30": "5.79%", "2019-01-31": "2.72%", "2018-10-31": "-6.33%", "2018-07-31": "-11.78%", "2018-04-30": "-15.95%", "2018-01-31": "-19.45%", "2017-10-31": "-19.02%", "2017-07-31": "-19.83%", "2017-04-30": "-16.90%", "2017-01-31": "-17.72%", "2016-10-31": "-9.18%", "2016-07-31": "-4.11%", "2016-04-30": "-1.01%", "2016-01-31": "5.87%", "2015-10-31": "6.78%", "2015-07-31": "7.91%", "2015-04-30": "9.62%", "2015-01-31": "10.58%", "2014-10-31": "12.36%", "2014-07-31": "14.71%", "2014-04-30": "16.46%", "2014-01-31": "18.25%", "2013-10-31": "19.57%", "2013-07-31": "18.32%", "2013-04-30": "18.53%", "2013-01-31": "18.72%", "2012-10-31": "18.97%", "2012-07-31": "21.23%", "2012-04-30": "21.57%", "2012-01-31": "21.26%", "2011-10-31": "20.73%", "2011-07-31": "20.25%", "2011-04-30": "20.04%", "2011-01-31": "19.30%", "2010-10-31": "19.30%", "2010-07-31": "17.68%", "2010-04-30": "14.01%", "2010-01-31": "11.55%", "2009-10-31": "7.84%", "2009-07-31": "12.75%", "2009-04-30": "16.66%", "2009-01-31": "20.08%", "2008-10-31": "24.08%", "2008-07-31": "22.92%", "2008-04-30": "23.34%", "2008-01-31": "23.34%", "2007-10-31": "24.15%", "2007-07-31": "23.18%", "2007-04-30": "23.42%", "2007-01-31": "21.96%", "2006-10-31": "21.56%", "2006-07-31": "23.88%", "2006-04-30": "24.15%", "2006-01-31": "27.44%", "2005-10-31": "27.05%"}, "pre tax profit margin": {"2020-10-31": "13.67%", "2020-07-31": "12.40%", "2020-04-30": "11.01%", "2020-01-31": "9.01%", "2019-10-31": "6.59%", "2019-07-31": "4.13%", "2019-04-30": "1.13%", "2019-01-31": "-1.63%", "2018-10-31": "-11.44%", "2018-07-31": "-17.67%", "2018-04-30": "-23.42%", "2018-01-31": "-27.03%", "2017-10-31": "-26.54%", "2017-07-31": "-27.80%", "2017-04-30": "-24.48%", "2017-01-31": "-25.74%", "2016-10-31": "-17.08%", "2016-07-31": "-11.68%", "2016-04-30": "-8.27%", "2016-01-31": "-0.84%", "2015-10-31": "-0.28%", "2015-07-31": "1.10%", "2015-04-30": "2.73%", "2015-01-31": "3.34%", "2014-10-31": "6.04%", "2014-07-31": "8.60%", "2014-04-30": "10.58%", "2014-01-31": "12.31%", "2013-10-31": "13.51%", "2013-07-31": "12.02%", "2013-04-30": "12.42%", "2013-01-31": "13.40%", "2012-10-31": "13.79%", "2012-07-31": "16.27%", "2012-04-30": "16.52%", "2012-01-31": "16.39%", "2011-10-31": "15.95%", "2011-07-31": "15.58%", "2011-04-30": "15.45%", "2011-01-31": "13.93%", "2010-10-31": "13.72%", "2010-07-31": "11.97%", "2010-04-30": "8.56%", "2010-01-31": "4.96%", "2009-10-31": "-6.29%", "2009-07-31": "-0.31%", "2009-04-30": "4.95%", "2009-01-31": "10.88%", "2008-10-31": "21.40%", "2008-07-31": "20.93%", "2008-04-30": "21.49%", "2008-01-31": "21.64%", "2007-10-31": "22.37%", "2007-07-31": "21.52%", "2007-04-30": "21.69%", "2007-01-31": "19.95%", "2006-10-31": "19.75%", "2006-07-31": "21.99%", "2006-04-30": "22.30%", "2006-01-31": "25.49%", "2005-10-31": "24.75%"}, "net profit margin": {"2020-10-31": "11.75%", "2020-07-31": "10.28%", "2020-04-30": "8.93%", "2020-01-31": "6.56%", "2019-10-31": "4.75%", "2019-07-31": "1.94%", "2019-04-30": "-0.80%", "2019-01-31": "-3.11%", "2018-10-31": "-13.36%", "2018-07-31": "-18.52%", "2018-04-30": "-24.40%", "2018-01-31": "-27.61%", "2017-10-31": "-28.61%", "2017-07-31": "-30.15%", "2017-04-30": "-27.12%", "2017-01-31": "-28.64%", "2016-10-31": "-20.26%", "2016-07-31": "-15.02%", "2016-04-30": "-21.86%", "2016-01-31": "-13.21%", "2015-10-31": "-11.18%", "2015-07-31": "-8.94%", "2015-04-30": "2.84%", "2015-01-31": "3.26%", "2014-10-31": "5.09%", "2014-07-31": "7.21%", "2014-04-30": "8.79%", "2014-01-31": "10.11%", "2013-10-31": "10.94%", "2013-07-31": "9.71%", "2013-04-30": "9.81%", "2013-01-31": "10.72%", "2012-10-31": "10.66%", "2012-07-31": "12.57%", "2012-04-30": "12.96%", "2012-01-31": "12.87%", "2011-10-31": "12.78%", "2011-07-31": "12.31%", "2011-04-30": "12.21%", "2011-01-31": "10.91%", "2010-10-31": "10.69%", "2010-07-31": "9.72%", "2010-04-30": "7.26%", "2010-01-31": "3.44%", "2009-10-31": "-5.49%", "2009-07-31": "-1.08%", "2009-04-30": "2.71%", "2009-01-31": "7.99%", "2008-10-31": "15.96%", "2008-07-31": "15.58%", "2008-04-30": "16.31%", "2008-01-31": "16.44%", "2007-10-31": "17.20%", "2007-07-31": "16.54%", "2007-04-30": "16.94%", "2007-01-31": "15.76%", "2006-10-31": "15.79%", "2006-07-31": "18.74%", "2006-04-30": "18.96%", "2006-01-31": "21.72%", "2005-10-31": "21.29%"}, "pe ratio": {"current": "133.56", "2021-02-05": "159.30", "2020-10-31": "122.68", "2020-07-31": "145.05", "2020-04-30": "136.59", "2020-01-31": "205.05", "2019-10-31": "223.27", "2019-07-31": "624.68", "2019-04-30": "0.00", "2019-01-31": "0.00", "2018-10-31": "0.00", "2018-07-31": "0.00", "2018-04-30": "0.00", "2018-01-31": "0.00", "2017-10-31": "0.00", "2017-07-31": "0.00", "2017-04-30": "0.00", "2017-01-31": "0.00", "2016-10-31": "0.00", "2016-07-31": "0.00", "2016-04-30": "0.00", "2016-01-31": "0.00", "2015-10-31": "0.00", "2015-07-31": "0.00", "2015-04-30": "183.32", "2015-01-31": "154.30", "2014-10-31": "108.57", "2014-07-31": "73.08", "2014-04-30": "55.20", "2014-01-31": "51.77", "2013-10-31": "36.94", "2013-07-31": "36.86", "2013-04-30": "40.60", "2013-01-31": "36.34", "2012-10-31": "30.05", "2012-07-31": "27.14", "2012-04-30": "31.00", "2012-01-31": "29.51", "2011-10-31": "29.57", "2011-07-31": "31.85", "2011-04-30": "43.67", "2011-01-31": "45.20", "2010-10-31": "42.59", "2010-07-31": "39.39", "2010-04-30": "61.80", "2010-01-31": "95.16", "2009-10-31": "0.00", "2009-07-31": "0.00", "2009-04-30": "86.70", "2009-01-31": "21.23", "2008-10-31": "12.92", "2008-07-31": "20.57", "2008-04-30": "24.68", "2008-01-31": "27.99", "2007-10-31": "33.49", "2007-07-31": "31.39", "2007-04-30": "31.03", "2007-01-31": "36.74", "2006-10-31": "32.52"}, "price sales": {"2021-02-05": "18.61", "2020-10-31": "14.33", "2020-07-31": "14.82", "2020-04-30": "12.13", "2020-01-31": "13.33", "2019-10-31": "10.45", "2019-07-31": "11.73", "2019-04-30": "14.22", "2019-01-31": "12.54", "2018-10-31": "11.86", "2018-07-31": "12.56", "2018-04-30": "12.96", "2018-01-31": "12.35", "2017-10-31": "13.90", "2017-07-31": "12.52", "2017-04-30": "9.98", "2017-01-31": "8.94", "2016-10-31": "7.36", "2016-07-31": "5.78", "2016-04-30": "5.70", "2016-01-31": "4.25", "2015-10-31": "5.02", "2015-07-31": "4.60", "2015-04-30": "5.14", "2015-01-31": "4.99", "2014-10-31": "5.47", "2014-07-31": "5.18", "2014-04-30": "4.80", "2014-01-31": "5.16", "2013-10-31": "3.99", "2013-07-31": "3.56", "2013-04-30": "3.96", "2013-01-31": "3.90", "2012-10-31": "3.22", "2012-07-31": "3.43", "2012-04-30": "4.04", "2012-01-31": "3.81", "2011-10-31": "3.77", "2011-07-31": "3.89", "2011-04-30": "5.26", "2011-01-31": "4.87", "2010-10-31": "4.49", "2010-07-31": "3.79", "2010-04-30": "4.49", "2010-01-31": "3.21", "2009-10-31": "3.29", "2009-07-31": "2.59", "2009-04-30": "2.14", "2009-01-31": "1.65", "2008-10-31": "2.06", "2008-07-31": "3.20", "2008-04-30": "4.02", "2008-01-31": "4.59", "2007-10-31": "5.73", "2007-07-31": "5.18", "2007-04-30": "5.25", "2007-01-31": "5.78", "2006-10-31": "5.08"}, "price book": {"current": "967.79", "2021-02-05": "970.37", "2020-10-31": "747.27", "2020-07-31": "770.38", "2020-04-30": "-294.88", "2020-01-31": "-310.49", "2019-10-31": "-189.07", "2019-07-31": "-176.50", "2019-04-30": "-159.56", "2019-01-31": "-153.13", "2018-10-31": "-83.67", "2018-07-31": "-116.22", "2018-04-30": "-214.55", "2018-01-31": "-98.59", "2017-10-31": "256.54", "2017-07-31": "76.97", "2017-04-30": "39.07", "2017-01-31": "24.43", "2016-10-31": "15.17", "2016-07-31": "9.91", "2016-04-30": "9.36", "2016-01-31": "6.49", "2015-10-31": "7.18", "2015-07-31": "6.01", "2015-04-30": "5.82", "2015-01-31": "5.52", "2014-10-31": "5.77", "2014-07-31": "5.31", "2014-04-30": "4.78", "2014-01-31": "5.14", "2013-10-31": "4.16", "2013-07-31": "3.85", "2013-04-30": "4.25", "2013-01-31": "4.25", "2012-10-31": "3.55", "2012-07-31": "3.75", "2012-04-30": "4.42", "2012-01-31": "4.32", "2011-10-31": "4.29", "2011-07-31": "4.40", "2011-04-30": "5.93", "2011-01-31": "5.74", "2010-10-31": "5.29", "2010-07-31": "4.40", "2010-04-30": "5.15", "2010-01-31": "3.70", "2009-10-31": "4.00", "2009-07-31": "3.62", "2009-04-30": "3.43", "2009-01-31": "2.86", "2008-10-31": "3.44", "2008-07-31": "5.69", "2008-04-30": "7.50", "2008-01-31": "7.69", "2007-10-31": "9.58", "2007-07-31": "8.76", "2007-04-30": "7.67", "2007-01-31": "9.06", "2006-10-31": "8.49", "2006-07-31": "8.81", "2006-04-30": "11.51", "2006-01-31": "11.61"}, "price fcf": {"2021-02-05": "", "2020-10-31": "$6.27", "2020-07-31": "$5.95", "2020-04-30": "$6.57", "2020-01-31": "$6.12", "2019-10-31": "$4.40", "2019-07-31": "$3.31", "2019-04-30": "$2.51", "2019-01-31": "$1.42", "2018-10-31": "$0.38", "2018-07-31": "$-0.03", "2018-04-30": "$-0.55", "2018-01-31": "$-0.23", "2017-10-31": "$-0.52", "2017-07-31": "$-0.29", "2017-04-30": "$-0.05", "2017-01-31": "$0.42", "2016-10-31": "$1.01", "2016-07-31": "$1.39", "2016-04-30": "$1.83", "2016-01-31": "$1.51", "2015-10-31": "$1.93", "2015-07-31": "$2.10", "2015-04-30": "$2.16", "2015-01-31": "$2.72", "2014-10-31": "$2.44", "2014-07-31": "$2.31", "2014-04-30": "$2.19", "2014-01-31": "$2.17", "2013-10-31": "$2.04", "2013-07-31": "$2.31", "2013-04-30": "$2.49", "2013-01-31": "$2.17", "2012-10-31": "$2.23", "2012-07-31": "$2.20", "2012-04-30": "$2.29", "2012-01-31": "$2.19", "2011-10-31": "$2.21", "2011-07-31": "$2.10", "2011-04-30": "$2.06", "2011-01-31": "$2.19", "2010-10-31": "$2.03", "2010-07-31": "$1.74", "2010-04-30": "$1.44", "2010-01-31": "$0.93", "2009-10-31": "$0.68", "2009-07-31": "$0.90", "2009-04-30": "$1.56", "2009-01-31": "$2.24", "2008-10-31": "$2.78", "2008-07-31": "$3.03", "2008-04-30": "$2.73", "2008-01-31": "$2.75", "2007-10-31": "$2.66", "2007-07-31": "$2.54", "2007-04-30": "$2.66", "2007-01-31": "$2.23", "2006-10-31": "$3.08"}, "net worth": {"value": "$67.26B"}, "current ratio": {"current": "0.83", "2020-10-31": "0.83", "2020-07-31": "0.84", "2020-04-30": "0.79", "2020-01-31": "0.83", "2019-10-31": "0.60", "2019-07-31": "0.56", "2019-04-30": "0.64", "2019-01-31": "0.70", "2018-10-31": "0.80", "2018-07-31": "0.84", "2018-04-30": "0.92", "2018-01-31": "0.88", "2017-10-31": "1.07", "2017-07-31": "1.22", "2017-04-30": "1.04", "2017-01-31": "1.13", "2016-10-31": "1.46", "2016-07-31": "1.59", "2016-04-30": "1.78", "2016-01-31": "1.88", "2015-10-31": "2.10", "2015-07-31": "2.21", "2015-04-30": "1.84", "2015-01-31": "1.91", "2014-10-31": "2.06", "2014-07-31": "2.12", "2014-04-30": "2.32", "2014-01-31": "2.65", "2013-10-31": "2.66", "2013-07-31": "2.55", "2013-04-30": "2.56", "2013-01-31": "2.45", "2012-10-31": "1.75", "2012-07-31": "2.11", "2012-04-30": "2.18", "2012-01-31": "1.99", "2011-10-31": "2.09", "2011-07-31": "2.15", "2011-04-30": "2.11", "2011-01-31": "1.97", "2010-10-31": "2.00", "2010-07-31": "1.96", "2010-04-30": "1.96", "2010-01-31": "1.96", "2009-10-31": "2.05", "2009-07-31": "1.92", "2009-04-30": "1.91", "2009-01-31": "1.74", "2008-10-31": "1.97", "2008-07-31": "1.61", "2008-04-30": "1.94", "2008-01-31": "2.03", "2007-10-31": "2.17", "2007-07-31": "2.12", "2007-04-30": "2.37", "2007-01-31": "2.07", "2006-10-31": "1.89", "2006-07-31": "1.68", "2006-04-30": "1.51", "2006-01-31": "1.53", "2005-10-31": "1.86", "2005-07-31": "1.85", "2005-04-30": "1.82", "2005-01-31": "1.67"}, "quick ratio": {"2020-10-31": "0.00", "2020-07-31": "0.00", "2020-04-30": "0.00", "2020-01-31": "0.00", "2019-10-31": "0.00", "2019-07-31": "0.00", "2019-04-30": "0.00", "2019-01-31": "0.00", "2018-10-31": "0.00", "2018-07-31": "0.00", "2018-04-30": "0.00", "2018-01-31": "0.00", "2017-10-31": "0.00", "2017-07-31": "0.00", "2017-04-30": "0.00", "2017-01-31": "0.00", "2016-10-31": "0.00", "2016-07-31": "0.00", "2016-04-30": "0.00", "2016-01-31": "0.00", "2015-10-31": "0.00", "2015-07-31": "0.00", "2015-04-30": "0.00", "2015-01-31": "0.00", "2014-10-31": "0.00", "2014-07-31": "0.00", "2014-04-30": "0.00", "2014-01-31": "0.00", "2013-10-31": "0.00", "2013-07-31": "0.00", "2013-04-30": "0.00", "2013-01-31": "0.00", "2012-10-31": "0.00", "2012-07-31": "0.00", "2012-04-30": "0.00", "2012-01-31": "0.00", "2011-10-31": "0.00", "2011-07-31": "0.00", "2011-04-30": "0.00", "2011-01-31": "0.00", "2010-10-31": "0.00", "2010-07-31": "0.00", "2010-04-30": "0.00", "2010-01-31": "0.00", "2009-10-31": "0.00", "2009-07-31": "0.00", "2009-04-30": "0.00", "2009-01-31": "0.00", "2008-10-31": "0.00", "2008-07-31": "0.00", "2008-04-30": "0.00", "2008-01-31": "0.00", "2007-10-31": "0.00", "2007-07-31": "0.00", "2007-04-30": "0.00", "2007-01-31": "0.00", "2006-10-31": "1.88", "2006-07-31": "1.67", "2006-04-30": "1.49", "2006-01-31": "1.50", "2005-10-31": "1.82", "2005-07-31": "1.82", "2005-04-30": "1.79", "2005-01-31": "1.64"}, "debt equity ratio": {"current": "23.62", "2020-10-31": "84.78", "2020-07-31": "84.40", "2020-04-30": "-40.86", "2020-01-31": "-45.42", "2019-10-31": "-30.37", "2019-07-31": "-26.08", "2019-04-30": "-20.60", "2019-01-31": "-23.42", "2018-10-31": "-12.16", "2018-07-31": "-16.87", "2018-04-30": "-31.42", "2018-01-31": "-17.07", "2017-10-31": "37.70", "2017-07-31": "12.80", "2017-04-30": "7.72", "2017-01-31": "5.54", "2016-10-31": "3.55", "2016-07-31": "2.79", "2016-04-30": "2.63", "2016-01-31": "2.41", "2015-10-31": "2.01", "2015-07-31": "1.81", "2015-04-30": "1.15", "2015-01-31": "1.21", "2014-10-31": "1.09", "2014-07-31": "1.06", "2014-04-30": "1.03", "2014-01-31": "1.03", "2013-10-31": "1.00", "2013-07-31": "1.06", "2013-04-30": "1.06", "2013-01-31": "1.11", "2012-10-31": "0.70", "2012-07-31": "0.65", "2012-04-30": "0.62", "2012-01-31": "0.71", "2011-10-31": "0.64", "2011-07-31": "0.66", "2011-04-30": "0.66", "2011-01-31": "0.73", "2010-10-31": "0.66", "2010-07-31": "0.66", "2010-04-30": "0.65", "2010-01-31": "0.66", "2009-10-31": "0.62", "2009-07-31": "0.67", "2009-04-30": "0.71", "2009-01-31": "0.85", "2008-10-31": "0.70", "2008-07-31": "0.94", "2008-04-30": "0.89", "2008-01-31": "0.80", "2007-10-31": "0.69", "2007-07-31": "0.69", "2007-04-30": "0.60", "2007-01-31": "0.61", "2006-10-31": "0.60", "2006-07-31": "0.65", "2006-04-30": "0.70", "2006-01-31": "0.69", "2005-10-31": "0.66", "2005-07-31": "0.66", "2005-04-30": "0.66", "2005-01-31": "0.76"}, "return on equity": {"2020-10-31": "-1208.45%", "2020-07-31": "-380.16%", "2020-04-30": "-190.06%", "2020-01-31": "-114.67%", "2019-10-31": "-72.02%", "2019-07-31": "-23.08%", "2019-04-30": "8.49%", "2019-01-31": "34.78%", "2018-10-31": "132.23%", "2018-07-31": "319.23%", "2018-04-30": "-5473.68%", "2018-01-31": "-336.59%", "2017-10-31": "-136.22%", "2017-07-31": "-90.11%", "2017-04-30": "-59.86%", "2017-01-31": "-51.02%", "2016-10-31": "-32.74%", "2016-07-31": "-22.68%", "2016-04-30": "-30.97%", "2016-01-31": "-17.70%", "2015-10-31": "-13.96%", "2015-07-31": "-10.54%", "2015-04-30": "3.25%", "2015-01-31": "3.62%", "2014-10-31": "5.45%", "2014-07-31": "7.60%", "2014-04-30": "9.22%", "2014-01-31": "10.75%", "2013-10-31": "12.04%", "2013-07-31": "10.83%", "2013-04-30": "10.98%", "2013-01-31": "12.16%", "2012-10-31": "12.25%", "2012-07-31": "14.81%", "2012-04-30": "15.64%", "2012-01-31": "15.72%", "2011-10-31": "15.77%", "2011-07-31": "15.27%", "2011-04-30": "15.21%", "2011-01-31": "13.73%", "2010-10-31": "13.25%", "2010-07-31": "11.91%", "2010-04-30": "8.82%", "2010-01-31": "4.20%", "2009-10-31": "-7.04%", "2009-07-31": "-1.55%", "2009-04-30": "4.38%", "2009-01-31": "14.49%", "2008-10-31": "30.80%", "2008-07-31": "30.55%", "2008-04-30": "31.69%", "2008-01-31": "29.96%", "2007-10-31": "30.62%", "2007-07-31": "29.42%", "2007-04-30": "30.46%", "2007-01-31": "30.08%", "2006-10-31": "31.48%", "2006-07-31": "38.18%", "2006-04-30": "39.13%", "2006-01-31": "44.49%", "2005-10-31": "44.10%"}, "return on assets": {"2020-10-31": "7.33%", "2020-07-31": "6.47%", "2020-04-30": "5.66%", "2020-01-31": "4.12%", "2019-10-31": "3.04%", "2019-07-31": "1.25%", "2019-04-30": "-0.51%", "2019-01-31": "-1.97%", "2018-10-31": "-8.16%", "2018-07-31": "-10.37%", "2018-04-30": "-12.58%", "2018-01-31": "-13.32%", "2017-10-31": "-12.79%", "2017-07-31": "-12.82%", "2017-04-30": "-11.39%", "2017-01-31": "-11.71%", "2016-10-31": "-8.66%", "2016-07-31": "-6.61%", "2016-04-30": "-9.74%", "2016-01-31": "-6.35%", "2015-10-31": "-5.57%", "2015-07-31": "-4.59%", "2015-04-30": "1.53%", "2015-01-31": "1.73%", "2014-10-31": "2.65%", "2014-07-31": "3.74%", "2014-04-30": "4.54%", "2014-01-31": "5.28%", "2013-10-31": "5.86%", "2013-07-31": "5.46%", "2013-04-30": "5.84%", "2013-01-31": "6.87%", "2012-10-31": "7.34%", "2012-07-31": "8.94%", "2012-04-30": "9.42%", "2012-01-31": "9.41%", "2011-10-31": "9.43%", "2011-07-31": "9.11%", "2011-04-30": "9.08%", "2011-01-31": "8.20%", "2010-10-31": "8.00%", "2010-07-31": "7.23%", "2010-04-30": "5.35%", "2010-01-31": "2.53%", "2009-10-31": "-4.12%", "2009-07-31": "-0.90%", "2009-04-30": "2.44%", "2009-01-31": "7.89%", "2008-10-31": "16.88%", "2008-07-31": "16.71%", "2008-04-30": "17.95%", "2008-01-31": "17.70%", "2007-10-31": "18.60%", "2007-07-31": "18.11%", "2007-04-30": "18.88%", "2007-01-31": "18.37%", "2006-10-31": "19.01%", "2006-07-31": "22.79%", "2006-04-30": "23.31%", "2006-01-31": "26.68%", "2005-10-31": "26.20%"}, "return on investments": {"2020-10-31": "36.18%", "2020-07-31": "35.91%", "2020-04-30": "33.91%", "2020-01-31": "24.89%", "2019-10-31": "16.92%", "2019-07-31": "10.20%", "2019-04-30": "3.55%", "2019-01-31": "-1.69%", "2018-10-31": "-18.35%", "2018-07-31": "-24.85%", "2018-04-30": "-27.90%", "2018-01-31": "-31.27%", "2017-10-31": "-28.21%", "2017-07-31": "-26.15%", "2017-04-30": "-21.37%", "2017-01-31": "-19.76%", "2016-10-31": "-12.03%", "2016-07-31": "-7.89%", "2016-04-30": "-5.41%", "2016-01-31": "0.03%", "2015-10-31": "0.80%", "2015-07-31": "1.78%", "2015-04-30": "3.37%", "2015-01-31": "4.02%", "2014-10-31": "5.26%", "2014-07-31": "7.08%", "2014-04-30": "8.38%", "2014-01-31": "9.88%", "2013-10-31": "11.23%", "2013-07-31": "13.50%", "2013-04-30": "20.86%", "2013-01-31": "43.89%", "2012-10-31": "inf%", "2012-07-31": "inf%", "2012-04-30": "inf%", "2012-01-31": "inf%", "2011-10-31": "inf%", "2011-07-31": "inf%", "2011-04-30": "inf%", "2011-01-31": "inf%", "2010-10-31": "inf%", "2010-07-31": "inf%", "2010-04-30": "inf%", "2010-01-31": "inf%", "2009-10-31": "inf%", "2009-07-31": "inf%", "2009-04-30": "inf%", "2009-01-31": "inf%", "2008-10-31": "inf%", "2008-07-31": "inf%", "2008-04-30": "inf%", "2008-01-31": "inf%", "2007-10-31": "inf%", "2007-07-31": "inf%", "2007-04-30": "inf%", "2007-01-31": "inf%", "2006-10-31": "inf%", "2006-07-31": "inf%", "2006-04-30": "inf%", "2006-01-31": "inf%", "2005-10-31": "inf%"}, "return on tangible equity": {"2020-10-31": "-16.78%", "2020-07-31": "-13.95%", "2020-04-30": "-11.44%", "2020-01-31": "-7.93%", "2019-10-31": "-5.40%", "2019-07-31": "-2.22%", "2019-04-30": "0.93%", "2019-01-31": "3.79%", "2018-10-31": "16.82%", "2018-07-31": "23.40%", "2018-04-30": "32.11%", "2018-01-31": "39.00%", "2017-10-31": "47.30%", "2017-07-31": "61.54%", "2017-04-30": "76.08%", "2017-01-31": "118.11%", "2016-10-31": "164.58%", "2016-07-31": "354.99%", "2016-04-30": "-700.00%", "2016-01-31": "-112.78%", "2015-10-31": "-61.40%", "2015-07-31": "-37.96%", "2015-04-30": "10.53%", "2015-01-31": "10.77%", "2014-10-31": "13.94%", "2014-07-31": "16.91%", "2014-04-30": "18.38%", "2014-01-31": "20.09%", "2013-10-31": "22.38%", "2013-07-31": "20.10%", "2013-04-30": "19.68%", "2013-01-31": "20.92%", "2012-10-31": "20.58%", "2012-07-31": "24.45%", "2012-04-30": "25.66%", "2012-01-31": "25.94%", "2011-10-31": "25.72%", "2011-07-31": "24.77%", "2011-04-30": "24.94%", "2011-01-31": "22.78%", "2010-10-31": "22.43%", "2010-07-31": "20.49%", "2010-04-30": "15.46%", "2010-01-31": "7.56%", "2009-10-31": "-13.09%", "2009-07-31": "-3.02%", "2009-04-30": "9.12%", "2009-01-31": "29.97%", "2008-10-31": "61.02%", "2008-07-31": "56.35%", "2008-04-30": "53.21%", "2008-01-31": "47.81%", "2007-10-31": "47.91%", "2007-07-31": "46.57%", "2007-04-30": "49.66%", "2007-01-31": "52.49%", "2006-10-31": "57.61%", "2006-07-31": "66.01%", "2006-04-30": "63.04%", "2006-01-31": "65.62%", "2005-10-31": "60.59%"}, "dividend yield history": {"last payout": "$0.00", "last yield": "0.00%"}}