{"ticker": "AGR", "price": {"title": "Avangrid Historical Annual Stock Price Data", "value": 47.85, "historical": {"2020": {"Average Stock Price": "47.6143", "Year Open": "50.8100", "Year High": "56.5700", "Year Low": "36.1400", "Year Close": "45.4500", "Annual % Change": "-11.16%"}, "2019": {"Average Stock Price": "50.0377", "Year Open": "48.6900", "Year High": "52.6300", "Year Low": "47.7600", "Year Close": "51.1600", "Annual % Change": "2.14%"}, "2018": {"Average Stock Price": "50.0188", "Year Open": "50.1100", "Year High": "54.2600", "Year Low": "45.8300", "Year Close": "50.0900", "Annual % Change": "-0.97%"}, "2017": {"Average Stock Price": "45.5869", "Year Open": "38.1100", "Year High": "53.0700", "Year Low": "37.8000", "Year Close": "50.5800", "Annual % Change": "33.53%"}, "2016": {"Average Stock Price": "40.5746", "Year Open": "37.8500", "Year High": "46.4900", "Year Low": "35.6200", "Year Close": "37.8800", "Annual % Change": "-1.35%"}, "2015": {"Average Stock Price": "36.3570", "Year Open": "36.1200", "Year High": "38.4000", "Year Low": "33.2600", "Year Close": "38.4000", "Annual % Change": "0.00%"}}}, "market cap": {"value": "$14.81B"}, "income statement": {"Revenue": {"2019-12-31": "6338.00000", "2018-12-31": "6478.00000", "2017-12-31": "5963.00000", "2016-12-31": "6018.00000", "2015-12-31": "4367.00000", "2014-12-31": "4594.00000", "2013-12-31": "4313.00000"}, "Cost Of Goods Sold": {"2019-12-31": "1509.00000", "2018-12-31": "1653.00000", "2017-12-31": "1338.00000", "2016-12-31": "1286.00000", "2015-12-31": "972.00000", "2014-12-31": "1181.00000", "2013-12-31": "1088.00000"}, "Gross Profit": {"2019-12-31": "4829.00000", "2018-12-31": "4825.00000", "2017-12-31": "4625.00000", "2016-12-31": "4732.00000", "2015-12-31": "3395.00000", "2014-12-31": "3413.00000", "2013-12-31": "3225.00000"}, "Research And Development Expenses": {"2019-12-31": "", "2018-12-31": "", "2017-12-31": "", "2016-12-31": "", "2015-12-31": "", "2014-12-31": "", "2013-12-31": ""}, "SG&A Expenses": {"2019-12-31": "2892.00000", "2018-12-31": "2827.00000", "2017-12-31": "2654.00000", "2016-12-31": "2734.00000", "2015-12-31": "2175.00000", "2014-12-31": "1874.00000", "2013-12-31": "1832.00000"}, "Other Operating Income Or Expenses": {"2019-12-31": "", "2018-12-31": "-16.00000", "2017-12-31": "-642.00000", "2016-12-31": "", "2015-12-31": "-12.00000", "2014-12-31": "-25.00000", "2013-12-31": "-620.00000"}, "Operating Expenses": {"2019-12-31": "5335.00000", "2018-12-31": "5351.00000", "2017-12-31": "5458.00000", "2016-12-31": "4824.00000", "2015-12-31": "3854.00000", "2014-12-31": "3709.00000", "2013-12-31": "4134.00000"}, "Operating Income": {"2019-12-31": "1003.00000", "2018-12-31": "1127.00000", "2017-12-31": "505.00000", "2016-12-31": "1194.00000", "2015-12-31": "513.00000", "2014-12-31": "885.00000", "2013-12-31": "179.00000"}, "Total Non-Operating Income/Expense": {"2019-12-31": "-184.00000", "2018-12-31": "-359.00000", "2017-12-31": "-382.00000", "2016-12-31": "-185.00000", "2015-12-31": "-211.00000", "2014-12-31": "-179.00000", "2013-12-31": "-194.00000"}, "Pre-Tax Income": {"2019-12-31": "819.00000", "2018-12-31": "768.00000", "2017-12-31": "123.00000", "2016-12-31": "1009.00000", "2015-12-31": "302.00000", "2014-12-31": "706.00000", "2013-12-31": "-15.00000"}, "Income Taxes": {"2019-12-31": "143.00000", "2018-12-31": "170.00000", "2017-12-31": "-259.00000", "2016-12-31": "377.00000", "2015-12-31": "29.00000", "2014-12-31": "282.00000", "2013-12-31": "35.00000"}, "Income After Taxes": {"2019-12-31": "676.00000", "2018-12-31": "598.00000", "2017-12-31": "382.00000", "2016-12-31": "632.00000", "2015-12-31": "273.00000", "2014-12-31": "424.00000", "2013-12-31": "-50.00000"}, "Other Income": {"2019-12-31": "", "2018-12-31": "", "2017-12-31": "", "2016-12-31": "", "2015-12-31": "", "2014-12-31": "", "2013-12-31": ""}, "Income From Continuous Operations": {"2019-12-31": "676.00000", "2018-12-31": "598.00000", "2017-12-31": "382.00000", "2016-12-31": "632.00000", "2015-12-31": "273.00000", "2014-12-31": "424.00000", "2013-12-31": "-50.00000"}, "Income From Discontinued Operations": {"2019-12-31": "", "2018-12-31": "", "2017-12-31": "", "2016-12-31": "", "2015-12-31": "", "2014-12-31": "", "2013-12-31": ""}, "Net Income": {"2019-12-31": "700.00000", "2018-12-31": "595.00000", "2017-12-31": "381.00000", "2016-12-31": "632.00000", "2015-12-31": "273.00000", "2014-12-31": "424.00000", "2013-12-31": "-51.00000"}, "EBITDA": {"2019-12-31": "2001.00000", "2018-12-31": "2055.00000", "2017-12-31": "1391.00000", "2016-12-31": "2019.00000", "2015-12-31": "1312.00000", "2014-12-31": "1478.00000", "2013-12-31": "771.00000"}, "EBIT": {"2019-12-31": "1003.00000", "2018-12-31": "1127.00000", "2017-12-31": "505.00000", "2016-12-31": "1194.00000", "2015-12-31": "513.00000", "2014-12-31": "885.00000", "2013-12-31": "179.00000"}, "Basic Shares Outstanding": {"2019-12-31": "309.49100", "2018-12-31": "309.50300", "2017-12-31": "309.50300", "2016-12-31": "309.51300", "2015-12-31": "254.58800", "2014-12-31": "252.23500", "2013-12-31": "252.23500"}, "Shares Outstanding": {"2019-12-31": "309.51500", "2018-12-31": "309.71300", "2017-12-31": "309.66200", "2016-12-31": "309.81700", "2015-12-31": "254.60500", "2014-12-31": "252.23500", "2013-12-31": "252.23500"}, "Basic EPS": {"2019-12-31": "2.26000", "2018-12-31": "1.92000", "2017-12-31": "1.23000", "2016-12-31": "2.04000", "2015-12-31": "1.07000", "2014-12-31": "1.68000", "2013-12-31": "-0.20000"}, "EPS - Earnings Per Share": {"2019-12-31": "2.26000", "2018-12-31": "1.92000", "2017-12-31": "1.23000", "2016-12-31": "2.04000", "2015-12-31": "1.07000", "2014-12-31": "1.68000", "2013-12-31": "-0.20000"}}, "income statement, quarterly": {"Revenue": {"2020-09-30": "1470.00000", "2020-06-30": "1392.00000", "2020-03-31": "1789.00000", "2019-12-31": "1609.00000", "2019-09-30": "1487.00000", "2019-06-30": "1400.00000", "2019-03-31": "1842.00000", "2018-12-31": "1665.00000", "2018-09-30": "1546.00000", "2018-06-30": "1402.00000", "2018-03-31": "1865.00000", "2017-12-31": "1533.00000", "2017-09-30": "1341.00000", "2017-06-30": "1331.00000", "2017-03-31": "1758.00000", "2016-12-31": "1491.00000", "2016-09-30": "1418.00000", "2016-06-30": "1439.00000", "2016-03-31": "1670.00000", "2015-12-31": "1153.00000", "2015-09-30": "1048.00000", "2015-06-30": "939.00000", "2015-03-31": "1227.00000", "2014-12-31": "", "2014-09-30": "982.00000", "2013-12-31": ""}, "Cost Of Goods Sold": {"2020-09-30": "259.00000", "2020-06-30": "265.00000", "2020-03-31": "475.00000", "2019-12-31": "408.00000", "2019-09-30": "279.00000", "2019-06-30": "259.00000", "2019-03-31": "563.00000", "2018-12-31": "456.00000", "2018-09-30": "342.00000", "2018-06-30": "279.00000", "2018-03-31": "576.00000", "2017-12-31": "381.00000", "2017-09-30": "250.00000", "2017-06-30": "242.00000", "2017-03-31": "465.00000", "2016-12-31": "325.00000", "2016-09-30": "312.00000", "2016-06-30": "221.00000", "2016-03-31": "428.00000", "2015-12-31": "218.00000", "2015-09-30": "211.00000", "2015-06-30": "151.00000", "2015-03-31": "392.00000", "2014-12-31": "", "2014-09-30": "204.00000", "2013-12-31": ""}, "Gross Profit": {"2020-09-30": "1211.00000", "2020-06-30": "1127.00000", "2020-03-31": "1314.00000", "2019-12-31": "1201.00000", "2019-09-30": "1208.00000", "2019-06-30": "1141.00000", "2019-03-31": "1279.00000", "2018-12-31": "1209.00000", "2018-09-30": "1204.00000", "2018-06-30": "1123.00000", "2018-03-31": "1289.00000", "2017-12-31": "1152.00000", "2017-09-30": "1091.00000", "2017-06-30": "1089.00000", "2017-03-31": "1293.00000", "2016-12-31": "1166.00000", "2016-09-30": "1106.00000", "2016-06-30": "1218.00000", "2016-03-31": "1242.00000", "2015-12-31": "935.00000", "2015-09-30": "837.00000", "2015-06-30": "788.00000", "2015-03-31": "835.00000", "2014-12-31": "", "2014-09-30": "778.00000", "2013-12-31": ""}, "Research And Development Expenses": {"2020-09-30": "", "2020-06-30": "", "2020-03-31": "", "2019-12-31": "", "2019-09-30": "", "2019-06-30": "", "2019-03-31": "", "2018-12-31": "", "2018-09-30": "", "2018-06-30": "", "2018-03-31": "", "2017-12-31": "", "2017-09-30": "", "2017-06-30": "", "2017-03-31": "", "2016-12-31": "", "2016-09-30": "", "2016-06-30": "", "2016-03-31": "", "2015-12-31": "", "2015-09-30": "", "2015-06-30": "", "2015-03-31": "", "2014-12-31": "", "2014-09-30": "", "2013-12-31": ""}, "SG&A Expenses": {"2020-09-30": "791.00000", "2020-06-30": "730.00000", "2020-03-31": "736.00000", "2019-12-31": "732.00000", "2019-09-30": "732.00000", "2019-06-30": "712.00000", "2019-03-31": "716.00000", "2018-12-31": "749.00000", "2018-09-30": "724.00000", "2018-06-30": "676.00000", "2018-03-31": "678.00000", "2017-12-31": "686.00000", "2017-09-30": "668.00000", "2017-06-30": "631.00000", "2017-03-31": "669.00000", "2016-12-31": "677.00000", "2016-09-30": "686.00000", "2016-06-30": "683.00000", "2016-03-31": "688.00000", "2015-12-31": "680.00000", "2015-09-30": "510.00000", "2015-06-30": "521.00000", "2015-03-31": "464.00000", "2014-12-31": "", "2014-09-30": "463.00000", "2013-12-31": ""}, "Other Operating Income Or Expenses": {"2020-09-30": "", "2020-06-30": "", "2020-03-31": "", "2019-12-31": "", "2019-09-30": "", "2019-06-30": "", "2019-03-31": "", "2018-12-31": "", "2018-09-30": "-1.00000", "2018-06-30": "-10.00000", "2018-03-31": "-5.00000", "2017-12-31": "", "2017-09-30": "", "2017-06-30": "", "2017-03-31": "", "2016-12-31": "", "2016-09-30": "", "2016-06-30": "", "2016-03-31": "", "2015-12-31": "-2.00000", "2015-09-30": "-3.00000", "2015-06-30": "-7.00000", "2015-03-31": "", "2014-12-31": "", "2014-09-30": "-3.00000", "2013-12-31": ""}, "Operating Expenses": {"2020-09-30": "1305.00000", "2020-06-30": "1237.00000", "2020-03-31": "1462.00000", "2019-12-31": "1393.00000", "2019-09-30": "1248.00000", "2019-06-30": "1193.00000", "2019-03-31": "1501.00000", "2018-12-31": "1416.00000", "2018-09-30": "1293.00000", "2018-06-30": "1180.00000", "2018-03-31": "1462.00000", "2017-12-31": "1925.00000", "2017-09-30": "1123.00000", "2017-06-30": "1079.00000", "2017-03-31": "1331.00000", "2016-12-31": "1185.00000", "2016-09-30": "1201.00000", "2016-06-30": "1117.00000", "2016-03-31": "1321.00000", "2015-12-31": "1070.00000", "2015-09-30": "887.00000", "2015-06-30": "866.00000", "2015-03-31": "1031.00000", "2014-12-31": "", "2014-09-30": "829.00000", "2013-12-31": ""}, "Operating Income": {"2020-09-30": "165.00000", "2020-06-30": "155.00000", "2020-03-31": "327.00000", "2019-12-31": "216.00000", "2019-09-30": "239.00000", "2019-06-30": "207.00000", "2019-03-31": "341.00000", "2018-12-31": "249.00000", "2018-09-30": "253.00000", "2018-06-30": "222.00000", "2018-03-31": "403.00000", "2017-12-31": "-392.00000", "2017-09-30": "218.00000", "2017-06-30": "252.00000", "2017-03-31": "427.00000", "2016-12-31": "306.00000", "2016-09-30": "217.00000", "2016-06-30": "322.00000", "2016-03-31": "349.00000", "2015-12-31": "83.00000", "2015-09-30": "161.00000", "2015-06-30": "73.00000", "2015-03-31": "196.00000", "2014-12-31": "", "2014-09-30": "153.00000", "2013-12-31": ""}, "Total Non-Operating Income/Expense": {"2020-09-30": "-69.00000", "2020-06-30": "-85.00000", "2020-03-31": "-85.00000", "2019-12-31": "40.00000", "2019-09-30": "-67.00000", "2019-06-30": "-73.00000", "2019-03-31": "-84.00000", "2018-12-31": "-91.00000", "2018-09-30": "-90.00000", "2018-06-30": "-85.00000", "2018-03-31": "-93.00000", "2017-12-31": "-123.00000", "2017-09-30": "-86.00000", "2017-06-30": "-88.00000", "2017-03-31": "-85.00000", "2016-12-31": "-49.00000", "2016-09-30": "-55.00000", "2016-06-30": "-48.00000", "2016-03-31": "-33.00000", "2015-12-31": "-55.00000", "2015-09-30": "-51.00000", "2015-06-30": "-57.00000", "2015-03-31": "-48.00000", "2014-12-31": "", "2014-09-30": "-51.00000", "2013-12-31": ""}, "Pre-Tax Income": {"2020-09-30": "96.00000", "2020-06-30": "70.00000", "2020-03-31": "242.00000", "2019-12-31": "256.00000", "2019-09-30": "172.00000", "2019-06-30": "134.00000", "2019-03-31": "257.00000", "2018-12-31": "158.00000", "2018-09-30": "163.00000", "2018-06-30": "137.00000", "2018-03-31": "310.00000", "2017-12-31": "-515.00000", "2017-09-30": "132.00000", "2017-06-30": "164.00000", "2017-03-31": "342.00000", "2016-12-31": "257.00000", "2016-09-30": "162.00000", "2016-06-30": "274.00000", "2016-03-31": "316.00000", "2015-12-31": "28.00000", "2015-09-30": "110.00000", "2015-06-30": "16.00000", "2015-03-31": "148.00000", "2014-12-31": "", "2014-09-30": "102.00000", "2013-12-31": ""}, "Income Taxes": {"2020-09-30": "15.00000", "2020-06-30": "-6.00000", "2020-03-31": "12.00000", "2019-12-31": "40.00000", "2019-09-30": "33.00000", "2019-06-30": "29.00000", "2019-03-31": "41.00000", "2018-12-31": "42.00000", "2018-09-30": "29.00000", "2018-06-30": "27.00000", "2018-03-31": "72.00000", "2017-12-31": "-438.00000", "2017-09-30": "32.00000", "2017-06-30": "44.00000", "2017-03-31": "103.00000", "2016-12-31": "48.00000", "2016-09-30": "53.00000", "2016-06-30": "172.00000", "2016-03-31": "104.00000", "2015-12-31": "-74.00000", "2015-09-30": "56.00000", "2015-06-30": "5.00000", "2015-03-31": "42.00000", "2014-12-31": "", "2014-09-30": "38.00000", "2013-12-31": ""}, "Income After Taxes": {"2020-09-30": "81.00000", "2020-06-30": "76.00000", "2020-03-31": "230.00000", "2019-12-31": "216.00000", "2019-09-30": "139.00000", "2019-06-30": "105.00000", "2019-03-31": "216.00000", "2018-12-31": "116.00000", "2018-09-30": "134.00000", "2018-06-30": "110.00000", "2018-03-31": "238.00000", "2017-12-31": "-77.00000", "2017-09-30": "100.00000", "2017-06-30": "120.00000", "2017-03-31": "239.00000", "2016-12-31": "209.00000", "2016-09-30": "109.00000", "2016-06-30": "102.00000", "2016-03-31": "212.00000", "2015-12-31": "102.00000", "2015-09-30": "54.00000", "2015-06-30": "11.00000", "2015-03-31": "106.00000", "2014-12-31": "", "2014-09-30": "64.00000", "2013-12-31": ""}, "Other Income": {"2020-09-30": "", "2020-06-30": "", "2020-03-31": "", "2019-12-31": "", "2019-09-30": "", "2019-06-30": "", "2019-03-31": "", "2018-12-31": "", "2018-09-30": "", "2018-06-30": "", "2018-03-31": "", "2017-12-31": "", "2017-09-30": "", "2017-06-30": "", "2017-03-31": "", "2016-12-31": "", "2016-09-30": "", "2016-06-30": "", "2016-03-31": "", "2015-12-31": "", "2015-09-30": "", "2015-06-30": "", "2015-03-31": "", "2014-12-31": "", "2014-09-30": "", "2013-12-31": ""}, "Income From Continuous Operations": {"2020-09-30": "81.00000", "2020-06-30": "76.00000", "2020-03-31": "230.00000", "2019-12-31": "216.00000", "2019-09-30": "139.00000", "2019-06-30": "105.00000", "2019-03-31": "216.00000", "2018-12-31": "116.00000", "2018-09-30": "134.00000", "2018-06-30": "110.00000", "2018-03-31": "238.00000", "2017-12-31": "-77.00000", "2017-09-30": "100.00000", "2017-06-30": "120.00000", "2017-03-31": "239.00000", "2016-12-31": "209.00000", "2016-09-30": "109.00000", "2016-06-30": "102.00000", "2016-03-31": "212.00000", "2015-12-31": "102.00000", "2015-09-30": "54.00000", "2015-06-30": "11.00000", "2015-03-31": "106.00000", "2014-12-31": "", "2014-09-30": "64.00000", "2013-12-31": ""}, "Income From Discontinued Operations": {"2020-09-30": "", "2020-06-30": "", "2020-03-31": "", "2019-12-31": "", "2019-09-30": "", "2019-06-30": "", "2019-03-31": "", "2018-12-31": "", "2018-09-30": "", "2018-06-30": "", "2018-03-31": "", "2017-12-31": "", "2017-09-30": "", "2017-06-30": "", "2017-03-31": "", "2016-12-31": "", "2016-09-30": "", "2016-06-30": "", "2016-03-31": "", "2015-12-31": "", "2015-09-30": "", "2015-06-30": "", "2015-03-31": "", "2014-12-31": "", "2014-09-30": "", "2013-12-31": ""}, "Net Income": {"2020-09-30": "87.00000", "2020-06-30": "88.00000", "2020-03-31": "240.00000", "2019-12-31": "223.00000", "2019-09-30": "150.00000", "2019-06-30": "110.00000", "2019-03-31": "217.00000", "2018-12-31": "119.00000", "2018-09-30": "125.00000", "2018-06-30": "107.00000", "2018-03-31": "244.00000", "2017-12-31": "-77.00000", "2017-09-30": "99.00000", "2017-06-30": "120.00000", "2017-03-31": "239.00000", "2016-12-31": "209.00000", "2016-09-30": "109.00000", "2016-06-30": "102.00000", "2016-03-31": "212.00000", "2015-12-31": "102.00000", "2015-09-30": "54.00000", "2015-06-30": "11.00000", "2015-03-31": "106.00000", "2014-12-31": "", "2014-09-30": "64.00000", "2013-12-31": ""}, "EBITDA": {"2020-09-30": "381.00000", "2020-06-30": "418.00000", "2020-03-31": "596.00000", "2019-12-31": "533.00000", "2019-09-30": "444.00000", "2019-06-30": "447.00000", "2019-03-31": "577.00000", "2018-12-31": "479.00000", "2018-09-30": "496.00000", "2018-06-30": "453.00000", "2018-03-31": "627.00000", "2017-12-31": "-164.00000", "2017-09-30": "447.00000", "2017-06-30": "463.00000", "2017-03-31": "645.00000", "2016-12-31": "398.00000", "2016-09-30": "464.00000", "2016-06-30": "569.00000", "2016-03-31": "588.00000", "2015-12-31": "281.00000", "2015-09-30": "351.00000", "2015-06-30": "319.00000", "2015-03-31": "361.00000", "2014-12-31": "", "2014-09-30": "153.00000", "2013-12-31": ""}, "EBIT": {"2020-09-30": "165.00000", "2020-06-30": "155.00000", "2020-03-31": "327.00000", "2019-12-31": "216.00000", "2019-09-30": "239.00000", "2019-06-30": "207.00000", "2019-03-31": "341.00000", "2018-12-31": "249.00000", "2018-09-30": "253.00000", "2018-06-30": "222.00000", "2018-03-31": "403.00000", "2017-12-31": "-392.00000", "2017-09-30": "218.00000", "2017-06-30": "252.00000", "2017-03-31": "427.00000", "2016-12-31": "306.00000", "2016-09-30": "217.00000", "2016-06-30": "322.00000", "2016-03-31": "349.00000", "2015-12-31": "83.00000", "2015-09-30": "161.00000", "2015-06-30": "73.00000", "2015-03-31": "196.00000", "2014-12-31": "", "2014-09-30": "153.00000", "2013-12-31": ""}, "Basic Shares Outstanding": {"2020-09-30": "309.49100", "2020-06-30": "309.50700", "2020-03-31": "309.49100", "2019-12-31": "309.49100", "2019-09-30": "309.49100", "2019-06-30": "309.49100", "2019-03-31": "309.49100", "2018-12-31": "309.50300", "2018-09-30": "309.49100", "2018-06-30": "309.51800", "2018-03-31": "309.51400", "2017-12-31": "309.50300", "2017-09-30": "309.49100", "2017-06-30": "309.52100", "2017-03-31": "309.50900", "2016-12-31": "309.51300", "2016-09-30": "309.49500", "2016-06-30": "309.52800", "2016-03-31": "309.53800", "2015-12-31": "254.58800", "2015-09-30": "252.23500", "2015-06-30": "252.23500", "2015-03-31": "252.23500", "2014-12-31": "", "2014-09-30": "243.00000", "2013-12-31": ""}, "Shares Outstanding": {"2020-09-30": "309.55000", "2020-06-30": "309.54700", "2020-03-31": "309.62400", "2019-12-31": "309.51500", "2019-09-30": "309.51800", "2019-06-30": "309.51300", "2019-03-31": "309.71200", "2018-12-31": "309.71300", "2018-09-30": "309.69000", "2018-06-30": "309.72000", "2018-03-31": "309.79300", "2017-12-31": "309.66200", "2017-09-30": "309.80200", "2017-06-30": "309.82600", "2017-03-31": "309.83700", "2016-12-31": "309.81700", "2016-09-30": "310.00000", "2016-06-30": "309.68400", "2016-03-31": "309.80800", "2015-12-31": "254.60500", "2015-09-30": "252.23500", "2015-06-30": "252.23500", "2015-03-31": "252.23500", "2014-12-31": "", "2014-09-30": "243.00000", "2013-12-31": ""}, "Basic EPS": {"2020-09-30": "0.28000", "2020-06-30": "0.28000", "2020-03-31": "0.78000", "2019-12-31": "0.72000", "2019-09-30": "0.48000", "2019-06-30": "0.36000", "2019-03-31": "0.70000", "2018-12-31": "0.38000", "2018-09-30": "0.40000", "2018-06-30": "0.35000", "2018-03-31": "0.79000", "2017-12-31": "-0.25000", "2017-09-30": "0.32000", "2017-06-30": "0.39000", "2017-03-31": "0.77000", "2016-12-31": "0.67000", "2016-09-30": "0.35000", "2016-06-30": "0.33000", "2016-03-31": "0.69000", "2015-12-31": "0.39000", "2015-09-30": "0.22000", "2015-06-30": "0.04000", "2015-03-31": "0.42000", "2014-12-31": "", "2014-09-30": "0.30000", "2013-12-31": ""}, "EPS - Earnings Per Share": {"2020-09-30": "0.28000", "2020-06-30": "0.28000", "2020-03-31": "0.78000", "2019-12-31": "0.72000", "2019-09-30": "0.48000", "2019-06-30": "0.36000", "2019-03-31": "0.70000", "2018-12-31": "0.39000", "2018-09-30": "0.40000", "2018-06-30": "0.34000", "2018-03-31": "0.79000", "2017-12-31": "-0.25000", "2017-09-30": "0.32000", "2017-06-30": "0.39000", "2017-03-31": "0.77000", "2016-12-31": "0.67000", "2016-09-30": "0.35000", "2016-06-30": "0.33000", "2016-03-31": "0.69000", "2015-12-31": "0.39000", "2015-09-30": "0.22000", "2015-06-30": "0.04000", "2015-03-31": "0.42000", "2014-12-31": "0.00000", "2014-09-30": "0.30000", "2013-12-31": "0.00000"}}, "balance sheet": {"Cash On Hand": {"2019-12-31": "178.00000", "2018-12-31": "36.00000", "2017-12-31": "41.00000", "2016-12-31": "91.00000", "2015-12-31": "427.00000", "2014-12-31": "482.00000", "2013-12-31": ""}, "Receivables": {"2019-12-31": "1092.00000", "2018-12-31": "1148.00000", "2017-12-31": "1050.00000", "2016-12-31": "1144.00000", "2015-12-31": "1044.00000", "2014-12-31": "891.00000", "2013-12-31": ""}, "Inventory": {"2019-12-31": "251.00000", "2018-12-31": "235.00000", "2017-12-31": "214.00000", "2016-12-31": "378.00000", "2015-12-31": "405.00000", "2014-12-31": "327.00000", "2013-12-31": ""}, "Pre-Paid Expenses": {"2019-12-31": "", "2018-12-31": "", "2017-12-31": "", "2016-12-31": "", "2015-12-31": "", "2014-12-31": "", "2013-12-31": ""}, "Other Current Assets": {"2019-12-31": "504.00000", "2018-12-31": "544.00000", "2017-12-31": "955.00000", "2016-12-31": "639.00000", "2015-12-31": "592.00000", "2014-12-31": "502.00000", "2013-12-31": ""}, "Total Current Assets": {"2019-12-31": "2025.00000", "2018-12-31": "1963.00000", "2017-12-31": "2260.00000", "2016-12-31": "2252.00000", "2015-12-31": "2474.00000", "2014-12-31": "2202.00000", "2013-12-31": ""}, "Property, Plant, And Equipment": {"2019-12-31": "25218.00000", "2018-12-31": "23459.00000", "2017-12-31": "22669.00000", "2016-12-31": "21548.00000", "2015-12-31": "20711.00000", "2014-12-31": "17133.00000", "2013-12-31": ""}, "Long-Term Investments": {"2019-12-31": "708.00000", "2018-12-31": "424.00000", "2017-12-31": "415.00000", "2016-12-31": "442.00000", "2015-12-31": "449.00000", "2014-12-31": "353.00000", "2013-12-31": ""}, "Goodwill And Intangible Assets": {"2019-12-31": "3433.00000", "2018-12-31": "3450.00000", "2017-12-31": "3455.00000", "2016-12-31": "3662.00000", "2015-12-31": "3671.00000", "2014-12-31": "1930.00000", "2013-12-31": "0.00000"}, "Other Long-Term Assets": {"2019-12-31": "395.00000", "2018-12-31": "225.00000", "2017-12-31": "134.00000", "2016-12-31": "314.00000", "2015-12-31": "124.00000", "2014-12-31": "145.00000", "2013-12-31": ""}, "Total Long-Term Assets": {"2019-12-31": "32321.00000", "2018-12-31": "30204.00000", "2017-12-31": "29411.00000", "2016-12-31": "29057.00000", "2015-12-31": "28269.00000", "2014-12-31": "21960.00000", "2013-12-31": ""}, "Total Assets": {"2019-12-31": "34416.00000", "2018-12-31": "32167.00000", "2017-12-31": "31671.00000", "2016-12-31": "31309.00000", "2015-12-31": "30743.00000", "2014-12-31": "24162.00000", "2013-12-31": "0.00000"}, "Total Current Liabilities": {"2019-12-31": "3587.00000", "2018-12-31": "3004.00000", "2017-12-31": "3114.00000", "2016-12-31": "2712.00000", "2015-12-31": "2035.00000", "2014-12-31": "1772.00000", "2013-12-31": ""}, "Long Term Debt": {"2019-12-31": "6716.00000", "2018-12-31": "5368.00000", "2017-12-31": "5196.00000", "2016-12-31": "4510.00000", "2015-12-31": "4530.00000", "2014-12-31": "2489.00000", "2013-12-31": ""}, "Other Non-Current Liabilities": {"2019-12-31": "4274.00000", "2018-12-31": "4375.00000", "2017-12-31": "4305.00000", "2016-12-31": "2835.00000", "2015-12-31": "3040.00000", "2014-12-31": "2316.00000", "2013-12-31": ""}, "Total Long Term Liabilities": {"2019-12-31": "15243.00000", "2018-12-31": "13760.00000", "2017-12-31": "13461.00000", "2016-12-31": "13389.00000", "2015-12-31": "13642.00000", "2014-12-31": "9913.00000", "2013-12-31": ""}, "Total Liabilities": {"2019-12-31": "18830.00000", "2018-12-31": "16764.00000", "2017-12-31": "16575.00000", "2016-12-31": "16101.00000", "2015-12-31": "15677.00000", "2014-12-31": "11685.00000", "2013-12-31": "0.00000"}, "Common Stock Net": {"2019-12-31": "3.00000", "2018-12-31": "3.00000", "2017-12-31": "3.00000", "2016-12-31": "3.00000", "2015-12-31": "3.00000", "2014-12-31": "3.00000", "2013-12-31": "0.00000"}, "Retained Earnings (Accumulated Deficit)": {"2019-12-31": "1681.00000", "2018-12-31": "1528.00000", "2017-12-31": "1475.00000", "2016-12-31": "1630.00000", "2015-12-31": "1449.00000", "2014-12-31": "1182.00000", "2013-12-31": ""}, "Comprehensive Income": {"2019-12-31": "-95.00000", "2018-12-31": "-72.00000", "2017-12-31": "-46.00000", "2016-12-31": "-86.00000", "2015-12-31": "-52.00000", "2014-12-31": "-99.00000", "2013-12-31": ""}, "Other Share Holders Equity": {"2019-12-31": "", "2018-12-31": "", "2017-12-31": "", "2016-12-31": "", "2015-12-31": "", "2014-12-31": "", "2013-12-31": "0.00000"}, "Share Holder Equity": {"2019-12-31": "15586.00000", "2018-12-31": "15403.00000", "2017-12-31": "15096.00000", "2016-12-31": "15208.00000", "2015-12-31": "15066.00000", "2014-12-31": "12477.00000", "2013-12-31": "0.00000"}, "Total Liabilities And Share Holders Equity": {"2019-12-31": "34416.00000", "2018-12-31": "32167.00000", "2017-12-31": "31671.00000", "2016-12-31": "31309.00000", "2015-12-31": "30743.00000", "2014-12-31": "24162.00000", "2013-12-31": "0.00000"}}, "balance sheet, quarterly": {"Cash On Hand": {"2020-09-30": "101.00000", "2020-06-30": "46.00000", "2020-03-31": "26.00000", "2019-12-31": "178.00000", "2019-09-30": "103.00000", "2019-06-30": "166.00000", "2019-03-31": "33.00000", "2018-12-31": "36.00000", "2018-09-30": "32.00000", "2018-06-30": "52.00000", "2018-03-31": "40.00000", "2017-12-31": "41.00000", "2017-09-30": "27.00000", "2017-06-30": "36.00000", "2017-03-31": "30.00000", "2016-12-31": "91.00000", "2016-09-30": "182.00000", "2016-06-30": "396.00000", "2016-03-31": "403.00000", "2015-12-31": "427.00000", "2015-09-30": "1050.00000", "2015-06-30": "", "2015-03-31": "", "2014-12-31": "", "2014-09-30": "", "2013-12-31": ""}, "Receivables": {"2020-09-30": "1028.00000", "2020-06-30": "973.00000", "2020-03-31": "1081.00000", "2019-12-31": "1092.00000", "2019-09-30": "980.00000", "2019-06-30": "1022.00000", "2019-03-31": "1271.00000", "2018-12-31": "1148.00000", "2018-09-30": "1063.00000", "2018-06-30": "989.00000", "2018-03-31": "1121.00000", "2017-12-31": "1050.00000", "2017-09-30": "960.00000", "2017-06-30": "999.00000", "2017-03-31": "1134.00000", "2016-12-31": "1144.00000", "2016-09-30": "972.00000", "2016-06-30": "960.00000", "2016-03-31": "1028.00000", "2015-12-31": "1044.00000", "2015-09-30": "792.00000", "2015-06-30": "", "2015-03-31": "", "2014-12-31": "", "2014-09-30": "", "2013-12-31": ""}, "Inventory": {"2020-09-30": "257.00000", "2020-06-30": "234.00000", "2020-03-31": "221.00000", "2019-12-31": "251.00000", "2019-09-30": "249.00000", "2019-06-30": "219.00000", "2019-03-31": "194.00000", "2018-12-31": "235.00000", "2018-09-30": "243.00000", "2018-06-30": "210.00000", "2018-03-31": "180.00000", "2017-12-31": "214.00000", "2017-09-30": "392.00000", "2017-06-30": "374.00000", "2017-03-31": "348.00000", "2016-12-31": "378.00000", "2016-09-30": "347.00000", "2016-06-30": "336.00000", "2016-03-31": "324.00000", "2015-12-31": "405.00000", "2015-09-30": "287.00000", "2015-06-30": "", "2015-03-31": "", "2014-12-31": "", "2014-09-30": "", "2013-12-31": ""}, "Pre-Paid Expenses": {"2020-09-30": "", "2020-06-30": "", "2020-03-31": "", "2019-12-31": "", "2019-09-30": "", "2019-06-30": "", "2019-03-31": "", "2018-12-31": "", "2018-09-30": "", "2018-06-30": "", "2018-03-31": "", "2017-12-31": "", "2017-09-30": "", "2017-06-30": "", "2017-03-31": "", "2016-12-31": "", "2016-09-30": "", "2016-06-30": "", "2016-03-31": "", "2015-12-31": "", "2015-09-30": "", "2015-06-30": "", "2015-03-31": "", "2014-12-31": "", "2014-09-30": "", "2013-12-31": ""}, "Other Current Assets": {"2020-09-30": "537.00000", "2020-06-30": "460.00000", "2020-03-31": "568.00000", "2019-12-31": "504.00000", "2019-09-30": "548.00000", "2019-06-30": "396.00000", "2019-03-31": "500.00000", "2018-12-31": "544.00000", "2018-09-30": "625.00000", "2018-06-30": "449.00000", "2018-03-31": "640.00000", "2017-12-31": "955.00000", "2017-09-30": "642.00000", "2017-06-30": "523.00000", "2017-03-31": "586.00000", "2016-12-31": "639.00000", "2016-09-30": "652.00000", "2016-06-30": "539.00000", "2016-03-31": "568.00000", "2015-12-31": "592.00000", "2015-09-30": "501.00000", "2015-06-30": "", "2015-03-31": "", "2014-12-31": "", "2014-09-30": "", "2013-12-31": ""}, "Total Current Assets": {"2020-09-30": "1923.00000", "2020-06-30": "1713.00000", "2020-03-31": "1896.00000", "2019-12-31": "2025.00000", "2019-09-30": "1880.00000", "2019-06-30": "1803.00000", "2019-03-31": "1998.00000", "2018-12-31": "1963.00000", "2018-09-30": "1963.00000", "2018-06-30": "1700.00000", "2018-03-31": "1981.00000", "2017-12-31": "2260.00000", "2017-09-30": "2021.00000", "2017-06-30": "1932.00000", "2017-03-31": "2098.00000", "2016-12-31": "2252.00000", "2016-09-30": "2153.00000", "2016-06-30": "2235.00000", "2016-03-31": "2323.00000", "2015-12-31": "2474.00000", "2015-09-30": "2706.00000", "2015-06-30": "", "2015-03-31": "", "2014-12-31": "", "2014-09-30": "", "2013-12-31": ""}, "Property, Plant, And Equipment": {"2020-09-30": "26432.00000", "2020-06-30": "25882.00000", "2020-03-31": "25488.00000", "2019-12-31": "25218.00000", "2019-09-30": "24750.00000", "2019-06-30": "24373.00000", "2019-03-31": "23555.00000", "2018-12-31": "23459.00000", "2018-09-30": "23125.00000", "2018-06-30": "22917.00000", "2018-03-31": "22757.00000", "2017-12-31": "22669.00000", "2017-09-30": "22682.00000", "2017-06-30": "22290.00000", "2017-03-31": "21797.00000", "2016-12-31": "21548.00000", "2016-09-30": "21124.00000", "2016-06-30": "20830.00000", "2016-03-31": "20698.00000", "2015-12-31": "20711.00000", "2015-09-30": "17029.00000", "2015-06-30": "", "2015-03-31": "", "2014-12-31": "", "2014-09-30": "", "2013-12-31": ""}, "Long-Term Investments": {"2020-09-30": "729.00000", "2020-06-30": "721.00000", "2020-03-31": "711.00000", "2019-12-31": "708.00000", "2019-09-30": "760.00000", "2019-06-30": "563.00000", "2019-03-31": "538.00000", "2018-12-31": "424.00000", "2018-09-30": "415.00000", "2018-06-30": "427.00000", "2018-03-31": "411.00000", "2017-12-31": "415.00000", "2017-09-30": "467.00000", "2017-06-30": "450.00000", "2017-03-31": "441.00000", "2016-12-31": "442.00000", "2016-09-30": "425.00000", "2016-06-30": "425.00000", "2016-03-31": "420.00000", "2015-12-31": "449.00000", "2015-09-30": "311.00000", "2015-06-30": "", "2015-03-31": "", "2014-12-31": "", "2014-09-30": "", "2013-12-31": ""}, "Goodwill And Intangible Assets": {"2020-09-30": "3426.00000", "2020-06-30": "3429.00000", "2020-03-31": "3432.00000", "2019-12-31": "3433.00000", "2019-09-30": "3443.00000", "2019-06-30": "3445.00000", "2019-03-31": "3448.00000", "2018-12-31": "3450.00000", "2018-09-30": "3453.00000", "2018-06-30": "3454.00000", "2018-03-31": "3454.00000", "2017-12-31": "3455.00000", "2017-09-30": "3648.00000", "2017-06-30": "3655.00000", "2017-03-31": "3658.00000", "2016-12-31": "3662.00000", "2016-09-30": "3654.00000", "2016-06-30": "3660.00000", "2016-03-31": "3661.00000", "2015-12-31": "3671.00000", "2015-09-30": "1902.00000", "2015-06-30": "0.00000", "2015-03-31": "0.00000", "2014-12-31": "", "2014-09-30": "0.00000", "2013-12-31": "0.00000"}, "Other Long-Term Assets": {"2020-09-30": "471.00000", "2020-06-30": "466.00000", "2020-03-31": "431.00000", "2019-12-31": "395.00000", "2019-09-30": "141.00000", "2019-06-30": "326.00000", "2019-03-31": "376.00000", "2018-12-31": "225.00000", "2018-09-30": "164.00000", "2018-06-30": "156.00000", "2018-03-31": "146.00000", "2017-12-31": "134.00000", "2017-09-30": "147.00000", "2017-06-30": "145.00000", "2017-03-31": "291.00000", "2016-12-31": "314.00000", "2016-09-30": "143.00000", "2016-06-30": "120.00000", "2016-03-31": "131.00000", "2015-12-31": "124.00000", "2015-09-30": "180.00000", "2015-06-30": "", "2015-03-31": "", "2014-12-31": "", "2014-09-30": "", "2013-12-31": ""}, "Total Long-Term Assets": {"2020-09-30": "33649.00000", "2020-06-30": "33077.00000", "2020-03-31": "32630.00000", "2019-12-31": "32321.00000", "2019-09-30": "31594.00000", "2019-06-30": "31261.00000", "2019-03-31": "30529.00000", "2018-12-31": "30204.00000", "2018-09-30": "29792.00000", "2018-06-30": "29676.00000", "2018-03-31": "29502.00000", "2017-12-31": "29411.00000", "2017-09-30": "29900.00000", "2017-06-30": "29553.00000", "2017-03-31": "29298.00000", "2016-12-31": "29057.00000", "2016-09-30": "28456.00000", "2016-06-30": "28176.00000", "2016-03-31": "28216.00000", "2015-12-31": "28269.00000", "2015-09-30": "21691.00000", "2015-06-30": "", "2015-03-31": "", "2014-12-31": "", "2014-09-30": "", "2013-12-31": ""}, "Total Assets": {"2020-09-30": "35640.00000", "2020-06-30": "34856.00000", "2020-03-31": "34593.00000", "2019-12-31": "34416.00000", "2019-09-30": "33547.00000", "2019-06-30": "33141.00000", "2019-03-31": "32608.00000", "2018-12-31": "32167.00000", "2018-09-30": "31755.00000", "2018-06-30": "31376.00000", "2018-03-31": "31483.00000", "2017-12-31": "31671.00000", "2017-09-30": "31921.00000", "2017-06-30": "31485.00000", "2017-03-31": "31396.00000", "2016-12-31": "31309.00000", "2016-09-30": "30609.00000", "2016-06-30": "30411.00000", "2016-03-31": "30539.00000", "2015-12-31": "30743.00000", "2015-09-30": "24397.00000", "2015-06-30": "0.00000", "2015-03-31": "0.00000", "2014-12-31": "0.00000", "2014-09-30": "0.00000", "2013-12-31": "0.00000"}, "Total Current Liabilities": {"2020-09-30": "4184.00000", "2020-06-30": "3235.00000", "2020-03-31": "3447.00000", "2019-12-31": "3587.00000", "2019-09-30": "2848.00000", "2019-06-30": "2812.00000", "2019-03-31": "3153.00000", "2018-12-31": "3004.00000", "2018-09-30": "2911.00000", "2018-06-30": "2340.00000", "2018-03-31": "2716.00000", "2017-12-31": "3114.00000", "2017-09-30": "2934.00000", "2017-06-30": "2472.00000", "2017-03-31": "2588.00000", "2016-12-31": "2712.00000", "2016-09-30": "2153.00000", "2016-06-30": "1922.00000", "2016-03-31": "1821.00000", "2015-12-31": "2035.00000", "2015-09-30": "1499.00000", "2015-06-30": "", "2015-03-31": "", "2014-12-31": "", "2014-09-30": "", "2013-12-31": ""}, "Long Term Debt": {"2020-09-30": "7081.00000", "2020-06-30": "7159.00000", "2020-03-31": "6715.00000", "2019-12-31": "6716.00000", "2019-09-30": "6718.00000", "2019-06-30": "6282.00000", "2019-03-31": "5487.00000", "2018-12-31": "5368.00000", "2018-09-30": "5096.00000", "2018-06-30": "5261.00000", "2018-03-31": "5160.00000", "2017-12-31": "5196.00000", "2017-09-30": "4767.00000", "2017-06-30": "4773.00000", "2017-03-31": "4507.00000", "2016-12-31": "4510.00000", "2016-09-30": "4399.00000", "2016-06-30": "4507.00000", "2016-03-31": "4519.00000", "2015-12-31": "4530.00000", "2015-09-30": "2794.00000", "2015-06-30": "", "2015-03-31": "", "2014-12-31": "", "2014-09-30": "", "2013-12-31": ""}, "Other Non-Current Liabilities": {"2020-09-30": "4414.00000", "2020-06-30": "4384.00000", "2020-03-31": "4306.00000", "2019-12-31": "4274.00000", "2019-09-30": "4419.00000", "2019-06-30": "4451.00000", "2019-03-31": "4432.00000", "2018-12-31": "4375.00000", "2018-09-30": "4325.00000", "2018-06-30": "4348.00000", "2018-03-31": "4305.00000", "2017-12-31": "4305.00000", "2017-09-30": "2808.00000", "2017-06-30": "2818.00000", "2017-03-31": "2837.00000", "2016-12-31": "2835.00000", "2016-09-30": "2872.00000", "2016-06-30": "2798.00000", "2016-03-31": "2928.00000", "2015-12-31": "3040.00000", "2015-09-30": "2375.00000", "2015-06-30": "", "2015-03-31": "", "2014-12-31": "", "2014-09-30": "", "2013-12-31": ""}, "Total Long Term Liabilities": {"2020-09-30": "15602.00000", "2020-06-30": "15705.00000", "2020-03-31": "15238.00000", "2019-12-31": "15243.00000", "2019-09-30": "15181.00000", "2019-06-30": "14780.00000", "2019-03-31": "13999.00000", "2018-12-31": "13760.00000", "2018-09-30": "13389.00000", "2018-06-30": "13568.00000", "2018-03-31": "13448.00000", "2017-12-31": "13461.00000", "2017-09-30": "13770.00000", "2017-06-30": "13772.00000", "2017-03-31": "13556.00000", "2016-12-31": "13389.00000", "2016-09-30": "13405.00000", "2016-06-30": "13424.00000", "2016-03-31": "13594.00000", "2015-12-31": "13642.00000", "2015-09-30": "10251.00000", "2015-06-30": "", "2015-03-31": "", "2014-12-31": "", "2014-09-30": "", "2013-12-31": ""}, "Total Liabilities": {"2020-09-30": "19786.00000", "2020-06-30": "18940.00000", "2020-03-31": "18685.00000", "2019-12-31": "18830.00000", "2019-09-30": "18029.00000", "2019-06-30": "17592.00000", "2019-03-31": "17152.00000", "2018-12-31": "16764.00000", "2018-09-30": "16300.00000", "2018-06-30": "15908.00000", "2018-03-31": "16164.00000", "2017-12-31": "16575.00000", "2017-09-30": "16704.00000", "2017-06-30": "16244.00000", "2017-03-31": "16144.00000", "2016-12-31": "16101.00000", "2016-09-30": "15558.00000", "2016-06-30": "15346.00000", "2016-03-31": "15415.00000", "2015-12-31": "15677.00000", "2015-09-30": "11750.00000", "2015-06-30": "0.00000", "2015-03-31": "0.00000", "2014-12-31": "", "2014-09-30": "0.00000", "2013-12-31": "0.00000"}, "Common Stock Net": {"2020-09-30": "3.00000", "2020-06-30": "3.00000", "2020-03-31": "3.00000", "2019-12-31": "3.00000", "2019-09-30": "3.00000", "2019-06-30": "3.00000", "2019-03-31": "3.00000", "2018-12-31": "3.00000", "2018-09-30": "3.00000", "2018-06-30": "3.00000", "2018-03-31": "3.00000", "2017-12-31": "3.00000", "2017-09-30": "3.00000", "2017-06-30": "3.00000", "2017-03-31": "3.00000", "2016-12-31": "3.00000", "2016-09-30": "3.00000", "2016-06-30": "3.00000", "2016-03-31": "3.00000", "2015-12-31": "3.00000", "2015-09-30": "", "2015-06-30": "0.00000", "2015-03-31": "0.00000", "2014-12-31": "", "2014-09-30": "0.00000", "2013-12-31": "0.00000"}, "Retained Earnings (Accumulated Deficit)": {"2020-09-30": "1684.00000", "2020-06-30": "1733.00000", "2020-03-31": "1784.00000", "2019-12-31": "1681.00000", "2019-09-30": "1599.00000", "2019-06-30": "1594.00000", "2019-03-31": "1620.00000", "2018-12-31": "1528.00000", "2018-09-30": "1536.00000", "2018-06-30": "1550.00000", "2018-03-31": "1579.00000", "2017-12-31": "1475.00000", "2017-09-30": "1605.00000", "2017-06-30": "1639.00000", "2017-03-31": "1649.00000", "2016-12-31": "1630.00000", "2016-09-30": "1471.00000", "2016-06-30": "1496.00000", "2016-03-31": "1527.00000", "2015-12-31": "1449.00000", "2015-09-30": "1332.00000", "2015-06-30": "", "2015-03-31": "", "2014-12-31": "", "2014-09-30": "", "2013-12-31": ""}, "Comprehensive Income": {"2020-09-30": "-114.00000", "2020-06-30": "-108.00000", "2020-03-31": "-116.00000", "2019-12-31": "-95.00000", "2019-09-30": "-99.00000", "2019-06-30": "-109.00000", "2019-03-31": "-111.00000", "2018-12-31": "-72.00000", "2018-09-30": "-55.00000", "2018-06-30": "-61.00000", "2018-03-31": "-57.00000", "2017-12-31": "-46.00000", "2017-09-30": "-54.00000", "2017-06-30": "-62.00000", "2017-03-31": "-61.00000", "2016-12-31": "-86.00000", "2016-09-30": "-84.00000", "2016-06-30": "-94.00000", "2016-03-31": "-72.00000", "2015-12-31": "-52.00000", "2015-09-30": "-79.00000", "2015-06-30": "", "2015-03-31": "", "2014-12-31": "", "2014-09-30": "", "2013-12-31": ""}, "Other Share Holders Equity": {"2020-09-30": "", "2020-06-30": "", "2020-03-31": "", "2019-12-31": "", "2019-09-30": "", "2019-06-30": "", "2019-03-31": "", "2018-12-31": "", "2018-09-30": "", "2018-06-30": "", "2018-03-31": "", "2017-12-31": "", "2017-09-30": "", "2017-06-30": "", "2017-03-31": "", "2016-12-31": "", "2016-09-30": "", "2016-06-30": "", "2016-03-31": "", "2015-12-31": "", "2015-09-30": "", "2015-06-30": "0.00000", "2015-03-31": "0.00000", "2014-12-31": "", "2014-09-30": "0.00000", "2013-12-31": "0.00000"}, "Share Holder Equity": {"2020-09-30": "15854.00000", "2020-06-30": "15916.00000", "2020-03-31": "15908.00000", "2019-12-31": "15586.00000", "2019-09-30": "15518.00000", "2019-06-30": "15549.00000", "2019-03-31": "15456.00000", "2018-12-31": "15403.00000", "2018-09-30": "15455.00000", "2018-06-30": "15468.00000", "2018-03-31": "15319.00000", "2017-12-31": "15096.00000", "2017-09-30": "15217.00000", "2017-06-30": "15241.00000", "2017-03-31": "15252.00000", "2016-12-31": "15208.00000", "2016-09-30": "15051.00000", "2016-06-30": "15065.00000", "2016-03-31": "15124.00000", "2015-12-31": "15066.00000", "2015-09-30": "12647.00000", "2015-06-30": "0.00000", "2015-03-31": "0.00000", "2014-12-31": "", "2014-09-30": "0.00000", "2013-12-31": "0.00000"}, "Total Liabilities And Share Holders Equity": {"2020-09-30": "35640.00000", "2020-06-30": "34856.00000", "2020-03-31": "34593.00000", "2019-12-31": "34416.00000", "2019-09-30": "33547.00000", "2019-06-30": "33141.00000", "2019-03-31": "32608.00000", "2018-12-31": "32167.00000", "2018-09-30": "31755.00000", "2018-06-30": "31376.00000", "2018-03-31": "31483.00000", "2017-12-31": "31671.00000", "2017-09-30": "31921.00000", "2017-06-30": "31485.00000", "2017-03-31": "31396.00000", "2016-12-31": "31309.00000", "2016-09-30": "30609.00000", "2016-06-30": "30411.00000", "2016-03-31": "30539.00000", "2015-12-31": "30743.00000", "2015-09-30": "24397.00000", "2015-06-30": "0.00000", "2015-03-31": "0.00000", "2014-12-31": "", "2014-09-30": "0.00000", "2013-12-31": "0.00000"}}, "cash flow statement": {"Net Income/Loss": {"2019-12-31": "676.00000", "2018-12-31": "598.00000", "2017-12-31": "382.00000", "2016-12-31": "632.00000", "2015-12-31": "273.00000", "2014-12-31": "424.00000", "2013-12-31": "-50.00000"}, "Total Depreciation And Amortization - Cash Flow": {"2019-12-31": "998.00000", "2018-12-31": "928.00000", "2017-12-31": "886.00000", "2016-12-31": "825.00000", "2015-12-31": "799.00000", "2014-12-31": "593.00000", "2013-12-31": "592.00000"}, "Other Non-Cash Items": {"2019-12-31": "-12.00000", "2018-12-31": "291.00000", "2017-12-31": "511.00000", "2016-12-31": "442.00000", "2015-12-31": "275.00000", "2014-12-31": "283.00000", "2013-12-31": "816.00000"}, "Total Non-Cash Items": {"2019-12-31": "986.00000", "2018-12-31": "1219.00000", "2017-12-31": "1397.00000", "2016-12-31": "1267.00000", "2015-12-31": "1074.00000", "2014-12-31": "876.00000", "2013-12-31": "1408.00000"}, "Change In Accounts Receivable": {"2019-12-31": "", "2018-12-31": "", "2017-12-31": "", "2016-12-31": "-158.00000", "2015-12-31": "160.00000", "2014-12-31": "-1.00000", "2013-12-31": "56.00000"}, "Change In Inventories": {"2019-12-31": "", "2018-12-31": "", "2017-12-31": "", "2016-12-31": "46.00000", "2015-12-31": "4.00000", "2014-12-31": "58.00000", "2013-12-31": "-1.00000"}, "Change In Accounts Payable": {"2019-12-31": "", "2018-12-31": "", "2017-12-31": "", "2016-12-31": "184.00000", "2015-12-31": "-10.00000", "2014-12-31": "27.00000", "2013-12-31": "-208.00000"}, "Change In Assets/Liabilities": {"2019-12-31": "-69.00000", "2018-12-31": "-26.00000", "2017-12-31": "-16.00000", "2016-12-31": "-410.00000", "2015-12-31": "-138.00000", "2014-12-31": "-53.00000", "2013-12-31": "-28.00000"}, "Total Change In Assets/Liabilities": {"2019-12-31": "-69.00000", "2018-12-31": "-26.00000", "2017-12-31": "-16.00000", "2016-12-31": "-338.00000", "2015-12-31": "16.00000", "2014-12-31": "31.00000", "2013-12-31": "-181.00000"}, "Cash Flow From Operating Activities": {"2019-12-31": "1593.00000", "2018-12-31": "1791.00000", "2017-12-31": "1763.00000", "2016-12-31": "1561.00000", "2015-12-31": "1363.00000", "2014-12-31": "1331.00000", "2013-12-31": "1177.00000"}, "Net Change In Property, Plant, And Equipment": {"2019-12-31": "-2722.00000", "2018-12-31": "-1769.00000", "2017-12-31": "-2404.00000", "2016-12-31": "-1657.00000", "2015-12-31": "-1082.00000", "2014-12-31": "-1030.00000", "2013-12-31": "-942.00000"}, "Net Change In Intangible Assets": {"2019-12-31": "", "2018-12-31": "", "2017-12-31": "", "2016-12-31": "", "2015-12-31": "", "2014-12-31": "", "2013-12-31": ""}, "Net Acquisitions/Divestitures": {"2019-12-31": "", "2018-12-31": "", "2017-12-31": "", "2016-12-31": "", "2015-12-31": "-547.00000", "2014-12-31": "", "2013-12-31": ""}, "Net Change In Short-term Investments": {"2019-12-31": "108.00000", "2018-12-31": "186.00000", "2017-12-31": "", "2016-12-31": "57.00000", "2015-12-31": "3.00000", "2014-12-31": "31.00000", "2013-12-31": ""}, "Net Change In Long-Term Investments": {"2019-12-31": "-176.00000", "2018-12-31": "-45.00000", "2017-12-31": "2.00000", "2016-12-31": "-8.00000", "2015-12-31": "47.00000", "2014-12-31": "35.00000", "2013-12-31": "19.00000"}, "Net Change In Investments - Total": {"2019-12-31": "-68.00000", "2018-12-31": "141.00000", "2017-12-31": "2.00000", "2016-12-31": "49.00000", "2015-12-31": "50.00000", "2014-12-31": "66.00000", "2013-12-31": "19.00000"}, "Investing Activities - Other": {"2019-12-31": "77.00000", "2018-12-31": "64.00000", "2017-12-31": "61.00000", "2016-12-31": "81.00000", "2015-12-31": "61.00000", "2014-12-31": "76.00000", "2013-12-31": "55.00000"}, "Cash Flow From Investing Activities": {"2019-12-31": "-2713.00000", "2018-12-31": "-1564.00000", "2017-12-31": "-2341.00000", "2016-12-31": "-1527.00000", "2015-12-31": "-1518.00000", "2014-12-31": "-888.00000", "2013-12-31": "-868.00000"}, "Net Long-Term Debt": {"2019-12-31": "1764.00000", "2018-12-31": "367.00000", "2017-12-31": "550.00000", "2016-12-31": "126.00000", "2015-12-31": "197.00000", "2014-12-31": "-48.00000", "2013-12-31": "-69.00000"}, "Net Current Debt": {"2019-12-31": "-28.00000", "2018-12-31": "-201.00000", "2017-12-31": "625.00000", "2016-12-31": "-2.00000", "2015-12-31": "10.00000", "2014-12-31": "-14.00000", "2013-12-31": "-165.00000"}, "Debt Issuance/Retirement Net - Total": {"2019-12-31": "1736.00000", "2018-12-31": "166.00000", "2017-12-31": "1175.00000", "2016-12-31": "124.00000", "2015-12-31": "207.00000", "2014-12-31": "-62.00000", "2013-12-31": "-234.00000"}, "Net Common Equity Issued/Repurchased": {"2019-12-31": "", "2018-12-31": "-6.00000", "2017-12-31": "-4.00000", "2016-12-31": "-7.00000", "2015-12-31": "", "2014-12-31": "", "2013-12-31": ""}, "Net Total Equity Issued/Repurchased": {"2019-12-31": "", "2018-12-31": "-6.00000", "2017-12-31": "-4.00000", "2016-12-31": "-7.00000", "2015-12-31": "", "2014-12-31": "", "2013-12-31": ""}, "Total Common And Preferred Stock Dividends Paid": {"2019-12-31": "-545.00000", "2018-12-31": "-537.00000", "2017-12-31": "-535.00000", "2016-12-31": "-401.00000", "2015-12-31": "", "2014-12-31": "", "2013-12-31": ""}, "Financial Activities - Other": {"2019-12-31": "70.00000", "2018-12-31": "147.00000", "2017-12-31": "-108.00000", "2016-12-31": "-88.00000", "2015-12-31": "-105.00000", "2014-12-31": "-118.00000", "2013-12-31": "90.00000"}, "Cash Flow From Financial Activities": {"2019-12-31": "1261.00000", "2018-12-31": "-230.00000", "2017-12-31": "528.00000", "2016-12-31": "-372.00000", "2015-12-31": "102.00000", "2014-12-31": "-180.00000", "2013-12-31": "-144.00000"}, "Net Cash Flow": {"2019-12-31": "141.00000", "2018-12-31": "-3.00000", "2017-12-31": "-50.00000", "2016-12-31": "-338.00000", "2015-12-31": "-53.00000", "2014-12-31": "263.00000", "2013-12-31": "165.00000"}, "Stock-Based Compensation": {"2019-12-31": "", "2018-12-31": "", "2017-12-31": "", "2016-12-31": "1.00000", "2015-12-31": "6.00000", "2014-12-31": "5.00000", "2013-12-31": ""}, "Common Stock Dividends Paid": {"2019-12-31": "-545.00000", "2018-12-31": "-537.00000", "2017-12-31": "-535.00000", "2016-12-31": "-401.00000", "2015-12-31": "", "2014-12-31": "", "2013-12-31": ""}}, "cash flow statement, quarterly": {"Net Income/Loss": {"2020-09-30": 81, "2020-06-30": 76, "2020-03-31": "230.00000", "2019-12-31": 216, "2019-09-30": 139, "2019-06-30": 105, "2019-03-31": "216.00000", "2018-12-31": 116, "2018-09-30": 134, "2018-06-30": 110, "2018-03-31": "238.00000", "2017-12-31": -77, "2017-09-30": 100, "2017-06-30": 120, "2017-03-31": "239.00000", "2016-12-31": 209, "2016-09-30": 109, "2016-06-30": 102, "2016-03-31": "212.00000", "2015-12-31": 102, "2015-09-30": 54, "2015-06-30": 11, "2015-03-31": "106.00000", "2014-12-31": 97, "2014-09-30": 377, "2013-12-31": -50}, "Total Depreciation And Amortization - Cash Flow": {"2020-09-30": 216, "2020-06-30": 263, "2020-03-31": "269.00000", "2019-12-31": 317, "2019-09-30": 205, "2019-06-30": 240, "2019-03-31": "236.00000", "2018-12-31": 230, "2018-09-30": 243, "2018-06-30": 231, "2018-03-31": "224.00000", "2017-12-31": 228, "2017-09-30": 229, "2017-06-30": 211, "2017-03-31": "218.00000", "2016-12-31": 92, "2016-09-30": 247, "2016-06-30": 247, "2016-03-31": "239.00000", "2015-12-31": 198, "2015-09-30": 190, "2015-06-30": 246, "2015-03-31": "165.00000", "2014-12-31": 151, "2014-09-30": -152, "2013-12-31": 592}, "Other Non-Cash Items": {"2020-09-30": 74, "2020-06-30": 12, "2020-03-31": "22.00000", "2019-12-31": -138, "2019-09-30": 140, "2019-06-30": -56, "2019-03-31": "42.00000", "2018-12-31": 76, "2018-09-30": 54, "2018-06-30": 73, "2018-03-31": "88.00000", "2017-12-31": 315, "2017-09-30": 30, "2017-06-30": 80, "2017-03-31": "86.00000", "2016-12-31": 50, "2016-09-30": 80, "2016-06-30": 166, "2016-03-31": "146.00000", "2015-12-31": 151, "2015-09-30": 21, "2015-06-30": -54, "2015-03-31": "157.00000", "2014-12-31": -179, "2014-09-30": 179, "2013-12-31": 0}, "Total Non-Cash Items": {"2020-09-30": 290, "2020-06-30": 275, "2020-03-31": "291.00000", "2019-12-31": 179, "2019-09-30": 345, "2019-06-30": 184, "2019-03-31": "278.00000", "2018-12-31": 306, "2018-09-30": 297, "2018-06-30": 304, "2018-03-31": "312.00000", "2017-12-31": 543, "2017-09-30": 259, "2017-06-30": 291, "2017-03-31": "304.00000", "2016-12-31": 142, "2016-09-30": 327, "2016-06-30": 413, "2016-03-31": "385.00000", "2015-12-31": 349, "2015-09-30": 211, "2015-06-30": 192, "2015-03-31": "322.00000", "2014-12-31": -28, "2014-09-30": 27, "2013-12-31": 592}, "Change In Accounts Receivable": {"2020-09-30": 0, "2020-06-30": 0, "2020-03-31": "", "2019-12-31": 0, "2019-09-30": 0, "2019-06-30": 0, "2019-03-31": "", "2018-12-31": 0, "2018-09-30": 0, "2018-06-30": 0, "2018-03-31": "", "2017-12-31": -179, "2017-09-30": 36, "2017-06-30": 132, "2017-03-31": "11.00000", "2016-12-31": -230, "2016-09-30": -13, "2016-06-30": 69, "2016-03-31": "16.00000", "2015-12-31": 61, "2015-09-30": 8, "2015-06-30": 72, "2015-03-31": "19.00000", "2014-12-31": -106, "2014-09-30": 106, "2013-12-31": 0}, "Change In Inventories": {"2020-09-30": 0, "2020-06-30": 0, "2020-03-31": "", "2019-12-31": 0, "2019-09-30": 0, "2019-06-30": 0, "2019-03-31": "", "2018-12-31": 0, "2018-09-30": 0, "2018-06-30": 0, "2018-03-31": "", "2017-12-31": 33, "2017-09-30": -19, "2017-06-30": -25, "2017-03-31": "11.00000", "2016-12-31": -13, "2016-09-30": -6, "2016-06-30": -10, "2016-03-31": "75.00000", "2015-12-31": -36, "2015-09-30": -33, "2015-06-30": -57, "2015-03-31": "130.00000", "2014-12-31": -9, "2014-09-30": 9, "2013-12-31": 0}, "Change In Accounts Payable": {"2020-09-30": 0, "2020-06-30": 0, "2020-03-31": "", "2019-12-31": 0, "2019-09-30": 0, "2019-06-30": 0, "2019-03-31": "", "2018-12-31": 0, "2018-09-30": 0, "2018-06-30": 0, "2018-03-31": "", "2017-12-31": 105, "2017-09-30": 63, "2017-06-30": -13, "2017-03-31": "-155.00000", "2016-12-31": 132, "2016-09-30": 64, "2016-06-30": 96, "2016-03-31": "-108.00000", "2015-12-31": 63, "2015-09-30": 58, "2015-06-30": -53, "2015-03-31": "-78.00000", "2014-12-31": 37, "2014-09-30": -37, "2013-12-31": 0}, "Change In Assets/Liabilities": {"2020-09-30": -163, "2020-06-30": 226, "2020-03-31": "-214.00000", "2019-12-31": -46, "2019-09-30": -57, "2019-06-30": 213, "2019-03-31": "-179.00000", "2018-12-31": 52, "2018-09-30": -97, "2018-06-30": -28, "2018-03-31": "47.00000", "2017-12-31": 16, "2017-09-30": -42, "2017-06-30": -21, "2017-03-31": "31.00000", "2016-12-31": 107, "2016-09-30": -173, "2016-06-30": -160, "2016-03-31": "-184.00000", "2015-12-31": -139, "2015-09-30": -117, "2015-06-30": 157, "2015-03-31": "-39.00000", "2014-12-31": -130, "2014-09-30": 130, "2013-12-31": 0}, "Total Change In Assets/Liabilities": {"2020-09-30": -163, "2020-06-30": 226, "2020-03-31": "-214.00000", "2019-12-31": -46, "2019-09-30": -57, "2019-06-30": 213, "2019-03-31": "-179.00000", "2018-12-31": 52, "2018-09-30": -97, "2018-06-30": -28, "2018-03-31": "47.00000", "2017-12-31": -25, "2017-09-30": 38, "2017-06-30": 73, "2017-03-31": "-102.00000", "2016-12-31": -4, "2016-09-30": -128, "2016-06-30": -5, "2016-03-31": "-201.00000", "2015-12-31": -51, "2015-09-30": -84, "2015-06-30": 119, "2015-03-31": "32.00000", "2014-12-31": -173, "2014-09-30": 389, "2013-12-31": -181}, "Cash Flow From Operating Activities": {"2020-09-30": 208, "2020-06-30": 577, "2020-03-31": "307.00000", "2019-12-31": 349, "2019-09-30": 427, "2019-06-30": 502, "2019-03-31": "315.00000", "2018-12-31": 474, "2018-09-30": 334, "2018-06-30": 386, "2018-03-31": "597.00000", "2017-12-31": 441, "2017-09-30": 397, "2017-06-30": 484, "2017-03-31": "441.00000", "2016-12-31": 347, "2016-09-30": 308, "2016-06-30": 510, "2016-03-31": "396.00000", "2015-12-31": 400, "2015-09-30": 181, "2015-06-30": 322, "2015-03-31": "460.00000", "2014-12-31": 177, "2014-09-30": -23, "2013-12-31": 1177}, "Net Change In Property, Plant, And Equipment": {"2020-09-30": -611, "2020-06-30": -601, "2020-03-31": "-736.00000", "2019-12-31": -690, "2019-09-30": -697, "2019-06-30": -913, "2019-03-31": "-422.00000", "2018-12-31": -728, "2018-09-30": -426, "2018-06-30": -283, "2018-03-31": "-332.00000", "2017-12-31": -709, "2017-09-30": -629, "2017-06-30": -542, "2017-03-31": "-524.00000", "2016-12-31": -671, "2016-09-30": -355, "2016-06-30": -355, "2016-03-31": "-276.00000", "2015-12-31": -412, "2015-09-30": -140, "2015-06-30": -166, "2015-03-31": "-364.00000", "2014-12-31": -255, "2014-09-30": 167, "2013-12-31": -942}, "Net Change In Intangible Assets": {"2020-09-30": 0, "2020-06-30": 0, "2020-03-31": "", "2019-12-31": 0, "2019-09-30": 0, "2019-06-30": 0, "2019-03-31": "", "2018-12-31": 0, "2018-09-30": 0, "2018-06-30": 0, "2018-03-31": "", "2017-12-31": 0, "2017-09-30": 0, "2017-06-30": 0, "2017-03-31": "", "2016-12-31": 0, "2016-09-30": 0, "2016-06-30": 0, "2016-03-31": "", "2015-12-31": 0, "2015-09-30": 0, "2015-06-30": 0, "2015-03-31": "", "2014-12-31": 0, "2014-09-30": 0, "2013-12-31": 0}, "Net Acquisitions/Divestitures": {"2020-09-30": 0, "2020-06-30": 0, "2020-03-31": "", "2019-12-31": 0, "2019-09-30": 0, "2019-06-30": 0, "2019-03-31": "", "2018-12-31": 0, "2018-09-30": 0, "2018-06-30": 0, "2018-03-31": "", "2017-12-31": 0, "2017-09-30": 0, "2017-06-30": 0, "2017-03-31": "", "2016-12-31": 0, "2016-09-30": 0, "2016-06-30": 0, "2016-03-31": "", "2015-12-31": -547, "2015-09-30": 0, "2015-06-30": 0, "2015-03-31": "", "2014-12-31": 1, "2014-09-30": 30, "2013-12-31": 0}, "Net Change In Short-term Investments": {"2020-09-30": 0, "2020-06-30": 0, "2020-03-31": "", "2019-12-31": 108, "2019-09-30": 0, "2019-06-30": 0, "2019-03-31": "", "2018-12-31": 186, "2018-09-30": 0, "2018-06-30": 0, "2018-03-31": "", "2017-12-31": 0, "2017-09-30": -5, "2017-06-30": 5, "2017-03-31": "", "2016-12-31": 0, "2016-09-30": 0, "2016-06-30": 3, "2016-03-31": "54.00000", "2015-12-31": 0, "2015-09-30": 0, "2015-06-30": 3, "2015-03-31": "", "2014-12-31": 0, "2014-09-30": 0, "2013-12-31": 0}, "Net Change In Long-Term Investments": {"2020-09-30": 0, "2020-06-30": 0, "2020-03-31": "", "2019-12-31": -176, "2019-09-30": 0, "2019-06-30": 0, "2019-03-31": "", "2018-12-31": -45, "2018-09-30": 0, "2018-06-30": 0, "2018-03-31": "", "2017-12-31": 9, "2017-09-30": 0, "2017-06-30": -9, "2017-03-31": "2.00000", "2016-12-31": -7, "2016-09-30": 7, "2016-06-30": -12, "2016-03-31": "4.00000", "2015-12-31": 19, "2015-09-30": 11, "2015-06-30": 4, "2015-03-31": "13.00000", "2014-12-31": -4, "2014-09-30": 4, "2013-12-31": 0}, "Net Change In Investments - Total": {"2020-09-30": 0, "2020-06-30": 0, "2020-03-31": "", "2019-12-31": -68, "2019-09-30": 0, "2019-06-30": 0, "2019-03-31": "", "2018-12-31": 141, "2018-09-30": 0, "2018-06-30": 0, "2018-03-31": "", "2017-12-31": 9, "2017-09-30": -5, "2017-06-30": -4, "2017-03-31": "2.00000", "2016-12-31": -7, "2016-09-30": 7, "2016-06-30": -9, "2016-03-31": "58.00000", "2015-12-31": 19, "2015-09-30": 11, "2015-06-30": 7, "2015-03-31": "13.00000", "2014-12-31": 50, "2014-09-30": -15, "2013-12-31": 19}, "Investing Activities - Other": {"2020-09-30": 7, "2020-06-30": -2, "2020-03-31": "-13.00000", "2019-12-31": 201, "2019-09-30": -7, "2019-06-30": -13, "2019-03-31": "-104.00000", "2018-12-31": 56, "2018-09-30": -1, "2018-06-30": 0, "2018-03-31": "9.00000", "2017-12-31": 26, "2017-09-30": 12, "2017-06-30": 15, "2017-03-31": "8.00000", "2016-12-31": 16, "2016-09-30": 20, "2016-06-30": 28, "2016-03-31": "17.00000", "2015-12-31": 35, "2015-09-30": 8, "2015-06-30": 18, "2015-03-31": "", "2014-12-31": 20, "2014-09-30": -18, "2013-12-31": 55}, "Cash Flow From Investing Activities": {"2020-09-30": -604, "2020-06-30": -603, "2020-03-31": "-749.00000", "2019-12-31": -557, "2019-09-30": -704, "2019-06-30": -926, "2019-03-31": "-526.00000", "2018-12-31": -531, "2018-09-30": -427, "2018-06-30": -283, "2018-03-31": "-323.00000", "2017-12-31": -674, "2017-09-30": -622, "2017-06-30": -531, "2017-03-31": "-514.00000", "2016-12-31": -662, "2016-09-30": -328, "2016-06-30": -336, "2016-03-31": "-201.00000", "2015-12-31": -905, "2015-09-30": -121, "2015-06-30": -141, "2015-03-31": "-351.00000", "2014-12-31": -184, "2014-09-30": 164, "2013-12-31": -868}, "Net Long-Term Debt": {"2020-09-30": 214, "2020-06-30": 239, "2020-03-31": "-4.00000", "2019-12-31": 497, "2019-09-30": 298, "2019-06-30": 839, "2019-03-31": "130.00000", "2018-12-31": 121, "2018-09-30": -2, "2018-06-30": 258, "2018-03-31": "-10.00000", "2017-12-31": 353, "2017-09-30": -43, "2017-06-30": 271, "2017-03-31": "-31.00000", "2016-12-31": 215, "2016-09-30": -40, "2016-06-30": -6, "2016-03-31": "-43.00000", "2015-12-31": -80, "2015-09-30": 10, "2015-06-30": 117, "2015-03-31": "150.00000", "2014-12-31": 46, "2014-09-30": -46, "2013-12-31": 0}, "Net Current Debt": {"2020-09-30": 374, "2020-06-30": -120, "2020-03-31": "187.00000", "2019-12-31": -60, "2019-09-30": 86, "2019-06-30": -265, "2019-03-31": "211.00000", "2018-12-31": 87, "2018-09-30": 251, "2018-06-30": -415, "2018-03-31": "-124.00000", "2017-12-31": 55, "2017-09-30": 412, "2017-06-30": -47, "2017-03-31": "205.00000", "2016-12-31": 157, "2016-09-30": 1, "2016-06-30": 0, "2016-03-31": "-160.00000", "2015-12-31": 10, "2015-09-30": 0, "2015-06-30": 59, "2015-03-31": "-59.00000", "2014-12-31": -9, "2014-09-30": 160, "2013-12-31": -165}, "Debt Issuance/Retirement Net - Total": {"2020-09-30": 588, "2020-06-30": 119, "2020-03-31": "183.00000", "2019-12-31": 437, "2019-09-30": 384, "2019-06-30": 574, "2019-03-31": "341.00000", "2018-12-31": 208, "2018-09-30": 249, "2018-06-30": -157, "2018-03-31": "-134.00000", "2017-12-31": 408, "2017-09-30": 369, "2017-06-30": 224, "2017-03-31": "174.00000", "2016-12-31": 372, "2016-09-30": -39, "2016-06-30": -6, "2016-03-31": "-203.00000", "2015-12-31": -70, "2015-09-30": 10, "2015-06-30": 176, "2015-03-31": "91.00000", "2014-12-31": 3, "2014-09-30": 18, "2013-12-31": -69}, "Net Common Equity Issued/Repurchased": {"2020-09-30": 0, "2020-06-30": -3, "2020-03-31": "", "2019-12-31": 0, "2019-09-30": 0, "2019-06-30": 0, "2019-03-31": "", "2018-12-31": 0, "2018-09-30": 0, "2018-06-30": -4, "2018-03-31": "-2.00000", "2017-12-31": 0, "2017-09-30": 0, "2017-06-30": -3, "2017-03-31": "-1.00000", "2016-12-31": -1, "2016-09-30": 0, "2016-06-30": -6, "2016-03-31": "", "2015-12-31": 0, "2015-09-30": 0, "2015-06-30": 0, "2015-03-31": "", "2014-12-31": 0, "2014-09-30": 0, "2013-12-31": 0}, "Net Total Equity Issued/Repurchased": {"2020-09-30": 0, "2020-06-30": -3, "2020-03-31": "", "2019-12-31": 0, "2019-09-30": 0, "2019-06-30": 0, "2019-03-31": "", "2018-12-31": 0, "2018-09-30": 0, "2018-06-30": -4, "2018-03-31": "-2.00000", "2017-12-31": 0, "2017-09-30": 0, "2017-06-30": -3, "2017-03-31": "-1.00000", "2016-12-31": -1, "2016-09-30": 0, "2016-06-30": -6, "2016-03-31": "", "2015-12-31": 0, "2015-09-30": 0, "2015-06-30": 0, "2015-03-31": "", "2014-12-31": 0, "2014-09-30": 0, "2013-12-31": 0}, "Total Common And Preferred Stock Dividends Paid": {"2020-09-30": -136, "2020-06-30": -136, "2020-03-31": "-136.00000", "2019-12-31": -137, "2019-09-30": -136, "2019-06-30": -137, "2019-03-31": "-135.00000", "2018-12-31": -136, "2018-09-30": -134, "2018-06-30": -133, "2018-03-31": "-134.00000", "2017-12-31": -134, "2017-09-30": -133, "2017-06-30": -134, "2017-03-31": "-134.00000", "2016-12-31": -134, "2016-09-30": -133, "2016-06-30": -134, "2016-03-31": "", "2015-12-31": 0, "2015-09-30": 0, "2015-06-30": 0, "2015-03-31": "", "2014-12-31": 0, "2014-09-30": 0, "2013-12-31": 0}, "Financial Activities - Other": {"2020-09-30": -1, "2020-06-30": 65, "2020-03-31": "243.00000", "2019-12-31": -16, "2019-09-30": -35, "2019-06-30": 121, "2019-03-31": "", "2018-12-31": -12, "2018-09-30": -39, "2018-06-30": 203, "2018-03-31": "-5.00000", "2017-12-31": -29, "2017-09-30": -19, "2017-06-30": -33, "2017-03-31": "-27.00000", "2016-12-31": -13, "2016-09-30": -22, "2016-06-30": -36, "2016-03-31": "-17.00000", "2015-12-31": -46, "2015-09-30": -5, "2015-06-30": -27, "2015-03-31": "-27.00000", "2014-12-31": -23, "2014-09-30": -185, "2013-12-31": 90}, "Cash Flow From Financial Activities": {"2020-09-30": 451, "2020-06-30": 45, "2020-03-31": "290.00000", "2019-12-31": 284, "2019-09-30": 213, "2019-06-30": 558, "2019-03-31": "206.00000", "2018-12-31": 60, "2018-09-30": 76, "2018-06-30": -91, "2018-03-31": "-275.00000", "2017-12-31": 245, "2017-09-30": 217, "2017-06-30": 54, "2017-03-31": "12.00000", "2016-12-31": 224, "2016-09-30": -194, "2016-06-30": -182, "2016-03-31": "-220.00000", "2015-12-31": -116, "2015-09-30": 5, "2015-06-30": 149, "2015-03-31": "64.00000", "2014-12-31": -34, "2014-09-30": -2, "2013-12-31": -144}, "Net Cash Flow": {"2020-09-30": 55, "2020-06-30": 19, "2020-03-31": "-152.00000", "2019-12-31": 76, "2019-09-30": -64, "2019-06-30": 134, "2019-03-31": "-5.00000", "2018-12-31": 3, "2018-09-30": -17, "2018-06-30": 12, "2018-03-31": "-1.00000", "2017-12-31": 12, "2017-09-30": -8, "2017-06-30": 7, "2017-03-31": "-61.00000", "2016-12-31": -91, "2016-09-30": -214, "2016-06-30": -8, "2016-03-31": "-25.00000", "2015-12-31": -621, "2015-09-30": 65, "2015-06-30": 330, "2015-03-31": "173.00000", "2014-12-31": -41, "2014-09-30": 139, "2013-12-31": 165}, "Stock-Based Compensation": {"2020-09-30": 0, "2020-06-30": 0, "2020-03-31": "", "2019-12-31": 0, "2019-09-30": 0, "2019-06-30": 0, "2019-03-31": "", "2018-12-31": 0, "2018-09-30": 0, "2018-06-30": 0, "2018-03-31": "", "2017-12-31": 0, "2017-09-30": -4, "2017-06-30": 3, "2017-03-31": "1.00000", "2016-12-31": 0, "2016-09-30": 1, "2016-06-30": -1, "2016-03-31": "1.00000", "2015-12-31": 6, "2015-09-30": 0, "2015-06-30": 0, "2015-03-31": "", "2014-12-31": 0, "2014-09-30": 0, "2013-12-31": 0}, "Common Stock Dividends Paid": {"2020-09-30": -136, "2020-06-30": -136, "2020-03-31": "-136.00000", "2019-12-31": -137, "2019-09-30": -136, "2019-06-30": -137, "2019-03-31": "-135.00000", "2018-12-31": -136, "2018-09-30": -134, "2018-06-30": -133, "2018-03-31": "-134.00000", "2017-12-31": -134, "2017-09-30": -133, "2017-06-30": -134, "2017-03-31": "-134.00000", "2016-12-31": -134, "2016-09-30": -133, "2016-06-30": -134, "2016-03-31": "", "2015-12-31": 0, "2015-09-30": 0, "2015-06-30": 0, "2015-03-31": "", "2014-12-31": 0, "2014-09-30": 0, "2013-12-31": 0}}, "financial ratios": {"Current Ratio": {"2019-12-31": "0.56450", "2018-12-31": "0.65350", "2017-12-31": "0.72580", "2016-12-31": "0.83040", "2015-12-31": "1.21570", "2014-12-31": "1.24270", "2013-12-31": ""}, "Long-term Debt / Capital": {"2019-12-31": "0.30110", "2018-12-31": "0.25840", "2017-12-31": "0.25610", "2016-12-31": "0.22870", "2015-12-31": "0.23120", "2014-12-31": "0.16630", "2013-12-31": ""}, "Debt/Equity Ratio": {"2019-12-31": "0.51370", "2018-12-31": "0.41220", "2017-12-31": "0.40840", "2016-12-31": "0.33010", "2015-12-31": "0.32520", "2014-12-31": "0.21130", "2013-12-31": ""}, "Gross Margin": {"2019-12-31": "76.19120", "2018-12-31": "74.48290", "2017-12-31": "77.56160", "2016-12-31": "78.63080", "2015-12-31": "77.74220", "2014-12-31": "74.29260", "2013-12-31": "74.77390"}, "Operating Margin": {"2019-12-31": "15.82520", "2018-12-31": "17.39740", "2017-12-31": "8.46890", "2016-12-31": "19.84050", "2015-12-31": "11.74720", "2014-12-31": "19.26430", "2013-12-31": "4.15020"}, "EBIT Margin": {"2019-12-31": "15.82520", "2018-12-31": "17.39740", "2017-12-31": "8.46890", "2016-12-31": "19.84050", "2015-12-31": "11.74720", "2014-12-31": "19.26430", "2013-12-31": "4.15020"}, "EBITDA Margin": {"2019-12-31": "31.57150", "2018-12-31": "31.72280", "2017-12-31": "23.32720", "2016-12-31": "33.54940", "2015-12-31": "30.04350", "2014-12-31": "32.17240", "2013-12-31": "17.87620"}, "Pre-Tax Profit Margin": {"2019-12-31": "12.92210", "2018-12-31": "11.85550", "2017-12-31": "2.06270", "2016-12-31": "16.76640", "2015-12-31": "6.91550", "2014-12-31": "15.36790", "2013-12-31": "-0.34780"}, "Net Profit Margin": {"2019-12-31": "11.04450", "2018-12-31": "9.18490", "2017-12-31": "6.38940", "2016-12-31": "10.50180", "2015-12-31": "6.25140", "2014-12-31": "9.22940", "2013-12-31": "-1.18250"}, "Asset Turnover": {"2019-12-31": "0.18420", "2018-12-31": "0.20140", "2017-12-31": "0.18830", "2016-12-31": "0.19220", "2015-12-31": "0.14200", "2014-12-31": "0.19010", "2013-12-31": ""}, "Inventory Turnover Ratio": {"2019-12-31": "6.01200", "2018-12-31": "7.03400", "2017-12-31": "6.25230", "2016-12-31": "3.40210", "2015-12-31": "2.40000", "2014-12-31": "3.61160", "2013-12-31": ""}, "Receiveable Turnover": {"2019-12-31": "5.80400", "2018-12-31": "5.64290", "2017-12-31": "5.67900", "2016-12-31": "5.26050", "2015-12-31": "4.18300", "2014-12-31": "5.15600", "2013-12-31": ""}, "Days Sales In Receivables": {"2019-12-31": "62.88730", "2018-12-31": "64.68360", "2017-12-31": "64.27130", "2016-12-31": "69.38520", "2015-12-31": "87.25900", "2014-12-31": "70.79130", "2013-12-31": ""}, "ROE - Return On Equity": {"2019-12-31": "4.33720", "2018-12-31": "3.88240", "2017-12-31": "2.53050", "2016-12-31": "4.15570", "2015-12-31": "1.81200", "2014-12-31": "3.39830", "2013-12-31": ""}, "Return On Tangible Equity": {"2019-12-31": "5.56240", "2018-12-31": "5.00290", "2017-12-31": "3.28150", "2016-12-31": "5.47380", "2015-12-31": "2.39580", "2014-12-31": "4.02010", "2013-12-31": ""}, "ROA - Return On Assets": {"2019-12-31": "1.96420", "2018-12-31": "1.85900", "2017-12-31": "1.20620", "2016-12-31": "2.01860", "2015-12-31": "0.88800", "2014-12-31": "1.75480", "2013-12-31": ""}, "ROI - Return On Investment": {"2019-12-31": "3.03110", "2018-12-31": "2.87900", "2017-12-31": "1.88250", "2016-12-31": "3.20520", "2015-12-31": "1.39310", "2014-12-31": "2.83310", "2013-12-31": ""}, "Book Value Per Share": {"2019-12-31": "50.43930", "2018-12-31": "49.84710", "2017-12-31": "48.85360", "2016-12-31": "49.21790", "2015-12-31": "48.77860", "2014-12-31": "49.46580", "2013-12-31": ""}, "Operating Cash Flow Per Share": {"2019-12-31": -0.636, "2018-12-31": 0.0895, "2017-12-31": 0.6548, "2016-12-31": -0.3149, "2015-12-31": 0.0766, "2014-12-31": 0.6105, "2013-12-31": 4.6663}, "Free Cash Flow Per Share": {"2019-12-31": -3.7186, "2018-12-31": 2.141, "2017-12-31": -1.7601, "2016-12-31": -1.4136, "2015-12-31": -0.0896, "2014-12-31": 0.2616, "2013-12-31": 0.9317}}, "financial ratios, quarterly": {"Current Ratio": {"2020-09-30": "0.45960", "2020-06-30": "0.52950", "2020-03-31": "0.55000", "2019-12-31": "0.56450", "2019-09-30": "0.66010", "2019-06-30": "0.64120", "2019-03-31": "0.63370", "2018-12-31": "0.65350", "2018-09-30": "0.67430", "2018-06-30": "0.72650", "2018-03-31": "0.72940", "2017-12-31": "0.72580", "2017-09-30": "0.68880", "2017-06-30": "0.78160", "2017-03-31": "0.81070", "2016-12-31": "0.83040", "2016-09-30": "1.00000", "2016-06-30": "1.16290", "2016-03-31": "1.27570", "2015-12-31": "1.21570", "2015-09-30": "1.80520", "2015-06-30": "", "2015-03-31": "", "2014-12-31": "", "2014-09-30": "", "2013-12-31": ""}, "Long-term Debt / Capital": {"2020-09-30": "0.30870", "2020-06-30": "0.31020", "2020-03-31": "0.29680", "2019-12-31": "0.30110", "2019-09-30": "0.30210", "2019-06-30": "0.28780", "2019-03-31": "0.26200", "2018-12-31": "0.25840", "2018-09-30": "0.24800", "2018-06-30": "0.25380", "2018-03-31": "0.25200", "2017-12-31": "0.25610", "2017-09-30": "0.23850", "2017-06-30": "0.23850", "2017-03-31": "0.22810", "2016-12-31": "0.22870", "2016-09-30": "0.22620", "2016-06-30": "0.23030", "2016-03-31": "0.23010", "2015-12-31": "0.23120", "2015-09-30": "0.18090", "2015-06-30": "", "2015-03-31": "", "2014-12-31": "", "2014-09-30": "", "2013-12-31": ""}, "Debt/Equity Ratio": {"2020-09-30": "0.56110", "2020-06-30": "0.52210", "2020-03-31": "0.51470", "2019-12-31": "0.51370", "2019-09-30": "0.48790", "2019-06-30": "0.46230", "2019-03-31": "0.42770", "2018-12-31": "0.41220", "2018-09-30": "0.39590", "2018-06-30": "0.37960", "2018-03-31": "0.39400", "2017-12-31": "0.40840", "2017-09-30": "0.37890", "2017-06-30": "0.35420", "2017-03-31": "0.34090", "2016-12-31": "0.33010", "2016-09-30": "0.30490", "2016-06-30": "0.31050", "2016-03-31": "0.31000", "2015-12-31": "0.32520", "2015-09-30": "0.23460", "2015-06-30": "", "2015-03-31": "", "2014-12-31": "", "2014-09-30": "", "2013-12-31": ""}, "Gross Margin": {"2020-09-30": "82.38100", "2020-06-30": "80.96270", "2020-03-31": "73.44890", "2019-12-31": "74.64260", "2019-09-30": "81.23740", "2019-06-30": "81.50000", "2019-03-31": "69.43540", "2018-12-31": "72.61260", "2018-09-30": "77.87840", "2018-06-30": "80.09990", "2018-03-31": "69.11530", "2017-12-31": "75.14680", "2017-09-30": "81.35720", "2017-06-30": "81.81820", "2017-03-31": "73.54950", "2016-12-31": "78.20260", "2016-09-30": "77.99720", "2016-06-30": "84.64210", "2016-03-31": "74.37130", "2015-12-31": "81.09280", "2015-09-30": "79.86640", "2015-06-30": "83.91910", "2015-03-31": "68.05220", "2014-12-31": "", "2014-09-30": "79.22610", "2013-12-31": ""}, "Operating Margin": {"2020-09-30": "11.22450", "2020-06-30": "11.13510", "2020-03-31": "18.27840", "2019-12-31": "13.42450", "2019-09-30": "16.07260", "2019-06-30": "14.78570", "2019-03-31": "18.51250", "2018-12-31": "14.95500", "2018-09-30": "16.36480", "2018-06-30": "15.83450", "2018-03-31": "21.60860", "2017-12-31": "-25.57080", "2017-09-30": "16.25650", "2017-06-30": "18.93310", "2017-03-31": "24.28900", "2016-12-31": "20.52310", "2016-09-30": "15.30320", "2016-06-30": "22.37670", "2016-03-31": "20.89820", "2015-12-31": "7.19860", "2015-09-30": "15.36260", "2015-06-30": "7.77420", "2015-03-31": "15.97390", "2014-12-31": "", "2014-09-30": "15.58050", "2013-12-31": ""}, "EBIT Margin": {"2020-09-30": "11.22450", "2020-06-30": "11.13510", "2020-03-31": "18.27840", "2019-12-31": "13.42450", "2019-09-30": "16.07260", "2019-06-30": "14.78570", "2019-03-31": "18.51250", "2018-12-31": "14.95500", "2018-09-30": "16.36480", "2018-06-30": "15.83450", "2018-03-31": "21.60860", "2017-12-31": "-25.57080", "2017-09-30": "16.25650", "2017-06-30": "18.93310", "2017-03-31": "24.28900", "2016-12-31": "20.52310", "2016-09-30": "15.30320", "2016-06-30": "22.37670", "2016-03-31": "20.89820", "2015-12-31": "7.19860", "2015-09-30": "15.36260", "2015-06-30": "7.77420", "2015-03-31": "15.97390", "2014-12-31": "", "2014-09-30": "15.58050", "2013-12-31": ""}, "EBITDA Margin": {"2020-09-30": "", "2020-06-30": "", "2020-03-31": "", "2019-12-31": "", "2019-09-30": "", "2019-06-30": "", "2019-03-31": "", "2018-12-31": "", "2018-09-30": "", "2018-06-30": "", "2018-03-31": "", "2017-12-31": "", "2017-09-30": "", "2017-06-30": "", "2017-03-31": "", "2016-12-31": "", "2016-09-30": "", "2016-06-30": "", "2016-03-31": "", "2015-12-31": "", "2015-09-30": "", "2015-06-30": "", "2015-03-31": "", "2014-12-31": "", "2014-09-30": "", "2013-12-31": ""}, "Pre-Tax Profit Margin": {"2020-09-30": "6.53060", "2020-06-30": "5.02870", "2020-03-31": "13.52710", "2019-12-31": "15.91050", "2019-09-30": "11.56690", "2019-06-30": "9.57140", "2019-03-31": "13.95220", "2018-12-31": "9.48950", "2018-09-30": "10.54330", "2018-06-30": "9.77180", "2018-03-31": "16.62200", "2017-12-31": "-33.59430", "2017-09-30": "9.84340", "2017-06-30": "12.32160", "2017-03-31": "19.45390", "2016-12-31": "17.23680", "2016-09-30": "11.42450", "2016-06-30": "19.04100", "2016-03-31": "18.92220", "2015-12-31": "2.42840", "2015-09-30": "10.49620", "2015-06-30": "1.70390", "2015-03-31": "12.06190", "2014-12-31": "", "2014-09-30": "10.38700", "2013-12-31": ""}, "Net Profit Margin": {"2020-09-30": "5.91840", "2020-06-30": "6.32180", "2020-03-31": "13.41530", "2019-12-31": "13.85950", "2019-09-30": "10.08740", "2019-06-30": "7.85710", "2019-03-31": "11.78070", "2018-12-31": "7.14710", "2018-09-30": "8.08540", "2018-06-30": "7.63200", "2018-03-31": "13.08310", "2017-12-31": "-5.02280", "2017-09-30": "7.38260", "2017-06-30": "9.01580", "2017-03-31": "13.59500", "2016-12-31": "14.01740", "2016-09-30": "7.68690", "2016-06-30": "7.08830", "2016-03-31": "12.69460", "2015-12-31": "8.84650", "2015-09-30": "5.15270", "2015-06-30": "1.17150", "2015-03-31": "8.63900", "2014-12-31": "", "2014-09-30": "6.51730", "2013-12-31": ""}, "Asset Turnover": {"2020-09-30": "0.04120", "2020-06-30": "0.03990", "2020-03-31": "0.05170", "2019-12-31": "0.04680", "2019-09-30": "0.04430", "2019-06-30": "0.04220", "2019-03-31": "0.05650", "2018-12-31": "0.05180", "2018-09-30": "0.04870", "2018-06-30": "0.04470", "2018-03-31": "0.05920", "2017-12-31": "0.04840", "2017-09-30": "0.04200", "2017-06-30": "0.04230", "2017-03-31": "0.05600", "2016-12-31": "0.04760", "2016-09-30": "0.04630", "2016-06-30": "0.04730", "2016-03-31": "0.05470", "2015-12-31": "0.03750", "2015-09-30": "0.04300", "2015-06-30": "", "2015-03-31": "", "2014-12-31": "", "2014-09-30": "", "2013-12-31": ""}, "Inventory Turnover Ratio": {"2020-09-30": "1.00780", "2020-06-30": "1.13250", "2020-03-31": "2.14930", "2019-12-31": "1.62550", "2019-09-30": "1.12050", "2019-06-30": "1.18260", "2019-03-31": "2.90210", "2018-12-31": "1.94040", "2018-09-30": "1.40740", "2018-06-30": "1.32860", "2018-03-31": "3.20000", "2017-12-31": "1.78040", "2017-09-30": "0.63780", "2017-06-30": "0.64710", "2017-03-31": "1.33620", "2016-12-31": "0.85980", "2016-09-30": "0.89910", "2016-06-30": "0.65770", "2016-03-31": "1.32100", "2015-12-31": "0.53830", "2015-09-30": "0.73520", "2015-06-30": "", "2015-03-31": "", "2014-12-31": "", "2014-09-30": "", "2013-12-31": ""}, "Receiveable Turnover": {"2020-09-30": "1.43000", "2020-06-30": "1.43060", "2020-03-31": "1.65490", "2019-12-31": "1.47340", "2019-09-30": "1.51730", "2019-06-30": "1.36990", "2019-03-31": "1.44930", "2018-12-31": "1.45030", "2018-09-30": "1.45440", "2018-06-30": "1.41760", "2018-03-31": "1.66370", "2017-12-31": "1.46000", "2017-09-30": "1.39690", "2017-06-30": "1.33230", "2017-03-31": "1.55030", "2016-12-31": "1.30330", "2016-09-30": "1.45880", "2016-06-30": "1.49900", "2016-03-31": "1.62450", "2015-12-31": "1.10440", "2015-09-30": "1.32320", "2015-06-30": "", "2015-03-31": "", "2014-12-31": "", "2014-09-30": "", "2013-12-31": ""}, "Days Sales In Receivables": {"2020-09-30": "62.93880", "2020-06-30": "62.90950", "2020-03-31": "54.38230", "2019-12-31": "61.08140", "2019-09-30": "59.31410", "2019-06-30": "65.70000", "2019-03-31": "62.10100", "2018-12-31": "62.05410", "2018-09-30": "61.88230", "2018-06-30": "63.48790", "2018-03-31": "54.09650", "2017-12-31": "61.64380", "2017-09-30": "64.42950", "2017-06-30": "67.55070", "2017-03-31": "58.05460", "2016-12-31": "69.05430", "2016-09-30": "61.69250", "2016-06-30": "60.04170", "2016-03-31": "55.40120", "2015-12-31": "81.49180", "2015-09-30": "68.01530", "2015-06-30": "", "2015-03-31": "", "2014-12-31": "", "2014-09-30": "", "2013-12-31": ""}, "ROE - Return On Equity": {"2020-09-30": "0.51090", "2020-06-30": "0.47750", "2020-03-31": "1.44580", "2019-12-31": "1.38590", "2019-09-30": "0.89570", "2019-06-30": "0.67530", "2019-03-31": "1.39750", "2018-12-31": "0.75310", "2018-09-30": "0.86700", "2018-06-30": "0.71110", "2018-03-31": "1.55360", "2017-12-31": "-0.51010", "2017-09-30": "0.65720", "2017-06-30": "0.78730", "2017-03-31": "1.56700", "2016-12-31": "1.37430", "2016-09-30": "0.72420", "2016-06-30": "0.67710", "2016-03-31": "1.40170", "2015-12-31": "0.67700", "2015-09-30": "0.42700", "2015-06-30": "", "2015-03-31": "", "2014-12-31": "", "2014-09-30": "", "2013-12-31": ""}, "Return On Tangible Equity": {"2020-09-30": "0.65180", "2020-06-30": "0.60860", "2020-03-31": "1.84350", "2019-12-31": "1.77730", "2019-09-30": "1.15110", "2019-06-30": "0.86750", "2019-03-31": "1.79880", "2018-12-31": "0.97050", "2018-09-30": "1.11650", "2018-06-30": "0.91560", "2018-03-31": "2.00590", "2017-12-31": "-0.66150", "2017-09-30": "0.86440", "2017-06-30": "1.03570", "2017-03-31": "2.06140", "2016-12-31": "1.81020", "2016-09-30": "0.95640", "2016-06-30": "0.89430", "2016-03-31": "1.84940", "2015-12-31": "0.89510", "2015-09-30": "0.50260", "2015-06-30": "", "2015-03-31": "", "2014-12-31": "", "2014-09-30": "", "2013-12-31": ""}, "ROA - Return On Assets": {"2020-09-30": "0.22730", "2020-06-30": "0.21800", "2020-03-31": "0.66490", "2019-12-31": "0.62760", "2019-09-30": "0.41430", "2019-06-30": "0.31680", "2019-03-31": "0.66240", "2018-12-31": "0.36060", "2018-09-30": "0.42200", "2018-06-30": "0.35060", "2018-03-31": "0.75600", "2017-12-31": "-0.24310", "2017-09-30": "0.31330", "2017-06-30": "0.38110", "2017-03-31": "0.76120", "2016-12-31": "0.66750", "2016-09-30": "0.35610", "2016-06-30": "0.33540", "2016-03-31": "0.69420", "2015-12-31": "0.33180", "2015-09-30": "0.22130", "2015-06-30": "", "2015-03-31": "", "2014-12-31": "", "2014-09-30": "", "2013-12-31": ""}, "ROI - Return On Investment": {"2020-09-30": "0.35320", "2020-06-30": "0.32940", "2020-03-31": "1.01670", "2019-12-31": "0.96850", "2019-09-30": "0.62510", "2019-06-30": "0.48100", "2019-03-31": "1.03140", "2018-12-31": "0.55850", "2018-09-30": "0.65200", "2018-06-30": "0.53070", "2018-03-31": "1.16220", "2017-12-31": "-0.37950", "2017-09-30": "0.50040", "2017-06-30": "0.59960", "2017-03-31": "1.20960", "2016-12-31": "1.05990", "2016-09-30": "0.56040", "2016-06-30": "0.52120", "2016-03-31": "1.07930", "2015-12-31": "0.52050", "2015-09-30": "0.34970", "2015-06-30": "", "2015-03-31": "", "2014-12-31": "", "2014-09-30": "", "2013-12-31": ""}, "Book Value Per Share": {"2020-09-30": "51.30660", "2020-06-30": "51.50730", "2020-03-31": "51.48140", "2019-12-31": "50.43930", "2019-09-30": "50.21930", "2019-06-30": "50.31960", "2019-03-31": "50.01860", "2018-12-31": "49.84710", "2018-09-30": "50.01540", "2018-06-30": "50.05740", "2018-03-31": "49.56230", "2017-12-31": "48.85360", "2017-09-30": "49.24520", "2017-06-30": "49.32280", "2017-03-31": "49.34820", "2016-12-31": "49.21790", "2016-09-30": "48.70810", "2016-06-30": "48.75340", "2016-03-31": "48.92990", "2015-12-31": "48.77860", "2015-09-30": "", "2015-06-30": "", "2015-03-31": "", "2014-12-31": "", "2014-09-30": "", "2013-12-31": ""}, "Operating Cash Flow Per Share": {"2020-09-30": 0.6719, "2020-06-30": 1.8643, "2020-03-31": "0.99150", "2019-12-31": 1.1276, "2019-09-30": 1.3796, "2019-06-30": 1.6225, "2019-03-31": "1.01710", "2018-12-31": 1.5302, "2018-09-30": 1.0788, "2018-06-30": 1.2467, "2018-03-31": "1.92710", "2017-12-31": 1.4261, "2017-09-30": 1.2817, "2017-06-30": 1.5622, "2017-03-31": "1.42330", "2016-12-31": 1.1224, "2016-09-30": 0.9905, "2016-06-30": 1.6474, "2016-03-31": "1.27820", "2015-12-31": 1.5355, "2015-09-30": 0.7176, "2015-06-30": 1.2766, "2015-03-31": "1.82370", "2014-12-31": -4.749, "2014-09-30": 4.749, "2013-12-31": 0}, "Free Cash Flow Per Share": {"2020-09-30": -1.3019, "2020-06-30": -0.0778, "2020-03-31": "-1.38560", "2019-12-31": -1.1017, "2019-09-30": -0.8723, "2019-06-30": -1.3281, "2019-03-31": "-0.34550", "2018-12-31": -0.8202, "2018-09-30": -0.297, "2018-06-30": 0.3328, "2018-03-31": "0.85540", "2017-12-31": -0.866, "2017-09-30": -0.7489, "2017-06-30": -0.1872, "2017-03-31": "-0.26790", "2016-12-31": -1.0454, "2016-09-30": -0.1525, "2016-06-30": 0.5007, "2016-03-31": "0.38730", "2015-12-31": -0.0579, "2015-09-30": 0.1625, "2015-06-30": 0.6185, "2015-03-31": "0.38060", "2014-12-31": -1.5597, "2014-09-30": 1.5597, "2013-12-31": 0}}, "revenue": {"Avangrid Annual Revenue (Millions of US $)": {"2019": "$6,338", "2018": "$6,478", "2017": "$5,963", "2016": "$6,018", "2015": "$4,367", "2014": "$4,594", "2013": "$4,313"}, "Avangrid Quarterly Revenue (Millions of US $)": {"2020-09-30": "$1,470", "2020-06-30": "$1,392", "2020-03-31": "$1,789", "2019-12-31": "$1,609", "2019-09-30": "$1,487", "2019-06-30": "$1,400", "2019-03-31": "$1,842", "2018-12-31": "$1,665", "2018-09-30": "$1,546", "2018-06-30": "$1,402", "2018-03-31": "$1,865", "2017-12-31": "$1,533", "2017-09-30": "$1,341", "2017-06-30": "$1,331", "2017-03-31": "$1,758", "2016-12-31": "$1,491", "2016-09-30": "$1,418", "2016-06-30": "$1,439", "2016-03-31": "$1,670", "2015-12-31": "$1,153", "2015-09-30": "$1,048", "2015-06-30": "$939", "2015-03-31": "$1,227", "2014-12-31": "", "2014-09-30": "$982", "2013-12-31": ""}}, "gross-profit": {"Avangrid Annual Gross Profit (Millions of US $)": {"2019": "$4,829", "2018": "$4,825", "2017": "$4,625", "2016": "$4,732", "2015": "$3,395", "2014": "$3,413", "2013": "$3,225"}, "Avangrid Quarterly Gross Profit (Millions of US $)": {"2020-09-30": "$1,211", "2020-06-30": "$1,127", "2020-03-31": "$1,314", "2019-12-31": "$1,201", "2019-09-30": "$1,208", "2019-06-30": "$1,141", "2019-03-31": "$1,279", "2018-12-31": "$1,209", "2018-09-30": "$1,204", "2018-06-30": "$1,123", "2018-03-31": "$1,289", "2017-12-31": "$1,152", "2017-09-30": "$1,091", "2017-06-30": "$1,089", "2017-03-31": "$1,293", "2016-12-31": "$1,166", "2016-09-30": "$1,106", "2016-06-30": "$1,218", "2016-03-31": "$1,242", "2015-12-31": "$935", "2015-09-30": "$837", "2015-06-30": "$788", "2015-03-31": "$835", "2014-12-31": "", "2014-09-30": "$778", "2013-12-31": ""}}, "operating-income": {"Avangrid Annual Operating Income (Millions of US $)": {"2019": "$1,003", "2018": "$1,127", "2017": "$505", "2016": "$1,194", "2015": "$513", "2014": "$885", "2013": "$179"}, "Avangrid Quarterly Operating Income (Millions of US $)": {"2020-09-30": "$165", "2020-06-30": "$155", "2020-03-31": "$327", "2019-12-31": "$216", "2019-09-30": "$239", "2019-06-30": "$207", "2019-03-31": "$341", "2018-12-31": "$249", "2018-09-30": "$253", "2018-06-30": "$222", "2018-03-31": "$403", "2017-12-31": "$-392", "2017-09-30": "$218", "2017-06-30": "$252", "2017-03-31": "$427", "2016-12-31": "$306", "2016-09-30": "$217", "2016-06-30": "$322", "2016-03-31": "$349", "2015-12-31": "$83", "2015-09-30": "$161", "2015-06-30": "$73", "2015-03-31": "$196", "2014-12-31": "", "2014-09-30": "$153", "2013-12-31": ""}}, "ebitda": {"Avangrid Annual EBITDA (Millions of US $)": {"2019": "$2,001", "2018": "$2,055", "2017": "$1,391", "2016": "$2,019", "2015": "$1,312", "2014": "$1,478", "2013": "$771"}, "Avangrid Quarterly EBITDA (Millions of US $)": {"2020-09-30": "$381", "2020-06-30": "$418", "2020-03-31": "$596", "2019-12-31": "$533", "2019-09-30": "$444", "2019-06-30": "$447", "2019-03-31": "$577", "2018-12-31": "$479", "2018-09-30": "$496", "2018-06-30": "$453", "2018-03-31": "$627", "2017-12-31": "$-164", "2017-09-30": "$447", "2017-06-30": "$463", "2017-03-31": "$645", "2016-12-31": "$398", "2016-09-30": "$464", "2016-06-30": "$569", "2016-03-31": "$588", "2015-12-31": "$281", "2015-09-30": "$351", "2015-06-30": "$319", "2015-03-31": "$361", "2014-12-31": "", "2014-09-30": "$153", "2013-12-31": ""}}, "net-income": {"Avangrid Annual Net Income (Millions of US $)": {"2019": "$700", "2018": "$595", "2017": "$381", "2016": "$632", "2015": "$273", "2014": "$424", "2013": "$-51"}, "Avangrid Quarterly Net Income (Millions of US $)": {"2020-09-30": "$87", "2020-06-30": "$88", "2020-03-31": "$240", "2019-12-31": "$223", "2019-09-30": "$150", "2019-06-30": "$110", "2019-03-31": "$217", "2018-12-31": "$119", "2018-09-30": "$125", "2018-06-30": "$107", "2018-03-31": "$244", "2017-12-31": "$-77", "2017-09-30": "$99", "2017-06-30": "$120", "2017-03-31": "$239", "2016-12-31": "$209", "2016-09-30": "$109", "2016-06-30": "$102", "2016-03-31": "$212", "2015-12-31": "$102", "2015-09-30": "$54", "2015-06-30": "$11", "2015-03-31": "$106", "2014-12-31": "", "2014-09-30": "$64", "2013-12-31": ""}}, "eps-earnings-per-share-diluted": {"Avangrid Annual EPS": {"2019": "$2.26", "2018": "$1.92", "2017": "$1.23", "2016": "$2.04", "2015": "$1.07", "2014": "$1.68", "2013": "$-0.20"}, "Avangrid Quarterly EPS": {"2020-09-30": "$0.28", "2020-06-30": "$0.28", "2020-03-31": "$0.78", "2019-12-31": "$0.72", "2019-09-30": "$0.48", "2019-06-30": "$0.36", "2019-03-31": "$0.70", "2018-12-31": "$0.39", "2018-09-30": "$0.40", "2018-06-30": "$0.34", "2018-03-31": "$0.79", "2017-12-31": "$-0.25", "2017-09-30": "$0.32", "2017-06-30": "$0.39", "2017-03-31": "$0.77", "2016-12-31": "$0.67", "2016-09-30": "$0.35", "2016-06-30": "$0.33", "2016-03-31": "$0.69", "2015-12-31": "$0.39", "2015-09-30": "$0.22", "2015-06-30": "$0.04", "2015-03-31": "$0.42", "2014-12-31": "$0.00", "2014-09-30": "$0.30", "2013-12-31": "$0.00"}}, "shares-outstanding": {"Avangrid Annual Shares Outstanding (Millions of Shares)": {"2019": "310", "2018": "310", "2017": "310", "2016": "310", "2015": "255", "2014": "252", "2013": "252"}, "Avangrid Quarterly Shares Outstanding (Millions of Shares)": {"2020-09-30": "310", "2020-06-30": "310", "2020-03-31": "310", "2019-12-31": "310", "2019-09-30": "310", "2019-06-30": "310", "2019-03-31": "310", "2018-12-31": "310", "2018-09-30": "310", "2018-06-30": "310", "2018-03-31": "310", "2017-12-31": "310", "2017-09-30": "310", "2017-06-30": "310", "2017-03-31": "310", "2016-12-31": "310", "2016-09-30": "310", "2016-06-30": "310", "2016-03-31": "310", "2015-12-31": "255", "2015-09-30": "252", "2015-06-30": "252", "2015-03-31": "252", "2014-12-31": "", "2014-09-30": "243", "2013-12-31": ""}}, "total-assets": {"Avangrid Annual Total Assets (Millions of US $)": {"2019": "$34,416", "2018": "$32,167", "2017": "$31,671", "2016": "$31,309", "2015": "$30,743", "2014": "$24,162", "2013": "$0"}, "Avangrid Quarterly Total Assets (Millions of US $)": {"2020-09-30": "$35,640", "2020-06-30": "$34,856", "2020-03-31": "$34,593", "2019-12-31": "$34,416", "2019-09-30": "$33,547", "2019-06-30": "$33,141", "2019-03-31": "$32,608", "2018-12-31": "$32,167", "2018-09-30": "$31,755", "2018-06-30": "$31,376", "2018-03-31": "$31,483", "2017-12-31": "$31,671", "2017-09-30": "$31,921", "2017-06-30": "$31,485", "2017-03-31": "$31,396", "2016-12-31": "$31,309", "2016-09-30": "$30,609", "2016-06-30": "$30,411", "2016-03-31": "$30,539", "2015-12-31": "$30,743", "2015-09-30": "$24,397", "2015-06-30": "$0", "2015-03-31": "$0", "2014-12-31": "$0", "2014-09-30": "$0", "2013-12-31": "$0"}}, "cash-on-hand": {"Avangrid Annual Cash on Hand (Millions of US $)": {"2019": "$178", "2018": "$36", "2017": "$41", "2016": "$91", "2015": "$427", "2014": "$482", "2013": "$"}, "Avangrid Quarterly Cash on Hand (Millions of US $)": {"2020-09-30": "$101", "2020-06-30": "$46", "2020-03-31": "$26", "2019-12-31": "$178", "2019-09-30": "$103", "2019-06-30": "$166", "2019-03-31": "$33", "2018-12-31": "$36", "2018-09-30": "$32", "2018-06-30": "$52", "2018-03-31": "$40", "2017-12-31": "$41", "2017-09-30": "$27", "2017-06-30": "$36", "2017-03-31": "$30", "2016-12-31": "$91", "2016-09-30": "$182", "2016-06-30": "$396", "2016-03-31": "$403", "2015-12-31": "$427", "2015-09-30": "$1,050", "2015-06-30": "", "2015-03-31": "", "2014-12-31": "", "2014-09-30": "", "2013-12-31": ""}}, "long-term-debt": {"Avangrid Annual Long Term Debt (Millions of US $)": {"2019": "$6,716", "2018": "$5,368", "2017": "$5,196", "2016": "$4,510", "2015": "$4,530", "2014": "$2,489", "2013": "$"}, "Avangrid Quarterly Long Term Debt (Millions of US $)": {"2020-09-30": "$7,081", "2020-06-30": "$7,159", "2020-03-31": "$6,715", "2019-12-31": "$6,716", "2019-09-30": "$6,718", "2019-06-30": "$6,282", "2019-03-31": "$5,487", "2018-12-31": "$5,368", "2018-09-30": "$5,096", "2018-06-30": "$5,261", "2018-03-31": "$5,160", "2017-12-31": "$5,196", "2017-09-30": "$4,767", "2017-06-30": "$4,773", "2017-03-31": "$4,507", "2016-12-31": "$4,510", "2016-09-30": "$4,399", "2016-06-30": "$4,507", "2016-03-31": "$4,519", "2015-12-31": "$4,530", "2015-09-30": "$2,794", "2015-06-30": "", "2015-03-31": "", "2014-12-31": "", "2014-09-30": "", "2013-12-31": ""}}, "total-liabilities": {"Avangrid Annual Total Liabilities (Millions of US $)": {"2019": "$18,830", "2018": "$16,764", "2017": "$16,575", "2016": "$16,101", "2015": "$15,677", "2014": "$11,685", "2013": "$0"}, "Avangrid Quarterly Total Liabilities (Millions of US $)": {"2020-09-30": "$19,786", "2020-06-30": "$18,940", "2020-03-31": "$18,685", "2019-12-31": "$18,830", "2019-09-30": "$18,029", "2019-06-30": "$17,592", "2019-03-31": "$17,152", "2018-12-31": "$16,764", "2018-09-30": "$16,300", "2018-06-30": "$15,908", "2018-03-31": "$16,164", "2017-12-31": "$16,575", "2017-09-30": "$16,704", "2017-06-30": "$16,244", "2017-03-31": "$16,144", "2016-12-31": "$16,101", "2016-09-30": "$15,558", "2016-06-30": "$15,346", "2016-03-31": "$15,415", "2015-12-31": "$15,677", "2015-09-30": "$11,750", "2015-06-30": "$0", "2015-03-31": "$0", "2014-12-31": "", "2014-09-30": "$0", "2013-12-31": "$0"}}, "total-share-holder-equity": {"Avangrid Annual Share Holder Equity (Millions of US $)": {"2019": "$15,586", "2018": "$15,403", "2017": "$15,096", "2016": "$15,208", "2015": "$15,066", "2014": "$12,477", "2013": "$0"}, "Avangrid Quarterly Share Holder Equity (Millions of US $)": {"2020-09-30": "$15,854", "2020-06-30": "$15,916", "2020-03-31": "$15,908", "2019-12-31": "$15,586", "2019-09-30": "$15,518", "2019-06-30": "$15,549", "2019-03-31": "$15,456", "2018-12-31": "$15,403", "2018-09-30": "$15,455", "2018-06-30": "$15,468", "2018-03-31": "$15,319", "2017-12-31": "$15,096", "2017-09-30": "$15,217", "2017-06-30": "$15,241", "2017-03-31": "$15,252", "2016-12-31": "$15,208", "2016-09-30": "$15,051", "2016-06-30": "$15,065", "2016-03-31": "$15,124", "2015-12-31": "$15,066", "2015-09-30": "$12,647", "2015-06-30": "$0", "2015-03-31": "$0", "2014-12-31": "", "2014-09-30": "$0", "2013-12-31": "$0"}}, "profit-margins": {"current": "10.19%"}, "gross margin": {"2020-09-30": "77.52%", "2020-06-30": "77.27%", "2020-03-31": "77.39%", "2019-12-31": "76.19%", "2019-09-30": "75.65%", "2019-06-30": "74.90%", "2019-03-31": "74.59%", "2018-12-31": "74.48%", "2018-09-30": "75.13%", "2018-06-30": "75.80%", "2018-03-31": "76.13%", "2017-12-31": "77.56%", "2017-09-30": "78.35%", "2017-06-30": "77.59%", "2017-03-31": "78.33%", "2016-12-31": "78.63%", "2016-09-30": "79.24%", "2016-06-30": "79.70%", "2016-03-31": "79.04%", "2015-12-31": "77.74%", "2015-06-30": "76.27%"}, "operating margin": {"2020-09-30": "13.79%", "2020-06-30": "14.93%", "2020-03-31": "15.74%", "2019-12-31": "15.83%", "2019-09-30": "16.20%", "2019-06-30": "16.27%", "2019-03-31": "16.50%", "2018-12-31": "17.40%", "2018-09-30": "7.66%", "2018-06-30": "7.34%", "2018-03-31": "7.92%", "2017-12-31": "8.47%", "2017-09-30": "20.32%", "2017-06-30": "20.04%", "2017-03-31": "20.83%", "2016-12-31": "19.84%", "2016-09-30": "17.10%", "2016-06-30": "17.23%", "2016-03-31": "13.85%", "2015-12-31": "11.75%", "2015-06-30": "13.41%"}, "ebitda margin": {"2020-09-30": "30.80%", "2020-06-30": "31.72%", "2020-03-31": "32.14%", "2019-12-31": "31.57%", "2019-09-30": "30.45%", "2019-06-30": "30.98%", "2019-03-31": "31.06%", "2018-12-31": "31.72%", "2018-09-30": "22.25%", "2018-06-30": "22.20%", "2018-03-31": "22.62%", "2017-12-31": "23.33%", "2017-09-30": "32.98%", "2017-06-30": "32.84%", "2017-03-31": "34.00%", "2016-12-31": "33.55%", "2016-09-30": "33.49%", "2016-06-30": "33.69%", "2016-03-31": "32.00%", "2015-12-31": "30.04%", "2015-06-30": "26.46%"}, "pre tax profit margin": {"2020-09-30": "10.61%", "2020-06-30": "11.79%", "2020-03-31": "12.79%", "2019-12-31": "12.92%", "2019-09-30": "11.28%", "2019-06-30": "11.03%", "2019-03-31": "11.08%", "2018-12-31": "11.86%", "2018-09-30": "1.50%", "2018-06-30": "1.04%", "2018-03-31": "1.50%", "2017-12-31": "2.06%", "2017-09-30": "15.12%", "2017-06-30": "15.42%", "2017-03-31": "16.95%", "2016-12-31": "16.77%", "2016-09-30": "13.73%", "2016-06-30": "13.71%", "2016-03-31": "9.77%", "2015-12-31": "6.92%", "2015-06-30": "8.45%"}, "net profit margin": {"2020-09-30": "10.19%", "2020-06-30": "11.17%", "2020-03-31": "11.50%", "2019-12-31": "11.04%", "2019-09-30": "9.32%", "2019-06-30": "8.85%", "2019-03-31": "8.80%", "2018-12-31": "9.18%", "2018-09-30": "6.29%", "2018-06-30": "6.07%", "2018-03-31": "6.36%", "2017-12-31": "6.39%", "2017-09-30": "11.26%", "2017-06-30": "11.29%", "2017-03-31": "10.79%", "2016-12-31": "10.50%", "2016-09-30": "9.24%", "2016-06-30": "8.85%", "2016-03-31": "7.88%", "2015-12-31": "6.25%", "2015-06-30": "5.75%"}, "pe ratio": {"current": "22.36", "2021-02-05": "23.23", "2020-09-30": "24.26", "2020-06-30": "18.23", "2020-03-31": "18.18", "2019-12-31": "21.82", "2019-09-30": "25.99", "2019-06-30": "25.99", "2019-03-31": "25.97", "2018-12-31": "24.40", "2018-09-30": "34.55", "2018-06-30": "40.34", "2018-03-31": "37.08", "2017-12-31": "36.96", "2017-09-30": "19.66", "2017-06-30": "17.89", "2017-03-31": "17.64", "2016-12-31": "16.08", "2016-09-30": "20.56"}, "price sales": {"2021-02-05": "2.37", "2020-09-30": "2.47", "2020-06-30": "2.03", "2020-03-31": "2.10", "2019-12-31": "2.41", "2019-09-30": "2.42", "2019-06-30": "2.29", "2019-03-31": "2.27", "2018-12-31": "2.23", "2018-09-30": "2.16", "2018-06-30": "2.44", "2018-03-31": "2.37", "2017-12-31": "2.36", "2017-09-30": "2.21", "2017-06-30": "2.01", "2017-03-31": "1.90", "2016-12-31": "1.69", "2016-09-30": "1.87"}, "price book": {"current": "0.93", "2021-02-05": "0.93", "2020-09-30": "0.97", "2020-06-30": "0.80", "2020-03-31": "0.83", "2019-12-31": "0.98", "2019-09-30": "0.99", "2019-06-30": "0.95", "2019-03-31": "0.95", "2018-12-31": "0.93", "2018-09-30": "0.88", "2018-06-30": "0.97", "2018-03-31": "0.94", "2017-12-31": "0.93", "2017-09-30": "0.86", "2017-06-30": "0.79", "2017-03-31": "0.76", "2016-12-31": "0.67", "2016-09-30": "0.73", "2016-06-30": "0.80", "2016-03-31": "0.69", "2015-12-31": "0.65"}, "price fcf": {"2021-02-05": "", "2020-09-30": "$-3.87", "2020-06-30": "$-3.44", "2020-03-31": "$-4.69", "2019-12-31": "$-3.65", "2019-09-30": "$-3.37", "2019-06-30": "$-2.79", "2019-03-31": "$-1.13", "2018-12-31": "$0.07", "2018-09-30": "$0.03", "2018-06-30": "$-0.43", "2018-03-31": "$-0.95", "2017-12-31": "$-2.07", "2017-09-30": "$-2.25", "2017-06-30": "$-1.65", "2017-03-31": "$-0.97", "2016-12-31": "$-0.31", "2016-09-30": "$1.84"}, "net worth": {"value": "$14.81B"}, "current ratio": {"current": "0.46", "2020-09-30": "0.46", "2020-06-30": "0.53", "2020-03-31": "0.55", "2019-12-31": "0.57", "2019-09-30": "0.66", "2019-06-30": "0.64", "2019-03-31": "0.63", "2018-12-31": "0.65", "2018-09-30": "0.67", "2018-06-30": "0.73", "2018-03-31": "0.73", "2017-12-31": "0.73", "2017-09-30": "0.69", "2017-06-30": "0.78", "2017-03-31": "0.81", "2016-12-31": "0.83", "2016-09-30": "1.00", "2016-06-30": "1.16", "2016-03-31": "1.28", "2015-12-31": "1.22", "2015-09-30": "1.81", "2015-06-30": "0.00", "2015-03-31": "0.00", "2014-12-31": "0.00", "2014-09-30": "0.00", "2013-12-31": "0.00"}, "quick ratio": {"2020-09-30": "0.40", "2020-06-30": "0.46", "2020-03-31": "0.49", "2019-12-31": "0.50", "2019-09-30": "0.57", "2019-06-30": "0.56", "2019-03-31": "0.57", "2018-12-31": "0.58", "2018-09-30": "0.59", "2018-06-30": "0.64", "2018-03-31": "0.66", "2017-12-31": "0.66", "2017-09-30": "0.56", "2017-06-30": "0.63", "2017-03-31": "0.68", "2016-12-31": "0.69", "2016-09-30": "0.84", "2016-06-30": "0.99", "2016-03-31": "1.10", "2015-12-31": "1.02", "2015-09-30": "1.61", "2015-06-30": "0.00", "2015-03-31": "0.00", "2014-12-31": "0.00", "2014-09-30": "0.00", "2013-12-31": "0.00"}, "debt equity ratio": {"current": "0.45", "2020-09-30": "1.25", "2020-06-30": "1.19", "2020-03-31": "1.18", "2019-12-31": "1.21", "2019-09-30": "1.16", "2019-06-30": "1.13", "2019-03-31": "1.11", "2018-12-31": "1.09", "2018-09-30": "1.06", "2018-06-30": "1.03", "2018-03-31": "1.06", "2017-12-31": "1.10", "2017-09-30": "1.10", "2017-06-30": "1.07", "2017-03-31": "1.06", "2016-12-31": "1.06", "2016-09-30": "1.03", "2016-06-30": "1.02", "2016-03-31": "1.02", "2015-12-31": "1.04", "2015-09-30": "0.93", "2015-06-30": "0.00", "2015-03-31": "0.00", "2014-12-31": "0.00", "2014-09-30": "0.00", "2013-12-31": "0.00"}, "return on equity": {"2020-09-30": "4.03%", "2020-06-30": "4.46%", "2020-03-31": "4.62%", "2019-12-31": "4.51%", "2019-09-30": "3.85%", "2019-06-30": "3.69%", "2019-03-31": "3.68%", "2018-12-31": "3.86%", "2018-09-30": "2.60%", "2018-06-30": "2.44%", "2018-03-31": "2.54%", "2017-12-31": "2.51%", "2017-09-30": "4.38%", "2017-06-30": "4.46%", "2017-03-31": "4.35%", "2016-12-31": "4.18%", "2016-09-30": "3.48%", "2016-06-30": "3.25%", "2016-03-31": "3.54%", "2015-12-31": "3.94%", "2015-06-30": "inf%"}, "return on assets": {"2020-09-30": "1.83%", "2020-06-30": "2.04%", "2020-03-31": "2.13%", "2019-12-31": "2.09%", "2019-09-30": "1.81%", "2019-06-30": "1.76%", "2019-03-31": "1.78%", "2018-12-31": "1.88%", "2018-09-30": "1.26%", "2018-06-30": "1.18%", "2018-03-31": "1.22%", "2017-12-31": "1.21%", "2017-09-30": "2.12%", "2017-06-30": "2.17%", "2017-03-31": "2.13%", "2016-12-31": "2.06%", "2016-09-30": "1.72%", "2016-06-30": "1.62%", "2016-03-31": "1.77%", "2015-12-31": "1.98%", "2015-06-30": "inf%"}, "return on investments": {"2020-09-30": "3.80%", "2020-06-30": "4.15%", "2020-03-31": "4.45%", "2019-12-31": "4.60%", "2019-09-30": "4.83%", "2019-06-30": "4.99%", "2019-03-31": "5.13%", "2018-12-31": "5.46%", "2018-09-30": "2.37%", "2018-06-30": "2.21%", "2018-03-31": "2.38%", "2017-12-31": "2.52%", "2017-09-30": "6.05%", "2017-06-30": "6.09%", "2017-03-31": "6.48%", "2016-12-31": "6.09%", "2016-09-30": "4.96%", "2016-06-30": "4.93%", "2016-03-31": "4.87%", "2015-12-31": "5.86%", "2015-06-30": "inf%"}, "return on tangible equity": {"2020-09-30": "5.15%", "2020-06-30": "5.70%", "2020-03-31": "5.93%", "2019-12-31": "5.79%", "2019-09-30": "4.95%", "2019-06-30": "4.75%", "2019-03-31": "4.74%", "2018-12-31": "4.98%", "2018-09-30": "3.36%", "2018-06-30": "3.17%", "2018-03-31": "3.31%", "2017-12-31": "3.29%", "2017-09-30": "5.76%", "2017-06-30": "5.87%", "2017-03-31": "5.74%", "2016-12-31": "5.52%", "2016-09-30": "4.60%", "2016-06-30": "4.18%", "2016-03-31": "4.51%", "2015-12-31": "4.93%", "2015-06-30": "inf%"}, "dividend yield history": {"last payout": "$1.76", "last yield": "3.68%"}}