{"ticker": "AVB", "price": {"title": "AvalonBay Communities Historical Annual Stock Price Data", "value": 178.93, "historical": {"2021": {"Average Stock Price": "164.8582", "Year Open": "155.5200", "Year High": "178.9300", "Year Low": "155.0700", "Year Close": "178.9300", "Annual % Change": "11.53%"}, "2020": {"Average Stock Price": "167.6957", "Year Open": "207.2400", "Year High": "228.0700", "Year Low": "121.0800", "Year Close": "160.4300", "Annual % Change": "-23.50%"}, "2019": {"Average Stock Price": "204.4116", "Year Open": "169.2000", "Year High": "222.0400", "Year Low": "169.2000", "Year Close": "209.7000", "Annual % Change": "20.48%"}, "2018": {"Average Stock Price": "172.1506", "Year Open": "177.2400", "Year High": "191.6700", "Year Low": "153.9000", "Year Close": "174.0500", "Annual % Change": "-2.44%"}, "2017": {"Average Stock Price": "184.8871", "Year Open": "176.6200", "Year High": "199.1000", "Year Low": "169.6100", "Year Close": "178.4100", "Annual % Change": "0.71%"}, "2016": {"Average Stock Price": "176.3335", "Year Open": "180.7200", "Year High": "191.0000", "Year Low": "159.7500", "Year Close": "177.1500", "Annual % Change": "-3.79%"}, "2015": {"Average Stock Price": "171.9305", "Year Open": "165.8100", "Year High": "185.5400", "Year Low": "159.0800", "Year Close": "184.1300", "Annual % Change": "12.69%"}, "2014": {"Average Stock Price": "142.5592", "Year Open": "118.2400", "Year High": "169.2000", "Year Low": "117.5300", "Year Close": "163.3900", "Annual % Change": "38.20%"}, "2013": {"Average Stock Price": "129.8392", "Year Open": "136.0300", "Year High": "141.4600", "Year Low": "116.8600", "Year Close": "118.2300", "Annual % Change": "-12.80%"}, "2012": {"Average Stock Price": "137.9232", "Year Open": "130.0400", "Year High": "151.0000", "Year Low": "124.2600", "Year Close": "135.5900", "Annual % Change": "3.82%"}, "2011": {"Average Stock Price": "124.1668", "Year Open": "113.8100", "Year High": "139.5100", "Year Low": "109.1600", "Year Close": "130.6000", "Annual % Change": "16.04%"}, "2010": {"Average Stock Price": "98.3547", "Year Open": "81.2000", "Year High": "114.8000", "Year Low": "73.2100", "Year Close": "112.5500", "Annual % Change": "37.07%"}, "2009": {"Average Stock Price": "61.1079", "Year Open": "59.6600", "Year High": "86.5900", "Year Low": "40.1100", "Year Close": "82.1100", "Annual % Change": "35.54%"}, "2008": {"Average Stock Price": "88.6649", "Year Open": "91.3500", "Year High": "107.7000", "Year Low": "42.8000", "Year Close": "60.5800", "Annual % Change": "-35.65%"}, "2007": {"Average Stock Price": "121.0187", "Year Open": "128.7500", "Year High": "148.5200", "Year Low": "91.5600", "Year Close": "94.1400", "Annual % Change": "-27.61%"}, "2006": {"Average Stock Price": "113.1750", "Year Open": "91.4400", "Year High": "134.0000", "Year Low": "91.4400", "Year Close": "130.0500", "Annual % Change": "45.71%"}, "2005": {"Average Stock Price": "78.7766", "Year Open": "74.4000", "Year High": "92.6500", "Year Low": "66.0500", "Year Close": "89.2500", "Annual % Change": "18.53%"}, "2004": {"Average Stock Price": "57.9965", "Year Open": "47.3300", "Year High": "75.3000", "Year Low": "46.9000", "Year Close": "75.3000", "Annual % Change": "57.53%"}, "2003": {"Average Stock Price": "42.9686", "Year Open": "39.4500", "Year High": "49.5500", "Year Low": "35.3900", "Year Close": "47.8000", "Annual % Change": "22.13%"}, "2002": {"Average Stock Price": "44.4137", "Year Open": "47.0900", "Year High": "52.6500", "Year Low": "36.7200", "Year Close": "39.1400", "Annual % Change": "-17.27%"}, "2001": {"Average Stock Price": "47.1382", "Year Open": "49.5000", "Year High": "51.9000", "Year Low": "42.6500", "Year Close": "47.3100", "Annual % Change": "-5.63%"}, "2000": {"Average Stock Price": "41.7469", "Year Open": "33.9400", "Year High": "50.2500", "Year Low": "33.1900", "Year Close": "50.1300", "Annual % Change": "44.76%"}, "1999": {"Average Stock Price": "33.5585", "Year Open": "33.9400", "Year High": "37.0000", "Year Low": "31.0600", "Year Close": "34.6300", "Annual % Change": "1.11%"}, "1998": {"Average Stock Price": "35.5774", "Year Open": "39.1200", "Year High": "39.2500", "Year Low": "30.8800", "Year Close": "34.2500", "Annual % Change": "-12.18%"}, "1997": {"Average Stock Price": "37.3522", "Year Open": "35.2500", "Year High": "40.2500", "Year Low": "33.1200", "Year Close": "39.0000", "Annual % Change": "8.33%"}, "1996": {"Average Stock Price": "26.8479", "Year Open": "24.3800", "Year High": "36.0000", "Year Low": "22.8800", "Year Close": "36.0000", "Annual % Change": "48.45%"}, "1995": {"Average Stock Price": "19.9923", "Year Open": "20.0000", "Year High": "24.3800", "Year Low": "17.0000", "Year Close": "24.2500", "Annual % Change": "20.53%"}}}, "market cap": {"value": "$24.27B"}, "income statement": {"Revenue": {"2020-12-31": "2301.26100", "2019-12-31": "2324.62600", "2018-12-31": "2284.53500", "2017-12-31": "2158.62800", "2016-12-31": "2045.25500", "2015-12-31": "1856.02800", "2014-12-31": "1685.06100", "2013-12-31": "1462.92100", "2012-12-31": "1000.62700", "2011-12-31": "900.08700", "2010-12-31": "842.82000", "2009-12-31": "829.92400", "2008-12-31": "813.76400", "2007-12-31": "727.78600", "2006-12-31": "677.64100", "2005-12-31": "655.21100"}, "Cost Of Goods Sold": {"2020-12-31": "823.10200", "2019-12-31": "768.10600", "2018-12-31": "766.55600", "2017-12-31": "722.29900", "2016-12-31": "683.27400", "2015-12-31": "642.24600", "2014-12-31": "589.30600", "2013-12-31": "511.01900", "2012-12-31": "356.90500", "2011-12-31": "335.83600", "2010-12-31": "334.12100", "2009-12-31": "327.74400", "2008-12-31": "322.23500", "2007-12-31": "289.57200", "2006-12-31": "268.71000", "2005-12-31": "261.96500"}, "Gross Profit": {"2020-12-31": "1478.15900", "2019-12-31": "1556.52000", "2018-12-31": "1517.97900", "2017-12-31": "1436.32900", "2016-12-31": "1361.98100", "2015-12-31": "1213.78200", "2014-12-31": "1095.75500", "2013-12-31": "951.90200", "2012-12-31": "643.72200", "2011-12-31": "564.25100", "2010-12-31": "508.69900", "2009-12-31": "502.18000", "2008-12-31": "491.52900", "2007-12-31": "438.21400", "2006-12-31": "408.93100", "2005-12-31": "393.24600"}, "Research And Development Expenses": {"2020-12-31": "", "2019-12-31": "", "2018-12-31": "", "2017-12-31": "", "2016-12-31": "", "2015-12-31": "", "2014-12-31": "", "2013-12-31": "", "2012-12-31": "", "2011-12-31": "", "2010-12-31": "", "2009-12-31": "", "2008-12-31": "", "2007-12-31": "", "2006-12-31": "", "2005-12-31": ""}, "SG&A Expenses": {"2020-12-31": "60.34300", "2019-12-31": "58.04200", "2018-12-31": "60.36900", "2017-12-31": "53.69500", "2016-12-31": "45.77100", "2015-12-31": "42.77400", "2014-12-31": "41.42500", "2013-12-31": "39.57300", "2012-12-31": "34.10100", "2011-12-31": "29.37100", "2010-12-31": "26.84600", "2009-12-31": "28.74800", "2008-12-31": "42.78100", "2007-12-31": "28.49400", "2006-12-31": "24.76700", "2005-12-31": "25.76100"}, "Other Operating Income Or Expenses": {"2020-12-31": "-9.33300", "2019-12-31": "-209.17800", "2018-12-31": "-241.73100", "2017-12-31": "-227.86900", "2016-12-31": "-204.50700", "2015-12-31": "-155.70100", "2014-12-31": "-177.31300", "2013-12-31": "-283.37300", "2012-12-31": "-149.44900", "2011-12-31": "-169.75400", "2010-12-31": "-169.99700", "2009-12-31": "-171.37200", "2008-12-31": "-113.07100", "2007-12-31": "-92.17500", "2006-12-31": "-106.27100", "2005-12-31": "-125.17100"}, "Operating Expenses": {"2020-12-31": "1600.10900", "2019-12-31": "1696.90400", "2018-12-31": "1699.85200", "2017-12-31": "1588.01300", "2016-12-31": "1464.98600", "2015-12-31": "1318.64400", "2014-12-31": "1250.72600", "2013-12-31": "1394.18000", "2012-12-31": "784.13500", "2011-12-31": "761.68900", "2010-12-31": "751.52700", "2009-12-31": "732.34500", "2008-12-31": "661.35300", "2007-12-31": "568.13600", "2006-12-31": "549.10000", "2005-12-31": "569.35200"}, "Operating Income": {"2020-12-31": "701.15200", "2019-12-31": "627.72190", "2018-12-31": "584.68300", "2017-12-31": "570.61500", "2016-12-31": "580.26900", "2015-12-31": "537.38390", "2014-12-31": "434.33500", "2013-12-31": "68.74110", "2012-12-31": "216.49200", "2011-12-31": "138.39800", "2010-12-31": "91.29300", "2009-12-31": "97.57900", "2008-12-31": "152.41100", "2007-12-31": "159.65000", "2006-12-31": "128.54100", "2005-12-31": "85.85900"}, "Total Non-Operating Income/Expense": {"2020-12-31": "123.30700", "2019-12-31": "171.38400", "2018-12-31": "389.33200", "2017-12-31": "306.18600", "2016-12-31": "453.74400", "2015-12-31": "205.83200", "2014-12-31": "234.18100", "2013-12-31": "-10.91400", "2012-12-31": "33.93900", "2011-12-31": "1.81700", "2010-12-31": "0.76200", "2009-12-31": "-14.88100", "2008-12-31": "-53.33300", "2007-12-31": "59.71400", "2006-12-31": "20.40100", "2005-12-31": "10.19600"}, "Pre-Tax Income": {"2020-12-31": "824.45900", "2019-12-31": "799.10600", "2018-12-31": "974.01500", "2017-12-31": "876.80100", "2016-12-31": "1034.01300", "2015-12-31": "743.21600", "2014-12-31": "668.51600", "2013-12-31": "57.82700", "2012-12-31": "250.43100", "2011-12-31": "140.21500", "2010-12-31": "92.05500", "2009-12-31": "82.69800", "2008-12-31": "99.07800", "2007-12-31": "219.36400", "2006-12-31": "148.94200", "2005-12-31": "96.05500"}, "Income Taxes": {"2020-12-31": "-3.24700", "2019-12-31": "13.00300", "2018-12-31": "-0.16000", "2017-12-31": "0.14100", "2016-12-31": "0.30500", "2015-12-31": "1.48300", "2014-12-31": "9.36800", "2013-12-31": "", "2012-12-31": "", "2011-12-31": "", "2010-12-31": "", "2009-12-31": "", "2008-12-31": "", "2007-12-31": "", "2006-12-31": "", "2005-12-31": ""}, "Income After Taxes": {"2020-12-31": "827.70600", "2019-12-31": "786.10300", "2018-12-31": "974.17500", "2017-12-31": "876.66000", "2016-12-31": "1033.70800", "2015-12-31": "741.73300", "2014-12-31": "659.14800", "2013-12-31": "57.82700", "2012-12-31": "250.43100", "2011-12-31": "140.21500", "2010-12-31": "92.05500", "2009-12-31": "82.69800", "2008-12-31": "99.07800", "2007-12-31": "219.36400", "2006-12-31": "148.94200", "2005-12-31": "96.05500"}, "Other Income": {"2020-12-31": "", "2019-12-31": "", "2018-12-31": "", "2017-12-31": "", "2016-12-31": "", "2015-12-31": "", "2014-12-31": "", "2013-12-31": "", "2012-12-31": "", "2011-12-31": "", "2010-12-31": "", "2009-12-31": "", "2008-12-31": "", "2007-12-31": "", "2006-12-31": "", "2005-12-31": ""}, "Income From Continuous Operations": {"2020-12-31": "827.70600", "2019-12-31": "786.10300", "2018-12-31": "974.17500", "2017-12-31": "876.66000", "2016-12-31": "1033.70800", "2015-12-31": "741.73300", "2014-12-31": "659.14800", "2013-12-31": "57.82700", "2012-12-31": "250.43100", "2011-12-31": "140.21500", "2010-12-31": "92.05500", "2009-12-31": "82.69800", "2008-12-31": "99.07800", "2007-12-31": "219.36400", "2006-12-31": "148.94200", "2005-12-31": "96.05500"}, "Income From Discontinued Operations": {"2020-12-31": "", "2019-12-31": "", "2018-12-31": "", "2017-12-31": "", "2016-12-31": "", "2015-12-31": "", "2014-12-31": "38.17900", "2013-12-31": "294.94400", "2012-12-31": "173.13100", "2011-12-31": "301.15500", "2010-12-31": "82.02400", "2009-12-31": "71.57600", "2008-12-31": "311.66800", "2007-12-31": "140.38100", "2006-12-31": "117.60400", "2005-12-31": "214.41300"}, "Net Income": {"2020-12-31": "827.63000", "2019-12-31": "783.91100", "2018-12-31": "971.68600", "2017-12-31": "874.45800", "2016-12-31": "1034.00200", "2015-12-31": "742.03800", "2014-12-31": "683.56700", "2013-12-31": "353.14100", "2012-12-31": "423.86900", "2011-12-31": "441.62200", "2010-12-31": "174.83300", "2009-12-31": "155.64700", "2008-12-31": "401.03300", "2007-12-31": "349.46000", "2006-12-31": "257.84600", "2005-12-31": "301.76800"}, "EBITDA": {"2020-12-31": "701.15200", "2019-12-31": "1323.85800", "2018-12-31": "1245.79900", "2017-12-31": "1174.42700", "2016-12-31": "1115.58000", "2015-12-31": "1013.23800", "2014-12-31": "862.36600", "2013-12-31": "621.16910", "2012-12-31": "475.30600", "2011-12-31": "378.20400", "2010-12-31": "325.51700", "2009-12-31": "316.29710", "2008-12-31": "353.45700", "2007-12-31": "336.83200", "2006-12-31": "292.46200", "2005-12-31": "250.62700"}, "EBIT": {"2020-12-31": "701.15200", "2019-12-31": "627.72190", "2018-12-31": "584.68300", "2017-12-31": "570.61500", "2016-12-31": "580.26900", "2015-12-31": "537.38390", "2014-12-31": "434.33500", "2013-12-31": "68.74110", "2012-12-31": "216.49200", "2011-12-31": "138.39800", "2010-12-31": "91.29300", "2009-12-31": "97.57900", "2008-12-31": "152.41100", "2007-12-31": "159.65000", "2006-12-31": "128.54100", "2005-12-31": "85.85900"}, "Basic Shares Outstanding": {"2020-12-31": "140.42640", "2019-12-31": "139.05400", "2018-12-31": "137.84500", "2017-12-31": "137.52400", "2016-12-31": "136.92830", "2015-12-31": "133.56570", "2014-12-31": "130.58700", "2013-12-31": "126.85600", "2012-12-31": "97.41600", "2011-12-31": "89.92200", "2010-12-31": "83.86000", "2009-12-31": "79.95100", "2008-12-31": "76.78300", "2007-12-31": "78.68000", "2006-12-31": "74.12600", "2005-12-31": "72.95200"}, "Shares Outstanding": {"2020-12-31": "140.43520", "2019-12-31": "139.57100", "2018-12-31": "138.28900", "2017-12-31": "138.06700", "2016-12-31": "137.46160", "2015-12-31": "134.59320", "2014-12-31": "131.23800", "2013-12-31": "127.26600", "2012-12-31": "98.02500", "2011-12-31": "90.77700", "2010-12-31": "84.63300", "2009-12-31": "80.60000", "2008-12-31": "77.57900", "2007-12-31": "79.85700", "2006-12-31": "75.58700", "2005-12-31": "74.75900"}, "Basic EPS": {"2020-12-31": "5.89000", "2019-12-31": "5.64000", "2018-12-31": "7.05000", "2017-12-31": "6.36000", "2016-12-31": "7.53000", "2015-12-31": "5.54000", "2014-12-31": "5.22000", "2013-12-31": "2.78000", "2012-12-31": "4.34000", "2011-12-31": "4.89000", "2010-12-31": "2.08000", "2009-12-31": "1.94000", "2008-12-31": "5.21000", "2007-12-31": "4.43000", "2006-12-31": "3.48000", "2005-12-31": "4.14000"}, "EPS - Earnings Per Share": {"2020-12-31": "5.89000", "2019-12-31": "5.63000", "2018-12-31": "7.05000", "2017-12-31": "6.35000", "2016-12-31": "7.52000", "2015-12-31": "5.51000", "2014-12-31": "5.21000", "2013-12-31": "2.78000", "2012-12-31": "4.32000", "2011-12-31": "4.87000", "2010-12-31": "2.07000", "2009-12-31": "1.93000", "2008-12-31": "5.17000", "2007-12-31": "4.38000", "2006-12-31": "3.42000", "2005-12-31": "4.05000"}}, "income statement, quarterly": {"Revenue": {"2020-12-31": "555.80100", "2020-09-30": "567.40400", "2020-06-30": "576.40500", "2020-03-31": "601.65100", "2019-12-31": "593.56600", "2019-09-30": "587.61300", "2019-06-30": "577.26300", "2019-03-31": "566.18400", "2018-12-31": "578.52200", "2018-09-30": "575.98200", "2018-06-30": "569.23900", "2018-03-31": "560.79200", "2017-12-31": "555.29000", "2017-09-30": "550.50000", "2017-06-30": "530.51200", "2017-03-31": "522.32600", "2016-12-31": "518.23900", "2016-09-30": "516.21100", "2016-06-30": "502.30700", "2016-03-31": "508.49800", "2015-12-31": "480.84200", "2015-09-30": "475.36000", "2015-06-30": "457.45900", "2015-03-31": "442.36700", "2014-12-31": "440.65500", "2014-09-30": "430.52500", "2014-06-30": "413.80600", "2014-03-31": "400.07500", "2013-12-31": "394.16800", "2013-09-30": "389.18900", "2013-06-30": "378.20700", "2013-03-31": "301.35700", "2012-12-31": "240.82900", "2012-09-30": "261.32100", "2012-06-30": "252.44500", "2012-03-31": "246.03200", "2011-12-31": "192.25700", "2011-09-30": "243.71900", "2011-06-30": "235.58100", "2011-03-31": "228.53000", "2010-12-31": "181.47100", "2010-09-30": "225.55800", "2010-06-30": "220.34200", "2010-03-31": "215.44900", "2009-12-31": "192.88900", "2009-09-30": "215.04300", "2009-06-30": "212.25900", "2009-03-31": "209.73300", "2008-12-31": "183.01000", "2008-09-30": "215.39000", "2008-06-30": "211.19100", "2008-03-31": "204.17300", "2007-12-31": "151.71500", "2007-09-30": "196.53200", "2007-06-30": "190.92400", "2007-03-31": "188.61500", "2006-12-31": "139.75300", "2006-09-30": "183.64600", "2006-06-30": "179.08300", "2006-03-31": "175.15900", "2005-12-31": "158.76300", "2005-09-30": "170.81700", "2005-06-30": "165.65200", "2005-03-31": "159.97900"}, "Cost Of Goods Sold": {"2020-12-31": "213.13700", "2020-09-30": "212.84300", "2020-06-30": "198.10300", "2020-03-31": "199.01900", "2019-12-31": "190.39200", "2019-09-30": "197.81900", "2019-06-30": "195.11100", "2019-03-31": "184.78400", "2018-12-31": "191.10600", "2018-09-30": "193.46700", "2018-06-30": "190.83000", "2018-03-31": "191.15300", "2017-12-31": "178.78400", "2017-09-30": "187.28800", "2017-06-30": "180.25300", "2017-03-31": "175.97400", "2016-12-31": "169.44400", "2016-09-30": "177.12700", "2016-06-30": "170.01000", "2016-03-31": "166.69300", "2015-12-31": "158.23900", "2015-09-30": "166.07100", "2015-06-30": "157.98200", "2015-03-31": "159.95400", "2014-12-31": "152.57300", "2014-09-30": "150.20800", "2014-06-30": "143.49800", "2014-03-31": "143.02700", "2013-12-31": "139.37200", "2013-09-30": "139.04100", "2013-06-30": "128.87600", "2013-03-31": "103.73000", "2012-12-31": "84.47200", "2012-09-30": "92.94600", "2012-06-30": "91.27900", "2012-03-31": "88.20800", "2011-12-31": "68.70300", "2011-09-30": "92.00900", "2011-06-30": "87.21700", "2011-03-31": "87.90700", "2010-12-31": "67.37200", "2010-09-30": "89.79400", "2010-06-30": "88.88700", "2010-03-31": "88.06800", "2009-12-31": "70.34600", "2009-09-30": "87.78600", "2009-06-30": "85.94600", "2009-03-31": "83.66600", "2008-12-31": "79.81500", "2008-09-30": "83.50700", "2008-06-30": "80.16300", "2008-03-31": "78.75000", "2007-12-31": "66.70100", "2007-09-30": "76.59200", "2007-06-30": "73.83900", "2007-03-31": "72.44000", "2006-12-31": "57.86400", "2006-09-30": "71.77800", "2006-06-30": "70.44000", "2006-03-31": "68.62800", "2005-12-31": "71.81700", "2005-09-30": "67.32500", "2005-06-30": "62.31700", "2005-03-31": "60.50600"}, "Gross Profit": {"2020-12-31": "342.66400", "2020-09-30": "354.56100", "2020-06-30": "378.30200", "2020-03-31": "402.63200", "2019-12-31": "403.17400", "2019-09-30": "389.79400", "2019-06-30": "382.15200", "2019-03-31": "381.40000", "2018-12-31": "387.41600", "2018-09-30": "382.51500", "2018-06-30": "378.40900", "2018-03-31": "369.63900", "2017-12-31": "376.50600", "2017-09-30": "363.21200", "2017-06-30": "350.25900", "2017-03-31": "346.35200", "2016-12-31": "348.79500", "2016-09-30": "339.08400", "2016-06-30": "332.29700", "2016-03-31": "341.80500", "2015-12-31": "322.60300", "2015-09-30": "309.28900", "2015-06-30": "299.47700", "2015-03-31": "282.41300", "2014-12-31": "288.08190", "2014-09-30": "280.31700", "2014-06-30": "270.30800", "2014-03-31": "257.04800", "2013-12-31": "254.79600", "2013-09-30": "250.14800", "2013-06-30": "249.33100", "2013-03-31": "197.62700", "2012-12-31": "156.35700", "2012-09-30": "168.37500", "2012-06-30": "161.16600", "2012-03-31": "157.82400", "2011-12-31": "123.55400", "2011-09-30": "151.71000", "2011-06-30": "148.36400", "2011-03-31": "140.62300", "2010-12-31": "114.09900", "2010-09-30": "135.76400", "2010-06-30": "131.45500", "2010-03-31": "127.38100", "2009-12-31": "122.54300", "2009-09-30": "127.25700", "2009-06-30": "126.31300", "2009-03-31": "126.06700", "2008-12-31": "103.19500", "2008-09-30": "131.88300", "2008-06-30": "131.02800", "2008-03-31": "125.42300", "2007-12-31": "85.01400", "2007-09-30": "119.94000", "2007-06-30": "117.08500", "2007-03-31": "116.17500", "2006-12-31": "81.88900", "2006-09-30": "111.86800", "2006-06-30": "108.64300", "2006-03-31": "106.53100", "2005-12-31": "86.94600", "2005-09-30": "103.49200", "2005-06-30": "103.33500", "2005-03-31": "99.47300"}, "Research And Development Expenses": {"2020-12-31": "", "2020-09-30": "", "2020-06-30": "", "2020-03-31": "", "2019-12-31": "", "2019-09-30": "", "2019-06-30": "", "2019-03-31": "", "2018-12-31": "", "2018-09-30": "", "2018-06-30": "", "2018-03-31": "", "2017-12-31": "", "2017-09-30": "", "2017-06-30": "", "2017-03-31": "", "2016-12-31": "", "2016-09-30": "", "2016-06-30": "", "2016-03-31": "", "2015-12-31": "", "2015-09-30": "", "2015-06-30": "", "2015-03-31": "", "2014-12-31": "", "2014-09-30": "", "2014-06-30": "", "2014-03-31": "", "2013-12-31": "", "2013-09-30": "", "2013-06-30": "", "2013-03-31": "", "2012-12-31": "", "2012-09-30": "", "2012-06-30": "", "2012-03-31": "", "2011-12-31": "", "2011-09-30": "", "2011-06-30": "", "2011-03-31": "", "2010-12-31": "", "2010-09-30": "", "2010-06-30": "", "2010-03-31": "", "2009-12-31": "", "2009-09-30": "", "2009-06-30": "", "2009-03-31": "", "2008-12-31": "", "2008-09-30": "", "2008-06-30": "", "2008-03-31": "", "2007-12-31": "", "2007-09-30": "", "2007-06-30": "", "2007-03-31": "", "2006-12-31": "", "2006-09-30": "", "2006-06-30": "", "2006-03-31": "", "2005-12-31": "", "2005-09-30": "", "2005-06-30": "", "2005-03-31": ""}, "SG&A Expenses": {"2020-12-31": "13.46500", "2020-09-30": "13.98500", "2020-06-30": "15.57300", "2020-03-31": "17.32000", "2019-12-31": "12.60200", "2019-09-30": "12.76900", "2019-06-30": "18.96500", "2019-03-31": "13.70600", "2018-12-31": "15.98500", "2018-09-30": "14.74400", "2018-06-30": "15.20900", "2018-03-31": "14.43100", "2017-12-31": "14.88700", "2017-09-30": "11.65500", "2017-06-30": "13.94700", "2017-03-31": "13.20600", "2016-12-31": "10.42800", "2016-09-30": "11.92800", "2016-06-30": "12.01100", "2016-03-31": "11.40400", "2015-12-31": "11.50700", "2015-09-30": "10.46400", "2015-06-30": "10.33500", "2015-03-31": "10.46800", "2014-12-31": "10.67900", "2014-09-30": "11.29000", "2014-06-30": "10.22000", "2014-03-31": "9.23600", "2013-12-31": "8.31100", "2013-09-30": "9.87800", "2013-06-30": "11.34500", "2013-03-31": "10.03900", "2012-12-31": "7.70300", "2012-09-30": "8.37200", "2012-06-30": "8.31600", "2012-03-31": "9.71000", "2011-12-31": "7.84700", "2011-09-30": "6.08700", "2011-06-30": "8.14500", "2011-03-31": "7.29200", "2010-12-31": "6.87100", "2010-09-30": "7.03900", "2010-06-30": "4.04100", "2010-03-31": "8.89500", "2009-12-31": "10.36100", "2009-09-30": "5.75000", "2009-06-30": "5.39000", "2009-03-31": "7.24700", "2008-12-31": "15.96100", "2008-09-30": "9.31800", "2008-06-30": "9.38300", "2008-03-31": "8.11900", "2007-12-31": "8.42700", "2007-09-30": "6.64500", "2007-06-30": "6.64200", "2007-03-31": "6.78000", "2006-12-31": "6.37200", "2006-09-30": "5.63300", "2006-06-30": "6.47900", "2006-03-31": "6.28300", "2005-12-31": "6.48300", "2005-09-30": "5.85700", "2005-06-30": "6.26200", "2005-03-31": "7.15900"}, "Other Operating Income Or Expenses": {"2020-12-31": "", "2020-09-30": "-53.71100", "2020-06-30": "-54.05500", "2020-03-31": "-68.41800", "2019-12-31": "-56.61800", "2019-09-30": "-51.76100", "2019-06-30": "-52.00500", "2019-03-31": "-48.79400", "2018-12-31": "-70.84900", "2018-09-30": "-56.29800", "2018-06-30": "-58.27400", "2018-03-31": "-56.31000", "2017-12-31": "-54.48200", "2017-09-30": "-48.53000", "2017-06-30": "-74.83400", "2017-03-31": "-50.02300", "2016-12-31": "-55.48200", "2016-09-30": "-51.67500", "2016-06-30": "-50.47800", "2016-03-31": "-46.87200", "2015-12-31": "-43.78900", "2015-09-30": "-27.63800", "2015-06-30": "-37.51400", "2015-03-31": "-46.76000", "2014-12-31": "-41.13200", "2014-09-30": "-46.78200", "2014-06-30": "-46.15100", "2014-03-31": "-43.24800", "2013-12-31": "-98.61900", "2013-09-30": "-99.60500", "2013-06-30": "-46.97500", "2013-03-31": "-38.17400", "2012-12-31": "-47.46800", "2012-09-30": "-33.98500", "2012-06-30": "-33.19100", "2012-03-31": "-34.80500", "2011-12-31": "-39.58000", "2011-09-30": "-42.65900", "2011-06-30": "-44.54400", "2011-03-31": "-42.97100", "2010-12-31": "-41.73600", "2010-09-30": "-44.26200", "2010-06-30": "-41.45800", "2010-03-31": "-42.54100", "2009-12-31": "-64.21900", "2009-09-30": "-41.20500", "2009-06-30": "-36.88000", "2009-03-31": "-29.06800", "2008-12-31": "-27.44900", "2008-09-30": "-28.36300", "2008-06-30": "-29.59800", "2008-03-31": "-27.66100", "2007-12-31": "-22.74500", "2007-09-30": "-24.33100", "2007-06-30": "-21.91300", "2007-03-31": "-23.18600", "2006-12-31": "-25.01300", "2006-09-30": "-26.47900", "2006-06-30": "-26.11500", "2006-03-31": "-28.66400", "2005-12-31": "-29.15100", "2005-09-30": "-31.79000", "2005-06-30": "-32.11200", "2005-03-31": "-32.11800"}, "Operating Expenses": {"2020-12-31": "404.42500", "2020-09-30": "455.88700", "2020-06-30": "443.98000", "2020-03-31": "462.66800", "2019-12-31": "430.97700", "2019-09-30": "427.81200", "2019-06-30": "428.77400", "2019-03-31": "409.34100", "2018-12-31": "436.85390", "2018-09-30": "421.04700", "2018-06-30": "420.99800", "2018-03-31": "420.95300", "2017-12-31": "405.25290", "2017-09-30": "392.46300", "2017-06-30": "410.47300", "2017-03-31": "379.82400", "2016-12-31": "375.37400", "2016-09-30": "372.45900", "2016-06-30": "364.96800", "2016-03-31": "352.18500", "2015-12-31": "335.79400", "2015-09-30": "324.35700", "2015-06-30": "324.45800", "2015-03-31": "334.03500", "2014-12-31": "318.46810", "2014-09-30": "320.11600", "2014-06-30": "310.26400", "2014-03-31": "301.87800", "2013-12-31": "351.10790", "2013-09-30": "408.39700", "2013-06-30": "377.17300", "2013-03-31": "257.50200", "2012-12-31": "195.77800", "2012-09-30": "198.05300", "2012-06-30": "196.01000", "2012-03-31": "194.29400", "2011-12-31": "161.47890", "2011-09-30": "201.64800", "2011-06-30": "200.74200", "2011-03-31": "197.82000", "2010-12-31": "165.32700", "2010-09-30": "199.02100", "2010-06-30": "191.70300", "2010-03-31": "195.47600", "2009-12-31": "195.17290", "2009-09-30": "187.72800", "2009-06-30": "179.39000", "2009-03-31": "170.05400", "2008-12-31": "164.20400", "2008-09-30": "169.88600", "2008-06-30": "166.79200", "2008-03-31": "160.47100", "2007-12-31": "129.31400", "2007-09-30": "150.46000", "2007-06-30": "143.94200", "2007-03-31": "144.42000", "2006-12-31": "117.33910", "2006-09-30": "143.64200", "2006-06-30": "144.31900", "2006-03-31": "143.80000", "2005-12-31": "146.86800", "2005-09-30": "143.75900", "2005-06-30": "140.06800", "2005-03-31": "138.65700"}, "Operating Income": {"2020-12-31": "151.37600", "2020-09-30": "111.51700", "2020-06-30": "132.42500", "2020-03-31": "138.98300", "2019-12-31": "162.58900", "2019-09-30": "159.80100", "2019-06-30": "148.48900", "2019-03-31": "156.84300", "2018-12-31": "141.66800", "2018-09-30": "154.93500", "2018-06-30": "148.24100", "2018-03-31": "139.83900", "2017-12-31": "150.03710", "2017-09-30": "158.03700", "2017-06-30": "120.03900", "2017-03-31": "142.50200", "2016-12-31": "142.86500", "2016-09-30": "143.75200", "2016-06-30": "137.33900", "2016-03-31": "156.31300", "2015-12-31": "145.04790", "2015-09-30": "151.00300", "2015-06-30": "133.00100", "2015-03-31": "108.33200", "2014-12-31": "122.18690", "2014-09-30": "110.40900", "2014-06-30": "103.54200", "2014-03-31": "98.19700", "2013-12-31": "43.06010", "2013-09-30": "-19.20800", "2013-06-30": "1.03400", "2013-03-31": "43.85500", "2012-12-31": "45.05100", "2012-09-30": "63.26800", "2012-06-30": "56.43500", "2012-03-31": "51.73800", "2011-12-31": "30.77810", "2011-09-30": "42.07100", "2011-06-30": "34.83900", "2011-03-31": "30.71000", "2010-12-31": "16.14400", "2010-09-30": "26.53700", "2010-06-30": "28.63900", "2010-03-31": "19.97300", "2009-12-31": "-2.28400", "2009-09-30": "27.31500", "2009-06-30": "32.86900", "2009-03-31": "39.67900", "2008-12-31": "18.80600", "2008-09-30": "45.50400", "2008-06-30": "44.39900", "2008-03-31": "43.70200", "2007-12-31": "22.40100", "2007-09-30": "46.07200", "2007-06-30": "46.98200", "2007-03-31": "44.19500", "2006-12-31": "22.41390", "2006-09-30": "40.00400", "2006-06-30": "34.76400", "2006-03-31": "31.35900", "2005-12-31": "11.89500", "2005-09-30": "27.05800", "2005-06-30": "25.58400", "2005-03-31": "21.32200"}, "Total Non-Operating Income/Expense": {"2020-12-31": "187.56000", "2020-09-30": "36.17300", "2020-06-30": "37.31100", "2020-03-31": "29.11400", "2019-12-31": "6.90700", "2019-09-30": "131.09200", "2019-06-30": "19.81600", "2019-03-31": "13.56900", "2018-12-31": "243.72000", "2018-09-30": "37.50100", "2018-06-30": "106.36000", "2018-03-31": "1.75100", "2017-12-31": "87.48800", "2017-09-30": "80.18600", "2017-06-30": "45.21300", "2017-03-31": "93.29900", "2016-12-31": "99.52800", "2016-09-30": "212.59900", "2016-06-30": "60.01600", "2016-03-31": "81.60100", "2015-12-31": "10.43900", "2015-09-30": "55.11200", "2015-06-30": "40.54500", "2015-03-31": "99.73600", "2014-12-31": "29.71100", "2014-09-30": "130.59200", "2014-06-30": "68.65500", "2014-03-31": "5.22300", "2013-12-31": "45.14900", "2013-09-30": "3.26000", "2013-06-30": "-0.70000", "2013-03-31": "-58.62300", "2012-12-31": "11.41200", "2012-09-30": "19.13900", "2012-06-30": "1.45200", "2012-03-31": "1.93600", "2011-12-31": "-1.36000", "2011-09-30": "2.27900", "2011-06-30": "0.39500", "2011-03-31": "0.50300", "2010-12-31": "0.39700", "2010-09-30": "-0.32500", "2010-06-30": "0.46300", "2010-03-31": "0.22700", "2009-12-31": "1.04100", "2009-09-30": "0.43100", "2009-06-30": "-19.81000", "2009-03-31": "3.45700", "2008-12-31": "-57.66200", "2008-09-30": "0.49500", "2008-06-30": "3.80000", "2008-03-31": "0.03400", "2007-12-31": "60.74500", "2007-09-30": "-0.38800", "2007-06-30": "-0.65300", "2007-03-31": "0.01000", "2006-12-31": "6.10200", "2006-09-30": "0.95900", "2006-06-30": "0.07900", "2006-03-31": "13.26100", "2005-12-31": "-0.22500", "2005-09-30": "-0.10700", "2005-06-30": "4.45800", "2005-03-31": "6.07000"}, "Pre-Tax Income": {"2020-12-31": "338.93600", "2020-09-30": "147.69000", "2020-06-30": "169.73600", "2020-03-31": "168.09700", "2019-12-31": "169.49600", "2019-09-30": "290.89300", "2019-06-30": "168.30500", "2019-03-31": "170.41200", "2018-12-31": "385.38800", "2018-09-30": "192.43600", "2018-06-30": "254.60100", "2018-03-31": "141.59000", "2017-12-31": "237.52500", "2017-09-30": "238.22300", "2017-06-30": "165.25200", "2017-03-31": "235.80100", "2016-12-31": "242.39290", "2016-09-30": "356.35100", "2016-06-30": "197.35500", "2016-03-31": "237.91400", "2015-12-31": "155.48700", "2015-09-30": "206.11500", "2015-06-30": "173.54600", "2015-03-31": "208.06800", "2014-12-31": "151.89800", "2014-09-30": "241.00100", "2014-06-30": "172.19700", "2014-03-31": "103.42000", "2013-12-31": "88.20910", "2013-09-30": "-15.94800", "2013-06-30": "0.33400", "2013-03-31": "-14.76800", "2012-12-31": "56.46300", "2012-09-30": "82.40700", "2012-06-30": "57.88700", "2012-03-31": "53.67400", "2011-12-31": "29.41810", "2011-09-30": "44.35000", "2011-06-30": "35.23400", "2011-03-31": "31.21300", "2010-12-31": "16.54100", "2010-09-30": "26.21200", "2010-06-30": "29.10200", "2010-03-31": "20.20000", "2009-12-31": "-1.24300", "2009-09-30": "27.74600", "2009-06-30": "13.05900", "2009-03-31": "43.13600", "2008-12-31": "-38.85600", "2008-09-30": "45.99900", "2008-06-30": "48.19900", "2008-03-31": "43.73600", "2007-12-31": "83.14600", "2007-09-30": "45.68400", "2007-06-30": "46.32900", "2007-03-31": "44.20500", "2006-12-31": "28.51600", "2006-09-30": "40.96300", "2006-06-30": "34.84300", "2006-03-31": "44.62000", "2005-12-31": "11.67000", "2005-09-30": "26.95100", "2005-06-30": "30.04200", "2005-03-31": "27.39200"}, "Income Taxes": {"2020-12-31": "-2.17800", "2020-09-30": "-0.02700", "2020-06-30": "-1.13300", "2020-03-31": "0.09100", "2019-12-31": "1.82500", "2019-09-30": "11.18400", "2019-06-30": "0.00000", "2019-03-31": "-0.00600", "2018-12-31": "-0.24700", "2018-09-30": "0.02900", "2018-06-30": "0.05800", "2018-03-31": "", "2017-12-31": "0.03900", "2017-09-30": "0.02400", "2017-06-30": "0.05800", "2017-03-31": "0.02000", "2016-12-31": "0.21000", "2016-09-30": "0.02200", "2016-06-30": "0.03600", "2016-03-31": "0.03700", "2015-12-31": "0.13600", "2015-09-30": "0.03900", "2015-06-30": "1.29300", "2015-03-31": "0.01500", "2014-12-31": "", "2014-09-30": "", "2014-06-30": "", "2014-03-31": "", "2013-12-31": "", "2013-09-30": "", "2013-06-30": "", "2013-03-31": "", "2012-12-31": "", "2012-09-30": "", "2012-06-30": "", "2012-03-31": "", "2011-12-31": "", "2011-09-30": "", "2011-06-30": "", "2011-03-31": "", "2010-12-31": "", "2010-09-30": "", "2010-06-30": "", "2010-03-31": "", "2009-12-31": "", "2009-09-30": "", "2009-06-30": "", "2009-03-31": "", "2008-12-31": "", "2008-09-30": "", "2008-06-30": "", "2008-03-31": "", "2007-12-31": "", "2007-09-30": "", "2007-06-30": "", "2007-03-31": "", "2006-12-31": "", "2006-09-30": "", "2006-06-30": "", "2006-03-31": "", "2005-12-31": "", "2005-09-30": "", "2005-06-30": "", "2005-03-31": ""}, "Income After Taxes": {"2020-12-31": "341.11400", "2020-09-30": "147.71700", "2020-06-30": "170.86900", "2020-03-31": "168.00600", "2019-12-31": "167.67100", "2019-09-30": "279.70900", "2019-06-30": "168.30500", "2019-03-31": "170.41800", "2018-12-31": "385.63500", "2018-09-30": "192.40700", "2018-06-30": "254.54300", "2018-03-31": "141.59000", "2017-12-31": "237.48610", "2017-09-30": "238.19900", "2017-06-30": "165.19400", "2017-03-31": "235.78100", "2016-12-31": "242.18290", "2016-09-30": "356.32900", "2016-06-30": "197.31900", "2016-03-31": "237.87700", "2015-12-31": "155.35110", "2015-09-30": "206.07600", "2015-06-30": "172.25300", "2015-03-31": "208.05300", "2014-12-31": "142.53000", "2014-09-30": "241.00100", "2014-06-30": "172.19700", "2014-03-31": "103.42000", "2013-12-31": "88.20910", "2013-09-30": "-15.94800", "2013-06-30": "0.33400", "2013-03-31": "-14.76800", "2012-12-31": "56.46300", "2012-09-30": "82.40700", "2012-06-30": "57.88700", "2012-03-31": "53.67400", "2011-12-31": "29.41810", "2011-09-30": "44.35000", "2011-06-30": "35.23400", "2011-03-31": "31.21300", "2010-12-31": "16.54100", "2010-09-30": "26.21200", "2010-06-30": "29.10200", "2010-03-31": "20.20000", "2009-12-31": "-1.24300", "2009-09-30": "27.74600", "2009-06-30": "13.05900", "2009-03-31": "43.13600", "2008-12-31": "-38.85600", "2008-09-30": "45.99900", "2008-06-30": "48.19900", "2008-03-31": "43.73600", "2007-12-31": "83.14600", "2007-09-30": "45.68400", "2007-06-30": "46.32900", "2007-03-31": "44.20500", "2006-12-31": "28.51600", "2006-09-30": "40.96300", "2006-06-30": "34.84300", "2006-03-31": "44.62000", "2005-12-31": "11.67000", "2005-09-30": "26.95100", "2005-06-30": "30.04200", "2005-03-31": "27.39200"}, "Other Income": {"2020-12-31": "", "2020-09-30": "", "2020-06-30": "", "2020-03-31": "", "2019-12-31": "", "2019-09-30": "", "2019-06-30": "", "2019-03-31": "", "2018-12-31": "", "2018-09-30": "", "2018-06-30": "", "2018-03-31": "", "2017-12-31": "", "2017-09-30": "", "2017-06-30": "", "2017-03-31": "", "2016-12-31": "", "2016-09-30": "", "2016-06-30": "", "2016-03-31": "", "2015-12-31": "", "2015-09-30": "", "2015-06-30": "", "2015-03-31": "", "2014-12-31": "", "2014-09-30": "", "2014-06-30": "", "2014-03-31": "", "2013-12-31": "", "2013-09-30": "", "2013-06-30": "", "2013-03-31": "", "2012-12-31": "", "2012-09-30": "", "2012-06-30": "", "2012-03-31": "", "2011-12-31": "", "2011-09-30": "", "2011-06-30": "", "2011-03-31": "", "2010-12-31": "", "2010-09-30": "", "2010-06-30": "", "2010-03-31": "", "2009-12-31": "", "2009-09-30": "", "2009-06-30": "", "2009-03-31": "", "2008-12-31": "", "2008-09-30": "", "2008-06-30": "", "2008-03-31": "", "2007-12-31": "", "2007-09-30": "", "2007-06-30": "", "2007-03-31": "", "2006-12-31": "", "2006-09-30": "", "2006-06-30": "", "2006-03-31": "", "2005-12-31": "", "2005-09-30": "", "2005-06-30": "", "2005-03-31": ""}, "Income From Continuous Operations": {"2020-12-31": "341.11400", "2020-09-30": "147.71700", "2020-06-30": "170.86900", "2020-03-31": "168.00600", "2019-12-31": "167.67100", "2019-09-30": "279.70900", "2019-06-30": "168.30500", "2019-03-31": "170.41800", "2018-12-31": "385.63500", "2018-09-30": "192.40700", "2018-06-30": "254.54300", "2018-03-31": "141.59000", "2017-12-31": "237.48610", "2017-09-30": "238.19900", "2017-06-30": "165.19400", "2017-03-31": "235.78100", "2016-12-31": "242.18290", "2016-09-30": "356.32900", "2016-06-30": "197.31900", "2016-03-31": "237.87700", "2015-12-31": "155.35110", "2015-09-30": "206.07600", "2015-06-30": "172.25300", "2015-03-31": "208.05300", "2014-12-31": "142.53000", "2014-09-30": "241.00100", "2014-06-30": "172.19700", "2014-03-31": "103.42000", "2013-12-31": "88.20900", "2013-09-30": "-15.94800", "2013-06-30": "0.33400", "2013-03-31": "-14.76800", "2012-12-31": "56.46300", "2012-09-30": "82.40700", "2012-06-30": "57.88700", "2012-03-31": "53.67400", "2011-12-31": "29.41800", "2011-09-30": "44.35000", "2011-06-30": "35.23400", "2011-03-31": "31.21300", "2010-12-31": "16.54100", "2010-09-30": "26.21200", "2010-06-30": "29.10200", "2010-03-31": "20.20000", "2009-12-31": "-1.24300", "2009-09-30": "27.74600", "2009-06-30": "13.05900", "2009-03-31": "43.13600", "2008-12-31": "-38.85600", "2008-09-30": "45.99900", "2008-06-30": "48.19900", "2008-03-31": "43.73600", "2007-12-31": "83.14600", "2007-09-30": "45.68400", "2007-06-30": "46.32900", "2007-03-31": "44.20500", "2006-12-31": "28.51600", "2006-09-30": "40.96300", "2006-06-30": "34.84300", "2006-03-31": "44.62000", "2005-12-31": "11.67000", "2005-09-30": "26.95100", "2005-06-30": "30.04200", "2005-03-31": "27.39200"}, "Income From Discontinued Operations": {"2020-12-31": "", "2020-09-30": "", "2020-06-30": "", "2020-03-31": "", "2019-12-31": "", "2019-09-30": "", "2019-06-30": "", "2019-03-31": "", "2018-12-31": "", "2018-09-30": "", "2018-06-30": "", "2018-03-31": "", "2017-12-31": "", "2017-09-30": "", "2017-06-30": "", "2017-03-31": "", "2016-12-31": "", "2016-09-30": "", "2016-06-30": "", "2016-03-31": "", "2015-12-31": "", "2015-09-30": "", "2015-06-30": "", "2015-03-31": "", "2014-12-31": "", "2014-09-30": "", "2014-06-30": "", "2014-03-31": "38.17900", "2013-12-31": "163.88100", "2013-09-30": "5.06300", "2013-06-30": "35.76300", "2013-03-31": "90.23700", "2012-12-31": "65.92200", "2012-09-30": "4.34000", "2012-06-30": "98.93400", "2012-03-31": "3.93500", "2011-12-31": "293.54600", "2011-09-30": "0.32700", "2011-06-30": "7.95800", "2011-03-31": "-0.67600", "2010-12-31": "10.12600", "2010-09-30": "-2.23200", "2010-06-30": "21.96400", "2010-03-31": "52.16600", "2009-12-31": "33.59200", "2009-09-30": "30.35500", "2009-06-30": "3.66400", "2009-03-31": "3.96500", "2008-12-31": "40.72100", "2008-09-30": "186.88700", "2008-06-30": "79.24000", "2008-03-31": "4.82000", "2007-12-31": "50.25800", "2007-09-30": "83.08500", "2007-06-30": "4.72300", "2007-03-31": "2.31500", "2006-12-31": "17.79700", "2006-09-30": "1.15000", "2006-06-30": "32.16300", "2006-03-31": "66.49400", "2005-12-31": "73.14900", "2005-09-30": "72.17700", "2005-06-30": "26.86900", "2005-03-31": "42.21800"}, "Net Income": {"2020-12-31": "341.12800", "2020-09-30": "147.70300", "2020-06-30": "170.82800", "2020-03-31": "167.97100", "2019-12-31": "165.58700", "2019-09-30": "279.67700", "2019-06-30": "168.28100", "2019-03-31": "170.36600", "2018-12-31": "382.89500", "2018-09-30": "192.48600", "2018-06-30": "254.66200", "2018-03-31": "141.64300", "2017-12-31": "235.11000", "2017-09-30": "238.24800", "2017-06-30": "165.22500", "2017-03-31": "235.87500", "2016-12-31": "242.23500", "2016-09-30": "356.39200", "2016-06-30": "197.44400", "2016-03-31": "237.93100", "2015-12-31": "155.42800", "2015-09-30": "206.14200", "2015-06-30": "172.32400", "2015-03-31": "208.14400", "2014-12-31": "142.64200", "2014-09-30": "241.10000", "2014-06-30": "158.08600", "2014-03-31": "141.73900", "2013-12-31": "252.21100", "2013-09-30": "-10.71500", "2013-06-30": "36.21800", "2013-03-31": "75.42700", "2012-12-31": "122.35800", "2012-09-30": "86.84400", "2012-06-30": "156.90900", "2012-03-31": "57.75800", "2011-12-31": "323.08400", "2011-09-30": "44.82400", "2011-06-30": "43.37300", "2011-03-31": "30.34100", "2010-12-31": "26.53100", "2010-09-30": "24.65400", "2010-06-30": "51.12500", "2010-03-31": "72.52300", "2009-12-31": "32.39400", "2009-09-30": "58.15400", "2009-06-30": "17.67400", "2009-03-31": "47.42500", "2008-12-31": "-1.80700", "2008-09-30": "231.40600", "2008-06-30": "125.15900", "2008-03-31": "46.27500", "2007-12-31": "129.64400", "2007-09-30": "126.59400", "2007-06-30": "48.87700", "2007-03-31": "44.34500", "2006-12-31": "44.13800", "2006-09-30": "39.93800", "2006-06-30": "64.83100", "2006-03-31": "108.93900", "2005-12-31": "82.64400", "2005-09-30": "96.95300", "2005-06-30": "54.73600", "2005-03-31": "67.43500"}, "EBITDA": {"2020-12-31": "", "2020-09-30": "295.13300", "2020-06-30": "317.46610", "2020-03-31": "324.52500", "2019-12-31": "341.05800", "2019-09-30": "334.64600", "2019-06-30": "321.54700", "2019-03-31": "326.60700", "2018-12-31": "307.56000", "2018-09-30": "319.39800", "2018-06-30": "313.48800", "2018-03-31": "305.35300", "2017-12-31": "313.34510", "2017-09-30": "309.40400", "2017-06-30": "267.03100", "2017-03-31": "284.64700", "2016-12-31": "283.14100", "2016-09-30": "276.22900", "2016-06-30": "271.68900", "2016-03-31": "284.52100", "2015-12-31": "267.71190", "2015-09-30": "271.89400", "2015-06-30": "251.40500", "2015-03-31": "222.22700", "2014-12-31": "232.77390", "2014-09-30": "219.29100", "2014-06-30": "209.37800", "2014-03-31": "200.92300", "2013-12-31": "147.18910", "2013-09-30": "138.36400", "2013-06-30": "185.70700", "2013-03-31": "149.90900", "2012-12-31": "107.50700", "2012-09-30": "128.18100", "2012-06-30": "122.85000", "2012-03-31": "116.76800", "2011-12-31": "79.35300", "2011-09-30": "106.49600", "2011-06-30": "98.44400", "2011-03-31": "93.91100", "2010-12-31": "70.06900", "2010-09-30": "86.26900", "2010-06-30": "88.76200", "2010-03-31": "80.41700", "2009-12-31": "52.13300", "2009-09-30": "83.13300", "2009-06-30": "86.68800", "2009-03-31": "94.34300", "2008-12-31": "63.50100", "2008-09-30": "98.68000", "2008-06-30": "97.53600", "2008-03-31": "93.74000", "2007-12-31": "64.16200", "2007-09-30": "91.43000", "2007-06-30": "88.29300", "2007-03-31": "92.94700", "2006-12-31": "52.56400", "2006-09-30": "165.43100", "2006-06-30": "-3.31000", "2006-03-31": "77.77700", "2005-12-31": "167.35600", "2005-09-30": "29.91800", "2005-06-30": "28.55800", "2005-03-31": "24.79500"}, "EBIT": {"2020-12-31": "151.37600", "2020-09-30": "111.51700", "2020-06-30": "132.42500", "2020-03-31": "138.98300", "2019-12-31": "162.58900", "2019-09-30": "159.80100", "2019-06-30": "148.48900", "2019-03-31": "156.84300", "2018-12-31": "141.66800", "2018-09-30": "154.93500", "2018-06-30": "148.24100", "2018-03-31": "139.83900", "2017-12-31": "150.03700", "2017-09-30": "158.03700", "2017-06-30": "120.03900", "2017-03-31": "142.50200", "2016-12-31": "142.86510", "2016-09-30": "143.75200", "2016-06-30": "137.33900", "2016-03-31": "156.31300", "2015-12-31": "145.04790", "2015-09-30": "151.00300", "2015-06-30": "133.00100", "2015-03-31": "108.33200", "2014-12-31": "122.18700", "2014-09-30": "110.40900", "2014-06-30": "103.54200", "2014-03-31": "98.19700", "2013-12-31": "43.06020", "2013-09-30": "-19.20800", "2013-06-30": "1.03400", "2013-03-31": "43.85500", "2012-12-31": "45.05100", "2012-09-30": "63.26800", "2012-06-30": "56.43500", "2012-03-31": "51.73800", "2011-12-31": "30.77810", "2011-09-30": "42.07100", "2011-06-30": "34.83900", "2011-03-31": "30.71000", "2010-12-31": "16.14400", "2010-09-30": "26.53700", "2010-06-30": "28.63900", "2010-03-31": "19.97300", "2009-12-31": "-2.28400", "2009-09-30": "27.31500", "2009-06-30": "32.86900", "2009-03-31": "39.67900", "2008-12-31": "18.80600", "2008-09-30": "45.50400", "2008-06-30": "44.39900", "2008-03-31": "43.70200", "2007-12-31": "22.40100", "2007-09-30": "46.07200", "2007-06-30": "46.98200", "2007-03-31": "44.19500", "2006-12-31": "22.41400", "2006-09-30": "40.00400", "2006-06-30": "34.76400", "2006-03-31": "31.35900", "2005-12-31": "11.89500", "2005-09-30": "27.05800", "2005-06-30": "25.58400", "2005-03-31": "21.32200"}, "Basic Shares Outstanding": {"2020-12-31": "139.60120", "2020-09-30": "140.27200", "2020-06-30": "140.45100", "2020-03-31": "140.37700", "2019-12-31": "139.05400", "2019-09-30": "139.34000", "2019-06-30": "139.11300", "2019-03-31": "138.33100", "2018-12-31": "137.84500", "2018-09-30": "137.84900", "2018-06-30": "137.84000", "2018-03-31": "137.76400", "2017-12-31": "137.52400", "2017-09-30": "137.71500", "2017-06-30": "137.58100", "2017-03-31": "137.06900", "2016-12-31": "136.92830", "2016-09-30": "136.99800", "2016-06-30": "136.91900", "2016-03-31": "136.78600", "2015-12-31": "133.56570", "2015-09-30": "133.67000", "2015-06-30": "131.97800", "2015-03-31": "131.88400", "2014-12-31": "130.58700", "2014-09-30": "131.33000", "2014-06-30": "129.85600", "2014-03-31": "129.28900", "2013-12-31": "126.85600", "2013-09-30": "129.20900", "2013-06-30": "129.17900", "2013-03-31": "119.68100", "2012-12-31": "97.41600", "2012-09-30": "97.04500", "2012-06-30": "95.30800", "2012-03-31": "94.85500", "2011-12-31": "89.92200", "2011-09-30": "91.38800", "2011-06-30": "87.31800", "2011-03-31": "86.16900", "2010-12-31": "83.86000", "2010-09-30": "84.96900", "2010-06-30": "83.51800", "2010-03-31": "81.63800", "2009-12-31": "79.95100", "2009-09-30": "80.13200", "2009-06-30": "79.66200", "2009-03-31": "78.75300", "2008-12-31": "76.78300", "2008-09-30": "76.83400", "2008-06-30": "76.75400", "2008-03-31": "76.60000", "2007-12-31": "78.68000", "2007-09-30": "78.96300", "2007-06-30": "79.42800", "2007-03-31": "78.43200", "2006-12-31": "74.12600", "2006-09-30": "74.22700", "2006-06-30": "74.10100", "2006-03-31": "73.80900", "2005-12-31": "72.95200", "2005-09-30": "73.19500", "2005-06-30": "72.78700", "2005-03-31": "72.49600"}, "Shares Outstanding": {"2020-12-31": "139.63240", "2020-09-30": "140.60400", "2020-06-30": "140.73800", "2020-03-31": "140.77800", "2019-12-31": "139.57100", "2019-09-30": "139.85300", "2019-06-30": "139.61800", "2019-03-31": "138.83200", "2018-12-31": "138.28900", "2018-09-30": "138.32300", "2018-06-30": "138.21500", "2018-03-31": "138.15300", "2017-12-31": "138.06700", "2017-09-30": "138.30700", "2017-06-30": "138.17300", "2017-03-31": "137.53100", "2016-12-31": "137.46160", "2016-09-30": "137.50500", "2016-06-30": "137.43800", "2016-03-31": "137.38300", "2015-12-31": "134.59320", "2015-09-30": "134.70900", "2015-06-30": "133.08600", "2015-03-31": "133.17600", "2014-12-31": "131.23800", "2014-09-30": "131.90600", "2014-06-30": "130.24800", "2014-03-31": "129.63000", "2013-12-31": "127.26600", "2013-09-30": "129.21600", "2013-06-30": "129.59500", "2013-03-31": "120.11100", "2012-12-31": "98.02500", "2012-09-30": "97.54700", "2012-06-30": "95.99300", "2012-03-31": "95.65400", "2011-12-31": "90.77700", "2011-09-30": "92.34000", "2011-06-30": "88.19600", "2011-03-31": "86.99800", "2010-12-31": "84.63300", "2010-09-30": "85.76900", "2010-06-30": "84.24500", "2010-03-31": "82.31100", "2009-12-31": "80.60000", "2009-09-30": "80.60900", "2009-06-30": "80.04200", "2009-03-31": "79.79200", "2008-12-31": "77.57900", "2008-09-30": "77.58100", "2008-06-30": "77.57900", "2008-03-31": "77.44100", "2007-12-31": "79.85700", "2007-09-30": "80.02500", "2007-06-30": "80.64800", "2007-03-31": "79.93100", "2006-12-31": "75.58700", "2006-09-30": "75.68900", "2006-06-30": "75.36200", "2006-03-31": "75.29000", "2005-12-31": "74.75900", "2005-09-30": "75.00500", "2005-06-30": "74.58900", "2005-03-31": "74.25800"}, "Basic EPS": {"2020-12-31": "2.44000", "2020-09-30": "1.05000", "2020-06-30": "1.21000", "2020-03-31": "1.19000", "2019-12-31": "1.20000", "2019-09-30": "2.00000", "2019-06-30": "1.21000", "2019-03-31": "1.23000", "2018-12-31": "2.79000", "2018-09-30": "1.39000", "2018-06-30": "1.84000", "2018-03-31": "1.03000", "2017-12-31": "1.71000", "2017-09-30": "1.73000", "2017-06-30": "1.20000", "2017-03-31": "1.72000", "2016-12-31": "1.76000", "2016-09-30": "2.60000", "2016-06-30": "1.44000", "2016-03-31": "1.73000", "2015-12-31": "1.13000", "2015-09-30": "1.54000", "2015-06-30": "1.30000", "2015-03-31": "1.57000", "2014-12-31": "1.08000", "2014-09-30": "1.83000", "2014-06-30": "1.22000", "2014-03-31": "1.09000", "2013-12-31": "1.95000", "2013-09-30": "-0.08000", "2013-06-30": "0.28000", "2013-03-31": "0.63000", "2012-12-31": "1.20000", "2012-09-30": "0.89000", "2012-06-30": "1.64000", "2012-03-31": "0.61000", "2011-12-31": "3.55000", "2011-09-30": "0.49000", "2011-06-30": "0.50000", "2011-03-31": "0.35000", "2010-12-31": "0.29000", "2010-09-30": "0.29000", "2010-06-30": "0.61000", "2010-03-31": "0.89000", "2009-12-31": "0.40000", "2009-09-30": "0.72000", "2009-06-30": "0.22000", "2009-03-31": "0.60000", "2008-12-31": "-0.02000", "2008-09-30": "3.00000", "2008-06-30": "1.63000", "2008-03-31": "0.60000", "2007-12-31": "1.64000", "2007-09-30": "1.60000", "2007-06-30": "0.62000", "2007-03-31": "0.57000", "2006-12-31": "0.59000", "2006-09-30": "0.54000", "2006-06-30": "0.87000", "2006-03-31": "1.48000", "2005-12-31": "1.14000", "2005-09-30": "1.32000", "2005-06-30": "0.75000", "2005-03-31": "0.93000"}, "EPS - Earnings Per Share": {"2020-12-31": "2.44000", "2020-09-30": "1.05000", "2020-06-30": "1.21000", "2020-03-31": "1.19000", "2019-12-31": "1.19000", "2019-09-30": "2.00000", "2019-06-30": "1.21000", "2019-03-31": "1.23000", "2018-12-31": "2.79000", "2018-09-30": "1.39000", "2018-06-30": "1.84000", "2018-03-31": "1.03000", "2017-12-31": "1.71000", "2017-09-30": "1.72000", "2017-06-30": "1.20000", "2017-03-31": "1.72000", "2016-12-31": "1.76000", "2016-09-30": "2.59000", "2016-06-30": "1.44000", "2016-03-31": "1.73000", "2015-12-31": "1.13000", "2015-09-30": "1.53000", "2015-06-30": "1.29000", "2015-03-31": "1.56000", "2014-12-31": "1.08000", "2014-09-30": "1.83000", "2014-06-30": "1.21000", "2014-03-31": "1.09000", "2013-12-31": "1.95000", "2013-09-30": "-0.08000", "2013-06-30": "0.28000", "2013-03-31": "0.63000", "2012-12-31": "1.20000", "2012-09-30": "0.89000", "2012-06-30": "1.63000", "2012-03-31": "0.60000", "2011-12-31": "3.54000", "2011-09-30": "0.49000", "2011-06-30": "0.49000", "2011-03-31": "0.35000", "2010-12-31": "0.29000", "2010-09-30": "0.29000", "2010-06-30": "0.61000", "2010-03-31": "0.88000", "2009-12-31": "0.40000", "2009-09-30": "0.72000", "2009-06-30": "0.22000", "2009-03-31": "0.59000", "2008-12-31": "-0.02000", "2008-09-30": "2.98000", "2008-06-30": "1.61000", "2008-03-31": "0.60000", "2007-12-31": "1.63000", "2007-09-30": "1.58000", "2007-06-30": "0.61000", "2007-03-31": "0.56000", "2006-12-31": "0.58000", "2006-09-30": "0.53000", "2006-06-30": "0.86000", "2006-03-31": "1.45000", "2005-12-31": "1.09000", "2005-09-30": "1.30000", "2005-06-30": "0.74000", "2005-03-31": "0.92000"}}, "balance sheet": {"Cash On Hand": {"2020-12-31": "313.53200", "2019-12-31": "127.61400", "2018-12-31": "217.86400", "2017-12-31": "201.90600", "2016-12-31": "329.97700", "2015-12-31": "505.32800", "2014-12-31": "605.08500", "2013-12-31": "379.91900", "2012-12-31": "2783.56800", "2011-12-31": "690.25310", "2010-12-31": "477.74500", "2009-12-31": "316.36700", "2008-12-31": "257.61600", "2007-12-31": "208.53500", "2006-12-31": "144.20100", "2005-12-31": "53.98100"}, "Receivables": {"2020-12-31": "", "2019-12-31": "", "2018-12-31": "", "2017-12-31": "", "2016-12-31": "", "2015-12-31": "", "2014-12-31": "", "2013-12-31": "", "2012-12-31": "", "2011-12-31": "", "2010-12-31": "", "2009-12-31": "", "2008-12-31": "", "2007-12-31": "", "2006-12-31": "", "2005-12-31": ""}, "Inventory": {"2020-12-31": "", "2019-12-31": "", "2018-12-31": "", "2017-12-31": "", "2016-12-31": "", "2015-12-31": "", "2014-12-31": "", "2013-12-31": "", "2012-12-31": "", "2011-12-31": "", "2010-12-31": "", "2009-12-31": "", "2008-12-31": "", "2007-12-31": "", "2006-12-31": "", "2005-12-31": ""}, "Pre-Paid Expenses": {"2020-12-31": "", "2019-12-31": "", "2018-12-31": "", "2017-12-31": "", "2016-12-31": "", "2015-12-31": "", "2014-12-31": "", "2013-12-31": "", "2012-12-31": "", "2011-12-31": "", "2010-12-31": "", "2009-12-31": "", "2008-12-31": "", "2007-12-31": "", "2006-12-31": "", "2005-12-31": ""}, "Other Current Assets": {"2020-12-31": "", "2019-12-31": "", "2018-12-31": "", "2017-12-31": "", "2016-12-31": "", "2015-12-31": "", "2014-12-31": "", "2013-12-31": "", "2012-12-31": "", "2011-12-31": "", "2010-12-31": "", "2009-12-31": "", "2008-12-31": "", "2007-12-31": "", "2006-12-31": "", "2005-12-31": ""}, "Total Current Assets": {"2020-12-31": "313.53200", "2019-12-31": "127.61400", "2018-12-31": "217.86400", "2017-12-31": "201.90600", "2016-12-31": "329.97700", "2015-12-31": "505.32800", "2014-12-31": "605.08500", "2013-12-31": "379.91900", "2012-12-31": "2783.56800", "2011-12-31": "690.25310", "2010-12-31": "477.74500", "2009-12-31": "316.36700", "2008-12-31": "257.61600", "2007-12-31": "208.53500", "2006-12-31": "144.20100", "2005-12-31": "53.98100"}, "Property, Plant, And Equipment": {"2020-12-31": "18233.78000", "2019-12-31": "18432.99000", "2018-12-31": "17730.93000", "2017-12-31": "17717.56000", "2016-12-31": "17032.99000", "2015-12-31": "15942.31000", "2014-12-31": "14935.74000", "2013-12-31": "14284.21000", "2012-12-31": "8015.12000", "2011-12-31": "7425.03000", "2010-12-31": "6955.64500", "2009-12-31": "6833.48700", "2008-12-31": "6649.74300", "2007-12-31": "6297.18200", "2006-12-31": "5510.36200", "2005-12-31": "4945.78800"}, "Long-Term Investments": {"2020-12-31": "", "2019-12-31": "", "2018-12-31": "", "2017-12-31": "", "2016-12-31": "", "2015-12-31": "", "2014-12-31": "", "2013-12-31": "", "2012-12-31": "", "2011-12-31": "", "2010-12-31": "", "2009-12-31": "", "2008-12-31": "", "2007-12-31": "", "2006-12-31": "", "2005-12-31": ""}, "Goodwill And Intangible Assets": {"2020-12-31": "", "2019-12-31": "", "2018-12-31": "", "2017-12-31": "", "2016-12-31": "", "2015-12-31": "", "2014-12-31": "", "2013-12-31": "", "2012-12-31": "", "2011-12-31": "", "2010-12-31": "", "2009-12-31": "", "2008-12-31": "", "2007-12-31": "", "2006-12-31": "", "2005-12-31": ""}, "Other Long-Term Assets": {"2020-12-31": "651.83100", "2019-12-31": "365.00100", "2018-12-31": "383.96300", "2017-12-31": "449.53900", "2016-12-31": "464.12100", "2015-12-31": "446.09100", "2014-12-31": "532.72400", "2013-12-31": "591.96300", "2012-12-31": "298.02500", "2011-12-31": "308.68400", "2010-12-31": "277.82100", "2009-12-31": "185.45700", "2008-12-31": "178.27900", "2007-12-31": "142.35000", "2006-12-31": "128.43900", "2005-12-31": "115.84800"}, "Total Long-Term Assets": {"2020-12-31": "18885.61000", "2019-12-31": "18868.48000", "2018-12-31": "18162.34000", "2017-12-31": "18212.91000", "2016-12-31": "17537.29000", "2015-12-31": "16425.98000", "2014-12-31": "15535.49000", "2013-12-31": "14948.22000", "2012-12-31": "8376.51100", "2011-12-31": "7792.13700", "2010-12-31": "7343.74300", "2009-12-31": "7141.23800", "2008-12-31": "6916.73700", "2007-12-31": "6527.94900", "2006-12-31": "5704.30600", "2005-12-31": "5111.07900"}, "Total Assets": {"2020-12-31": "19199.14000", "2019-12-31": "19121.05000", "2018-12-31": "18380.20000", "2017-12-31": "18414.82000", "2016-12-31": "17867.27000", "2015-12-31": "16931.30000", "2014-12-31": "16140.58000", "2013-12-31": "15328.14000", "2012-12-31": "11160.08000", "2011-12-31": "8482.39000", "2010-12-31": "7821.48800", "2009-12-31": "7457.60500", "2008-12-31": "7174.35300", "2007-12-31": "6736.48400", "2006-12-31": "5848.50700", "2005-12-31": "5165.06000"}, "Total Current Liabilities": {"2020-12-31": "", "2019-12-31": "321.16700", "2018-12-31": "344.34800", "2017-12-31": "351.30500", "2016-12-31": "312.98300", "2015-12-31": "300.09000", "2014-12-31": "285.75200", "2013-12-31": "283.19100", "2012-12-31": "249.81200", "2011-12-31": "279.73000", "2010-12-31": "162.77600", "2009-12-31": "268.03300", "2008-12-31": "250.93100", "2007-12-31": "271.82900", "2006-12-31": "229.21100", "2005-12-31": "116.85400"}, "Long Term Debt": {"2020-12-31": "7564.33700", "2019-12-31": "7296.29000", "2018-12-31": "7040.26300", "2017-12-31": "7329.47000", "2016-12-31": "7030.88000", "2015-12-31": "6456.94800", "2014-12-31": "6489.70700", "2013-12-31": "6134.35100", "2012-12-31": "3851.03300", "2011-12-31": "3599.19600", "2010-12-31": "3973.08500", "2009-12-31": "3974.87200", "2008-12-31": "3654.72200", "2007-12-31": "3158.06100", "2006-12-31": "2801.42800", "2005-12-31": "2334.01700"}, "Other Non-Current Liabilities": {"2020-12-31": "879.95600", "2019-12-31": "369.67600", "2018-12-31": "359.73900", "2017-12-31": "339.94400", "2016-12-31": "344.22600", "2015-12-31": "323.74400", "2014-12-31": "305.94900", "2013-12-31": "293.55400", "2012-12-31": "211.41300", "2011-12-31": "194.50900", "2010-12-31": "355.77400", "2009-12-31": "158.77600", "2008-12-31": "342.35100", "2007-12-31": "256.78800", "2006-12-31": "226.40300", "2005-12-31": "153.06200"}, "Total Long Term Liabilities": {"2020-12-31": "8446.97000", "2019-12-31": "7669.21800", "2018-12-31": "7403.24600", "2017-12-31": "7675.47000", "2016-12-31": "7382.87200", "2015-12-31": "6790.68900", "2014-12-31": "6808.42100", "2013-12-31": "6445.22500", "2012-12-31": "4069.47300", "2011-12-31": "3800.76800", "2010-12-31": "4343.12100", "2009-12-31": "4139.44500", "2008-12-31": "4007.30700", "2007-12-31": "3438.00100", "2006-12-31": "3046.14200", "2005-12-31": "2506.54300"}, "Total Liabilities": {"2020-12-31": "8446.97000", "2019-12-31": "8130.85300", "2018-12-31": "7747.59400", "2017-12-31": "8026.77500", "2016-12-31": "7695.85000", "2015-12-31": "7090.77900", "2014-12-31": "7094.17300", "2013-12-31": "6728.41300", "2012-12-31": "4319.28700", "2011-12-31": "4080.49800", "2010-12-31": "4505.89700", "2009-12-31": "4407.47800", "2008-12-31": "4258.23800", "2007-12-31": "3709.83000", "2006-12-31": "3275.35300", "2005-12-31": "2623.39700"}, "Common Stock Net": {"2020-12-31": "", "2019-12-31": "1.40600", "2018-12-31": "1.38500", "2017-12-31": "1.38100", "2016-12-31": "1.37300", "2015-12-31": "1.37000", "2014-12-31": "1.32000", "2013-12-31": "1.29400", "2012-12-31": "1.14400", "2011-12-31": "0.95200", "2010-12-31": "0.85900", "2009-12-31": "0.81500", "2008-12-31": "0.77100", "2007-12-31": "0.77300", "2006-12-31": "0.74700", "2005-12-31": "0.73700"}, "Retained Earnings (Accumulated Deficit)": {"2020-12-31": "", "2019-12-31": "282.91300", "2018-12-31": "350.77700", "2017-12-31": "188.60900", "2016-12-31": "94.89900", "2015-12-31": "-197.98900", "2014-12-31": "-267.08500", "2013-12-31": "-345.25400", "2012-12-31": "-142.32900", "2011-12-31": "-171.64800", "2010-12-31": "-282.74300", "2009-12-31": "-149.98800", "2008-12-31": "-22.22300", "2007-12-31": "2.49900", "2006-12-31": "93.43000", "2005-12-31": "115.78800"}, "Comprehensive Income": {"2020-12-31": "", "2019-12-31": "-31.50300", "2018-12-31": "-26.14400", "2017-12-31": "-37.41900", "2016-12-31": "-30.51000", "2015-12-31": "-31.38700", "2014-12-31": "-42.51500", "2013-12-31": "-48.63100", "2012-12-31": "-108.00700", "2011-12-31": "-87.02000", "2010-12-31": "-1.17500", "2009-12-31": "-1.06700", "2008-12-31": "-2.93200", "2007-12-31": "-3.36600", "2006-12-31": "-3.57900", "2005-12-31": "-4.47000"}, "Other Share Holders Equity": {"2020-12-31": "", "2019-12-31": "", "2018-12-31": "", "2017-12-31": "", "2016-12-31": "", "2015-12-31": "", "2014-12-31": "", "2013-12-31": "", "2012-12-31": "", "2011-12-31": "", "2010-12-31": "", "2009-12-31": "", "2008-12-31": "", "2007-12-31": "", "2006-12-31": "", "2005-12-31": ""}, "Share Holder Equity": {"2020-12-31": "10752.17000", "2019-12-31": "10990.20000", "2018-12-31": "10632.61000", "2017-12-31": "10388.05000", "2016-12-31": "10171.42000", "2015-12-31": "9840.52600", "2014-12-31": "9046.40500", "2013-12-31": "8599.72700", "2012-12-31": "6840.79300", "2011-12-31": "4401.89200", "2010-12-31": "3315.59100", "2009-12-31": "3050.12700", "2008-12-31": "2916.11500", "2007-12-31": "3026.65400", "2006-12-31": "2573.15400", "2005-12-31": "2541.66300"}, "Total Liabilities And Share Holders Equity": {"2020-12-31": "19199.14000", "2019-12-31": "19121.05000", "2018-12-31": "18380.20000", "2017-12-31": "18414.82000", "2016-12-31": "17867.27000", "2015-12-31": "16931.30000", "2014-12-31": "16140.58000", "2013-12-31": "15328.14000", "2012-12-31": "11160.08000", "2011-12-31": "8482.39000", "2010-12-31": "7821.48800", "2009-12-31": "7457.60500", "2008-12-31": "7174.35300", "2007-12-31": "6736.48400", "2006-12-31": "5848.50700", "2005-12-31": "5165.06000"}}, "balance sheet, quarterly": {"Cash On Hand": {"2020-12-31": "313.53200", "2020-09-30": "182.40000", "2020-06-30": "415.69400", "2020-03-31": "868.42100", "2019-12-31": "127.61400", "2019-09-30": "334.75400", "2019-06-30": "330.04400", "2019-03-31": "195.20700", "2018-12-31": "217.86400", "2018-09-30": "281.59100", "2018-06-30": "349.89700", "2018-03-31": "271.40700", "2017-12-31": "201.90600", "2017-09-30": "217.11100", "2017-06-30": "293.15300", "2017-03-31": "368.72000", "2016-12-31": "329.97700", "2016-09-30": "232.18800", "2016-06-30": "287.69100", "2016-03-31": "267.90200", "2015-12-31": "505.32800", "2015-09-30": "420.44500", "2015-06-30": "168.80500", "2015-03-31": "297.71600", "2014-12-31": "605.08500", "2014-09-30": "535.69200", "2014-06-30": "519.12600", "2014-03-31": "476.85300", "2013-12-31": "379.91900", "2013-09-30": "211.33900", "2013-06-30": "205.54700", "2013-03-31": "541.10600", "2012-12-31": "2783.56800", "2012-09-30": "713.98400", "2012-06-30": "431.95400", "2012-03-31": "321.13600", "2011-12-31": "690.25310", "2011-09-30": "759.02700", "2011-06-30": "360.23400", "2011-03-31": "476.93200", "2010-12-31": "477.74500", "2010-09-30": "407.14100", "2010-06-30": "561.98800", "2010-03-31": "330.63300", "2009-12-31": "316.36700", "2009-09-30": "777.45610", "2009-06-30": "456.06400", "2009-03-31": "259.99000", "2008-12-31": "257.61600", "2008-09-30": "286.67900", "2008-06-30": "114.32900", "2008-03-31": "398.51000", "2007-12-31": "208.53500", "2007-09-30": "234.45100", "2007-06-30": "358.18800", "2007-03-31": "488.55800", "2006-12-31": "144.20100", "2006-09-30": "217.29500", "2006-06-30": "43.34900", "2006-03-31": "85.63500", "2005-12-31": "53.98100", "2005-09-30": "58.37400", "2005-06-30": "17.42200", "2005-03-31": "17.11200"}, "Receivables": {"2020-12-31": "", "2020-09-30": "", "2020-06-30": "", "2020-03-31": "", "2019-12-31": "", "2019-09-30": "", "2019-06-30": "", "2019-03-31": "", "2018-12-31": "", "2018-09-30": "", "2018-06-30": "", "2018-03-31": "", "2017-12-31": "", "2017-09-30": "", "2017-06-30": "", "2017-03-31": "", "2016-12-31": "", "2016-09-30": "", "2016-06-30": "", "2016-03-31": "", "2015-12-31": "", "2015-09-30": "", "2015-06-30": "", "2015-03-31": "", "2014-12-31": "", "2014-09-30": "", "2014-06-30": "", "2014-03-31": "", "2013-12-31": "", "2013-09-30": "", "2013-06-30": "", "2013-03-31": "", "2012-12-31": "", "2012-09-30": "", "2012-06-30": "", "2012-03-31": "", "2011-12-31": "", "2011-09-30": "", "2011-06-30": "", "2011-03-31": "", "2010-12-31": "", "2010-09-30": "", "2010-06-30": "", "2010-03-31": "", "2009-12-31": "", "2009-09-30": "", "2009-06-30": "", "2009-03-31": "", "2008-12-31": "", "2008-09-30": "", "2008-06-30": "", "2008-03-31": "", "2007-12-31": "", "2007-09-30": "", "2007-06-30": "", "2007-03-31": "", "2006-12-31": "", "2006-09-30": "", "2006-06-30": "", "2006-03-31": "", "2005-12-31": "", "2005-09-30": "", "2005-06-30": "", "2005-03-31": ""}, "Inventory": {"2020-12-31": "", "2020-09-30": "", "2020-06-30": "", "2020-03-31": "", "2019-12-31": "", "2019-09-30": "", "2019-06-30": "", "2019-03-31": "", "2018-12-31": "", "2018-09-30": "", "2018-06-30": "", "2018-03-31": "", "2017-12-31": "", "2017-09-30": "", "2017-06-30": "", "2017-03-31": "", "2016-12-31": "", "2016-09-30": "", "2016-06-30": "", "2016-03-31": "", "2015-12-31": "", "2015-09-30": "", "2015-06-30": "", "2015-03-31": "", "2014-12-31": "", "2014-09-30": "", "2014-06-30": "", "2014-03-31": "", "2013-12-31": "", "2013-09-30": "", "2013-06-30": "", "2013-03-31": "", "2012-12-31": "", "2012-09-30": "", "2012-06-30": "", "2012-03-31": "", "2011-12-31": "", "2011-09-30": "", "2011-06-30": "", "2011-03-31": "", "2010-12-31": "", "2010-09-30": "", "2010-06-30": "", "2010-03-31": "", "2009-12-31": "", "2009-09-30": "", "2009-06-30": "", "2009-03-31": "", "2008-12-31": "", "2008-09-30": "", "2008-06-30": "", "2008-03-31": "", "2007-12-31": "", "2007-09-30": "", "2007-06-30": "", "2007-03-31": "", "2006-12-31": "", "2006-09-30": "", "2006-06-30": "", "2006-03-31": "", "2005-12-31": "", "2005-09-30": "", "2005-06-30": "", "2005-03-31": ""}, "Pre-Paid Expenses": {"2020-12-31": "", "2020-09-30": "", "2020-06-30": "", "2020-03-31": "", "2019-12-31": "", "2019-09-30": "", "2019-06-30": "", "2019-03-31": "", "2018-12-31": "", "2018-09-30": "", "2018-06-30": "", "2018-03-31": "", "2017-12-31": "", "2017-09-30": "", "2017-06-30": "", "2017-03-31": "", "2016-12-31": "", "2016-09-30": "", "2016-06-30": "", "2016-03-31": "", "2015-12-31": "", "2015-09-30": "", "2015-06-30": "", "2015-03-31": "", "2014-12-31": "", "2014-09-30": "", "2014-06-30": "", "2014-03-31": "", "2013-12-31": "", "2013-09-30": "", "2013-06-30": "", "2013-03-31": "", "2012-12-31": "", "2012-09-30": "", "2012-06-30": "", "2012-03-31": "", "2011-12-31": "", "2011-09-30": "", "2011-06-30": "", "2011-03-31": "", "2010-12-31": "", "2010-09-30": "", "2010-06-30": "", "2010-03-31": "", "2009-12-31": "", "2009-09-30": "", "2009-06-30": "", "2009-03-31": "", "2008-12-31": "", "2008-09-30": "", "2008-06-30": "", "2008-03-31": "", "2007-12-31": "", "2007-09-30": "", "2007-06-30": "", "2007-03-31": "", "2006-12-31": "", "2006-09-30": "", "2006-06-30": "", "2006-03-31": "", "2005-12-31": "", "2005-09-30": "", "2005-06-30": "", "2005-03-31": ""}, "Other Current Assets": {"2020-12-31": "", "2020-09-30": "", "2020-06-30": "", "2020-03-31": "", "2019-12-31": "", "2019-09-30": "", "2019-06-30": "", "2019-03-31": "", "2018-12-31": "", "2018-09-30": "", "2018-06-30": "", "2018-03-31": "", "2017-12-31": "", "2017-09-30": "", "2017-06-30": "", "2017-03-31": "", "2016-12-31": "", "2016-09-30": "", "2016-06-30": "", "2016-03-31": "", "2015-12-31": "", "2015-09-30": "", "2015-06-30": "", "2015-03-31": "", "2014-12-31": "", "2014-09-30": "", "2014-06-30": "", "2014-03-31": "", "2013-12-31": "", "2013-09-30": "", "2013-06-30": "", "2013-03-31": "", "2012-12-31": "", "2012-09-30": "", "2012-06-30": "", "2012-03-31": "", "2011-12-31": "", "2011-09-30": "", "2011-06-30": "", "2011-03-31": "", "2010-12-31": "", "2010-09-30": "", "2010-06-30": "", "2010-03-31": "", "2009-12-31": "", "2009-09-30": "", "2009-06-30": "", "2009-03-31": "", "2008-12-31": "", "2008-09-30": "", "2008-06-30": "", "2008-03-31": "", "2007-12-31": "", "2007-09-30": "", "2007-06-30": "", "2007-03-31": "", "2006-12-31": "", "2006-09-30": "", "2006-06-30": "", "2006-03-31": "", "2005-12-31": "", "2005-09-30": "", "2005-06-30": "", "2005-03-31": ""}, "Total Current Assets": {"2020-12-31": "313.53200", "2020-09-30": "182.40000", "2020-06-30": "415.69400", "2020-03-31": "868.42100", "2019-12-31": "127.61400", "2019-09-30": "334.75400", "2019-06-30": "330.04400", "2019-03-31": "195.20700", "2018-12-31": "217.86400", "2018-09-30": "281.59100", "2018-06-30": "349.89700", "2018-03-31": "271.40700", "2017-12-31": "201.90600", "2017-09-30": "217.11100", "2017-06-30": "293.15300", "2017-03-31": "368.72000", "2016-12-31": "329.97700", "2016-09-30": "232.18800", "2016-06-30": "287.69100", "2016-03-31": "267.90200", "2015-12-31": "505.32800", "2015-09-30": "420.44500", "2015-06-30": "168.80500", "2015-03-31": "297.71600", "2014-12-31": "605.08500", "2014-09-30": "535.69200", "2014-06-30": "519.12600", "2014-03-31": "476.85300", "2013-12-31": "379.91900", "2013-09-30": "211.33900", "2013-06-30": "205.54700", "2013-03-31": "541.10600", "2012-12-31": "2783.56800", "2012-09-30": "713.98400", "2012-06-30": "431.95400", "2012-03-31": "321.13600", "2011-12-31": "690.25310", "2011-09-30": "759.02700", "2011-06-30": "360.23400", "2011-03-31": "476.93200", "2010-12-31": "477.74500", "2010-09-30": "407.14100", "2010-06-30": "561.98800", "2010-03-31": "330.63300", "2009-12-31": "316.36700", "2009-09-30": "777.45610", "2009-06-30": "456.06400", "2009-03-31": "259.99000", "2008-12-31": "257.61600", "2008-09-30": "286.67900", "2008-06-30": "114.32900", "2008-03-31": "398.51000", "2007-12-31": "208.53500", "2007-09-30": "234.45100", "2007-06-30": "358.18800", "2007-03-31": "488.55800", "2006-12-31": "144.20100", "2006-09-30": "217.29500", "2006-06-30": "43.34900", "2006-03-31": "85.63500", "2005-12-31": "53.98100", "2005-09-30": "58.37400", "2005-06-30": "17.42200", "2005-03-31": "17.11200"}, "Property, Plant, And Equipment": {"2020-12-31": "18233.78000", "2020-09-30": "18297.70000", "2020-06-30": "18300.32000", "2020-03-31": "18408.64000", "2019-12-31": "18432.99000", "2019-09-30": "18119.46000", "2019-06-30": "18009.44000", "2019-03-31": "17876.09000", "2018-12-31": "17730.93000", "2018-09-30": "17930.21000", "2018-06-30": "17860.60000", "2018-03-31": "17884.55000", "2017-12-31": "17717.56000", "2017-09-30": "17446.15000", "2017-06-30": "17135.02000", "2017-03-31": "17066.89000", "2016-12-31": "17032.99000", "2016-09-30": "16871.41000", "2016-06-30": "16498.09000", "2016-03-31": "16310.98000", "2015-12-31": "15942.31000", "2015-09-30": "15790.62000", "2015-06-30": "15581.02000", "2015-03-31": "15384.35000", "2014-12-31": "14935.74000", "2014-09-30": "14724.30000", "2014-06-30": "14509.77000", "2014-03-31": "14452.36000", "2013-12-31": "14284.21000", "2013-09-30": "14284.65000", "2013-06-30": "14116.25000", "2013-03-31": "14014.18000", "2012-12-31": "8015.12000", "2012-09-30": "7878.64800", "2012-06-30": "7606.17200", "2012-03-31": "7537.45400", "2011-12-31": "7425.03000", "2011-09-30": "7315.78300", "2011-06-30": "7187.43200", "2011-03-31": "7003.42400", "2010-12-31": "6955.64500", "2010-09-30": "6924.07000", "2010-06-30": "6841.85800", "2010-03-31": "6870.01800", "2009-12-31": "6833.48700", "2009-09-30": "6856.25400", "2009-06-30": "6821.52500", "2009-03-31": "6738.38300", "2008-12-31": "6649.74300", "2008-09-30": "6527.03000", "2008-06-30": "6530.58000", "2008-03-31": "6457.67100", "2007-12-31": "6297.18200", "2007-09-30": "6181.37800", "2007-06-30": "5990.14200", "2007-03-31": "5755.09100", "2006-12-31": "5510.36200", "2006-09-30": "5193.99400", "2006-06-30": "5055.24300", "2006-03-31": "4928.57600", "2005-12-31": "4945.78800", "2005-09-30": "4892.28000", "2005-06-30": "4915.15500", "2005-03-31": "4870.90600"}, "Long-Term Investments": {"2020-12-31": "", "2020-09-30": "", "2020-06-30": "", "2020-03-31": "", "2019-12-31": "", "2019-09-30": "", "2019-06-30": "", "2019-03-31": "", "2018-12-31": "", "2018-09-30": "", "2018-06-30": "", "2018-03-31": "", "2017-12-31": "", "2017-09-30": "", "2017-06-30": "", "2017-03-31": "", "2016-12-31": "", "2016-09-30": "", "2016-06-30": "", "2016-03-31": "", "2015-12-31": "", "2015-09-30": "", "2015-06-30": "", "2015-03-31": "", "2014-12-31": "", "2014-09-30": "", "2014-06-30": "", "2014-03-31": "", "2013-12-31": "", "2013-09-30": "", "2013-06-30": "", "2013-03-31": "", "2012-12-31": "", "2012-09-30": "", "2012-06-30": "", "2012-03-31": "", "2011-12-31": "", "2011-09-30": "", "2011-06-30": "", "2011-03-31": "", "2010-12-31": "", "2010-09-30": "", "2010-06-30": "", "2010-03-31": "", "2009-12-31": "", "2009-09-30": "", "2009-06-30": "", "2009-03-31": "", "2008-12-31": "", "2008-09-30": "", "2008-06-30": "", "2008-03-31": "", "2007-12-31": "", "2007-09-30": "", "2007-06-30": "", "2007-03-31": "", "2006-12-31": "", "2006-09-30": "", "2006-06-30": "", "2006-03-31": "", "2005-12-31": "", "2005-09-30": "", "2005-06-30": "", "2005-03-31": ""}, "Goodwill And Intangible Assets": {"2020-12-31": "", "2020-09-30": "", "2020-06-30": "", "2020-03-31": "", "2019-12-31": "", "2019-09-30": "", "2019-06-30": "", "2019-03-31": "", "2018-12-31": "", "2018-09-30": "", "2018-06-30": "", "2018-03-31": "", "2017-12-31": "", "2017-09-30": "", "2017-06-30": "", "2017-03-31": "", "2016-12-31": "", "2016-09-30": "", "2016-06-30": "", "2016-03-31": "", "2015-12-31": "", "2015-09-30": "", "2015-06-30": "", "2015-03-31": "", "2014-12-31": "", "2014-09-30": "", "2014-06-30": "", "2014-03-31": "", "2013-12-31": "", "2013-09-30": "", "2013-06-30": "", "2013-03-31": "", "2012-12-31": "", "2012-09-30": "", "2012-06-30": "", "2012-03-31": "", "2011-12-31": "", "2011-09-30": "", "2011-06-30": "", "2011-03-31": "", "2010-12-31": "", "2010-09-30": "", "2010-06-30": "", "2010-03-31": "", "2009-12-31": "", "2009-09-30": "", "2009-06-30": "", "2009-03-31": "", "2008-12-31": "", "2008-09-30": "", "2008-06-30": "", "2008-03-31": "", "2007-12-31": "", "2007-09-30": "", "2007-06-30": "", "2007-03-31": "", "2006-12-31": "", "2006-09-30": "", "2006-06-30": "", "2006-03-31": "", "2005-12-31": "", "2005-09-30": "", "2005-06-30": "", "2005-03-31": ""}, "Other Long-Term Assets": {"2020-12-31": "651.83100", "2020-09-30": "433.13900", "2020-06-30": "394.18000", "2020-03-31": "377.37900", "2019-12-31": "365.00100", "2019-09-30": "410.63900", "2019-06-30": "410.48900", "2019-03-31": "388.89700", "2018-12-31": "383.96300", "2018-09-30": "404.44600", "2018-06-30": "418.89700", "2018-03-31": "451.12400", "2017-12-31": "449.53900", "2017-09-30": "466.02700", "2017-06-30": "470.41700", "2017-03-31": "502.70000", "2016-12-31": "464.12100", "2016-09-30": "438.87100", "2016-06-30": "568.65500", "2016-03-31": "421.87500", "2015-12-31": "446.09100", "2015-09-30": "500.86600", "2015-06-30": "502.43800", "2015-03-31": "518.96600", "2014-12-31": "532.72400", "2014-09-30": "544.91300", "2014-06-30": "553.31800", "2014-03-31": "564.53900", "2013-12-31": "591.96300", "2013-09-30": "576.23300", "2013-06-30": "577.40600", "2013-03-31": "562.19700", "2012-12-31": "298.02500", "2012-09-30": "314.11700", "2012-06-30": "316.77200", "2012-03-31": "320.16300", "2011-12-31": "308.68400", "2011-09-30": "305.73500", "2011-06-30": "284.58200", "2011-03-31": "284.45800", "2010-12-31": "277.82100", "2010-09-30": "230.06100", "2010-06-30": "179.48200", "2010-03-31": "189.80600", "2009-12-31": "185.45700", "2009-09-30": "195.02000", "2009-06-30": "187.36300", "2009-03-31": "179.81200", "2008-12-31": "178.27900", "2008-09-30": "185.57600", "2008-06-30": "166.41500", "2008-03-31": "173.18400", "2007-12-31": "142.35000", "2007-09-30": "133.99400", "2007-06-30": "120.00400", "2007-03-31": "115.81200", "2006-12-31": "128.43900", "2006-09-30": "127.74300", "2006-06-30": "126.75800", "2006-03-31": "110.93300", "2005-12-31": "115.84800", "2005-09-30": "130.67600", "2005-06-30": "123.32800", "2005-03-31": "121.29100"}, "Total Long-Term Assets": {"2020-12-31": "18885.61000", "2020-09-30": "18804.59000", "2020-06-30": "18775.89000", "2020-03-31": "18860.57000", "2019-12-31": "18868.48000", "2019-09-30": "18604.49000", "2019-06-30": "18480.15000", "2019-03-31": "18320.41000", "2018-12-31": "18162.34000", "2018-09-30": "18380.53000", "2018-06-30": "18321.11000", "2018-03-31": "18375.04000", "2017-12-31": "18212.91000", "2017-09-30": "17960.73000", "2017-06-30": "17650.59000", "2017-03-31": "17609.70000", "2016-12-31": "17537.29000", "2016-09-30": "17356.47000", "2016-06-30": "17107.38000", "2016-03-31": "16775.49000", "2015-12-31": "16425.98000", "2015-09-30": "16361.53000", "2015-06-30": "16151.67000", "2015-03-31": "15966.03000", "2014-12-31": "15535.49000", "2014-09-30": "15345.49000", "2014-06-30": "15138.83000", "2014-03-31": "15093.39000", "2013-12-31": "14948.22000", "2013-09-30": "14933.77000", "2013-06-30": "14766.64000", "2013-03-31": "14646.26000", "2012-12-31": "8376.51100", "2012-09-30": "8254.58200", "2012-06-30": "7980.09100", "2012-03-31": "7919.92300", "2011-12-31": "7792.13700", "2011-09-30": "7729.63000", "2011-06-30": "7582.50800", "2011-03-31": "7404.83000", "2010-12-31": "7343.74300", "2010-09-30": "7267.26100", "2010-06-30": "7142.85600", "2010-03-31": "7177.50100", "2009-12-31": "7141.23800", "2009-09-30": "7168.96400", "2009-06-30": "7118.25400", "2009-03-31": "7013.45200", "2008-12-31": "6916.73700", "2008-09-30": "6804.51800", "2008-06-30": "6807.44700", "2008-03-31": "6721.59300", "2007-12-31": "6527.94900", "2007-09-30": "6398.24800", "2007-06-30": "6184.62200", "2007-03-31": "5935.49100", "2006-12-31": "5704.30600", "2006-09-30": "5373.90200", "2006-06-30": "5229.09100", "2006-03-31": "5083.81700", "2005-12-31": "5111.07900", "2005-09-30": "5074.72700", "2005-06-30": "5097.28400", "2005-03-31": "5048.15700"}, "Total Assets": {"2020-12-31": "19199.14000", "2020-09-30": "19144.61000", "2020-06-30": "19351.49000", "2020-03-31": "19891.34000", "2019-12-31": "19121.05000", "2019-09-30": "19060.47000", "2019-06-30": "18932.57000", "2019-03-31": "18639.98000", "2018-12-31": "18380.20000", "2018-09-30": "18662.12000", "2018-06-30": "18671.01000", "2018-03-31": "18646.45000", "2017-12-31": "18414.82000", "2017-09-30": "18177.84000", "2017-06-30": "17943.74000", "2017-03-31": "17978.42000", "2016-12-31": "17867.27000", "2016-09-30": "17588.66000", "2016-06-30": "17395.07000", "2016-03-31": "17043.39000", "2015-12-31": "16931.30000", "2015-09-30": "16781.98000", "2015-06-30": "16320.48000", "2015-03-31": "16263.75000", "2014-12-31": "16140.58000", "2014-09-30": "15881.18000", "2014-06-30": "15657.95000", "2014-03-31": "15570.24000", "2013-12-31": "15328.14000", "2013-09-30": "15145.11000", "2013-06-30": "14972.18000", "2013-03-31": "15187.36000", "2012-12-31": "11160.08000", "2012-09-30": "8968.56600", "2012-06-30": "8412.04500", "2012-03-31": "8241.05900", "2011-12-31": "8482.39000", "2011-09-30": "8488.65700", "2011-06-30": "7942.74200", "2011-03-31": "7881.76200", "2010-12-31": "7821.48800", "2010-09-30": "7674.40200", "2010-06-30": "7704.84400", "2010-03-31": "7508.13400", "2009-12-31": "7457.60500", "2009-09-30": "7946.42000", "2009-06-30": "7574.31800", "2009-03-31": "7273.44200", "2008-12-31": "7174.35300", "2008-09-30": "7091.19700", "2008-06-30": "6921.77600", "2008-03-31": "7120.10300", "2007-12-31": "6736.48400", "2007-09-30": "6632.69900", "2007-06-30": "6542.81000", "2007-03-31": "6424.04900", "2006-12-31": "5848.50700", "2006-09-30": "5591.19700", "2006-06-30": "5272.44000", "2006-03-31": "5169.45200", "2005-12-31": "5165.06000", "2005-09-30": "5133.10100", "2005-06-30": "5114.70600", "2005-03-31": "5065.26900"}, "Total Current Liabilities": {"2020-12-31": "", "2020-09-30": "354.52300", "2020-06-30": "296.96400", "2020-03-31": "319.22400", "2019-12-31": "321.16700", "2019-09-30": "374.85000", "2019-06-30": "306.65500", "2019-03-31": "345.41300", "2018-12-31": "344.34800", "2018-09-30": "367.37300", "2018-06-30": "337.16400", "2018-03-31": "359.53700", "2017-12-31": "351.30500", "2017-09-30": "367.47000", "2017-06-30": "310.82000", "2017-03-31": "347.78000", "2016-12-31": "312.98300", "2016-09-30": "379.27600", "2016-06-30": "348.70100", "2016-03-31": "343.56400", "2015-12-31": "300.09000", "2015-09-30": "307.09900", "2015-06-30": "282.94200", "2015-03-31": "282.61900", "2014-12-31": "285.75200", "2014-09-30": "279.29700", "2014-06-30": "268.38500", "2014-03-31": "274.43300", "2013-12-31": "283.19100", "2013-09-30": "278.10900", "2013-06-30": "263.92400", "2013-03-31": "340.90800", "2012-12-31": "249.81200", "2012-09-30": "246.68200", "2012-06-30": "283.36800", "2012-03-31": "254.96300", "2011-12-31": "279.73000", "2011-09-30": "258.89300", "2011-06-30": "320.30300", "2011-03-31": "271.04300", "2010-12-31": "162.77600", "2010-09-30": "264.25200", "2010-06-30": "259.03700", "2010-03-31": "258.47100", "2009-12-31": "268.03300", "2009-09-30": "267.10700", "2009-06-30": "260.95400", "2009-03-31": "251.97100", "2008-12-31": "250.93100", "2008-09-30": "235.82500", "2008-06-30": "229.20300", "2008-03-31": "217.34900", "2007-12-31": "271.82900", "2007-09-30": "229.68700", "2007-06-30": "227.91700", "2007-03-31": "221.65900", "2006-12-31": "229.21100", "2006-09-30": "115.38600", "2006-06-30": "143.20200", "2006-03-31": "108.63900", "2005-12-31": "116.85400", "2005-09-30": "111.49600", "2005-06-30": "110.63200", "2005-03-31": "113.06000"}, "Long Term Debt": {"2020-12-31": "7564.33700", "2020-09-30": "7563.64600", "2020-06-30": "7630.21000", "2020-03-31": "8091.45800", "2019-12-31": "7296.29000", "2019-09-30": "7361.27900", "2019-06-30": "7352.21700", "2019-03-31": "7040.06700", "2018-12-31": "7040.26300", "2018-09-30": "7533.22800", "2018-06-30": "7571.27800", "2018-03-31": "7599.45500", "2017-12-31": "7329.47000", "2017-09-30": "7128.03000", "2017-06-30": "6991.75900", "2017-03-31": "7005.72900", "2016-12-31": "7030.88000", "2016-09-30": "6815.97000", "2016-06-30": "6833.99100", "2016-03-31": "6502.58000", "2015-12-31": "6456.94800", "2015-09-30": "6306.72700", "2015-06-30": "6487.13000", "2015-03-31": "6562.33100", "2014-12-31": "6489.70700", "2014-09-30": "6241.76800", "2014-06-30": "6254.87400", "2014-03-31": "6381.79800", "2013-12-31": "6134.35100", "2013-09-30": "6097.63200", "2013-06-30": "5853.31900", "2013-03-31": "5928.28900", "2012-12-31": "3851.03300", "2012-09-30": "3808.08000", "2012-06-30": "3362.36400", "2012-03-31": "3380.31500", "2011-12-31": "3599.19600", "2011-09-30": "3785.09300", "2011-06-30": "3986.15700", "2011-03-31": "4037.18300", "2010-12-31": "3973.08500", "2010-09-30": "3947.89000", "2010-06-30": "3948.53400", "2010-03-31": "3949.90700", "2009-12-31": "3974.87200", "2009-09-30": "4432.85100", "2009-06-30": "4149.88800", "2009-03-31": "3801.31100", "2008-12-31": "3654.72200", "2008-09-30": "3427.25500", "2008-06-30": "3423.92500", "2008-03-31": "3678.56600", "2007-12-31": "3158.06100", "2007-09-30": "3054.49600", "2007-06-30": "2914.67600", "2007-03-31": "2807.90700", "2006-12-31": "2801.42800", "2006-09-30": "2639.99800", "2006-06-30": "2340.05100", "2006-03-31": "2299.38400", "2005-12-31": "2334.01700", "2005-09-30": "2399.36100", "2005-06-30": "2439.24900", "2005-03-31": "2407.39600"}, "Other Non-Current Liabilities": {"2020-12-31": "879.95600", "2020-09-30": "370.74800", "2020-06-30": "367.25000", "2020-03-31": "380.38800", "2019-12-31": "369.67600", "2019-09-30": "369.20500", "2019-06-30": "381.67200", "2019-03-31": "376.67200", "2018-12-31": "359.73900", "2018-09-30": "358.04300", "2018-06-30": "358.37100", "2018-03-31": "346.37900", "2017-12-31": "339.94400", "2017-09-30": "339.78500", "2017-06-30": "349.91200", "2017-03-31": "349.51200", "2016-12-31": "344.22600", "2016-09-30": "346.83700", "2016-06-30": "345.88700", "2016-03-31": "340.58700", "2015-12-31": "323.74400", "2015-09-30": "328.18800", "2015-06-30": "329.33100", "2015-03-31": "310.77800", "2014-12-31": "305.94900", "2014-09-30": "302.23500", "2014-06-30": "297.07600", "2014-03-31": "290.93500", "2013-12-31": "293.55400", "2013-09-30": "277.78100", "2013-06-30": "271.66500", "2013-03-31": "238.51000", "2012-12-31": "211.41300", "2012-09-30": "185.72600", "2012-06-30": "176.75700", "2012-03-31": "208.31400", "2011-12-31": "194.50900", "2011-09-30": "281.56500", "2011-06-30": "150.26700", "2011-03-31": "146.02200", "2010-12-31": "355.77400", "2010-09-30": "147.79900", "2010-06-30": "152.98300", "2010-03-31": "157.38300", "2009-12-31": "158.77600", "2009-09-30": "159.35300", "2009-06-30": "166.04500", "2009-03-31": "172.51600", "2008-12-31": "342.35100", "2008-09-30": "200.78900", "2008-06-30": "211.82400", "2008-03-31": "232.84500", "2007-12-31": "256.78800", "2007-09-30": "225.05200", "2007-06-30": "225.54200", "2007-03-31": "211.32600", "2006-12-31": "226.40300", "2006-09-30": "194.94600", "2006-06-30": "142.65600", "2006-03-31": "131.38300", "2005-12-31": "153.06200", "2005-09-30": "111.90400", "2005-06-30": "112.16100", "2005-03-31": "111.48100"}, "Total Long Term Liabilities": {"2020-12-31": "8446.97000", "2020-09-30": "7936.98700", "2020-06-30": "8000.21400", "2020-03-31": "8474.54600", "2019-12-31": "7669.21800", "2019-09-30": "7733.83900", "2019-06-30": "7737.22700", "2019-03-31": "7420.13500", "2018-12-31": "7403.24600", "2018-09-30": "7897.34800", "2018-06-30": "7935.65600", "2018-03-31": "7951.78600", "2017-12-31": "7675.47000", "2017-09-30": "7476.55400", "2017-06-30": "7350.51300", "2017-03-31": "7364.01900", "2016-12-31": "7382.87200", "2016-09-30": "7172.75700", "2016-06-30": "7189.84800", "2016-03-31": "6853.29400", "2015-12-31": "6790.68900", "2015-09-30": "6645.42700", "2015-06-30": "6827.04900", "2015-03-31": "6883.61700", "2014-12-31": "6808.42100", "2014-09-30": "6556.59900", "2014-06-30": "6568.03400", "2014-03-31": "6688.73500", "2013-12-31": "6445.22500", "2013-09-30": "6393.66800", "2013-06-30": "6144.49900", "2013-03-31": "6187.56800", "2012-12-31": "4069.47300", "2012-09-30": "4001.00900", "2012-06-30": "3546.43700", "2012-03-31": "3595.82600", "2011-12-31": "3800.76800", "2011-09-30": "4073.50200", "2011-06-30": "4143.27600", "2011-03-31": "4189.89600", "2010-12-31": "4343.12100", "2010-09-30": "4106.31900", "2010-06-30": "4110.89800", "2010-03-31": "4114.01400", "2009-12-31": "4139.44500", "2009-09-30": "4596.74300", "2009-06-30": "4322.65500", "2009-03-31": "3980.10800", "2008-12-31": "4007.30700", "2008-09-30": "3644.73300", "2008-06-30": "3655.02200", "2008-03-31": "3931.06300", "2007-12-31": "3438.00100", "2007-09-30": "3302.70000", "2007-06-30": "3165.10100", "2007-03-31": "3041.18300", "2006-12-31": "3046.14200", "2006-09-30": "2840.39000", "2006-06-30": "2488.19000", "2006-03-31": "2436.27800", "2005-12-31": "2506.54300", "2005-09-30": "2530.72900", "2005-06-30": "2571.63100", "2005-03-31": "2539.54500"}, "Total Liabilities": {"2020-12-31": "8446.97000", "2020-09-30": "8474.37000", "2020-06-30": "8480.68500", "2020-03-31": "8978.79400", "2019-12-31": "8130.85000", "2019-09-30": "8245.39400", "2019-06-30": "8182.04500", "2019-03-31": "7905.98400", "2018-12-31": "7747.59400", "2018-09-30": "8264.72100", "2018-06-30": "8272.82000", "2018-03-31": "8311.32300", "2017-12-31": "8026.77500", "2017-09-30": "7844.02400", "2017-06-30": "7661.33000", "2017-03-31": "7711.79900", "2016-12-31": "7695.85000", "2016-09-30": "7552.04000", "2016-06-30": "7538.54800", "2016-03-31": "7196.85800", "2015-12-31": "7090.77900", "2015-09-30": "6952.52700", "2015-06-30": "7109.99100", "2015-03-31": "7166.23600", "2014-12-31": "7094.17300", "2014-09-30": "6835.89600", "2014-06-30": "6836.41900", "2014-03-31": "6963.16900", "2013-12-31": "6728.41300", "2013-09-30": "6671.77700", "2013-06-30": "6408.42200", "2013-03-31": "6528.47600", "2012-12-31": "4319.28700", "2012-09-30": "4247.69100", "2012-06-30": "3829.80500", "2012-03-31": "3850.78900", "2011-12-31": "4080.49800", "2011-09-30": "4332.39500", "2011-06-30": "4463.57900", "2011-03-31": "4460.93900", "2010-12-31": "4505.89700", "2010-09-30": "4370.57100", "2010-06-30": "4369.93500", "2010-03-31": "4372.48500", "2009-12-31": "4407.47800", "2009-09-30": "4863.85000", "2009-06-30": "4583.60900", "2009-03-31": "4232.07900", "2008-12-31": "4258.23800", "2008-09-30": "3880.55800", "2008-06-30": "3884.22500", "2008-03-31": "4148.41200", "2007-12-31": "3709.83000", "2007-09-30": "3532.38700", "2007-06-30": "3393.01800", "2007-03-31": "3262.84200", "2006-12-31": "3275.35300", "2006-09-30": "2955.77600", "2006-06-30": "2631.39200", "2006-03-31": "2544.91700", "2005-12-31": "2623.39700", "2005-09-30": "2642.22500", "2005-06-30": "2682.26300", "2005-03-31": "2652.60500"}, "Common Stock Net": {"2020-12-31": "", "2020-09-30": "1.39800", "2020-06-30": "1.40700", "2020-03-31": "1.40700", "2019-12-31": "1.40600", "2019-09-30": "1.39700", "2019-06-30": "1.39700", "2019-03-31": "1.39400", "2018-12-31": "1.38500", "2018-09-30": "1.38200", "2018-06-30": "1.38200", "2018-03-31": "1.38200", "2017-12-31": "1.38100", "2017-09-30": "1.38100", "2017-06-30": "1.38100", "2017-03-31": "1.37800", "2016-12-31": "1.37300", "2016-09-30": "1.37300", "2016-06-30": "1.37300", "2016-03-31": "1.37200", "2015-12-31": "1.37000", "2015-09-30": "1.36900", "2015-06-30": "1.32900", "2015-03-31": "1.32200", "2014-12-31": "1.32000", "2014-09-30": "1.32000", "2014-06-30": "1.31100", "2014-03-31": "1.29600", "2013-12-31": "1.29400", "2013-09-30": "1.29400", "2013-06-30": "1.29400", "2013-03-31": "1.29400", "2012-12-31": "1.14400", "2012-09-30": "0.97700", "2012-06-30": "0.96600", "2012-03-31": "0.95300", "2011-12-31": "0.95200", "2011-09-30": "0.95000", "2011-06-30": "0.88700", "2011-03-31": "0.87300", "2010-12-31": "0.85900", "2010-09-30": "0.85300", "2010-06-30": "0.85100", "2010-03-31": "0.82700", "2009-12-31": "0.81500", "2009-09-30": "0.81400", "2009-06-30": "0.79900", "2009-03-31": "0.79900", "2008-12-31": "0.77100", "2008-09-30": "0.77100", "2008-06-30": "0.77000", "2008-03-31": "0.77000", "2007-12-31": "0.77300", "2007-09-30": "0.78700", "2007-06-30": "0.79700", "2007-03-31": "0.79600", "2006-12-31": "0.74700", "2006-09-30": "0.74600", "2006-06-30": "0.74400", "2006-03-31": "0.74300", "2005-12-31": "0.73700", "2005-09-30": "0.73500", "2005-06-30": "0.73300", "2005-03-31": "0.72900"}, "Retained Earnings (Accumulated Deficit)": {"2020-12-31": "", "2020-09-30": "29.70500", "2020-06-30": "172.30400", "2020-03-31": "225.65600", "2019-12-31": "282.91300", "2019-09-30": "329.32300", "2019-06-30": "262.54800", "2019-03-31": "306.86100", "2018-12-31": "350.77700", "2018-09-30": "167.94600", "2018-06-30": "179.06600", "2018-03-31": "128.16600", "2017-12-31": "188.60900", "2017-09-30": "144.64700", "2017-06-30": "102.54600", "2017-03-31": "133.67400", "2016-12-31": "94.89900", "2016-09-30": "36.04300", "2016-06-30": "-134.80800", "2016-03-31": "-146.79900", "2015-12-31": "-197.98900", "2015-09-30": "-182.48700", "2015-06-30": "-217.44100", "2015-03-31": "-223.33000", "2014-12-31": "-267.08500", "2014-09-30": "-256.16200", "2014-06-30": "-347.59200", "2014-03-31": "-353.02900", "2013-12-31": "-345.25400", "2013-09-30": "-458.22900", "2013-06-30": "-308.93800", "2013-03-31": "-206.66700", "2012-12-31": "-142.32900", "2012-09-30": "-153.81100", "2012-06-30": "-145.92100", "2012-03-31": "-208.30400", "2011-12-31": "-171.64800", "2011-09-30": "-409.47700", "2011-06-30": "-368.41200", "2011-03-31": "-332.40100", "2010-12-31": "-282.74300", "2010-09-30": "-232.77000", "2010-06-30": "-179.92900", "2010-03-31": "-152.32400", "2009-12-31": "-149.98800", "2009-09-30": "-108.24300", "2009-06-30": "-95.72500", "2009-03-31": "-40.95400", "2008-12-31": "-22.22300", "2008-09-30": "180.63300", "2008-06-30": "16.11400", "2008-03-31": "-40.67700", "2007-12-31": "2.49900", "2007-09-30": "27.44800", "2007-06-30": "43.31900", "2007-03-31": "63.96500", "2006-12-31": "93.43000", "2006-09-30": "162.90500", "2006-06-30": "178.18700", "2006-03-31": "168.47000", "2005-12-31": "115.78800", "2005-09-30": "73.54900", "2005-06-30": "28.80700", "2005-03-31": "26.08800"}, "Comprehensive Income": {"2020-12-31": "", "2020-09-30": "-42.61700", "2020-06-30": "-46.31700", "2020-03-31": "-47.15700", "2019-12-31": "-31.50300", "2019-09-30": "-45.08200", "2019-06-30": "-33.18400", "2019-03-31": "-31.90700", "2018-12-31": "-26.14400", "2018-09-30": "-21.24100", "2018-06-30": "-22.70700", "2018-03-31": "-24.16200", "2017-12-31": "-37.41900", "2017-09-30": "-40.86300", "2017-06-30": "-42.98900", "2017-03-31": "-28.61300", "2016-12-31": "-30.51000", "2016-09-30": "-100.53100", "2016-06-30": "-102.99700", "2016-03-31": "-77.77000", "2015-12-31": "-31.38700", "2015-09-30": "-38.18100", "2015-06-30": "-39.52300", "2015-03-31": "-40.95000", "2014-12-31": "-42.51500", "2014-09-30": "-44.07400", "2014-06-30": "-45.62000", "2014-03-31": "-47.05800", "2013-12-31": "-48.63100", "2013-09-30": "-50.09400", "2013-06-30": "-105.04200", "2013-03-31": "-106.61600", "2012-12-31": "-108.00700", "2012-09-30": "-110.78700", "2012-06-30": "-103.80900", "2012-03-31": "-76.01200", "2011-12-31": "-87.02000", "2011-09-30": "-80.86600", "2011-06-30": "-20.59500", "2011-03-31": "-1.25900", "2010-12-31": "-1.17500", "2010-09-30": "-1.51500", "2010-06-30": "-1.20200", "2010-03-31": "-0.52500", "2009-12-31": "-1.06700", "2009-09-30": "-1.61400", "2009-06-30": "-2.13500", "2009-03-31": "-2.55600", "2008-12-31": "-2.93200", "2008-09-30": "-2.32200", "2008-06-30": "-2.82800", "2008-03-31": "-3.60200", "2007-12-31": "-3.36600", "2007-09-30": "-3.05600", "2007-06-30": "-2.66900", "2007-03-31": "-3.40700", "2006-12-31": "-3.57900", "2006-09-30": "-3.79900", "2006-06-30": "-3.28500", "2006-03-31": "-3.92900", "2005-12-31": "-4.47000", "2005-09-30": "-5.03700", "2005-06-30": "-6.15000", "2005-03-31": "-5.79600"}, "Other Share Holders Equity": {"2020-12-31": "", "2020-09-30": "", "2020-06-30": "", "2020-03-31": "", "2019-12-31": "", "2019-09-30": "", "2019-06-30": "", "2019-03-31": "", "2018-12-31": "", "2018-09-30": "", "2018-06-30": "", "2018-03-31": "", "2017-12-31": "", "2017-09-30": "", "2017-06-30": "", "2017-03-31": "", "2016-12-31": "", "2016-09-30": "", "2016-06-30": "", "2016-03-31": "", "2015-12-31": "", "2015-09-30": "", "2015-06-30": "", "2015-03-31": "", "2014-12-31": "", "2014-09-30": "", "2014-06-30": "", "2014-03-31": "", "2013-12-31": "", "2013-09-30": "", "2013-06-30": "", "2013-03-31": "", "2012-12-31": "", "2012-09-30": "", "2012-06-30": "", "2012-03-31": "", "2011-12-31": "", "2011-09-30": "", "2011-06-30": "", "2011-03-31": "", "2010-12-31": "", "2010-09-30": "", "2010-06-30": "", "2010-03-31": "", "2009-12-31": "", "2009-09-30": "", "2009-06-30": "", "2009-03-31": "", "2008-12-31": "", "2008-09-30": "", "2008-06-30": "", "2008-03-31": "", "2007-12-31": "", "2007-09-30": "", "2007-06-30": "", "2007-03-31": "", "2006-12-31": "", "2006-09-30": "", "2006-06-30": "", "2006-03-31": "", "2005-12-31": "", "2005-09-30": "", "2005-06-30": "", "2005-03-31": ""}, "Share Holder Equity": {"2020-12-31": "10752.17000", "2020-09-30": "10670.24000", "2020-06-30": "10870.80000", "2020-03-31": "10912.54000", "2019-12-31": "10990.20000", "2019-09-30": "10815.07000", "2019-06-30": "10750.53000", "2019-03-31": "10734.00000", "2018-12-31": "10632.61000", "2018-09-30": "10397.40000", "2018-06-30": "10398.19000", "2018-03-31": "10335.12000", "2017-12-31": "10388.05000", "2017-09-30": "10333.81000", "2017-06-30": "10282.41000", "2017-03-31": "10266.62000", "2016-12-31": "10171.42000", "2016-09-30": "10036.62000", "2016-06-30": "9856.51900", "2016-03-31": "9846.53200", "2015-12-31": "9840.52600", "2015-09-30": "9829.45300", "2015-06-30": "9210.48500", "2015-03-31": "9097.51200", "2014-12-31": "9046.40500", "2014-09-30": "9045.28200", "2014-06-30": "8821.53200", "2014-03-31": "8607.07100", "2013-12-31": "8599.72700", "2013-09-30": "8473.33000", "2013-06-30": "8563.76300", "2013-03-31": "8658.88800", "2012-12-31": "6840.79300", "2012-09-30": "4720.87500", "2012-06-30": "4582.24000", "2012-03-31": "4390.27000", "2011-12-31": "4401.89200", "2011-09-30": "4156.26200", "2011-06-30": "3479.16300", "2011-03-31": "3420.82300", "2010-12-31": "3315.59100", "2010-09-30": "3303.83100", "2010-06-30": "3334.90900", "2010-03-31": "3135.64900", "2009-12-31": "3050.12700", "2009-09-30": "3082.57000", "2009-06-30": "2990.70900", "2009-03-31": "3041.36300", "2008-12-31": "2916.11500", "2008-09-30": "3210.63900", "2008-06-30": "3037.55100", "2008-03-31": "2971.69100", "2007-12-31": "3026.65400", "2007-09-30": "3100.31200", "2007-06-30": "3149.79200", "2007-03-31": "3161.20700", "2006-12-31": "2573.15400", "2006-09-30": "2635.42100", "2006-06-30": "2641.04800", "2006-03-31": "2624.53500", "2005-12-31": "2541.66300", "2005-09-30": "2490.87600", "2005-06-30": "2432.44300", "2005-03-31": "2412.66400"}, "Total Liabilities And Share Holders Equity": {"2020-12-31": "19199.14000", "2020-09-30": "19144.61000", "2020-06-30": "19351.49000", "2020-03-31": "19891.34000", "2019-12-31": "19121.05000", "2019-09-30": "19060.47000", "2019-06-30": "18932.57000", "2019-03-31": "18639.98000", "2018-12-31": "18380.20000", "2018-09-30": "18662.12000", "2018-06-30": "18671.01000", "2018-03-31": "18646.45000", "2017-12-31": "18414.82000", "2017-09-30": "18177.84000", "2017-06-30": "17943.74000", "2017-03-31": "17978.42000", "2016-12-31": "17867.27000", "2016-09-30": "17588.66000", "2016-06-30": "17395.07000", "2016-03-31": "17043.39000", "2015-12-31": "16931.30000", "2015-09-30": "16781.98000", "2015-06-30": "16320.48000", "2015-03-31": "16263.75000", "2014-12-31": "16140.58000", "2014-09-30": "15881.18000", "2014-06-30": "15657.95000", "2014-03-31": "15570.24000", "2013-12-31": "15328.14000", "2013-09-30": "15145.11000", "2013-06-30": "14972.18000", "2013-03-31": "15187.36000", "2012-12-31": "11160.08000", "2012-09-30": "8968.56600", "2012-06-30": "8412.04500", "2012-03-31": "8241.05900", "2011-12-31": "8482.39000", "2011-09-30": "8488.65700", "2011-06-30": "7942.74200", "2011-03-31": "7881.76200", "2010-12-31": "7821.48800", "2010-09-30": "7674.40200", "2010-06-30": "7704.84400", "2010-03-31": "7508.13400", "2009-12-31": "7457.60500", "2009-09-30": "7946.42000", "2009-06-30": "7574.31800", "2009-03-31": "7273.44200", "2008-12-31": "7174.35300", "2008-09-30": "7091.19700", "2008-06-30": "6921.77600", "2008-03-31": "7120.10300", "2007-12-31": "6736.48400", "2007-09-30": "6632.69900", "2007-06-30": "6542.81000", "2007-03-31": "6424.04900", "2006-12-31": "5848.50700", "2006-09-30": "5591.19700", "2006-06-30": "5272.44000", "2006-03-31": "5169.45200", "2005-12-31": "5165.06000", "2005-09-30": "5133.10100", "2005-06-30": "5114.70600", "2005-03-31": "5065.26900"}}, "cash flow statement": {"Net Income/Loss": {"2020-12-31": "0.00000", "2019-12-31": "786.10300", "2018-12-31": "974.17500", "2017-12-31": "876.66000", "2016-12-31": "1033.70800", "2015-12-31": "741.73300", "2014-12-31": "697.32700", "2013-12-31": "352.77100", "2012-12-31": "423.56200", "2011-12-31": "441.37000", "2010-12-31": "174.07900", "2009-12-31": "154.27400", "2008-12-31": "410.74600", "2007-12-31": "359.74500", "2006-12-31": "266.54600", "2005-12-31": "310.46800"}, "Total Depreciation And Amortization - Cash Flow": {"2020-12-31": "", "2019-12-31": "696.13600", "2018-12-31": "661.11600", "2017-12-31": "603.81200", "2016-12-31": "535.31100", "2015-12-31": "475.85400", "2014-12-31": "428.03100", "2013-12-31": "552.42800", "2012-12-31": "258.81400", "2011-12-31": "239.80600", "2010-12-31": "234.22400", "2009-12-31": "218.71800", "2008-12-31": "201.04600", "2007-12-31": "177.18200", "2006-12-31": "163.92100", "2005-12-31": "164.76800"}, "Other Non-Cash Items": {"2020-12-31": "", "2019-12-31": "-149.93800", "2018-12-31": "-354.43100", "2017-12-31": "-260.04500", "2016-12-31": "-422.73000", "2015-12-31": "-184.89200", "2014-12-31": "-242.29000", "2013-12-31": "-157.54900", "2012-12-31": "-151.35500", "2011-12-31": "-249.14700", "2010-12-31": "-59.84300", "2009-12-31": "-6.19900", "2008-12-31": "-206.66300", "2007-12-31": "-137.76500", "2006-12-31": "-101.76200", "2005-12-31": "-197.67800"}, "Total Non-Cash Items": {"2020-12-31": "", "2019-12-31": "546.19810", "2018-12-31": "306.68490", "2017-12-31": "343.76700", "2016-12-31": "112.58100", "2015-12-31": "290.96200", "2014-12-31": "185.74100", "2013-12-31": "394.87900", "2012-12-31": "107.45900", "2011-12-31": "-9.34100", "2010-12-31": "174.38100", "2009-12-31": "212.51900", "2008-12-31": "-5.61700", "2007-12-31": "39.41700", "2006-12-31": "62.15900", "2005-12-31": "-32.91000"}, "Change In Accounts Receivable": {"2020-12-31": "", "2019-12-31": "", "2018-12-31": "", "2017-12-31": "", "2016-12-31": "", "2015-12-31": "", "2014-12-31": "", "2013-12-31": "", "2012-12-31": "", "2011-12-31": "", "2010-12-31": "", "2009-12-31": "", "2008-12-31": "", "2007-12-31": "", "2006-12-31": "", "2005-12-31": ""}, "Change In Inventories": {"2020-12-31": "", "2019-12-31": "", "2018-12-31": "", "2017-12-31": "", "2016-12-31": "", "2015-12-31": "", "2014-12-31": "", "2013-12-31": "", "2012-12-31": "", "2011-12-31": "", "2010-12-31": "", "2009-12-31": "", "2008-12-31": "", "2007-12-31": "", "2006-12-31": "", "2005-12-31": ""}, "Change In Accounts Payable": {"2020-12-31": "", "2019-12-31": "", "2018-12-31": "", "2017-12-31": "", "2016-12-31": "", "2015-12-31": "", "2014-12-31": "", "2013-12-31": "", "2012-12-31": "", "2011-12-31": "", "2010-12-31": "", "2009-12-31": "", "2008-12-31": "", "2007-12-31": "", "2006-12-31": "", "2005-12-31": ""}, "Change In Assets/Liabilities": {"2020-12-31": "", "2019-12-31": "-19.11800", "2018-12-31": "12.58300", "2017-12-31": "9.38200", "2016-12-31": "-5.40300", "2015-12-31": "12.78300", "2014-12-31": "-3.38600", "2013-12-31": "-34.33200", "2012-12-31": "14.53500", "2011-12-31": "-11.72000", "2010-12-31": "-20.23000", "2009-12-31": "-2.06200", "2008-12-31": "-2.61900", "2007-12-31": "1.34400", "2006-12-31": "-5.22500", "2005-12-31": "4.20300"}, "Total Change In Assets/Liabilities": {"2020-12-31": "", "2019-12-31": "-10.49700", "2018-12-31": "20.25100", "2017-12-31": "35.83000", "2016-12-31": "13.98300", "2015-12-31": "41.97200", "2014-12-31": "3.57300", "2013-12-31": "-23.33500", "2012-12-31": "9.79800", "2011-12-31": "-2.67500", "2010-12-31": "-16.35400", "2009-12-31": "9.78800", "2008-12-31": "-19.04500", "2007-12-31": "55.71200", "2006-12-31": "22.95500", "2005-12-31": "28.69000"}, "Cash Flow From Operating Activities": {"2020-12-31": "", "2019-12-31": "1321.80400", "2018-12-31": "1301.11100", "2017-12-31": "1256.25700", "2016-12-31": "1160.27200", "2015-12-31": "1074.66700", "2014-12-31": "886.64100", "2013-12-31": "724.31500", "2012-12-31": "540.81900", "2011-12-31": "429.35400", "2010-12-31": "332.10600", "2009-12-31": "376.58100", "2008-12-31": "386.08400", "2007-12-31": "454.87400", "2006-12-31": "351.66000", "2005-12-31": "306.24800"}, "Net Change In Property, Plant, And Equipment": {"2020-12-31": "", "2019-12-31": "-1191.37900", "2018-12-31": "-682.19300", "2017-12-31": "-1013.21500", "2016-12-31": "-1134.47700", "2015-12-31": "-1343.02800", "2014-12-31": "-1044.19100", "2013-12-31": "-1232.11700", "2012-12-31": "-937.64600", "2011-12-31": "-426.95700", "2010-12-31": "-253.03600", "2009-12-31": "-382.68600", "2008-12-31": "-372.55000", "2007-12-31": "-880.61710", "2006-12-31": "-560.11400", "2005-12-31": "9.91600"}, "Net Change In Intangible Assets": {"2020-12-31": "", "2019-12-31": "", "2018-12-31": "", "2017-12-31": "", "2016-12-31": "", "2015-12-31": "", "2014-12-31": "", "2013-12-31": "", "2012-12-31": "", "2011-12-31": "", "2010-12-31": "", "2009-12-31": "", "2008-12-31": "", "2007-12-31": "", "2006-12-31": "", "2005-12-31": ""}, "Net Acquisitions/Divestitures": {"2020-12-31": "", "2019-12-31": "", "2018-12-31": "", "2017-12-31": "", "2016-12-31": "", "2015-12-31": "", "2014-12-31": "", "2013-12-31": "", "2012-12-31": "", "2011-12-31": "", "2010-12-31": "", "2009-12-31": "", "2008-12-31": "", "2007-12-31": "", "2006-12-31": "", "2005-12-31": ""}, "Net Change In Short-term Investments": {"2020-12-31": "", "2019-12-31": "", "2018-12-31": "", "2017-12-31": "", "2016-12-31": "", "2015-12-31": "", "2014-12-31": "", "2013-12-31": "", "2012-12-31": "", "2011-12-31": "-1.70100", "2010-12-31": "-24.00000", "2009-12-31": "0.00000", "2008-12-31": "0.00000", "2007-12-31": "", "2006-12-31": "", "2005-12-31": ""}, "Net Change In Long-Term Investments": {"2020-12-31": "", "2019-12-31": "-10.18300", "2018-12-31": "-11.01700", "2017-12-31": "-24.49300", "2016-12-31": "-9.75000", "2015-12-31": "-6.58200", "2014-12-31": "-5.66200", "2013-12-31": "-26.79100", "2012-12-31": "-20.11400", "2011-12-31": "-30.93400", "2010-12-31": "-49.03900", "2009-12-31": "-13.88700", "2008-12-31": "6.64800", "2007-12-31": "-15.12700", "2006-12-31": "-5.37100", "2005-12-31": "-13.09100"}, "Net Change In Investments - Total": {"2020-12-31": "", "2019-12-31": "-10.18300", "2018-12-31": "-11.01700", "2017-12-31": "-24.49300", "2016-12-31": "-9.75000", "2015-12-31": "-6.58200", "2014-12-31": "-5.66200", "2013-12-31": "-26.79100", "2012-12-31": "-20.11400", "2011-12-31": "-32.63500", "2010-12-31": "-73.03900", "2009-12-31": "-13.88700", "2008-12-31": "6.64800", "2007-12-31": "-15.12700", "2006-12-31": "-5.37100", "2005-12-31": "-13.09100"}, "Investing Activities - Other": {"2020-12-31": "", "2019-12-31": "7.69300", "2018-12-31": "96.55900", "2017-12-31": "72.32700", "2016-12-31": "111.87500", "2015-12-31": "150.09300", "2014-12-31": "233.09300", "2013-12-31": "77.73400", "2012-12-31": "334.37400", "2011-12-31": "16.45100", "2010-12-31": "27.13900", "2009-12-31": "63.01400", "2008-12-31": "99.59300", "2007-12-31": "86.49700", "2006-12-31": "54.11400", "2005-12-31": "-16.58600"}, "Cash Flow From Investing Activities": {"2020-12-31": "", "2019-12-31": "-1193.86900", "2018-12-31": "-596.65100", "2017-12-31": "-965.38100", "2016-12-31": "-1032.35200", "2015-12-31": "-1199.51700", "2014-12-31": "-816.76000", "2013-12-31": "-1181.17400", "2012-12-31": "-623.38600", "2011-12-31": "-443.14100", "2010-12-31": "-298.93600", "2009-12-31": "-333.55900", "2008-12-31": "-266.30900", "2007-12-31": "-809.24700", "2006-12-31": "-511.37100", "2005-12-31": "-19.76100"}, "Net Long-Term Debt": {"2020-12-31": "", "2019-12-31": "252.48400", "2018-12-31": "80.28000", "2017-12-31": "271.64990", "2016-12-31": "450.00900", "2015-12-31": "19.48400", "2014-12-31": "420.14100", "2013-12-31": "-1375.41900", "2012-12-31": "208.98600", "2011-12-31": "-390.06600", "2010-12-31": "91.09700", "2009-12-31": "183.34700", "2008-12-31": "350.05400", "2007-12-31": "286.37000", "2006-12-31": "383.96500", "2005-12-31": "-100.86300"}, "Net Current Debt": {"2020-12-31": "", "2019-12-31": "", "2018-12-31": "", "2017-12-31": "", "2016-12-31": "", "2015-12-31": "", "2014-12-31": "", "2013-12-31": "", "2012-12-31": "", "2011-12-31": "", "2010-12-31": "", "2009-12-31": "", "2008-12-31": "", "2007-12-31": "", "2006-12-31": "", "2005-12-31": ""}, "Debt Issuance/Retirement Net - Total": {"2020-12-31": "", "2019-12-31": "252.48400", "2018-12-31": "80.28000", "2017-12-31": "271.64990", "2016-12-31": "450.00900", "2015-12-31": "19.48400", "2014-12-31": "420.14100", "2013-12-31": "-1375.41900", "2012-12-31": "208.98600", "2011-12-31": "-390.06600", "2010-12-31": "91.09700", "2009-12-31": "183.34700", "2008-12-31": "350.05400", "2007-12-31": "286.37000", "2006-12-31": "383.96500", "2005-12-31": "-100.86300"}, "Net Common Equity Issued/Repurchased": {"2020-12-31": "", "2019-12-31": "409.72500", "2018-12-31": "52.26100", "2017-12-31": "111.09300", "2016-12-31": "15.52600", "2015-12-31": "690.18400", "2014-12-31": "346.13400", "2013-12-31": "4.70300", "2012-12-31": "2430.19000", "2011-12-31": "1049.83500", "2010-12-31": "381.36500", "2009-12-31": "108.86000", "2008-12-31": "-34.72600", "2007-12-31": "363.10000", "2006-12-31": "26.55100", "2005-12-31": "36.61100"}, "Net Total Equity Issued/Repurchased": {"2020-12-31": "", "2019-12-31": "409.72500", "2018-12-31": "52.26100", "2017-12-31": "111.09300", "2016-12-31": "15.52600", "2015-12-31": "690.18400", "2014-12-31": "339.83400", "2013-12-31": "-30.52100", "2012-12-31": "2430.19000", "2011-12-31": "1049.83500", "2010-12-31": "381.36500", "2009-12-31": "108.86000", "2008-12-31": "-134.72600", "2007-12-31": "363.10000", "2006-12-31": "26.55100", "2005-12-31": "36.61100"}, "Total Common And Preferred Stock Dividends Paid": {"2020-12-31": "", "2019-12-31": "-841.53110", "2018-12-31": "-806.82700", "2017-12-31": "-775.11700", "2016-12-31": "-729.15700", "2015-12-31": "-670.06800", "2014-12-31": "-593.93100", "2013-12-31": "-526.39900", "2012-12-31": "-365.90000", "2011-12-31": "-318.44500", "2010-12-31": "-298.37300", "2009-12-31": "-283.76700", "2008-12-31": "-279.19200", "2007-12-31": "-271.04200", "2006-12-31": "-235.45800", "2005-12-31": "-216.69900"}, "Financial Activities - Other": {"2020-12-31": "", "2019-12-31": "-38.86300", "2018-12-31": "-14.21600", "2017-12-31": "-26.57300", "2016-12-31": "-39.64900", "2015-12-31": "-14.50700", "2014-12-31": "-7.82000", "2013-12-31": "-63.06500", "2012-12-31": "-73.94400", "2011-12-31": "-15.09100", "2010-12-31": "-6.52400", "2009-12-31": "-12.72500", "2008-12-31": "-11.24700", "2007-12-31": "-12.06800", "2006-12-31": "-12.77800", "2005-12-31": "-1.34200"}, "Cash Flow From Financial Activities": {"2020-12-31": "", "2019-12-31": "-218.18500", "2018-12-31": "-688.50200", "2017-12-31": "-418.94700", "2016-12-31": "-303.27100", "2015-12-31": "25.09300", "2014-12-31": "158.22400", "2013-12-31": "-1995.40400", "2012-12-31": "2199.33200", "2011-12-31": "326.23300", "2010-12-31": "167.56500", "2009-12-31": "-4.28500", "2008-12-31": "-75.11100", "2007-12-31": "366.36000", "2006-12-31": "162.28000", "2005-12-31": "-282.29300"}, "Net Cash Flow": {"2020-12-31": "", "2019-12-31": "-90.25000", "2018-12-31": "15.95800", "2017-12-31": "-128.07100", "2016-12-31": "-175.35100", "2015-12-31": "-99.75700", "2014-12-31": "228.10500", "2013-12-31": "-2452.26300", "2012-12-31": "2116.76500", "2011-12-31": "312.44600", "2010-12-31": "200.73500", "2009-12-31": "38.73700", "2008-12-31": "44.66400", "2007-12-31": "11.98700", "2006-12-31": "2.56900", "2005-12-31": "4.19400"}, "Stock-Based Compensation": {"2020-12-31": "", "2019-12-31": "", "2018-12-31": "", "2017-12-31": "", "2016-12-31": "", "2015-12-31": "", "2014-12-31": "", "2013-12-31": "", "2012-12-31": "", "2011-12-31": "", "2010-12-31": "", "2009-12-31": "", "2008-12-31": "", "2007-12-31": "", "2006-12-31": "", "2005-12-31": ""}, "Common Stock Dividends Paid": {"2020-12-31": "", "2019-12-31": "-840.13100", "2018-12-31": "-805.70700", "2017-12-31": "-773.11700", "2016-12-31": "-727.19700", "2015-12-31": "-655.65800", "2014-12-31": "-593.93100", "2013-12-31": "-526.39900", "2012-12-31": "-365.90000", "2011-12-31": "-318.44500", "2010-12-31": "-298.37300", "2009-12-31": "-283.76700", "2008-12-31": "-279.19200", "2007-12-31": "-271.04200", "2006-12-31": "-235.45800", "2005-12-31": "-216.69900"}}, "cash flow statement, quarterly": {"Net Income/Loss": {"2020-12-31": -486.592, "2020-09-30": 147.717, "2020-06-30": 170.869, "2020-03-31": "168.00600", "2019-12-31": 167.671, "2019-09-30": 279.709, "2019-06-30": 168.305, "2019-03-31": "170.41800", "2018-12-31": 385.635, "2018-09-30": 192.407, "2018-06-30": 254.543, "2018-03-31": "141.59000", "2017-12-31": 237.486, "2017-09-30": 238.199, "2017-06-30": 165.194, "2017-03-31": "235.78100", "2016-12-31": 242.183, "2016-09-30": 356.328, "2016-06-30": 197.32, "2016-03-31": "237.87700", "2015-12-31": 155.352, "2015-09-30": 206.075, "2015-06-30": 172.253, "2015-03-31": "208.05300", "2014-12-31": 142.526, "2014-09-30": 241.005, "2014-06-30": 172.197, "2014-03-31": "141.59900", "2013-12-31": 252.09, "2013-09-30": -10.889, "2013-06-30": 36.101, "2013-03-31": "75.46900", "2012-12-31": 122.384, "2012-09-30": 86.748, "2012-06-30": 156.821, "2012-03-31": "57.60900", "2011-12-31": 322.965, "2011-09-30": 44.677, "2011-06-30": 43.191, "2011-03-31": "30.53700", "2010-12-31": 26.665, "2010-09-30": 23.982, "2010-06-30": 51.066, "2010-03-31": "72.36600", "2009-12-31": 32.35, "2009-09-30": 58.1, "2009-06-30": 16.723, "2009-03-31": "47.10100", "2008-12-31": 1.866, "2008-09-30": 232.887, "2008-06-30": 127.437, "2008-03-31": "48.55600", "2007-12-31": 133.405, "2007-09-30": 128.769, "2007-06-30": 51.051, "2007-03-31": "46.52000", "2006-12-31": 46.313, "2006-09-30": 42.113, "2006-06-30": 67.006, "2006-03-31": "111.11400", "2005-12-31": 84.819, "2005-09-30": 99.128, "2005-06-30": 56.911, "2005-03-31": "69.61000"}, "Total Depreciation And Amortization - Cash Flow": {"2020-12-31": -554.199, "2020-09-30": 183.616, "2020-06-30": 185.041, "2020-03-31": "185.54200", "2019-12-31": 178.469, "2019-09-30": 174.845, "2019-06-30": 173.058, "2019-03-31": "169.76400", "2018-12-31": 165.892, "2018-09-30": 164.463, "2018-06-30": 165.247, "2018-03-31": "165.51400", "2017-12-31": 163.308, "2017-09-30": 151.367, "2017-06-30": 146.992, "2017-03-31": "142.14500", "2016-12-31": 140.276, "2016-09-30": 132.477, "2016-06-30": 134.35, "2016-03-31": "128.20800", "2015-12-31": 122.664, "2015-09-30": 120.891, "2015-06-30": 118.404, "2015-03-31": "113.89500", "2014-12-31": 110.587, "2014-09-30": 108.882, "2014-06-30": 105.836, "2014-03-31": "102.72600", "2013-12-31": 104.129, "2013-09-30": 157.572, "2013-06-30": 184.673, "2013-03-31": "106.05400", "2012-12-31": 62.456, "2012-09-30": 64.913, "2012-06-30": 66.415, "2012-03-31": "65.03000", "2011-12-31": 48.575, "2011-09-30": 64.425, "2011-06-30": 63.605, "2011-03-31": "63.20100", "2010-12-31": 53.925, "2010-09-30": 59.732, "2010-06-30": 60.123, "2010-03-31": "60.44400", "2009-12-31": 54.417, "2009-09-30": 55.818, "2009-06-30": 53.819, "2009-03-31": "54.66400", "2008-12-31": 44.695, "2008-09-30": 53.176, "2008-06-30": 53.137, "2008-03-31": "50.03800", "2007-12-31": 41.761, "2007-09-30": 45.358, "2007-06-30": 41.311, "2007-03-31": "48.75200", "2006-12-31": 30.15, "2006-09-30": 125.427, "2006-06-30": -38.074, "2006-03-31": "46.41800", "2005-12-31": 155.461, "2005-09-30": 2.86, "2005-06-30": 2.974, "2005-03-31": "3.47300"}, "Other Non-Cash Items": {"2020-12-31": 81.748, "2020-09-30": -33.86, "2020-06-30": -33.484, "2020-03-31": "-14.40400", "2019-12-31": -1.009, "2019-09-30": -128.268, "2019-06-30": -13.032, "2019-03-31": "-7.62900", "2018-12-31": -225.593, "2018-09-30": -31.376, "2018-06-30": -101.202, "2018-03-31": "3.74000", "2017-12-31": -76.727, "2017-09-30": -77.538, "2017-06-30": -16.705, "2017-03-31": "-89.07500", "2016-12-31": -90.617, "2016-09-30": -205.094, "2016-06-30": -51.574, "2016-03-31": "-75.44500", "2015-12-31": -11.944, "2015-09-30": -67.864, "2015-06-30": -36.416, "2015-03-31": "-68.66800", "2014-12-31": -22.425, "2014-09-30": -124.566, "2014-06-30": -58.456, "2014-03-31": "-36.84300", "2013-12-31": -142.751, "2013-09-30": 67.721, "2013-06-30": -20.423, "2013-03-31": "-62.09600", "2012-12-31": -46.77, "2012-09-30": -12.049, "2012-06-30": -94.11, "2012-03-31": "1.57400", "2011-12-31": -247.643, "2011-09-30": 0.632, "2011-06-30": -3.557, "2011-03-31": "1.42100", "2010-12-31": 9.017, "2010-09-30": 2.916, "2010-06-30": -21.834, "2010-03-31": "-49.94200", "2009-12-31": -2.237, "2009-09-30": -24.044, "2009-06-30": 22.858, "2009-03-31": "-2.77600", "2008-12-31": 47.045, "2008-09-30": -180.876, "2008-06-30": -75.94, "2008-03-31": "3.10800", "2007-12-31": -72.007, "2007-09-30": -72.777, "2007-06-30": 4.61, "2007-03-31": "2.40900", "2006-12-31": 9.444, "2006-09-30": -82.823, "2006-06-30": 50.041, "2006-03-31": "-78.42400", "2005-12-31": -179.731, "2005-09-30": -28.976, "2005-06-30": 13.275, "2005-03-31": "-2.24600"}, "Total Non-Cash Items": {"2020-12-31": -472.451, "2020-09-30": 149.756, "2020-06-30": 151.557, "2020-03-31": "171.13800", "2019-12-31": 177.4602, "2019-09-30": 46.5769, "2019-06-30": 160.026, "2019-03-31": "162.13500", "2018-12-31": -59.7011, "2018-09-30": 133.087, "2018-06-30": 64.045, "2018-03-31": "169.25400", "2017-12-31": 86.581, "2017-09-30": 73.829, "2017-06-30": 130.287, "2017-03-31": "53.07000", "2016-12-31": 49.659, "2016-09-30": -72.617, "2016-06-30": 82.776, "2016-03-31": "52.76300", "2015-12-31": 110.72, "2015-09-30": 53.027, "2015-06-30": 81.988, "2015-03-31": "45.22700", "2014-12-31": 88.162, "2014-09-30": -15.684, "2014-06-30": 47.38, "2014-03-31": "65.88300", "2013-12-31": -38.622, "2013-09-30": 225.293, "2013-06-30": 164.25, "2013-03-31": "43.95800", "2012-12-31": 15.686, "2012-09-30": 52.864, "2012-06-30": -27.695, "2012-03-31": "66.60400", "2011-12-31": -199.068, "2011-09-30": 65.057, "2011-06-30": 60.048, "2011-03-31": "64.62200", "2010-12-31": 62.942, "2010-09-30": 62.648, "2010-06-30": 38.289, "2010-03-31": "10.50200", "2009-12-31": 52.18, "2009-09-30": 31.774, "2009-06-30": 76.677, "2009-03-31": "51.88800", "2008-12-31": 91.74, "2008-09-30": -127.7, "2008-06-30": -22.803, "2008-03-31": "53.14600", "2007-12-31": -30.246, "2007-09-30": -27.419, "2007-06-30": 45.921, "2007-03-31": "51.16100", "2006-12-31": 39.594, "2006-09-30": 42.604, "2006-06-30": 11.967, "2006-03-31": "-32.00600", "2005-12-31": -24.27, "2005-09-30": -26.116, "2005-06-30": 16.249, "2005-03-31": "1.22700"}, "Change In Accounts Receivable": {"2020-12-31": 0, "2020-09-30": 0, "2020-06-30": 0, "2020-03-31": "", "2019-12-31": 0, "2019-09-30": 0, "2019-06-30": 0, "2019-03-31": "", "2018-12-31": 0, "2018-09-30": 0, "2018-06-30": 0, "2018-03-31": "", "2017-12-31": 0, "2017-09-30": 0, "2017-06-30": 0, "2017-03-31": "", "2016-12-31": 0, "2016-09-30": 0, "2016-06-30": 0, "2016-03-31": "", "2015-12-31": 0, "2015-09-30": 0, "2015-06-30": 0, "2015-03-31": "", "2014-12-31": 0, "2014-09-30": 0, "2014-06-30": 0, "2014-03-31": "", "2013-12-31": 0, "2013-09-30": 0, "2013-06-30": 0, "2013-03-31": "", "2012-12-31": 0, "2012-09-30": 0, "2012-06-30": 0, "2012-03-31": "", "2011-12-31": 0, "2011-09-30": 0, "2011-06-30": 0, "2011-03-31": "", "2010-12-31": 0, "2010-09-30": 0, "2010-06-30": 0, "2010-03-31": "", "2009-12-31": 0, "2009-09-30": 0, "2009-06-30": 0, "2009-03-31": "", "2008-12-31": 0, "2008-09-30": 0, "2008-06-30": 0, "2008-03-31": "", "2007-12-31": 0, "2007-09-30": 0, "2007-06-30": 0, "2007-03-31": "", "2006-12-31": 0, "2006-09-30": 0, "2006-06-30": 0, "2006-03-31": "", "2005-12-31": 0, "2005-09-30": 0, "2005-06-30": 0, "2005-03-31": ""}, "Change In Inventories": {"2020-12-31": 0, "2020-09-30": 0, "2020-06-30": 0, "2020-03-31": "", "2019-12-31": 0, "2019-09-30": 0, "2019-06-30": 0, "2019-03-31": "", "2018-12-31": 0, "2018-09-30": 0, "2018-06-30": 0, "2018-03-31": "", "2017-12-31": 0, "2017-09-30": 0, "2017-06-30": 0, "2017-03-31": "", "2016-12-31": 0, "2016-09-30": 0, "2016-06-30": 0, "2016-03-31": "", "2015-12-31": 0, "2015-09-30": 0, "2015-06-30": 0, "2015-03-31": "", "2014-12-31": 0, "2014-09-30": 0, "2014-06-30": 0, "2014-03-31": "", "2013-12-31": 0, "2013-09-30": 0, "2013-06-30": 0, "2013-03-31": "", "2012-12-31": 0, "2012-09-30": 0, "2012-06-30": 0, "2012-03-31": "", "2011-12-31": 0, "2011-09-30": 0, "2011-06-30": 0, "2011-03-31": "", "2010-12-31": 0, "2010-09-30": 0, "2010-06-30": 0, "2010-03-31": "", "2009-12-31": 0, "2009-09-30": 0, "2009-06-30": 0, "2009-03-31": "", "2008-12-31": 0, "2008-09-30": 0, "2008-06-30": 0, "2008-03-31": "", "2007-12-31": 0, "2007-09-30": 0, "2007-06-30": 0, "2007-03-31": "", "2006-12-31": 0, "2006-09-30": 0, "2006-06-30": 0, "2006-03-31": "", "2005-12-31": 0, "2005-09-30": 0, "2005-06-30": 0, "2005-03-31": ""}, "Change In Accounts Payable": {"2020-12-31": 0, "2020-09-30": 0, "2020-06-30": 0, "2020-03-31": "", "2019-12-31": 0, "2019-09-30": 0, "2019-06-30": 0, "2019-03-31": "", "2018-12-31": 0, "2018-09-30": 0, "2018-06-30": 0, "2018-03-31": "", "2017-12-31": 0, "2017-09-30": 0, "2017-06-30": 0, "2017-03-31": "", "2016-12-31": 0, "2016-09-30": 0, "2016-06-30": 0, "2016-03-31": "", "2015-12-31": 0, "2015-09-30": 0, "2015-06-30": 0, "2015-03-31": "", "2014-12-31": 0, "2014-09-30": 0, "2014-06-30": 0, "2014-03-31": "", "2013-12-31": 0, "2013-09-30": 0, "2013-06-30": 0, "2013-03-31": "", "2012-12-31": 0, "2012-09-30": 0, "2012-06-30": 0, "2012-03-31": "", "2011-12-31": 0, "2011-09-30": 0, "2011-06-30": 0, "2011-03-31": "", "2010-12-31": 0, "2010-09-30": 0, "2010-06-30": 0, "2010-03-31": "", "2009-12-31": 0, "2009-09-30": 0, "2009-06-30": 0, "2009-03-31": "", "2008-12-31": 0, "2008-09-30": 0, "2008-06-30": 0, "2008-03-31": "", "2007-12-31": 0, "2007-09-30": 0, "2007-06-30": 0, "2007-03-31": "", "2006-12-31": 0, "2006-09-30": 0, "2006-06-30": 0, "2006-03-31": "", "2005-12-31": 0, "2005-09-30": 0, "2005-06-30": 0, "2005-03-31": ""}, "Change In Assets/Liabilities": {"2020-12-31": 36.332, "2020-09-30": -22.737, "2020-06-30": -12.356, "2020-03-31": "-1.23900", "2019-12-31": 10.686, "2019-09-30": -5.563, "2019-06-30": -21.154, "2019-03-31": "-3.08700", "2018-12-31": 17.092, "2018-09-30": -0.634, "2018-06-30": 2.733, "2018-03-31": "-6.60800", "2017-12-31": 36.766, "2017-09-30": -14.21, "2017-06-30": -2.544, "2017-03-31": "-10.63000", "2016-12-31": 15.287, "2016-09-30": -8.533, "2016-06-30": -6.607, "2016-03-31": "-5.55000", "2015-12-31": 18.206, "2015-09-30": 7.373, "2015-06-30": -2.63, "2015-03-31": "-10.16600", "2014-12-31": 8.651, "2014-09-30": -7.432, "2014-06-30": -25.091, "2014-03-31": "20.48600", "2013-12-31": 45.26, "2013-09-30": -24.837, "2013-06-30": -24.698, "2013-03-31": "-30.05700", "2012-12-31": 15.96, "2012-09-30": 21.295, "2012-06-30": -13.328, "2012-03-31": "-9.39200", "2011-12-31": 8.516, "2011-09-30": -9.149, "2011-06-30": 2.537, "2011-03-31": "-13.62400", "2010-12-31": 5.285, "2010-09-30": -29.709, "2010-06-30": 8.738, "2010-03-31": "-4.54400", "2009-12-31": 18.348, "2009-09-30": -13.792, "2009-06-30": -3.783, "2009-03-31": "-2.83500", "2008-12-31": 9.561, "2008-09-30": 12.085, "2008-06-30": 2.651, "2008-03-31": "-26.91600", "2007-12-31": 6.265, "2007-09-30": -11.144, "2007-06-30": -5.246, "2007-03-31": "11.46900", "2006-12-31": -2.242, "2006-09-30": -0.858, "2006-06-30": -5.793, "2006-03-31": "3.66800", "2005-12-31": 17.009, "2005-09-30": -8.928, "2005-06-30": -0.762, "2005-03-31": "-3.11600"}, "Total Change In Assets/Liabilities": {"2020-12-31": -3.031, "2020-09-30": 35.684, "2020-06-30": -35.213, "2020-03-31": "2.56000", "2019-12-31": -38.249, "2019-09-30": 50.904, "2019-06-30": -52.385, "2019-03-31": "29.23300", "2018-12-31": -5.38, "2018-09-30": 29.766, "2018-06-30": -9.204, "2018-03-31": "5.06900", "2017-12-31": -1.588, "2017-09-30": 46.094, "2017-06-30": -19.72, "2017-03-31": "11.04400", "2016-12-31": 7.703, "2016-09-30": 23.838, "2016-06-30": -4.7, "2016-03-31": "-12.85800", "2015-12-31": 14.323, "2015-09-30": 43.268, "2015-06-30": 1.281, "2015-03-31": "-16.90000", "2014-12-31": 14.524, "2014-09-30": 6.397, "2014-06-30": -30.183, "2014-03-31": "12.83500", "2013-12-31": 40.924, "2013-09-30": -11.692, "2013-06-30": -14.528, "2013-03-31": "-38.03900", "2012-12-31": 27.576, "2012-09-30": 13.093, "2012-06-30": -11.998, "2012-03-31": "-18.87300", "2011-12-31": 10.445, "2011-09-30": -20.601, "2011-06-30": 29.425, "2011-03-31": "-21.94400", "2010-12-31": 8.12, "2010-09-30": -23.975, "2010-06-30": 13.486, "2010-03-31": "-13.98500", "2009-12-31": 19.073, "2009-09-30": -6.624, "2009-06-30": 5.507, "2009-03-31": "-8.16800", "2008-12-31": 25.496, "2008-09-30": 22.67, "2008-06-30": 14.914, "2008-03-31": "-82.12500", "2007-12-31": 58.072, "2007-09-30": -8.973, "2007-06-30": 5.106, "2007-03-31": "1.50700", "2006-12-31": 16.163, "2006-09-30": -20.133, "2006-06-30": 32.121, "2006-03-31": "-5.19600", "2005-12-31": 33.302, "2005-09-30": -5.384, "2005-06-30": 3.782, "2005-03-31": "-3.01000"}, "Cash Flow From Operating Activities": {"2020-12-31": -962.074, "2020-09-30": 333.157, "2020-06-30": 287.213, "2020-03-31": "341.70400", "2019-12-31": 306.882, "2019-09-30": 377.19, "2019-06-30": 275.946, "2019-03-31": "361.78600", "2018-12-31": 320.554, "2018-09-30": 355.26, "2018-06-30": 309.384, "2018-03-31": "315.91300", "2017-12-31": 322.479, "2017-09-30": 358.122, "2017-06-30": 275.761, "2017-03-31": "299.89500", "2016-12-31": 299.545, "2016-09-30": 307.549, "2016-06-30": 275.396, "2016-03-31": "277.78200", "2015-12-31": 280.395, "2015-09-30": 302.37, "2015-06-30": 255.522, "2015-03-31": "236.38000", "2014-12-31": 245.212, "2014-09-30": 231.718, "2014-06-30": 189.394, "2014-03-31": "220.31700", "2013-12-31": 254.392, "2013-09-30": 202.712, "2013-06-30": 185.823, "2013-03-31": "81.38800", "2012-12-31": 165.646, "2012-09-30": 152.705, "2012-06-30": 117.128, "2012-03-31": "105.34000", "2011-12-31": 134.342, "2011-09-30": 89.133, "2011-06-30": 132.664, "2011-03-31": "73.21500", "2010-12-31": 97.727, "2010-09-30": 62.655, "2010-06-30": 102.841, "2010-03-31": "68.88300", "2009-12-31": 103.603, "2009-09-30": 83.25, "2009-06-30": 98.907, "2009-03-31": "90.82100", "2008-12-31": 119.102, "2008-09-30": 127.857, "2008-06-30": 119.548, "2008-03-31": "19.57700", "2007-12-31": 161.231, "2007-09-30": 92.377, "2007-06-30": 102.078, "2007-03-31": "99.18800", "2006-12-31": 102.07, "2006-09-30": 64.584, "2006-06-30": 111.094, "2006-03-31": "73.91200", "2005-12-31": 93.851, "2005-09-30": 67.628, "2005-06-30": 76.942, "2005-03-31": "67.82700"}, "Net Change In Property, Plant, And Equipment": {"2020-12-31": 477.824, "2020-09-30": -161.248, "2020-06-30": -90.275, "2020-03-31": "-226.30100", "2019-12-31": -437.711, "2019-09-30": -156.829, "2019-06-30": -278.114, "2019-03-31": "-318.72500", "2018-12-31": -137.65, "2018-09-30": -200.252, "2018-06-30": -26.62, "2018-03-31": "-317.67100", "2017-12-31": -331.354, "2017-09-30": -427.725, "2017-06-30": -144.104, "2017-03-31": "-110.03200", "2016-12-31": -227.4169, "2016-09-30": -238.0771, "2016-06-30": -286.2, "2016-03-31": "-382.78300", "2015-12-31": -264.369, "2015-09-30": -296.987, "2015-06-30": -306.865, "2015-03-31": "-474.80700", "2014-12-31": -330.276, "2014-09-30": -326.962, "2014-06-30": -149.161, "2014-03-31": "-237.79200", "2013-12-31": 10.806, "2013-09-30": -329.427, "2013-06-30": -267.253, "2013-03-31": "-646.24300", "2012-12-31": -431.557, "2012-09-30": -302.871, "2012-06-30": -33.792, "2012-03-31": "-169.42600", "2011-12-31": 43.553, "2011-09-30": -164.719, "2011-06-30": -189.191, "2011-03-31": "-116.60000", "2010-12-31": -98.643, "2010-09-30": -102.59, "2010-06-30": -12.7, "2010-03-31": "-39.10300", "2009-12-31": -0.876, "2009-09-30": -68.142, "2009-06-30": -164.202, "2009-03-31": "-149.46600", "2008-12-31": -227.455, "2008-09-30": 129.263, "2008-06-30": -64.185, "2008-03-31": "-210.17300", "2007-12-31": -143.4541, "2007-09-30": -164.716, "2007-06-30": -285.571, "2007-03-31": "-286.87600", "2006-12-31": -302.781, "2006-09-30": -178.352, "2006-06-30": -139.053, "2006-03-31": "60.07200", "2005-12-31": -27.711, "2005-09-30": 59.122, "2005-06-30": -56.356, "2005-03-31": "34.86100"}, "Net Change In Intangible Assets": {"2020-12-31": 0, "2020-09-30": 0, "2020-06-30": 0, "2020-03-31": "", "2019-12-31": 0, "2019-09-30": 0, "2019-06-30": 0, "2019-03-31": "", "2018-12-31": 0, "2018-09-30": 0, "2018-06-30": 0, "2018-03-31": "", "2017-12-31": 0, "2017-09-30": 0, "2017-06-30": 0, "2017-03-31": "", "2016-12-31": 0, "2016-09-30": 0, "2016-06-30": 0, "2016-03-31": "", "2015-12-31": 0, "2015-09-30": 0, "2015-06-30": 0, "2015-03-31": "", "2014-12-31": 0, "2014-09-30": 0, "2014-06-30": 0, "2014-03-31": "", "2013-12-31": 0, "2013-09-30": 0, "2013-06-30": 0, "2013-03-31": "", "2012-12-31": 0, "2012-09-30": 0, "2012-06-30": 0, "2012-03-31": "", "2011-12-31": 0, "2011-09-30": 0, "2011-06-30": 0, "2011-03-31": "", "2010-12-31": 0, "2010-09-30": 0, "2010-06-30": 0, "2010-03-31": "", "2009-12-31": 0, "2009-09-30": 0, "2009-06-30": 0, "2009-03-31": "", "2008-12-31": 0, "2008-09-30": 0, "2008-06-30": 0, "2008-03-31": "", "2007-12-31": 0, "2007-09-30": 0, "2007-06-30": 0, "2007-03-31": "", "2006-12-31": 0, "2006-09-30": 0, "2006-06-30": 0, "2006-03-31": "", "2005-12-31": 0, "2005-09-30": 0, "2005-06-30": 0, "2005-03-31": ""}, "Net Acquisitions/Divestitures": {"2020-12-31": 0, "2020-09-30": 0, "2020-06-30": 0, "2020-03-31": "", "2019-12-31": 0, "2019-09-30": 0, "2019-06-30": 0, "2019-03-31": "", "2018-12-31": 0, "2018-09-30": 0, "2018-06-30": 0, "2018-03-31": "", "2017-12-31": 0, "2017-09-30": 0, "2017-06-30": 0, "2017-03-31": "", "2016-12-31": 0, "2016-09-30": 0, "2016-06-30": 0, "2016-03-31": "", "2015-12-31": 0, "2015-09-30": 0, "2015-06-30": 0, "2015-03-31": "", "2014-12-31": 0, "2014-09-30": 0, "2014-06-30": 0, "2014-03-31": "", "2013-12-31": 0, "2013-09-30": 0, "2013-06-30": 0, "2013-03-31": "", "2012-12-31": 0, "2012-09-30": 0, "2012-06-30": 0, "2012-03-31": "", "2011-12-31": 0, "2011-09-30": 0, "2011-06-30": 0, "2011-03-31": "", "2010-12-31": 0, "2010-09-30": 0, "2010-06-30": 0, "2010-03-31": "", "2009-12-31": 0, "2009-09-30": 0, "2009-06-30": 0, "2009-03-31": "", "2008-12-31": 0, "2008-09-30": 0, "2008-06-30": 0, "2008-03-31": "", "2007-12-31": 0, "2007-09-30": 0, "2007-06-30": 0, "2007-03-31": "", "2006-12-31": 0, "2006-09-30": 0, "2006-06-30": 0, "2006-03-31": "", "2005-12-31": 0, "2005-09-30": 0, "2005-06-30": 0, "2005-03-31": ""}, "Net Change In Short-term Investments": {"2020-12-31": 0, "2020-09-30": 0, "2020-06-30": 0, "2020-03-31": "", "2019-12-31": 0, "2019-09-30": 0, "2019-06-30": 0, "2019-03-31": "", "2018-12-31": 0, "2018-09-30": 0, "2018-06-30": 0, "2018-03-31": "", "2017-12-31": 0, "2017-09-30": 0, "2017-06-30": 0, "2017-03-31": "", "2016-12-31": 0, "2016-09-30": 0, "2016-06-30": 0, "2016-03-31": "", "2015-12-31": 0, "2015-09-30": 0, "2015-06-30": 0, "2015-03-31": "", "2014-12-31": 0, "2014-09-30": 0, "2014-06-30": 0, "2014-03-31": "", "2013-12-31": 0, "2013-09-30": 0, "2013-06-30": 0, "2013-03-31": "", "2012-12-31": 0, "2012-09-30": 0, "2012-06-30": 0, "2012-03-31": "", "2011-12-31": -1.701, "2011-09-30": 0, "2011-06-30": 0, "2011-03-31": "", "2010-12-31": 0, "2010-09-30": -24, "2010-06-30": 0, "2010-03-31": "", "2009-12-31": 0, "2009-09-30": 0, "2009-06-30": 0, "2009-03-31": "", "2008-12-31": 0, "2008-09-30": 0, "2008-06-30": 0, "2008-03-31": "", "2007-12-31": 0, "2007-09-30": 0, "2007-06-30": 0, "2007-03-31": "", "2006-12-31": 0, "2006-09-30": 0, "2006-06-30": 0, "2006-03-31": "", "2005-12-31": 0, "2005-09-30": 0, "2005-06-30": 0, "2005-03-31": ""}, "Net Change In Long-Term Investments": {"2020-12-31": 23.044, "2020-09-30": -8.793, "2020-06-30": -4.452, "2020-03-31": "-9.79900", "2019-12-31": -8.93, "2019-09-30": -0.035, "2019-06-30": -0.494, "2019-03-31": "-0.72400", "2018-12-31": -3.038, "2018-09-30": -0.877, "2018-06-30": -2.734, "2018-03-31": "-4.36800", "2017-12-31": -9.933, "2017-09-30": -4.46, "2017-06-30": -4.326, "2017-03-31": "-5.77400", "2016-12-31": -7.301, "2016-09-30": 119.199, "2016-06-30": -120.735, "2016-03-31": "-0.91300", "2015-12-31": -5.701, "2015-09-30": -36.936, "2015-06-30": 36.055, "2015-03-31": "", "2014-12-31": -0.408, "2014-09-30": -2.458, "2014-06-30": -1.369, "2014-03-31": "-1.42700", "2013-12-31": -43.579, "2013-09-30": 18.949, "2013-06-30": 0.817, "2013-03-31": "-2.97800", "2012-12-31": -12.108, "2012-09-30": -10.194, "2012-06-30": 7.847, "2012-03-31": "-5.65900", "2011-12-31": -16.771, "2011-09-30": -16.621, "2011-06-30": 1.233, "2011-03-31": "1.22500", "2010-12-31": -28.062, "2010-09-30": -23.758, "2010-06-30": 1.537, "2010-03-31": "1.24400", "2009-12-31": -14.269, "2009-09-30": 1.084, "2009-06-30": -3.731, "2009-03-31": "3.02900", "2008-12-31": 1.301, "2008-09-30": 7.247, "2008-06-30": 0.892, "2008-03-31": "-2.79200", "2007-12-31": -10.257, "2007-09-30": -8.023, "2007-06-30": 1.155, "2007-03-31": "1.99800", "2006-12-31": 1.553, "2006-09-30": 1.961, "2006-06-30": -9.542, "2006-03-31": "0.65700", "2005-12-31": -0.529, "2005-09-30": 0.512, "2005-06-30": -6.506, "2005-03-31": "-6.56800"}, "Net Change In Investments - Total": {"2020-12-31": 23.044, "2020-09-30": -8.793, "2020-06-30": -4.452, "2020-03-31": "-9.79900", "2019-12-31": -8.93, "2019-09-30": -0.035, "2019-06-30": -0.494, "2019-03-31": "-0.72400", "2018-12-31": -3.038, "2018-09-30": -0.877, "2018-06-30": -2.734, "2018-03-31": "-4.36800", "2017-12-31": -9.933, "2017-09-30": -4.46, "2017-06-30": -4.326, "2017-03-31": "-5.77400", "2016-12-31": -7.301, "2016-09-30": 119.199, "2016-06-30": -120.735, "2016-03-31": "-0.91300", "2015-12-31": -5.701, "2015-09-30": -36.936, "2015-06-30": 36.055, "2015-03-31": "", "2014-12-31": -0.408, "2014-09-30": -2.458, "2014-06-30": -1.369, "2014-03-31": "-1.42700", "2013-12-31": -43.579, "2013-09-30": 18.949, "2013-06-30": 0.817, "2013-03-31": "-2.97800", "2012-12-31": -12.108, "2012-09-30": -10.194, "2012-06-30": 7.847, "2012-03-31": "-5.65900", "2011-12-31": -18.472, "2011-09-30": -16.621, "2011-06-30": 1.233, "2011-03-31": "1.22500", "2010-12-31": -28.062, "2010-09-30": -47.758, "2010-06-30": 1.537, "2010-03-31": "1.24400", "2009-12-31": -14.269, "2009-09-30": 1.084, "2009-06-30": -3.731, "2009-03-31": "3.02900", "2008-12-31": 1.301, "2008-09-30": 7.247, "2008-06-30": 0.892, "2008-03-31": "-2.79200", "2007-12-31": -10.257, "2007-09-30": -8.023, "2007-06-30": 1.155, "2007-03-31": "1.99800", "2006-12-31": 1.553, "2006-09-30": 1.961, "2006-06-30": -9.542, "2006-03-31": "0.65700", "2005-12-31": -0.529, "2005-09-30": 0.512, "2005-06-30": -6.506, "2005-03-31": "-6.56800"}, "Investing Activities - Other": {"2020-12-31": -179.545, "2020-09-30": 33.846, "2020-06-30": 45.666, "2020-03-31": "100.03300", "2019-12-31": 9.976, "2019-09-30": -10.316, "2019-06-30": 1.77, "2019-03-31": "6.26300", "2018-12-31": 39.493, "2018-09-30": 22.354, "2018-06-30": 31.953, "2018-03-31": "2.75900", "2017-12-31": 0.658, "2017-09-30": 61.157, "2017-06-30": 3.586, "2017-03-31": "6.92600", "2016-12-31": 68.957, "2016-09-30": -35.222, "2016-06-30": 79.171, "2016-03-31": "-1.03100", "2015-12-31": 57.068, "2015-09-30": 41.757, "2015-06-30": 18.66, "2015-03-31": "32.60800", "2014-12-31": 10.419, "2014-09-30": 144.441, "2014-06-30": 63.378, "2014-03-31": "14.85500", "2013-12-31": 46.61, "2013-09-30": -0.183, "2013-06-30": 31.667, "2013-03-31": "-0.36000", "2012-12-31": 303.011, "2012-09-30": 23.084, "2012-06-30": -0.466, "2012-03-31": "8.74500", "2011-12-31": 1.26, "2011-09-30": 4.886, "2011-06-30": 19.613, "2011-03-31": "-9.30800", "2010-12-31": 6.116, "2010-09-30": 5.979, "2010-06-30": 13.228, "2010-03-31": "1.81600", "2009-12-31": 11.264, "2009-09-30": 13.437, "2009-06-30": 21.557, "2009-03-31": "16.75600", "2008-12-31": 151.41, "2008-09-30": -125.324, "2008-06-30": 17.487, "2008-03-31": "56.02000", "2007-12-31": 32.088, "2007-09-30": 37.566, "2007-06-30": 17.231, "2007-03-31": "-0.38800", "2006-12-31": 7.934, "2006-09-30": 10.337, "2006-06-30": 11.439, "2006-03-31": "24.40400", "2005-12-31": 28.887, "2005-09-30": -43.342, "2005-06-30": -1.163, "2005-03-31": "-0.96800"}, "Cash Flow From Investing Activities": {"2020-12-31": 321.323, "2020-09-30": -136.195, "2020-06-30": -49.061, "2020-03-31": "-136.06700", "2019-12-31": -436.665, "2019-09-30": -167.18, "2019-06-30": -276.838, "2019-03-31": "-313.18600", "2018-12-31": -101.195, "2018-09-30": -178.775, "2018-06-30": 2.599, "2018-03-31": "-319.28000", "2017-12-31": -340.629, "2017-09-30": -371.028, "2017-06-30": -144.844, "2017-03-31": "-108.88000", "2016-12-31": -165.761, "2016-09-30": -154.1, "2016-06-30": -327.764, "2016-03-31": "-384.72700", "2015-12-31": -213.002, "2015-09-30": -292.166, "2015-06-30": -252.15, "2015-03-31": "-442.19900", "2014-12-31": -320.265, "2014-09-30": -184.979, "2014-06-30": -87.152, "2014-03-31": "-224.36400", "2013-12-31": 13.837, "2013-09-30": -310.661, "2013-06-30": -234.769, "2013-03-31": "-649.58100", "2012-12-31": -140.654, "2012-09-30": -289.981, "2012-06-30": -26.411, "2012-03-31": "-166.34000", "2011-12-31": 26.341, "2011-09-30": -176.454, "2011-06-30": -168.345, "2011-03-31": "-124.68300", "2010-12-31": -120.589, "2010-09-30": -144.369, "2010-06-30": 2.065, "2010-03-31": "-36.04300", "2009-12-31": -3.881, "2009-09-30": -53.621, "2009-06-30": -146.376, "2009-03-31": "-129.68100", "2008-12-31": -74.744, "2008-09-30": 11.186, "2008-06-30": -45.806, "2008-03-31": "-156.94500", "2007-12-31": -121.623, "2007-09-30": -135.173, "2007-06-30": -267.185, "2007-03-31": "-285.26600", "2006-12-31": -293.294, "2006-09-30": -166.054, "2006-06-30": -137.156, "2006-03-31": "85.13300", "2005-12-31": 0.647, "2005-09-30": 16.292, "2005-06-30": -64.025, "2005-03-31": "27.32500"}, "Net Long-Term Debt": {"2020-12-31": -263.473, "2020-09-30": -68.5761, "2020-06-30": -458.0639, "2020-03-31": "790.11300", "2019-12-31": -66.861, "2019-09-30": 7.195, "2019-06-30": 313.818, "2019-03-31": "-1.66800", "2018-12-31": -117.998, "2018-09-30": -41.315, "2018-06-30": -30.998, "2018-03-31": "270.59100", "2017-12-31": 203.8508, "2017-09-30": 134.553, "2017-06-30": -44.8489, "2017-03-31": "-21.90500", "2016-12-31": 216.266, "2016-09-30": -83.543, "2016-06-30": 336.968, "2016-03-31": "-19.68200", "2015-12-31": 189.071, "2015-09-30": -155.427, "2015-06-30": -59.951, "2015-03-31": "45.79100", "2014-12-31": 295.859, "2014-09-30": -3.95, "2014-06-30": -117.936, "2014-03-31": "246.16800", "2013-12-31": 42.77, "2013-09-30": 254.731, "2013-06-30": -65.677, "2013-03-31": "-1607.24300", "2012-12-31": 44.641, "2012-09-30": 447.366, "2012-06-30": -51.583, "2012-03-31": "-231.43800", "2011-12-31": -157.518, "2011-09-30": -200.585, "2011-06-30": -1.844, "2011-03-31": "-30.11900", "2010-12-31": 120.53, "2010-09-30": -1.503, "2010-06-30": -1.465, "2010-03-31": "-26.46500", "2009-12-31": -482.7129, "2009-09-30": 282.8669, "2009-06-30": 250.873, "2009-03-31": "132.32000", "2008-12-31": 113.887, "2008-09-30": 2.665, "2008-06-30": -263.156, "2008-03-31": "496.65800", "2007-12-31": 153.561, "2007-09-30": 135.752, "2007-06-30": 14.842, "2007-03-31": "-17.78500", "2006-12-31": 78.032, "2006-09-30": 332.478, "2006-06-30": 40.651, "2006-03-31": "-67.19600", "2005-12-31": -41.555, "2005-09-30": -40.225, "2005-06-30": 26.769, "2005-03-31": "-45.85200"}, "Net Current Debt": {"2020-12-31": 0, "2020-09-30": 0, "2020-06-30": 0, "2020-03-31": "", "2019-12-31": 0, "2019-09-30": 0, "2019-06-30": 0, "2019-03-31": "", "2018-12-31": 0, "2018-09-30": 0, "2018-06-30": 0, "2018-03-31": "", "2017-12-31": 0, "2017-09-30": 0, "2017-06-30": 0, "2017-03-31": "", "2016-12-31": 0, "2016-09-30": 0, "2016-06-30": 0, "2016-03-31": "", "2015-12-31": 0, "2015-09-30": 0, "2015-06-30": 0, "2015-03-31": "", "2014-12-31": 0, "2014-09-30": 0, "2014-06-30": 0, "2014-03-31": "", "2013-12-31": 0, "2013-09-30": 0, "2013-06-30": 0, "2013-03-31": "", "2012-12-31": 0, "2012-09-30": 0, "2012-06-30": 0, "2012-03-31": "", "2011-12-31": 0, "2011-09-30": 0, "2011-06-30": 0, "2011-03-31": "", "2010-12-31": 0, "2010-09-30": 0, "2010-06-30": 0, "2010-03-31": "", "2009-12-31": 0, "2009-09-30": 0, "2009-06-30": 0, "2009-03-31": "", "2008-12-31": 0, "2008-09-30": 0, "2008-06-30": 0, "2008-03-31": "", "2007-12-31": 0, "2007-09-30": 0, "2007-06-30": 0, "2007-03-31": "", "2006-12-31": 0, "2006-09-30": 0, "2006-06-30": 0, "2006-03-31": "", "2005-12-31": 0, "2005-09-30": 0, "2005-06-30": 0, "2005-03-31": ""}, "Debt Issuance/Retirement Net - Total": {"2020-12-31": -263.473, "2020-09-30": -68.5761, "2020-06-30": -458.0639, "2020-03-31": "790.11300", "2019-12-31": -66.861, "2019-09-30": 7.195, "2019-06-30": 313.818, "2019-03-31": "-1.66800", "2018-12-31": -117.998, "2018-09-30": -41.315, "2018-06-30": -30.998, "2018-03-31": "270.59100", "2017-12-31": 203.8508, "2017-09-30": 134.553, "2017-06-30": -44.8489, "2017-03-31": "-21.90500", "2016-12-31": 216.266, "2016-09-30": -83.543, "2016-06-30": 336.968, "2016-03-31": "-19.68200", "2015-12-31": 189.071, "2015-09-30": -155.427, "2015-06-30": -59.951, "2015-03-31": "45.79100", "2014-12-31": 295.859, "2014-09-30": -3.95, "2014-06-30": -117.936, "2014-03-31": "246.16800", "2013-12-31": 42.77, "2013-09-30": 254.731, "2013-06-30": -65.677, "2013-03-31": "-1607.24300", "2012-12-31": 44.641, "2012-09-30": 447.366, "2012-06-30": -51.583, "2012-03-31": "-231.43800", "2011-12-31": -157.518, "2011-09-30": -200.585, "2011-06-30": -1.844, "2011-03-31": "-30.11900", "2010-12-31": 120.53, "2010-09-30": -1.503, "2010-06-30": -1.465, "2010-03-31": "-26.46500", "2009-12-31": -482.7129, "2009-09-30": 282.8669, "2009-06-30": 250.873, "2009-03-31": "132.32000", "2008-12-31": 113.887, "2008-09-30": 2.665, "2008-06-30": -263.156, "2008-03-31": "496.65800", "2007-12-31": 153.561, "2007-09-30": 135.752, "2007-06-30": 14.842, "2007-03-31": "-17.78500", "2006-12-31": 78.032, "2006-09-30": 332.478, "2006-06-30": 40.651, "2006-03-31": "-67.19600", "2005-12-31": -41.555, "2005-09-30": -40.225, "2005-06-30": 26.769, "2005-03-31": "-45.85200"}, "Net Common Equity Issued/Repurchased": {"2020-12-31": 135.859, "2020-09-30": -137.472, "2020-06-30": 1.488, "2020-03-31": "0.12500", "2019-12-31": 201.936, "2019-09-30": 1.596, "2019-06-30": 50.632, "2019-03-31": "155.56100", "2018-12-31": 51.037, "2018-09-30": 0.391, "2018-06-30": 0.833, "2018-03-31": "", "2017-12-31": 0.976, "2017-09-30": 0.084, "2017-06-30": 53.216, "2017-03-31": "56.81700", "2016-12-31": 1.379, "2016-09-30": 1.343, "2016-06-30": 11.702, "2016-03-31": "1.10200", "2015-12-31": 15.553, "2015-09-30": 577.305, "2015-06-30": 95.353, "2015-03-31": "1.97300", "2014-12-31": 6.043, "2014-09-30": 125.121, "2014-06-30": 207.736, "2014-03-31": "7.23400", "2013-12-31": 1.829, "2013-09-30": 0.269, "2013-06-30": 2.352, "2013-03-31": "0.25300", "2012-12-31": 2103.537, "2012-09-30": 150.971, "2012-06-30": 166.726, "2012-03-31": "8.95600", "2011-12-31": 12.205, "2011-09-30": 773.496, "2011-06-30": 113.977, "2011-03-31": "150.15700", "2010-12-31": 59.108, "2010-09-30": 15.44, "2010-06-30": 222.921, "2010-03-31": "83.89600", "2009-12-31": 6.418, "2009-09-30": 101.328, "2009-06-30": 1.079, "2009-03-31": "0.03500", "2008-12-31": 0.6, "2008-09-30": 3.363, "2008-06-30": 2.013, "2008-03-31": "-40.70200", "2007-12-31": -141.306, "2007-09-30": -112.693, "2007-06-30": 4.355, "2007-03-31": "612.74400", "2006-12-31": 3.788, "2006-09-30": 7.112, "2006-06-30": 3.151, "2006-03-31": "12.50000", "2005-12-31": 5.399, "2005-09-30": 9.961, "2005-06-30": 14.918, "2005-03-31": "6.33300"}, "Net Total Equity Issued/Repurchased": {"2020-12-31": 135.859, "2020-09-30": -137.472, "2020-06-30": 1.488, "2020-03-31": "0.12500", "2019-12-31": 201.936, "2019-09-30": 1.596, "2019-06-30": 50.632, "2019-03-31": "155.56100", "2018-12-31": 51.037, "2018-09-30": 0.391, "2018-06-30": 0.833, "2018-03-31": "", "2017-12-31": 0.976, "2017-09-30": 0.084, "2017-06-30": 53.216, "2017-03-31": "56.81700", "2016-12-31": 1.379, "2016-09-30": 1.343, "2016-06-30": 11.702, "2016-03-31": "1.10200", "2015-12-31": 15.553, "2015-09-30": 579.635, "2015-06-30": 93.023, "2015-03-31": "1.97300", "2014-12-31": -0.257, "2014-09-30": 129.921, "2014-06-30": 202.936, "2014-03-31": "7.23400", "2013-12-31": -33.395, "2013-09-30": 0.269, "2013-06-30": 2.352, "2013-03-31": "0.25300", "2012-12-31": 2103.537, "2012-09-30": 150.971, "2012-06-30": 166.726, "2012-03-31": "8.95600", "2011-12-31": 12.205, "2011-09-30": 773.496, "2011-06-30": 113.977, "2011-03-31": "150.15700", "2010-12-31": 59.108, "2010-09-30": 15.44, "2010-06-30": 222.921, "2010-03-31": "83.89600", "2009-12-31": 6.418, "2009-09-30": 101.328, "2009-06-30": 1.079, "2009-03-31": "0.03500", "2008-12-31": -99.4, "2008-09-30": 3.363, "2008-06-30": 2.013, "2008-03-31": "-40.70200", "2007-12-31": -141.306, "2007-09-30": -112.693, "2007-06-30": 4.355, "2007-03-31": "612.74400", "2006-12-31": 3.788, "2006-09-30": 7.112, "2006-06-30": 3.151, "2006-03-31": "12.50000", "2005-12-31": 5.399, "2005-09-30": 9.961, "2005-06-30": 14.918, "2005-03-31": "6.33300"}, "Total Common And Preferred Stock Dividends Paid": {"2020-12-31": 661.355, "2020-09-30": -223.187, "2020-06-30": -223.783, "2020-03-31": "-214.38500", "2019-12-31": -213.6941, "2019-09-30": -210.892, "2019-06-30": -212.842, "2019-03-31": "-204.10300", "2018-12-31": -203.201, "2018-09-30": -204.326, "2018-06-30": -202.706, "2018-03-31": "-196.59400", "2017-12-31": -196.083, "2017-09-30": -197.477, "2017-06-30": -195.65, "2017-03-31": "-185.90700", "2016-12-31": -185.939, "2016-09-30": -186.76, "2016-06-30": -185.193, "2016-03-31": "-171.26500", "2015-12-31": -185.515, "2015-09-30": -166.107, "2015-06-30": -165.251, "2015-03-31": "-153.19500", "2014-12-31": -153.011, "2014-09-30": -152.123, "2014-06-30": -150.313, "2014-03-31": "-138.48400", "2013-12-31": -138.479, "2013-09-30": -138.478, "2013-06-30": -138.463, "2013-03-31": "-110.97900", "2012-12-31": -94.765, "2012-09-30": -93.64, "2012-06-30": -92.489, "2012-03-31": "-85.00600", "2011-12-31": -84.998, "2011-09-30": -78.925, "2011-06-30": -77.896, "2011-03-31": "-76.62600", "2010-12-31": -76.086, "2010-09-30": -75.902, "2010-06-30": -73.72, "2010-03-31": "-72.66500", "2009-12-31": -72.459, "2009-09-30": -71.341, "2009-06-30": -71.101, "2009-03-31": "-68.86600", "2008-12-31": -69.469, "2008-09-30": -70.893, "2008-06-30": -70.964, "2008-03-31": "-67.86600", "2007-12-31": -69.554, "2007-09-30": -70.34, "2007-06-30": -70.541, "2007-03-31": "-60.60700", "2006-12-31": -60.377, "2006-09-30": -60.279, "2006-06-30": -60.216, "2006-03-31": "-54.58600", "2005-12-31": -54.671, "2005-09-30": -54.496, "2005-06-30": -54.234, "2005-03-31": "-53.29800"}, "Financial Activities - Other": {"2020-12-31": 52.224, "2020-09-30": -1.021, "2020-06-30": -10.52, "2020-03-31": "-40.68300", "2019-12-31": 1.262, "2019-09-30": -3.199, "2019-06-30": -15.879, "2019-03-31": "-21.04700", "2018-12-31": -12.924, "2018-09-30": 0.459, "2018-06-30": -0.622, "2018-03-31": "-1.12900", "2017-12-31": -5.799, "2017-09-30": -0.296, "2017-06-30": -19.201, "2017-03-31": "-1.27700", "2016-12-31": -6.233, "2016-09-30": -0.896, "2016-06-30": -26.344, "2016-03-31": "-6.17600", "2015-12-31": 4.644, "2015-09-30": -14.874, "2015-06-30": -2.179, "2015-03-31": "-2.09800", "2014-12-31": 1.894, "2014-09-30": -6.3, "2014-06-30": 2.808, "2014-03-31": "-6.22200", "2013-12-31": 29.32, "2013-09-30": -6.81, "2013-06-30": -85.575, "2013-03-31": "", "2012-12-31": -8.92, "2012-09-30": -61.551, "2012-06-30": -3.35, "2012-03-31": "-0.12300", "2011-12-31": -2.331, "2011-09-30": -5.938, "2011-06-30": -0.252, "2011-03-31": "-6.57000", "2010-12-31": -3.375, "2010-09-30": -0.931, "2010-06-30": -2.218, "2010-03-31": "", "2009-12-31": -0.888, "2009-09-30": -3.908, "2009-06-30": -7.929, "2009-03-31": "", "2008-12-31": -3.46, "2008-09-30": -2.493, "2008-06-30": -3.726, "2008-03-31": "-1.56800", "2007-12-31": -1.08, "2007-09-30": -8.592, "2007-06-30": -1.99, "2007-03-31": "-0.40600", "2006-12-31": -8.829, "2006-09-30": -3.336, "2006-06-30": -0.613, "2006-03-31": "", "2005-12-31": -0.305, "2005-09-30": 0.317, "2005-06-30": -0.964, "2005-03-31": "-0.39000"}, "Cash Flow From Financial Activities": {"2020-12-31": 585.965, "2020-09-30": -430.256, "2020-06-30": -690.879, "2020-03-31": "535.17000", "2019-12-31": -77.357, "2019-09-30": -205.3, "2019-06-30": 135.729, "2019-03-31": "-71.25700", "2018-12-31": -283.086, "2018-09-30": -244.791, "2018-06-30": -233.493, "2018-03-31": "72.86800", "2017-12-31": 2.945, "2017-09-30": -63.136, "2017-06-30": -206.484, "2017-03-31": "-152.27200", "2016-12-31": 25.473, "2016-09-30": -269.856, "2016-06-30": 137.133, "2016-03-31": "-196.02100", "2015-12-31": 23.753, "2015-09-30": 243.227, "2015-06-30": -134.358, "2015-03-31": "-107.52900", "2014-12-31": 144.485, "2014-09-30": -32.452, "2014-06-30": -62.505, "2014-03-31": "108.69600", "2013-12-31": -99.784, "2013-09-30": 109.712, "2013-06-30": -287.363, "2013-03-31": "-1717.96900", "2012-12-31": 2044.493, "2012-09-30": 443.146, "2012-06-30": 19.304, "2012-03-31": "-307.61100", "2011-12-31": -232.642, "2011-09-30": 488.048, "2011-06-30": 33.985, "2011-03-31": "36.84200", "2010-12-31": 100.177, "2010-09-30": -62.896, "2010-06-30": 145.518, "2010-03-31": "-15.23400", "2009-12-31": -549.642, "2009-09-30": 308.946, "2009-06-30": 172.922, "2009-03-31": "63.48900", "2008-12-31": -58.442, "2008-09-30": -67.358, "2008-06-30": -335.833, "2008-03-31": "386.52200", "2007-12-31": -58.379, "2007-09-30": -55.873, "2007-06-30": -53.334, "2007-03-31": "533.94600", "2006-12-31": 12.614, "2006-09-30": 275.975, "2006-06-30": -17.027, "2006-03-31": "-109.28200", "2005-12-31": -91.132, "2005-09-30": -84.443, "2005-06-30": -13.511, "2005-03-31": "-93.20700"}, "Net Cash Flow": {"2020-12-31": -54.786, "2020-09-30": -233.294, "2020-06-30": -452.727, "2020-03-31": "740.80700", "2019-12-31": -207.14, "2019-09-30": 4.71, "2019-06-30": 134.837, "2019-03-31": "-22.65700", "2018-12-31": -63.727, "2018-09-30": -68.306, "2018-06-30": 78.49, "2018-03-31": "69.50100", "2017-12-31": -15.205, "2017-09-30": -76.042, "2017-06-30": -75.567, "2017-03-31": "38.74300", "2016-12-31": 159.257, "2016-09-30": -116.407, "2016-06-30": 84.765, "2016-03-31": "-302.96600", "2015-12-31": 91.146, "2015-09-30": 253.431, "2015-06-30": -130.986, "2015-03-31": "-313.34800", "2014-12-31": 69.432, "2014-09-30": 14.287, "2014-06-30": 39.737, "2014-03-31": "104.64900", "2013-12-31": 168.445, "2013-09-30": 1.763, "2013-06-30": -336.309, "2013-03-31": "-2286.16200", "2012-12-31": 2069.485, "2012-09-30": 305.87, "2012-06-30": 110.021, "2012-03-31": "-368.61100", "2011-12-31": -71.959, "2011-09-30": 400.727, "2011-06-30": -1.696, "2011-03-31": "-14.62600", "2010-12-31": 77.315, "2010-09-30": -144.61, "2010-06-30": 250.424, "2010-03-31": "17.60600", "2009-12-31": -449.92, "2009-09-30": 338.575, "2009-06-30": 125.453, "2009-03-31": "24.62900", "2008-12-31": -14.084, "2008-09-30": 71.685, "2008-06-30": -262.091, "2008-03-31": "249.15400", "2007-12-31": -18.771, "2007-09-30": -98.669, "2007-06-30": -218.441, "2007-03-31": "347.86800", "2006-12-31": -178.61, "2006-09-30": 174.505, "2006-06-30": -43.089, "2006-03-31": "49.76300", "2005-12-31": 3.366, "2005-09-30": -0.523, "2005-06-30": -0.594, "2005-03-31": "1.94500"}, "Stock-Based Compensation": {"2020-12-31": 0, "2020-09-30": 0, "2020-06-30": 0, "2020-03-31": "", "2019-12-31": 0, "2019-09-30": 0, "2019-06-30": 0, "2019-03-31": "", "2018-12-31": 0, "2018-09-30": 0, "2018-06-30": 0, "2018-03-31": "", "2017-12-31": 0, "2017-09-30": 0, "2017-06-30": 0, "2017-03-31": "", "2016-12-31": 0, "2016-09-30": 0, "2016-06-30": 0, "2016-03-31": "", "2015-12-31": 0, "2015-09-30": 0, "2015-06-30": 0, "2015-03-31": "", "2014-12-31": 0, "2014-09-30": 0, "2014-06-30": 0, "2014-03-31": "", "2013-12-31": 0, "2013-09-30": 0, "2013-06-30": 0, "2013-03-31": "", "2012-12-31": 0, "2012-09-30": 0, "2012-06-30": 0, "2012-03-31": "", "2011-12-31": 0, "2011-09-30": 0, "2011-06-30": 0, "2011-03-31": "", "2010-12-31": 0, "2010-09-30": 0, "2010-06-30": 0, "2010-03-31": "", "2009-12-31": 0, "2009-09-30": 0, "2009-06-30": 0, "2009-03-31": "", "2008-12-31": 0, "2008-09-30": 0, "2008-06-30": 0, "2008-03-31": "", "2007-12-31": 0, "2007-09-30": 0, "2007-06-30": 0, "2007-03-31": "", "2006-12-31": 0, "2006-09-30": 0, "2006-06-30": 0, "2006-03-31": "", "2005-12-31": 0, "2005-09-30": 0, "2005-06-30": 0, "2005-03-31": ""}, "Common Stock Dividends Paid": {"2020-12-31": 661.355, "2020-09-30": -223.787, "2020-06-30": -223.783, "2020-03-31": "-213.78500", "2019-12-31": -212.294, "2019-09-30": -212.292, "2019-06-30": -211.922, "2019-03-31": "-203.62300", "2018-12-31": -203.201, "2018-09-30": -203.206, "2018-06-30": -203.186, "2018-03-31": "-196.11400", "2017-12-31": -196.083, "2017-09-30": -196.077, "2017-06-30": -195.65, "2017-03-31": "-185.30700", "2016-12-31": -185.379, "2016-09-30": -185.36, "2016-06-30": -185.193, "2016-03-31": "-171.26500", "2015-12-31": -171.105, "2015-09-30": -166.107, "2015-06-30": -165.251, "2015-03-31": "-153.19500", "2014-12-31": -153.011, "2014-09-30": -152.123, "2014-06-30": -150.313, "2014-03-31": "-138.48400", "2013-12-31": -138.479, "2013-09-30": -138.478, "2013-06-30": -138.463, "2013-03-31": "-110.97900", "2012-12-31": -94.765, "2012-09-30": -93.64, "2012-06-30": -92.489, "2012-03-31": "-85.00600", "2011-12-31": -84.998, "2011-09-30": -78.925, "2011-06-30": -77.896, "2011-03-31": "-76.62600", "2010-12-31": -76.086, "2010-09-30": -75.902, "2010-06-30": -73.72, "2010-03-31": "-72.66500", "2009-12-31": -72.459, "2009-09-30": -71.341, "2009-06-30": -71.101, "2009-03-31": "-68.86600", "2008-12-31": -69.469, "2008-09-30": -70.893, "2008-06-30": -70.964, "2008-03-31": "-67.86600", "2007-12-31": -69.554, "2007-09-30": -70.34, "2007-06-30": -70.541, "2007-03-31": "-60.60700", "2006-12-31": -60.377, "2006-09-30": -60.279, "2006-06-30": -60.216, "2006-03-31": "-54.58600", "2005-12-31": -54.671, "2005-09-30": -54.496, "2005-06-30": -54.234, "2005-03-31": "-53.29800"}}, "financial ratios": {"Current Ratio": {"2019-12-31": "", "2018-12-31": "", "2017-12-31": "", "2016-12-31": "", "2015-12-31": "", "2014-12-31": "", "2013-12-31": "", "2012-12-31": "", "2011-12-31": "", "2010-12-31": "", "2009-12-31": "", "2008-12-31": "", "2007-12-31": "", "2006-12-31": "", "2005-12-31": ""}, "Long-term Debt / Capital": {"2019-12-31": "0.39900", "2018-12-31": "0.39840", "2017-12-31": "0.41370", "2016-12-31": "0.40870", "2015-12-31": "0.39620", "2014-12-31": "0.41770", "2013-12-31": "0.41630", "2012-12-31": "0.36020", "2011-12-31": "0.44980", "2010-12-31": "0.54510", "2009-12-31": "0.56580", "2008-12-31": "0.55620", "2007-12-31": "0.51060", "2006-12-31": "0.52120", "2005-12-31": "0.47870"}, "Debt/Equity Ratio": {"2019-12-31": "0.66390", "2018-12-31": "0.66210", "2017-12-31": "0.70560", "2016-12-31": "0.69120", "2015-12-31": "0.65620", "2014-12-31": "0.71740", "2013-12-31": "0.71330", "2012-12-31": "0.56300", "2011-12-31": "0.81760", "2010-12-31": "1.19830", "2009-12-31": "1.30320", "2008-12-31": "1.25330", "2007-12-31": "1.04340", "2006-12-31": "1.08870", "2005-12-31": "0.91830"}, "Gross Margin": {"2019-12-31": "", "2018-12-31": "", "2017-12-31": "", "2016-12-31": "", "2015-12-31": "", "2014-12-31": "", "2013-12-31": "", "2012-12-31": "", "2011-12-31": "", "2010-12-31": "", "2009-12-31": "", "2008-12-31": "", "2007-12-31": "", "2006-12-31": "", "2005-12-31": ""}, "Operating Margin": {"2019-12-31": "27.00310", "2018-12-31": "25.59310", "2017-12-31": "26.43420", "2016-12-31": "28.37150", "2015-12-31": "28.95340", "2014-12-31": "25.77560", "2013-12-31": "4.69890", "2012-12-31": "21.63560", "2011-12-31": "15.37610", "2010-12-31": "10.83190", "2009-12-31": "11.75760", "2008-12-31": "18.72910", "2007-12-31": "21.93640", "2006-12-31": "18.96890", "2005-12-31": "13.10400"}, "EBIT Margin": {"2019-12-31": "27.00310", "2018-12-31": "25.59310", "2017-12-31": "26.43420", "2016-12-31": "28.37150", "2015-12-31": "28.95340", "2014-12-31": "25.77560", "2013-12-31": "4.69890", "2012-12-31": "21.63560", "2011-12-31": "15.37610", "2010-12-31": "10.83190", "2009-12-31": "11.75760", "2008-12-31": "18.72910", "2007-12-31": "21.93640", "2006-12-31": "18.96890", "2005-12-31": "13.10400"}, "EBITDA Margin": {"2019-12-31": "56.94930", "2018-12-31": "54.53180", "2017-12-31": "54.40620", "2016-12-31": "54.54480", "2015-12-31": "54.59170", "2014-12-31": "51.17710", "2013-12-31": "42.46090", "2012-12-31": "47.50080", "2011-12-31": "42.01860", "2010-12-31": "38.62240", "2009-12-31": "38.11160", "2008-12-31": "43.43480", "2007-12-31": "46.28170", "2006-12-31": "43.15880", "2005-12-31": "38.25130"}, "Pre-Tax Profit Margin": {"2019-12-31": "34.37570", "2018-12-31": "42.63520", "2017-12-31": "40.61840", "2016-12-31": "50.55670", "2015-12-31": "40.04340", "2014-12-31": "39.67310", "2013-12-31": "3.95280", "2012-12-31": "25.02740", "2011-12-31": "15.57790", "2010-12-31": "10.92230", "2009-12-31": "9.96450", "2008-12-31": "12.17530", "2007-12-31": "30.14130", "2006-12-31": "21.97950", "2005-12-31": "14.66020"}, "Net Profit Margin": {"2019-12-31": "33.72200", "2018-12-31": "42.53320", "2017-12-31": "40.50990", "2016-12-31": "50.55610", "2015-12-31": "39.97990", "2014-12-31": "40.56630", "2013-12-31": "24.13940", "2012-12-31": "42.36030", "2011-12-31": "49.06440", "2010-12-31": "20.74380", "2009-12-31": "18.75440", "2008-12-31": "49.28120", "2007-12-31": "48.01690", "2006-12-31": "38.05050", "2005-12-31": "46.05660"}, "Asset Turnover": {"2019-12-31": "0.12160", "2018-12-31": "0.12430", "2017-12-31": "0.11720", "2016-12-31": "0.11450", "2015-12-31": "0.10960", "2014-12-31": "0.10440", "2013-12-31": "0.09540", "2012-12-31": "0.08970", "2011-12-31": "0.10610", "2010-12-31": "0.10780", "2009-12-31": "0.11130", "2008-12-31": "0.11340", "2007-12-31": "0.10800", "2006-12-31": "0.11590", "2005-12-31": "0.12690"}, "Inventory Turnover Ratio": {"2019-12-31": "", "2018-12-31": "", "2017-12-31": "", "2016-12-31": "", "2015-12-31": "", "2014-12-31": "", "2013-12-31": "", "2012-12-31": "", "2011-12-31": "", "2010-12-31": "", "2009-12-31": "", "2008-12-31": "", "2007-12-31": "", "2006-12-31": "", "2005-12-31": ""}, "Receiveable Turnover": {"2019-12-31": "", "2018-12-31": "", "2017-12-31": "", "2016-12-31": "", "2015-12-31": "", "2014-12-31": "", "2013-12-31": "", "2012-12-31": "", "2011-12-31": "", "2010-12-31": "", "2009-12-31": "", "2008-12-31": "", "2007-12-31": "", "2006-12-31": "", "2005-12-31": ""}, "Days Sales In Receivables": {"2019-12-31": "", "2018-12-31": "", "2017-12-31": "", "2016-12-31": "", "2015-12-31": "", "2014-12-31": "", "2013-12-31": "", "2012-12-31": "", "2011-12-31": "", "2010-12-31": "", "2009-12-31": "", "2008-12-31": "", "2007-12-31": "", "2006-12-31": "", "2005-12-31": ""}, "ROE - Return On Equity": {"2019-12-31": "7.15280", "2018-12-31": "9.16210", "2017-12-31": "8.43910", "2016-12-31": "10.16290", "2015-12-31": "7.53750", "2014-12-31": "7.28630", "2013-12-31": "0.67240", "2012-12-31": "3.66080", "2011-12-31": "3.18530", "2010-12-31": "2.77640", "2009-12-31": "2.71130", "2008-12-31": "3.39760", "2007-12-31": "7.24780", "2006-12-31": "5.78840", "2005-12-31": "3.77930"}, "Return On Tangible Equity": {"2019-12-31": "7.15280", "2018-12-31": "9.16210", "2017-12-31": "8.43910", "2016-12-31": "10.16290", "2015-12-31": "7.53750", "2014-12-31": "7.28630", "2013-12-31": "0.67240", "2012-12-31": "3.66080", "2011-12-31": "3.18530", "2010-12-31": "2.77640", "2009-12-31": "2.71130", "2008-12-31": "3.39760", "2007-12-31": "7.24770", "2006-12-31": "5.78830", "2005-12-31": "3.77920"}, "ROA - Return On Assets": {"2019-12-31": "4.11120", "2018-12-31": "5.30010", "2017-12-31": "4.76060", "2016-12-31": "5.78550", "2015-12-31": "4.38080", "2014-12-31": "4.08380", "2013-12-31": "0.37730", "2012-12-31": "2.24400", "2011-12-31": "1.65300", "2010-12-31": "1.17700", "2009-12-31": "1.10890", "2008-12-31": "1.38100", "2007-12-31": "3.25640", "2006-12-31": "2.54670", "2005-12-31": "1.85970"}, "ROI - Return On Investment": {"2019-12-31": "4.29880", "2018-12-31": "5.51230", "2017-12-31": "4.94800", "2016-12-31": "6.00910", "2015-12-31": "4.55120", "2014-12-31": "4.24270", "2013-12-31": "0.39250", "2012-12-31": "2.34230", "2011-12-31": "1.75240", "2010-12-31": "1.26300", "2009-12-31": "1.17720", "2008-12-31": "1.50780", "2007-12-31": "3.54690", "2006-12-31": "2.77120", "2005-12-31": "1.97010"}, "Book Value Per Share": {"2019-12-31": "78.14200", "2018-12-31": "76.76530", "2017-12-31": "75.22450", "2016-12-31": "74.06500", "2015-12-31": "71.82760", "2014-12-31": "68.50740", "2013-12-31": "66.44970", "2012-12-31": "59.79560", "2011-12-31": "46.25000", "2010-12-31": "38.59870", "2009-12-31": "37.41160", "2008-12-31": "37.81270", "2007-12-31": "39.14500", "2006-12-31": "34.46130", "2005-12-31": "34.50390"}, "Operating Cash Flow Per Share": {"2019-12-31": 0.0619, "2018-12-31": 0.3097, "2017-12-31": 0.6582, "2016-12-31": 0.4561, "2015-12-31": 1.2286, "2014-12-31": 1.0647, "2013-12-31": 0.1741, "2012-12-31": 0.7874, "2011-12-31": 0.8057, "2010-12-31": -0.7481, "2009-12-31": -0.3045, "2008-12-31": -0.7194, "2007-12-31": 1.0437, "2006-12-31": 0.5559, "2005-12-31": 4.0965}, "Free Cash Flow Per Share": {"2019-12-31": -3.541, "2018-12-31": 2.7152, "2017-12-31": 1.5726, "2016-12-31": 2.1816, "2015-12-31": -0.7934, "2014-12-31": 2.7896, "2013-12-31": 0.0581, "2012-12-31": -4.0746, "2011-12-31": -0.9079, "2010-12-31": 1.01, "2009-12-31": -0.2502, "2008-12-31": 5.5058, "2007-12-31": -2.5735, "2006-12-31": -6.9869, "2005-12-31": 4.2291}}, "financial ratios, quarterly": {"Current Ratio": {"2020-09-30": "", "2020-06-30": "", "2020-03-31": "", "2019-12-31": "", "2019-09-30": "", "2019-06-30": "", "2019-03-31": "", "2018-12-31": "", "2018-09-30": "", "2018-06-30": "", "2018-03-31": "", "2017-12-31": "", "2017-09-30": "", "2017-06-30": "", "2017-03-31": "", "2016-12-31": "", "2016-09-30": "", "2016-06-30": "", "2016-03-31": "", "2015-12-31": "", "2015-09-30": "", "2015-06-30": "", "2015-03-31": "", "2014-12-31": "", "2014-09-30": "", "2014-06-30": "", "2014-03-31": "", "2013-12-31": "", "2013-09-30": "", "2013-06-30": "", "2013-03-31": "", "2012-12-31": "", "2012-09-30": "", "2012-06-30": "", "2012-03-31": "", "2011-12-31": "", "2011-09-30": "", "2011-06-30": "", "2011-03-31": "", "2010-12-31": "", "2010-09-30": "", "2010-06-30": "", "2010-03-31": "", "2009-12-31": "", "2009-09-30": "", "2009-06-30": "", "2009-03-31": "", "2008-12-31": "", "2008-09-30": "", "2008-06-30": "", "2008-03-31": "", "2007-12-31": "", "2007-09-30": "", "2007-06-30": "", "2007-03-31": "", "2006-12-31": "", "2006-09-30": "", "2006-06-30": "", "2006-03-31": "", "2005-12-31": "", "2005-09-30": "", "2005-06-30": "", "2005-03-31": ""}, "Long-term Debt / Capital": {"2020-09-30": "0.41480", "2020-06-30": "0.41240", "2020-03-31": "0.42580", "2019-12-31": "0.39900", "2019-09-30": "0.40500", "2019-06-30": "0.40610", "2019-03-31": "0.39610", "2018-12-31": "0.39840", "2018-09-30": "0.42010", "2018-06-30": "0.42130", "2018-03-31": "0.42370", "2017-12-31": "0.41370", "2017-09-30": "0.40820", "2017-06-30": "0.40480", "2017-03-31": "0.40560", "2016-12-31": "0.40870", "2016-09-30": "0.40440", "2016-06-30": "0.40950", "2016-03-31": "0.39770", "2015-12-31": "0.39620", "2015-09-30": "0.39080", "2015-06-30": "0.41330", "2015-03-31": "0.41910", "2014-12-31": "0.41770", "2014-09-30": "0.40830", "2014-06-30": "0.41490", "2014-03-31": "0.42580", "2013-12-31": "0.41630", "2013-09-30": "0.41850", "2013-06-30": "0.40600", "2013-03-31": "0.40640", "2012-12-31": "0.36020", "2012-09-30": "0.44650", "2012-06-30": "0.42320", "2012-03-31": "0.43500", "2011-12-31": "0.44980", "2011-09-30": "0.47660", "2011-06-30": "0.53400", "2011-03-31": "0.54130", "2010-12-31": "0.54510", "2010-09-30": "0.54440", "2010-06-30": "0.54210", "2010-03-31": "0.55750", "2009-12-31": "0.56580", "2009-09-30": "0.58980", "2009-06-30": "0.58120", "2009-03-31": "0.55550", "2008-12-31": "0.55620", "2008-09-30": "0.51630", "2008-06-30": "0.52990", "2008-03-31": "0.55310", "2007-12-31": "0.51060", "2007-09-30": "0.49630", "2007-06-30": "0.48060", "2007-03-31": "0.47040", "2006-12-31": "0.52120", "2006-09-30": "0.50040", "2006-06-30": "0.46980", "2006-03-31": "0.46700", "2005-12-31": "0.47870", "2005-09-30": "0.49060", "2005-06-30": "0.50070", "2005-03-31": "0.49950"}, "Debt/Equity Ratio": {"2020-09-30": "0.70890", "2020-06-30": "0.70190", "2020-03-31": "0.74150", "2019-12-31": "0.66390", "2019-09-30": "0.68070", "2019-06-30": "0.68390", "2019-03-31": "0.65590", "2018-12-31": "0.66210", "2018-09-30": "0.72450", "2018-06-30": "0.72810", "2018-03-31": "0.73530", "2017-12-31": "0.70560", "2017-09-30": "0.68980", "2017-06-30": "0.68000", "2017-03-31": "0.68240", "2016-12-31": "0.69120", "2016-09-30": "0.67910", "2016-06-30": "0.69330", "2016-03-31": "0.66040", "2015-12-31": "0.65620", "2015-09-30": "0.64160", "2015-06-30": "0.70430", "2015-03-31": "0.72130", "2014-12-31": "0.71740", "2014-09-30": "0.69010", "2014-06-30": "0.70900", "2014-03-31": "0.74150", "2013-12-31": "0.71330", "2013-09-30": "0.71960", "2013-06-30": "0.68350", "2013-03-31": "0.68460", "2012-12-31": "0.56300", "2012-09-30": "0.80660", "2012-06-30": "0.73380", "2012-03-31": "0.77000", "2011-12-31": "0.81760", "2011-09-30": "0.91070", "2011-06-30": "1.14570", "2011-03-31": "1.18020", "2010-12-31": "1.19830", "2010-09-30": "1.19490", "2010-06-30": "1.18400", "2010-03-31": "1.25970", "2009-12-31": "1.30320", "2009-09-30": "1.43800", "2009-06-30": "1.38760", "2009-03-31": "1.24990", "2008-12-31": "1.25330", "2008-09-30": "1.06750", "2008-06-30": "1.12720", "2008-03-31": "1.23790", "2007-12-31": "1.04340", "2007-09-30": "0.98520", "2007-06-30": "0.92540", "2007-03-31": "0.88820", "2006-12-31": "1.08870", "2006-09-30": "1.00170", "2006-06-30": "0.88600", "2006-03-31": "0.87610", "2005-12-31": "0.91830", "2005-09-30": "0.96330", "2005-06-30": "1.00280", "2005-03-31": "0.99780"}, "Gross Margin": {"2020-09-30": "", "2020-06-30": "", "2020-03-31": "", "2019-12-31": "", "2019-09-30": "", "2019-06-30": "", "2019-03-31": "", "2018-12-31": "", "2018-09-30": "", "2018-06-30": "", "2018-03-31": "", "2017-12-31": "", "2017-09-30": "", "2017-06-30": "", "2017-03-31": "", "2016-12-31": "", "2016-09-30": "", "2016-06-30": "", "2016-03-31": "", "2015-12-31": "", "2015-09-30": "", "2015-06-30": "", "2015-03-31": "", "2014-12-31": "", "2014-09-30": "", "2014-06-30": "", "2014-03-31": "", "2013-12-31": "", "2013-09-30": "", "2013-06-30": "", "2013-03-31": "", "2012-12-31": "", "2012-09-30": "", "2012-06-30": "", "2012-03-31": "", "2011-12-31": "", "2011-09-30": "", "2011-06-30": "", "2011-03-31": "", "2010-12-31": "", "2010-09-30": "", "2010-06-30": "", "2010-03-31": "", "2009-12-31": "", "2009-09-30": "", "2009-06-30": "", "2009-03-31": "", "2008-12-31": "", "2008-09-30": "", "2008-06-30": "", "2008-03-31": "", "2007-12-31": "", "2007-09-30": "", "2007-06-30": "", "2007-03-31": "", "2006-12-31": "", "2006-09-30": "", "2006-06-30": "", "2006-03-31": "", "2005-12-31": "", "2005-09-30": "", "2005-06-30": "", "2005-03-31": ""}, "Operating Margin": {"2020-09-30": "19.65390", "2020-06-30": "22.97430", "2020-03-31": "23.10030", "2019-12-31": "27.39190", "2019-09-30": "27.19490", "2019-06-30": "25.72290", "2019-03-31": "27.70180", "2018-12-31": "24.48790", "2018-09-30": "26.89930", "2018-06-30": "26.04200", "2018-03-31": "24.93600", "2017-12-31": "27.01960", "2017-09-30": "28.70790", "2017-06-30": "22.62700", "2017-03-31": "27.28220", "2016-12-31": "27.56740", "2016-09-30": "27.84750", "2016-06-30": "27.34170", "2016-03-31": "30.74010", "2015-12-31": "30.16540", "2015-09-30": "31.76600", "2015-06-30": "29.07390", "2015-03-31": "24.48920", "2014-12-31": "27.72850", "2014-09-30": "25.64520", "2014-06-30": "25.02190", "2014-03-31": "24.54470", "2013-12-31": "10.92430", "2013-09-30": "-4.93540", "2013-06-30": "0.27340", "2013-03-31": "14.55250", "2012-12-31": "18.70660", "2012-09-30": "24.21080", "2012-06-30": "22.35540", "2012-03-31": "21.02900", "2011-12-31": "16.00880", "2011-09-30": "17.26210", "2011-06-30": "14.78850", "2011-03-31": "13.43810", "2010-12-31": "8.89620", "2010-09-30": "11.76510", "2010-06-30": "12.99750", "2010-03-31": "9.27040", "2009-12-31": "-1.18410", "2009-09-30": "12.70210", "2009-06-30": "15.48530", "2009-03-31": "18.91880", "2008-12-31": "10.27590", "2008-09-30": "21.12630", "2008-06-30": "21.02320", "2008-03-31": "21.40440", "2007-12-31": "14.76520", "2007-09-30": "23.44250", "2007-06-30": "24.60770", "2007-03-31": "23.43130", "2006-12-31": "16.03830", "2006-09-30": "21.78320", "2006-06-30": "19.41220", "2006-03-31": "17.90320", "2005-12-31": "7.49230", "2005-09-30": "15.84030", "2005-06-30": "15.44440", "2005-03-31": "13.32800"}, "EBIT Margin": {"2020-09-30": "19.65390", "2020-06-30": "22.97430", "2020-03-31": "23.10030", "2019-12-31": "27.39190", "2019-09-30": "27.19490", "2019-06-30": "25.72290", "2019-03-31": "27.70180", "2018-12-31": "24.48790", "2018-09-30": "26.89930", "2018-06-30": "26.04200", "2018-03-31": "24.93600", "2017-12-31": "27.01960", "2017-09-30": "28.70790", "2017-06-30": "22.62700", "2017-03-31": "27.28220", "2016-12-31": "27.56740", "2016-09-30": "27.84750", "2016-06-30": "27.34170", "2016-03-31": "30.74010", "2015-12-31": "30.16540", "2015-09-30": "31.76600", "2015-06-30": "29.07390", "2015-03-31": "24.48920", "2014-12-31": "27.72850", "2014-09-30": "25.64520", "2014-06-30": "25.02190", "2014-03-31": "24.54470", "2013-12-31": "10.92430", "2013-09-30": "-4.93540", "2013-06-30": "0.27340", "2013-03-31": "14.55250", "2012-12-31": "18.70660", "2012-09-30": "24.21080", "2012-06-30": "22.35540", "2012-03-31": "21.02900", "2011-12-31": "16.00880", "2011-09-30": "17.26210", "2011-06-30": "14.78850", "2011-03-31": "13.43810", "2010-12-31": "8.89620", "2010-09-30": "11.76510", "2010-06-30": "12.99750", "2010-03-31": "9.27040", "2009-12-31": "-1.18410", "2009-09-30": "12.70210", "2009-06-30": "15.48530", "2009-03-31": "18.91880", "2008-12-31": "10.27590", "2008-09-30": "21.12630", "2008-06-30": "21.02320", "2008-03-31": "21.40440", "2007-12-31": "14.76520", "2007-09-30": "23.44250", "2007-06-30": "24.60770", "2007-03-31": "23.43130", "2006-12-31": "16.03830", "2006-09-30": "21.78320", "2006-06-30": "19.41220", "2006-03-31": "17.90320", "2005-12-31": "7.49230", "2005-09-30": "15.84030", "2005-06-30": "15.44440", "2005-03-31": "13.32800"}, "EBITDA Margin": {"2020-09-30": "", "2020-06-30": "", "2020-03-31": "", "2019-12-31": "", "2019-09-30": "", "2019-06-30": "", "2019-03-31": "", "2018-12-31": "", "2018-09-30": "", "2018-06-30": "", "2018-03-31": "", "2017-12-31": "", "2017-09-30": "", "2017-06-30": "", "2017-03-31": "", "2016-12-31": "", "2016-09-30": "", "2016-06-30": "", "2016-03-31": "", "2015-12-31": "", "2015-09-30": "", "2015-06-30": "", "2015-03-31": "", "2014-12-31": "", "2014-09-30": "", "2014-06-30": "", "2014-03-31": "", "2013-12-31": "", "2013-09-30": "", "2013-06-30": "", "2013-03-31": "", "2012-12-31": "", "2012-09-30": "", "2012-06-30": "", "2012-03-31": "", "2011-12-31": "", "2011-09-30": "", "2011-06-30": "", "2011-03-31": "", "2010-12-31": "", "2010-09-30": "", "2010-06-30": "", "2010-03-31": "", "2009-12-31": "", "2009-09-30": "", "2009-06-30": "", "2009-03-31": "", "2008-12-31": "", "2008-09-30": "", "2008-06-30": "", "2008-03-31": "", "2007-12-31": "", "2007-09-30": "", "2007-06-30": "", "2007-03-31": "", "2006-12-31": "", "2006-09-30": "", "2006-06-30": "", "2006-03-31": "", "2005-12-31": "", "2005-09-30": "", "2005-06-30": "", "2005-03-31": ""}, "Pre-Tax Profit Margin": {"2020-09-30": "26.02910", "2020-06-30": "29.44740", "2020-03-31": "27.93930", "2019-12-31": "28.55560", "2019-09-30": "49.50420", "2019-06-30": "29.15570", "2019-03-31": "30.09830", "2018-12-31": "66.61600", "2018-09-30": "33.41010", "2018-06-30": "44.72660", "2018-03-31": "25.24820", "2017-12-31": "42.77500", "2017-09-30": "43.27390", "2017-06-30": "31.14950", "2017-03-31": "45.14440", "2016-12-31": "46.77240", "2016-09-30": "69.03200", "2016-06-30": "39.28970", "2016-03-31": "46.78760", "2015-12-31": "32.33640", "2015-09-30": "43.35980", "2015-06-30": "37.93700", "2015-03-31": "47.03520", "2014-12-31": "34.47100", "2014-09-30": "55.97840", "2014-06-30": "41.61300", "2014-03-31": "25.85020", "2013-12-31": "22.37850", "2013-09-30": "-4.09780", "2013-06-30": "0.08830", "2013-03-31": "-4.90050", "2012-12-31": "23.44530", "2012-09-30": "31.53480", "2012-06-30": "22.93060", "2012-03-31": "21.81590", "2011-12-31": "15.30140", "2011-09-30": "18.19720", "2011-06-30": "14.95620", "2011-03-31": "13.65820", "2010-12-31": "9.11490", "2010-09-30": "11.62100", "2010-06-30": "13.20770", "2010-03-31": "9.37580", "2009-12-31": "-0.64440", "2009-09-30": "12.90250", "2009-06-30": "6.15240", "2009-03-31": "20.56710", "2008-12-31": "-21.23160", "2008-09-30": "21.35610", "2008-06-30": "22.82250", "2008-03-31": "21.42110", "2007-12-31": "54.80410", "2007-09-30": "23.24510", "2007-06-30": "24.26570", "2007-03-31": "23.43660", "2006-12-31": "20.40460", "2006-09-30": "22.30540", "2006-06-30": "19.45630", "2006-03-31": "25.47400", "2005-12-31": "7.35060", "2005-09-30": "15.77770", "2005-06-30": "18.13560", "2005-03-31": "17.12230"}, "Net Profit Margin": {"2020-09-30": "26.03140", "2020-06-30": "29.63680", "2020-03-31": "27.91830", "2019-12-31": "27.89700", "2019-09-30": "47.59540", "2019-06-30": "29.15150", "2019-03-31": "30.09020", "2018-12-31": "66.18500", "2018-09-30": "33.41880", "2018-06-30": "44.73730", "2018-03-31": "25.25770", "2017-12-31": "42.34000", "2017-09-30": "43.27850", "2017-06-30": "31.14440", "2017-03-31": "45.15860", "2016-12-31": "46.74200", "2016-09-30": "69.04000", "2016-06-30": "39.30740", "2016-03-31": "46.79090", "2015-12-31": "32.32410", "2015-09-30": "43.36550", "2015-06-30": "37.66980", "2015-03-31": "47.05230", "2014-12-31": "32.37050", "2014-09-30": "56.00140", "2014-06-30": "38.20290", "2014-03-31": "35.42810", "2013-12-31": "63.98570", "2013-09-30": "-2.75320", "2013-06-30": "9.57620", "2013-03-31": "25.02910", "2012-12-31": "50.80700", "2012-09-30": "33.23270", "2012-06-30": "62.15570", "2012-03-31": "23.47580", "2011-12-31": "168.04800", "2011-09-30": "18.39170", "2011-06-30": "18.41110", "2011-03-31": "13.27660", "2010-12-31": "14.62000", "2010-09-30": "10.93020", "2010-06-30": "23.20260", "2010-03-31": "33.66130", "2009-12-31": "16.79410", "2009-09-30": "27.04300", "2009-06-30": "8.32660", "2009-03-31": "22.61210", "2008-12-31": "-0.98740", "2008-09-30": "107.43580", "2008-06-30": "59.26340", "2008-03-31": "22.66460", "2007-12-31": "85.45230", "2007-09-30": "64.41390", "2007-06-30": "25.60020", "2007-03-31": "23.51090", "2006-12-31": "31.58290", "2006-09-30": "21.74730", "2006-06-30": "36.20170", "2006-03-31": "62.19440", "2005-12-31": "52.05500", "2005-09-30": "56.75840", "2005-06-30": "33.04280", "2005-03-31": "42.15240"}, "Asset Turnover": {"2020-09-30": "0.02960", "2020-06-30": "0.02980", "2020-03-31": "0.03020", "2019-12-31": "0.03100", "2019-09-30": "0.03080", "2019-06-30": "0.03050", "2019-03-31": "0.03040", "2018-12-31": "0.03150", "2018-09-30": "0.03090", "2018-06-30": "0.03050", "2018-03-31": "0.03010", "2017-12-31": "0.03020", "2017-09-30": "0.03030", "2017-06-30": "0.02960", "2017-03-31": "0.02910", "2016-12-31": "0.02900", "2016-09-30": "0.02930", "2016-06-30": "0.02890", "2016-03-31": "0.02980", "2015-12-31": "0.02840", "2015-09-30": "0.02830", "2015-06-30": "0.02800", "2015-03-31": "0.02720", "2014-12-31": "0.02730", "2014-09-30": "0.02710", "2014-06-30": "0.02640", "2014-03-31": "0.02570", "2013-12-31": "0.02570", "2013-09-30": "0.02570", "2013-06-30": "0.02530", "2013-03-31": "0.01980", "2012-12-31": "0.02160", "2012-09-30": "0.02910", "2012-06-30": "0.03000", "2012-03-31": "0.02990", "2011-12-31": "0.02270", "2011-09-30": "0.02870", "2011-06-30": "0.02970", "2011-03-31": "0.02900", "2010-12-31": "0.02320", "2010-09-30": "0.02940", "2010-06-30": "0.02860", "2010-03-31": "0.02870", "2009-12-31": "0.02590", "2009-09-30": "0.02710", "2009-06-30": "0.02800", "2009-03-31": "0.02880", "2008-12-31": "0.02550", "2008-09-30": "0.03040", "2008-06-30": "0.03050", "2008-03-31": "0.02870", "2007-12-31": "0.02250", "2007-09-30": "0.02960", "2007-06-30": "0.02920", "2007-03-31": "0.02940", "2006-12-31": "0.02390", "2006-09-30": "0.03280", "2006-06-30": "0.03400", "2006-03-31": "0.03390", "2005-12-31": "0.03070", "2005-09-30": "0.03330", "2005-06-30": "0.03240", "2005-03-31": "0.03160"}, "Inventory Turnover Ratio": {"2020-09-30": "", "2020-06-30": "", "2020-03-31": "", "2019-12-31": "", "2019-09-30": "", "2019-06-30": "", "2019-03-31": "", "2018-12-31": "", "2018-09-30": "", "2018-06-30": "", "2018-03-31": "", "2017-12-31": "", "2017-09-30": "", "2017-06-30": "", "2017-03-31": "", "2016-12-31": "", "2016-09-30": "", "2016-06-30": "", "2016-03-31": "", "2015-12-31": "", "2015-09-30": "", "2015-06-30": "", "2015-03-31": "", "2014-12-31": "", "2014-09-30": "", "2014-06-30": "", "2014-03-31": "", "2013-12-31": "", "2013-09-30": "", "2013-06-30": "", "2013-03-31": "", "2012-12-31": "", "2012-09-30": "", "2012-06-30": "", "2012-03-31": "", "2011-12-31": "", "2011-09-30": "", "2011-06-30": "", "2011-03-31": "", "2010-12-31": "", "2010-09-30": "", "2010-06-30": "", "2010-03-31": "", "2009-12-31": "", "2009-09-30": "", "2009-06-30": "", "2009-03-31": "", "2008-12-31": "", "2008-09-30": "", "2008-06-30": "", "2008-03-31": "", "2007-12-31": "", "2007-09-30": "", "2007-06-30": "", "2007-03-31": "", "2006-12-31": "", "2006-09-30": "", "2006-06-30": "", "2006-03-31": "", "2005-12-31": "", "2005-09-30": "", "2005-06-30": "", "2005-03-31": ""}, "Receiveable Turnover": {"2020-09-30": "", "2020-06-30": "", "2020-03-31": "", "2019-12-31": "", "2019-09-30": "", "2019-06-30": "", "2019-03-31": "", "2018-12-31": "", "2018-09-30": "", "2018-06-30": "", "2018-03-31": "", "2017-12-31": "", "2017-09-30": "", "2017-06-30": "", "2017-03-31": "", "2016-12-31": "", "2016-09-30": "", "2016-06-30": "", "2016-03-31": "", "2015-12-31": "", "2015-09-30": "", "2015-06-30": "", "2015-03-31": "", "2014-12-31": "", "2014-09-30": "", "2014-06-30": "", "2014-03-31": "", "2013-12-31": "", "2013-09-30": "", "2013-06-30": "", "2013-03-31": "", "2012-12-31": "", "2012-09-30": "", "2012-06-30": "", "2012-03-31": "", "2011-12-31": "", "2011-09-30": "", "2011-06-30": "", "2011-03-31": "", "2010-12-31": "", "2010-09-30": "", "2010-06-30": "", "2010-03-31": "", "2009-12-31": "", "2009-09-30": "", "2009-06-30": "", "2009-03-31": "", "2008-12-31": "", "2008-09-30": "", "2008-06-30": "", "2008-03-31": "", "2007-12-31": "", "2007-09-30": "", "2007-06-30": "", "2007-03-31": "", "2006-12-31": "", "2006-09-30": "", "2006-06-30": "", "2006-03-31": "", "2005-12-31": "", "2005-09-30": "", "2005-06-30": "", "2005-03-31": ""}, "Days Sales In Receivables": {"2020-09-30": "", "2020-06-30": "", "2020-03-31": "", "2019-12-31": "", "2019-09-30": "", "2019-06-30": "", "2019-03-31": "", "2018-12-31": "", "2018-09-30": "", "2018-06-30": "", "2018-03-31": "", "2017-12-31": "", "2017-09-30": "", "2017-06-30": "", "2017-03-31": "", "2016-12-31": "", "2016-09-30": "", "2016-06-30": "", "2016-03-31": "", "2015-12-31": "", "2015-09-30": "", "2015-06-30": "", "2015-03-31": "", "2014-12-31": "", "2014-09-30": "", "2014-06-30": "", "2014-03-31": "", "2013-12-31": "", "2013-09-30": "", "2013-06-30": "", "2013-03-31": "", "2012-12-31": "", "2012-09-30": "", "2012-06-30": "", "2012-03-31": "", "2011-12-31": "", "2011-09-30": "", "2011-06-30": "", "2011-03-31": "", "2010-12-31": "", "2010-09-30": "", "2010-06-30": "", "2010-03-31": "", "2009-12-31": "", "2009-09-30": "", "2009-06-30": "", "2009-03-31": "", "2008-12-31": "", "2008-09-30": "", "2008-06-30": "", "2008-03-31": "", "2007-12-31": "", "2007-09-30": "", "2007-06-30": "", "2007-03-31": "", "2006-12-31": "", "2006-09-30": "", "2006-06-30": "", "2006-03-31": "", "2005-12-31": "", "2005-09-30": "", "2005-06-30": "", "2005-03-31": ""}, "ROE - Return On Equity": {"2020-09-30": "1.38440", "2020-06-30": "1.57180", "2020-03-31": "1.53960", "2019-12-31": "1.52560", "2019-09-30": "2.58630", "2019-06-30": "1.56560", "2019-03-31": "1.58760", "2018-12-31": "3.62690", "2018-09-30": "1.85050", "2018-06-30": "2.44800", "2018-03-31": "1.37000", "2017-12-31": "2.28610", "2017-09-30": "2.30500", "2017-06-30": "1.60660", "2017-03-31": "2.29660", "2016-12-31": "2.38100", "2016-09-30": "3.55030", "2016-06-30": "2.00190", "2016-03-31": "2.41580", "2015-12-31": "1.57870", "2015-09-30": "2.09650", "2015-06-30": "1.87020", "2015-03-31": "2.28690", "2014-12-31": "1.57550", "2014-09-30": "2.66440", "2014-06-30": "1.95200", "2014-03-31": "1.20160", "2013-12-31": "1.02570", "2013-09-30": "-0.18820", "2013-06-30": "0.00390", "2013-03-31": "-0.17060", "2012-12-31": "0.82540", "2012-09-30": "1.74560", "2012-06-30": "1.26330", "2012-03-31": "1.22260", "2011-12-31": "0.66830", "2011-09-30": "1.06710", "2011-06-30": "1.01270", "2011-03-31": "0.91240", "2010-12-31": "0.49890", "2010-09-30": "0.79340", "2010-06-30": "0.87260", "2010-03-31": "0.64420", "2009-12-31": "-0.04080", "2009-09-30": "0.90010", "2009-06-30": "0.43670", "2009-03-31": "1.41830", "2008-12-31": "-1.33250", "2008-09-30": "1.43270", "2008-06-30": "1.58680", "2008-03-31": "1.47180", "2007-12-31": "2.74720", "2007-09-30": "1.47350", "2007-06-30": "1.47090", "2007-03-31": "1.39840", "2006-12-31": "1.10820", "2006-09-30": "1.55430", "2006-06-30": "1.31930", "2006-03-31": "1.70010", "2005-12-31": "0.45920", "2005-09-30": "1.08200", "2005-06-30": "1.23510", "2005-03-31": "1.13540"}, "Return On Tangible Equity": {"2020-09-30": "1.38440", "2020-06-30": "1.57180", "2020-03-31": "1.53960", "2019-12-31": "1.52560", "2019-09-30": "2.58630", "2019-06-30": "1.56560", "2019-03-31": "1.58760", "2018-12-31": "3.62690", "2018-09-30": "1.85050", "2018-06-30": "2.44800", "2018-03-31": "1.37000", "2017-12-31": "2.28610", "2017-09-30": "2.30500", "2017-06-30": "1.60660", "2017-03-31": "2.29660", "2016-12-31": "2.38100", "2016-09-30": "3.55030", "2016-06-30": "2.00190", "2016-03-31": "2.41580", "2015-12-31": "1.57870", "2015-09-30": "2.09650", "2015-06-30": "1.87020", "2015-03-31": "2.28690", "2014-12-31": "1.57550", "2014-09-30": "2.66440", "2014-06-30": "1.95200", "2014-03-31": "1.20160", "2013-12-31": "1.02570", "2013-09-30": "-0.18820", "2013-06-30": "0.00390", "2013-03-31": "-0.17060", "2012-12-31": "0.82540", "2012-09-30": "1.74560", "2012-06-30": "1.26330", "2012-03-31": "1.22260", "2011-12-31": "0.66830", "2011-09-30": "1.06710", "2011-06-30": "1.01270", "2011-03-31": "0.91240", "2010-12-31": "0.49890", "2010-09-30": "0.79340", "2010-06-30": "0.87260", "2010-03-31": "0.64420", "2009-12-31": "-0.04080", "2009-09-30": "0.90010", "2009-06-30": "0.43670", "2009-03-31": "1.41830", "2008-12-31": "-1.33250", "2008-09-30": "1.43270", "2008-06-30": "1.58680", "2008-03-31": "1.47180", "2007-12-31": "2.74710", "2007-09-30": "1.47350", "2007-06-30": "1.47090", "2007-03-31": "1.39840", "2006-12-31": "1.10820", "2006-09-30": "1.55430", "2006-06-30": "1.31930", "2006-03-31": "1.70010", "2005-12-31": "0.45910", "2005-09-30": "1.08200", "2005-06-30": "1.23510", "2005-03-31": "1.13530"}, "ROA - Return On Assets": {"2020-09-30": "0.77160", "2020-06-30": "0.88300", "2020-03-31": "0.84460", "2019-12-31": "0.87690", "2019-09-30": "1.46750", "2019-06-30": "0.88900", "2019-03-31": "0.91430", "2018-12-31": "2.09810", "2018-09-30": "1.03100", "2018-06-30": "1.36330", "2018-03-31": "0.75930", "2017-12-31": "1.28960", "2017-09-30": "1.31040", "2017-06-30": "0.92060", "2017-03-31": "1.31150", "2016-12-31": "1.35550", "2016-09-30": "2.02590", "2016-06-30": "1.13430", "2016-03-31": "1.39570", "2015-12-31": "0.91750", "2015-09-30": "1.22800", "2015-06-30": "1.05540", "2015-03-31": "1.27920", "2014-12-31": "0.88310", "2014-09-30": "1.51750", "2014-06-30": "1.09970", "2014-03-31": "0.66420", "2013-12-31": "0.57550", "2013-09-30": "-0.10530", "2013-06-30": "0.00220", "2013-03-31": "-0.09720", "2012-12-31": "0.50590", "2012-09-30": "0.91880", "2012-06-30": "0.68810", "2012-03-31": "0.65130", "2011-12-31": "0.34680", "2011-09-30": "0.52250", "2011-06-30": "0.44360", "2011-03-31": "0.39600", "2010-12-31": "0.21150", "2010-09-30": "0.34160", "2010-06-30": "0.37770", "2010-03-31": "0.26900", "2009-12-31": "-0.01670", "2009-09-30": "0.34920", "2009-06-30": "0.17240", "2009-03-31": "0.59310", "2008-12-31": "-0.54160", "2008-09-30": "0.64870", "2008-06-30": "0.69630", "2008-03-31": "0.61430", "2007-12-31": "1.23430", "2007-09-30": "0.68880", "2007-06-30": "0.70810", "2007-03-31": "0.68810", "2006-12-31": "0.48760", "2006-09-30": "0.73260", "2006-06-30": "0.66090", "2006-03-31": "0.86310", "2005-12-31": "0.22590", "2005-09-30": "0.52500", "2005-06-30": "0.58740", "2005-03-31": "0.54080"}, "ROI - Return On Investment": {"2020-09-30": "0.81010", "2020-06-30": "0.92360", "2020-03-31": "0.88410", "2019-12-31": "0.91690", "2019-09-30": "1.53890", "2019-06-30": "0.92970", "2019-03-31": "0.95880", "2018-12-31": "2.18210", "2018-09-30": "1.07310", "2018-06-30": "1.41650", "2018-03-31": "0.78950", "2017-12-31": "1.34040", "2017-09-30": "1.36410", "2017-06-30": "0.95630", "2017-03-31": "1.36510", "2016-12-31": "1.40790", "2016-09-30": "2.11440", "2016-06-30": "1.18220", "2016-03-31": "1.45500", "2015-12-31": "0.95320", "2015-09-30": "1.27710", "2015-06-30": "1.09730", "2015-03-31": "1.32860", "2014-12-31": "0.91740", "2014-09-30": "1.57650", "2014-06-30": "1.14220", "2014-03-31": "0.69000", "2013-12-31": "0.59870", "2013-09-30": "-0.10950", "2013-06-30": "0.00230", "2013-03-31": "-0.10120", "2012-12-31": "0.52810", "2012-09-30": "0.96620", "2012-06-30": "0.72860", "2012-03-31": "0.69070", "2011-12-31": "0.36770", "2011-09-30": "0.55850", "2011-06-30": "0.47200", "2011-03-31": "0.41850", "2010-12-31": "0.22690", "2010-09-30": "0.36150", "2010-06-30": "0.39960", "2010-03-31": "0.28510", "2009-12-31": "-0.01770", "2009-09-30": "0.36920", "2009-06-30": "0.18290", "2009-03-31": "0.63040", "2008-12-31": "-0.59130", "2008-09-30": "0.69300", "2008-06-30": "0.74590", "2008-03-31": "0.65770", "2007-12-31": "1.34440", "2007-09-30": "0.74220", "2007-06-30": "0.76390", "2007-03-31": "0.74060", "2006-12-31": "0.53060", "2006-09-30": "0.77650", "2006-06-30": "0.69950", "2006-03-31": "0.90620", "2005-12-31": "0.23940", "2005-09-30": "0.55110", "2005-06-30": "0.61670", "2005-03-31": "0.56830"}, "Book Value Per Share": {"2020-09-30": "76.30920", "2020-06-30": "77.23870", "2020-03-31": "77.54080", "2019-12-31": "78.14200", "2019-09-30": "77.43860", "2019-06-30": "76.97810", "2019-03-31": "76.99980", "2018-12-31": "76.76530", "2018-09-30": "75.22250", "2018-06-30": "75.23040", "2018-03-31": "74.77950", "2017-12-31": "75.22450", "2017-09-30": "74.83550", "2017-06-30": "74.46550", "2017-03-31": "74.51080", "2016-12-31": "74.06500", "2016-09-30": "73.08670", "2016-06-30": "71.78140", "2016-03-31": "71.78760", "2015-12-31": "71.82760", "2015-09-30": "71.81230", "2015-06-30": "69.31010", "2015-03-31": "68.82150", "2014-12-31": "68.50740", "2014-09-30": "68.52120", "2014-06-30": "67.27320", "2014-03-31": "66.42640", "2013-12-31": "66.44970", "2013-09-30": "65.48020", "2013-06-30": "66.18110", "2013-03-31": "66.92500", "2012-12-31": "59.79560", "2012-09-30": "48.31720", "2012-06-30": "47.44160", "2012-03-31": "46.04810", "2011-12-31": "46.25000", "2011-09-30": "43.74320", "2011-06-30": "39.23320", "2011-03-31": "39.17800", "2010-12-31": "38.59870", "2010-09-30": "38.73870", "2010-06-30": "39.19780", "2010-03-31": "37.91920", "2009-12-31": "37.41160", "2009-09-30": "37.85590", "2009-06-30": "37.41610", "2009-03-31": "38.07460", "2008-12-31": "37.81270", "2008-09-30": "41.63710", "2008-06-30": "39.42720", "2008-03-31": "38.60740", "2007-12-31": "39.14500", "2007-09-30": "39.37100", "2007-06-30": "39.50380", "2007-03-31": "39.69370", "2006-12-31": "34.46130", "2006-09-30": "35.33020", "2006-06-30": "35.49030", "2006-03-31": "35.30400", "2005-12-31": "34.50390", "2005-09-30": "33.87700", "2005-06-30": "33.19380", "2005-03-31": "33.10280"}, "Operating Cash Flow Per Share": {"2020-09-30": 2.3737, "2020-06-30": 2.0414, "2020-03-31": "2.42730", "2019-12-31": 2.2134, "2019-09-30": 2.6894, "2019-06-30": 1.9618, "2019-03-31": "2.60590", "2018-12-31": 2.3197, "2018-09-30": 2.5648, "2018-06-30": 2.2374, "2018-03-31": "2.28670", "2017-12-31": 2.3474, "2017-09-30": 2.5853, "2017-06-30": 1.9856, "2017-03-31": "2.18060", "2016-12-31": 2.1811, "2016-09-30": 2.2347, "2016-06-30": 2.0029, "2016-03-31": "2.02200", "2015-12-31": 2.0884, "2015-09-30": 2.2001, "2015-06-30": 1.9212, "2015-03-31": "1.77490", "2014-12-31": 1.8932, "2014-09-30": 1.7172, "2014-06-30": 1.446, "2014-03-31": "1.69960", "2013-12-31": 2.0546, "2013-09-30": 1.5748, "2013-06-30": 1.3843, "2013-03-31": "0.67760", "2012-12-31": 1.6711, "2012-09-30": 1.5286, "2012-06-30": 1.2162, "2012-03-31": "1.10130", "2011-12-31": 1.535, "2011-09-30": 0.8605, "2011-06-30": 1.4927, "2011-03-31": "0.84160", "2010-12-31": 1.1914, "2010-09-30": 0.6943, "2010-06-30": 1.2015, "2010-03-31": "0.83690", "2009-12-31": 1.2858, "2009-09-30": 1.016, "2009-06-30": 1.2322, "2009-03-31": "1.13820", "2008-12-31": 1.5354, "2008-09-30": 1.648, "2008-06-30": 1.5405, "2008-03-31": "0.25280", "2007-12-31": 2.0267, "2007-09-30": 1.1738, "2007-06-30": 1.2547, "2007-03-31": "1.24090", "2006-12-31": 1.3548, "2006-09-30": 0.8427, "2006-06-30": 1.4732, "2006-03-31": "0.98170", "2005-12-31": 1.2647, "2005-09-30": 0.8909, "2005-06-30": 1.0275, "2005-03-31": "0.91340"}, "Free Cash Flow Per Share": {"2020-09-30": 1.2248, "2020-06-30": 1.3995, "2020-03-31": "0.81980", "2019-12-31": -0.9336, "2019-09-30": 1.5752, "2019-06-30": -0.0173, "2019-03-31": "0.31020", "2018-12-31": 1.3234, "2018-09-30": 1.119, "2018-06-30": 2.0458, "2018-03-31": "-0.01270", "2017-12-31": -0.0611, "2017-09-30": -0.5055, "2017-06-30": 0.9464, "2017-03-31": "1.38050", "2016-12-31": 0.5247, "2016-09-30": 0.5056, "2016-06-30": -0.0783, "2016-03-31": "-0.76430", "2015-12-31": 0.1172, "2015-09-30": 0.0662, "2015-06-30": -0.387, "2015-03-31": "-1.79030", "2014-12-31": -0.651, "2014-09-30": -0.7242, "2014-06-30": 0.3095, "2014-03-31": "-0.13480", "2013-12-31": 1.9921, "2013-09-30": -0.9952, "2013-06-30": -0.2842, "2013-03-31": "-4.70280", "2012-12-31": -2.7061, "2012-09-30": -1.5426, "2012-06-30": 0.8705, "2012-03-31": "-0.67000", "2011-12-31": 1.927, "2011-09-30": -0.7678, "2011-06-30": -0.6341, "2011-03-31": "-0.49870", "2010-12-31": 0.0017, "2010-09-30": -0.4909, "2010-06-30": 1.0617, "2010-03-31": "0.36180", "2009-12-31": 1.2744, "2009-09-30": 0.1983, "2009-06-30": -0.8134, "2009-03-31": "-0.73500", "2008-12-31": -1.3966, "2008-09-30": 3.3143, "2008-06-30": 0.718, "2008-03-31": "-2.46120", "2007-12-31": 0.211, "2007-09-30": -0.9398, "2007-06-30": -2.2544, "2007-03-31": "-2.34810", "2006-12-31": -2.6555, "2006-09-30": -1.5092, "2006-06-30": -0.3727, "2006-03-31": "1.77960", "2005-12-31": 0.8957, "2005-09-30": 1.6807, "2005-06-30": 0.2698, "2005-03-31": "1.38290"}}, "revenue": {"AvalonBay Communities Annual Revenue (Millions of US $)": {"2020": "$2,301", "2019": "$2,325", "2018": "$2,285", "2017": "$2,159", "2016": "$2,045", "2015": "$1,856", "2014": "$1,685", "2013": "$1,463", "2012": "$1,001", "2011": "$900", "2010": "$843", "2009": "$830", "2008": "$814", "2007": "$728", "2006": "$678", "2005": "$655"}, "AvalonBay Communities Quarterly Revenue (Millions of US $)": {"2020-12-31": "$556", "2020-09-30": "$567", "2020-06-30": "$576", "2020-03-31": "$602", "2019-12-31": "$594", "2019-09-30": "$588", "2019-06-30": "$577", "2019-03-31": "$566", "2018-12-31": "$579", "2018-09-30": "$576", "2018-06-30": "$569", "2018-03-31": "$561", "2017-12-31": "$555", "2017-09-30": "$551", "2017-06-30": "$531", "2017-03-31": "$522", "2016-12-31": "$518", "2016-09-30": "$516", "2016-06-30": "$502", "2016-03-31": "$508", "2015-12-31": "$481", "2015-09-30": "$475", "2015-06-30": "$457", "2015-03-31": "$442", "2014-12-31": "$441", "2014-09-30": "$431", "2014-06-30": "$414", "2014-03-31": "$400", "2013-12-31": "$394", "2013-09-30": "$389", "2013-06-30": "$378", "2013-03-31": "$301", "2012-12-31": "$241", "2012-09-30": "$261", "2012-06-30": "$252", "2012-03-31": "$246", "2011-12-31": "$192", "2011-09-30": "$244", "2011-06-30": "$236", "2011-03-31": "$229", "2010-12-31": "$181", "2010-09-30": "$226", "2010-06-30": "$220", "2010-03-31": "$215", "2009-12-31": "$193", "2009-09-30": "$215", "2009-06-30": "$212", "2009-03-31": "$210", "2008-12-31": "$183", "2008-09-30": "$215", "2008-06-30": "$211", "2008-03-31": "$204", "2007-12-31": "$152", "2007-09-30": "$197", "2007-06-30": "$191", "2007-03-31": "$189", "2006-12-31": "$140", "2006-09-30": "$184", "2006-06-30": "$179", "2006-03-31": "$175", "2005-12-31": "$159", "2005-09-30": "$171", "2005-06-30": "$166", "2005-03-31": "$160"}}, "gross-profit": {"AvalonBay Communities Annual Gross Profit (Millions of US $)": {"2020": "$1,478", "2019": "$1,557", "2018": "$1,518", "2017": "$1,436", "2016": "$1,362", "2015": "$1,214", "2014": "$1,096", "2013": "$952", "2012": "$644", "2011": "$564", "2010": "$509", "2009": "$502", "2008": "$492", "2007": "$438", "2006": "$409", "2005": "$393"}, "AvalonBay Communities Quarterly Gross Profit (Millions of US $)": {"2020-12-31": "$343", "2020-09-30": "$355", "2020-06-30": "$378", "2020-03-31": "$403", "2019-12-31": "$403", "2019-09-30": "$390", "2019-06-30": "$382", "2019-03-31": "$381", "2018-12-31": "$387", "2018-09-30": "$383", "2018-06-30": "$378", "2018-03-31": "$370", "2017-12-31": "$377", "2017-09-30": "$363", "2017-06-30": "$350", "2017-03-31": "$346", "2016-12-31": "$349", "2016-09-30": "$339", "2016-06-30": "$332", "2016-03-31": "$342", "2015-12-31": "$323", "2015-09-30": "$309", "2015-06-30": "$299", "2015-03-31": "$282", "2014-12-31": "$288", "2014-09-30": "$280", "2014-06-30": "$270", "2014-03-31": "$257", "2013-12-31": "$255", "2013-09-30": "$250", "2013-06-30": "$249", "2013-03-31": "$198", "2012-12-31": "$156", "2012-09-30": "$168", "2012-06-30": "$161", "2012-03-31": "$158", "2011-12-31": "$124", "2011-09-30": "$152", "2011-06-30": "$148", "2011-03-31": "$141", "2010-12-31": "$114", "2010-09-30": "$136", "2010-06-30": "$131", "2010-03-31": "$127", "2009-12-31": "$123", "2009-09-30": "$127", "2009-06-30": "$126", "2009-03-31": "$126", "2008-12-31": "$103", "2008-09-30": "$132", "2008-06-30": "$131", "2008-03-31": "$125", "2007-12-31": "$85", "2007-09-30": "$120", "2007-06-30": "$117", "2007-03-31": "$116", "2006-12-31": "$82", "2006-09-30": "$112", "2006-06-30": "$109", "2006-03-31": "$107", "2005-12-31": "$87", "2005-09-30": "$103", "2005-06-30": "$103", "2005-03-31": "$99"}}, "operating-income": {"AvalonBay Communities Annual Operating Income (Millions of US $)": {"2020": "$701", "2019": "$628", "2018": "$585", "2017": "$571", "2016": "$580", "2015": "$537", "2014": "$434", "2013": "$69", "2012": "$216", "2011": "$138", "2010": "$91", "2009": "$98", "2008": "$152", "2007": "$160", "2006": "$129", "2005": "$86"}, "AvalonBay Communities Quarterly Operating Income (Millions of US $)": {"2020-12-31": "$151", "2020-09-30": "$112", "2020-06-30": "$132", "2020-03-31": "$139", "2019-12-31": "$163", "2019-09-30": "$160", "2019-06-30": "$148", "2019-03-31": "$157", "2018-12-31": "$142", "2018-09-30": "$155", "2018-06-30": "$148", "2018-03-31": "$140", "2017-12-31": "$150", "2017-09-30": "$158", "2017-06-30": "$120", "2017-03-31": "$143", "2016-12-31": "$143", "2016-09-30": "$144", "2016-06-30": "$137", "2016-03-31": "$156", "2015-12-31": "$145", "2015-09-30": "$151", "2015-06-30": "$133", "2015-03-31": "$108", "2014-12-31": "$122", "2014-09-30": "$110", "2014-06-30": "$104", "2014-03-31": "$98", "2013-12-31": "$43", "2013-09-30": "$-19", "2013-06-30": "$1", "2013-03-31": "$44", "2012-12-31": "$45", "2012-09-30": "$63", "2012-06-30": "$56", "2012-03-31": "$52", "2011-12-31": "$31", "2011-09-30": "$42", "2011-06-30": "$35", "2011-03-31": "$31", "2010-12-31": "$16", "2010-09-30": "$27", "2010-06-30": "$29", "2010-03-31": "$20", "2009-12-31": "$-2", "2009-09-30": "$27", "2009-06-30": "$33", "2009-03-31": "$40", "2008-12-31": "$19", "2008-09-30": "$46", "2008-06-30": "$44", "2008-03-31": "$44", "2007-12-31": "$22", "2007-09-30": "$46", "2007-06-30": "$47", "2007-03-31": "$44", "2006-12-31": "$22", "2006-09-30": "$40", "2006-06-30": "$35", "2006-03-31": "$31", "2005-12-31": "$12", "2005-09-30": "$27", "2005-06-30": "$26", "2005-03-31": "$21"}}, "ebitda": {"AvalonBay Communities Annual EBITDA (Millions of US $)": {"2019": "$1,324", "2018": "$1,246", "2017": "$1,174", "2016": "$1,116", "2015": "$1,013", "2014": "$862", "2013": "$621", "2012": "$475", "2011": "$378", "2010": "$326", "2009": "$316", "2008": "$353", "2007": "$337", "2006": "$292", "2005": "$251"}, "AvalonBay Communities Quarterly EBITDA (Millions of US $)": {"2020-09-30": "$295", "2020-06-30": "$317", "2020-03-31": "$325", "2019-12-31": "$341", "2019-09-30": "$335", "2019-06-30": "$322", "2019-03-31": "$327", "2018-12-31": "$308", "2018-09-30": "$319", "2018-06-30": "$313", "2018-03-31": "$305", "2017-12-31": "$313", "2017-09-30": "$309", "2017-06-30": "$267", "2017-03-31": "$285", "2016-12-31": "$283", "2016-09-30": "$276", "2016-06-30": "$272", "2016-03-31": "$285", "2015-12-31": "$268", "2015-09-30": "$272", "2015-06-30": "$251", "2015-03-31": "$222", "2014-12-31": "$233", "2014-09-30": "$219", "2014-06-30": "$209", "2014-03-31": "$201", "2013-12-31": "$147", "2013-09-30": "$138", "2013-06-30": "$186", "2013-03-31": "$150", "2012-12-31": "$108", "2012-09-30": "$128", "2012-06-30": "$123", "2012-03-31": "$117", "2011-12-31": "$79", "2011-09-30": "$106", "2011-06-30": "$98", "2011-03-31": "$94", "2010-12-31": "$70", "2010-09-30": "$86", "2010-06-30": "$89", "2010-03-31": "$80", "2009-12-31": "$52", "2009-09-30": "$83", "2009-06-30": "$87", "2009-03-31": "$94", "2008-12-31": "$64", "2008-09-30": "$99", "2008-06-30": "$98", "2008-03-31": "$94", "2007-12-31": "$64", "2007-09-30": "$91", "2007-06-30": "$88", "2007-03-31": "$93", "2006-12-31": "$53", "2006-09-30": "$165", "2006-06-30": "$-3", "2006-03-31": "$78", "2005-12-31": "$167", "2005-09-30": "$30", "2005-06-30": "$29", "2005-03-31": "$25"}}, "net-income": {"AvalonBay Communities Annual Net Income (Millions of US $)": {"2020": "$828", "2019": "$784", "2018": "$972", "2017": "$874", "2016": "$1,034", "2015": "$742", "2014": "$684", "2013": "$353", "2012": "$424", "2011": "$442", "2010": "$175", "2009": "$156", "2008": "$401", "2007": "$349", "2006": "$258", "2005": "$302"}, "AvalonBay Communities Quarterly Net Income (Millions of US $)": {"2020-12-31": "$341", "2020-09-30": "$148", "2020-06-30": "$171", "2020-03-31": "$168", "2019-12-31": "$166", "2019-09-30": "$280", "2019-06-30": "$168", "2019-03-31": "$170", "2018-12-31": "$383", "2018-09-30": "$192", "2018-06-30": "$255", "2018-03-31": "$142", "2017-12-31": "$235", "2017-09-30": "$238", "2017-06-30": "$165", "2017-03-31": "$236", "2016-12-31": "$242", "2016-09-30": "$356", "2016-06-30": "$197", "2016-03-31": "$238", "2015-12-31": "$155", "2015-09-30": "$206", "2015-06-30": "$172", "2015-03-31": "$208", "2014-12-31": "$143", "2014-09-30": "$241", "2014-06-30": "$158", "2014-03-31": "$142", "2013-12-31": "$252", "2013-09-30": "$-11", "2013-06-30": "$36", "2013-03-31": "$75", "2012-12-31": "$122", "2012-09-30": "$87", "2012-06-30": "$157", "2012-03-31": "$58", "2011-12-31": "$323", "2011-09-30": "$45", "2011-06-30": "$43", "2011-03-31": "$30", "2010-12-31": "$27", "2010-09-30": "$25", "2010-06-30": "$51", "2010-03-31": "$73", "2009-12-31": "$32", "2009-09-30": "$58", "2009-06-30": "$18", "2009-03-31": "$47", "2008-12-31": "$-2", "2008-09-30": "$231", "2008-06-30": "$125", "2008-03-31": "$46", "2007-12-31": "$130", "2007-09-30": "$127", "2007-06-30": "$49", "2007-03-31": "$44", "2006-12-31": "$44", "2006-09-30": "$40", "2006-06-30": "$65", "2006-03-31": "$109", "2005-12-31": "$83", "2005-09-30": "$97", "2005-06-30": "$55", "2005-03-31": "$67"}}, "eps-earnings-per-share-diluted": {"AvalonBay Communities Annual EPS": {"2020": "$5.89", "2019": "$5.63", "2018": "$7.05", "2017": "$6.35", "2016": "$7.52", "2015": "$5.51", "2014": "$5.21", "2013": "$2.78", "2012": "$4.32", "2011": "$4.87", "2010": "$2.07", "2009": "$1.93", "2008": "$5.17", "2007": "$4.38", "2006": "$3.42", "2005": "$4.05"}, "AvalonBay Communities Quarterly EPS": {"2020-12-31": "$2.44", "2020-09-30": "$1.05", "2020-06-30": "$1.21", "2020-03-31": "$1.19", "2019-12-31": "$1.19", "2019-09-30": "$2.00", "2019-06-30": "$1.21", "2019-03-31": "$1.23", "2018-12-31": "$2.79", "2018-09-30": "$1.39", "2018-06-30": "$1.84", "2018-03-31": "$1.03", "2017-12-31": "$1.71", "2017-09-30": "$1.72", "2017-06-30": "$1.20", "2017-03-31": "$1.72", "2016-12-31": "$1.76", "2016-09-30": "$2.59", "2016-06-30": "$1.44", "2016-03-31": "$1.73", "2015-12-31": "$1.13", "2015-09-30": "$1.53", "2015-06-30": "$1.29", "2015-03-31": "$1.56", "2014-12-31": "$1.08", "2014-09-30": "$1.83", "2014-06-30": "$1.21", "2014-03-31": "$1.09", "2013-12-31": "$1.95", "2013-09-30": "$-0.08", "2013-06-30": "$0.28", "2013-03-31": "$0.63", "2012-12-31": "$1.20", "2012-09-30": "$0.89", "2012-06-30": "$1.63", "2012-03-31": "$0.60", "2011-12-31": "$3.54", "2011-09-30": "$0.49", "2011-06-30": "$0.49", "2011-03-31": "$0.35", "2010-12-31": "$0.29", "2010-09-30": "$0.29", "2010-06-30": "$0.61", "2010-03-31": "$0.88", "2009-12-31": "$0.40", "2009-09-30": "$0.72", "2009-06-30": "$0.22", "2009-03-31": "$0.59", "2008-12-31": "$-0.02", "2008-09-30": "$2.98", "2008-06-30": "$1.61", "2008-03-31": "$0.60", "2007-12-31": "$1.63", "2007-09-30": "$1.58", "2007-06-30": "$0.61", "2007-03-31": "$0.56", "2006-12-31": "$0.58", "2006-09-30": "$0.53", "2006-06-30": "$0.86", "2006-03-31": "$1.45", "2005-12-31": "$1.09", "2005-09-30": "$1.30", "2005-06-30": "$0.74", "2005-03-31": "$0.92"}}, "shares-outstanding": {"AvalonBay Communities Annual Shares Outstanding (Millions of Shares)": {"2020": "140", "2019": "140", "2018": "138", "2017": "138", "2016": "137", "2015": "135", "2014": "131", "2013": "127", "2012": "98", "2011": "91", "2010": "85", "2009": "81", "2008": "78", "2007": "80", "2006": "76", "2005": "75"}, "AvalonBay Communities Quarterly Shares Outstanding (Millions of Shares)": {"2020-12-31": "140", "2020-09-30": "141", "2020-06-30": "141", "2020-03-31": "141", "2019-12-31": "140", "2019-09-30": "140", "2019-06-30": "140", "2019-03-31": "139", "2018-12-31": "138", "2018-09-30": "138", "2018-06-30": "138", "2018-03-31": "138", "2017-12-31": "138", "2017-09-30": "138", "2017-06-30": "138", "2017-03-31": "138", "2016-12-31": "137", "2016-09-30": "138", "2016-06-30": "137", "2016-03-31": "137", "2015-12-31": "135", "2015-09-30": "135", "2015-06-30": "133", "2015-03-31": "133", "2014-12-31": "131", "2014-09-30": "132", "2014-06-30": "130", "2014-03-31": "130", "2013-12-31": "127", "2013-09-30": "129", "2013-06-30": "130", "2013-03-31": "120", "2012-12-31": "98", "2012-09-30": "98", "2012-06-30": "96", "2012-03-31": "96", "2011-12-31": "91", "2011-09-30": "92", "2011-06-30": "88", "2011-03-31": "87", "2010-12-31": "85", "2010-09-30": "86", "2010-06-30": "84", "2010-03-31": "82", "2009-12-31": "81", "2009-09-30": "81", "2009-06-30": "80", "2009-03-31": "80", "2008-12-31": "78", "2008-09-30": "78", "2008-06-30": "78", "2008-03-31": "77", "2007-12-31": "80", "2007-09-30": "80", "2007-06-30": "81", "2007-03-31": "80", "2006-12-31": "76", "2006-09-30": "76", "2006-06-30": "75", "2006-03-31": "75", "2005-12-31": "75", "2005-09-30": "75", "2005-06-30": "75", "2005-03-31": "74"}}, "total-assets": {"AvalonBay Communities Annual Total Assets (Millions of US $)": {"2019": "$19,121", "2018": "$18,380", "2017": "$18,415", "2016": "$17,867", "2015": "$16,931", "2014": "$16,141", "2013": "$15,328", "2012": "$11,160", "2011": "$8,482", "2010": "$7,821", "2009": "$7,458", "2008": "$7,174", "2007": "$6,736", "2006": "$5,849", "2005": "$5,165"}, "AvalonBay Communities Quarterly Total Assets (Millions of US $)": {"2020-09-30": "$19,145", "2020-06-30": "$19,351", "2020-03-31": "$19,891", "2019-12-31": "$19,121", "2019-09-30": "$19,060", "2019-06-30": "$18,933", "2019-03-31": "$18,640", "2018-12-31": "$18,380", "2018-09-30": "$18,662", "2018-06-30": "$18,671", "2018-03-31": "$18,646", "2017-12-31": "$18,415", "2017-09-30": "$18,178", "2017-06-30": "$17,944", "2017-03-31": "$17,978", "2016-12-31": "$17,867", "2016-09-30": "$17,589", "2016-06-30": "$17,395", "2016-03-31": "$17,043", "2015-12-31": "$16,931", "2015-09-30": "$16,782", "2015-06-30": "$16,320", "2015-03-31": "$16,264", "2014-12-31": "$16,141", "2014-09-30": "$15,881", "2014-06-30": "$15,658", "2014-03-31": "$15,570", "2013-12-31": "$15,328", "2013-09-30": "$15,145", "2013-06-30": "$14,972", "2013-03-31": "$15,187", "2012-12-31": "$11,160", "2012-09-30": "$8,969", "2012-06-30": "$8,412", "2012-03-31": "$8,241", "2011-12-31": "$8,482", "2011-09-30": "$8,489", "2011-06-30": "$7,943", "2011-03-31": "$7,882", "2010-12-31": "$7,821", "2010-09-30": "$7,674", "2010-06-30": "$7,705", "2010-03-31": "$7,508", "2009-12-31": "$7,458", "2009-09-30": "$7,946", "2009-06-30": "$7,574", "2009-03-31": "$7,273", "2008-12-31": "$7,174", "2008-09-30": "$7,091", "2008-06-30": "$6,922", "2008-03-31": "$7,120", "2007-12-31": "$6,736", "2007-09-30": "$6,633", "2007-06-30": "$6,543", "2007-03-31": "$6,424", "2006-12-31": "$5,849", "2006-09-30": "$5,591", "2006-06-30": "$5,272", "2006-03-31": "$5,169", "2005-12-31": "$5,165", "2005-09-30": "$5,133", "2005-06-30": "$5,115", "2005-03-31": "$5,065"}}, "cash-on-hand": {"AvalonBay Communities Annual Cash on Hand (Millions of US $)": {"2019": "$128", "2018": "$218", "2017": "$202", "2016": "$330", "2015": "$505", "2014": "$605", "2013": "$380", "2012": "$2,784", "2011": "$690", "2010": "$478", "2009": "$316", "2008": "$258", "2007": "$209", "2006": "$144", "2005": "$54"}, "AvalonBay Communities Quarterly Cash on Hand (Millions of US $)": {"2020-09-30": "$182", "2020-06-30": "$416", "2020-03-31": "$868", "2019-12-31": "$128", "2019-09-30": "$335", "2019-06-30": "$330", "2019-03-31": "$195", "2018-12-31": "$218", "2018-09-30": "$282", "2018-06-30": "$350", "2018-03-31": "$271", "2017-12-31": "$202", "2017-09-30": "$217", "2017-06-30": "$293", "2017-03-31": "$369", "2016-12-31": "$330", "2016-09-30": "$232", "2016-06-30": "$288", "2016-03-31": "$268", "2015-12-31": "$505", "2015-09-30": "$420", "2015-06-30": "$169", "2015-03-31": "$298", "2014-12-31": "$605", "2014-09-30": "$536", "2014-06-30": "$519", "2014-03-31": "$477", "2013-12-31": "$380", "2013-09-30": "$211", "2013-06-30": "$206", "2013-03-31": "$541", "2012-12-31": "$2,784", "2012-09-30": "$714", "2012-06-30": "$432", "2012-03-31": "$321", "2011-12-31": "$690", "2011-09-30": "$759", "2011-06-30": "$360", "2011-03-31": "$477", "2010-12-31": "$478", "2010-09-30": "$407", "2010-06-30": "$562", "2010-03-31": "$331", "2009-12-31": "$316", "2009-09-30": "$777", "2009-06-30": "$456", "2009-03-31": "$260", "2008-12-31": "$258", "2008-09-30": "$287", "2008-06-30": "$114", "2008-03-31": "$399", "2007-12-31": "$209", "2007-09-30": "$234", "2007-06-30": "$358", "2007-03-31": "$489", "2006-12-31": "$144", "2006-09-30": "$217", "2006-06-30": "$43", "2006-03-31": "$86", "2005-12-31": "$54", "2005-09-30": "$58", "2005-06-30": "$17", "2005-03-31": "$17"}}, "long-term-debt": {"AvalonBay Communities Annual Long Term Debt (Millions of US $)": {"2019": "$7,296", "2018": "$7,040", "2017": "$7,329", "2016": "$7,031", "2015": "$6,457", "2014": "$6,490", "2013": "$6,134", "2012": "$3,851", "2011": "$3,599", "2010": "$3,973", "2009": "$3,975", "2008": "$3,655", "2007": "$3,158", "2006": "$2,801", "2005": "$2,334"}, "AvalonBay Communities Quarterly Long Term Debt (Millions of US $)": {"2020-09-30": "$7,564", "2020-06-30": "$7,630", "2020-03-31": "$8,091", "2019-12-31": "$7,296", "2019-09-30": "$7,361", "2019-06-30": "$7,352", "2019-03-31": "$7,040", "2018-12-31": "$7,040", "2018-09-30": "$7,533", "2018-06-30": "$7,571", "2018-03-31": "$7,599", "2017-12-31": "$7,329", "2017-09-30": "$7,128", "2017-06-30": "$6,992", "2017-03-31": "$7,006", "2016-12-31": "$7,031", "2016-09-30": "$6,816", "2016-06-30": "$6,834", "2016-03-31": "$6,503", "2015-12-31": "$6,457", "2015-09-30": "$6,307", "2015-06-30": "$6,487", "2015-03-31": "$6,562", "2014-12-31": "$6,490", "2014-09-30": "$6,242", "2014-06-30": "$6,255", "2014-03-31": "$6,382", "2013-12-31": "$6,134", "2013-09-30": "$6,098", "2013-06-30": "$5,853", "2013-03-31": "$5,928", "2012-12-31": "$3,851", "2012-09-30": "$3,808", "2012-06-30": "$3,362", "2012-03-31": "$3,380", "2011-12-31": "$3,599", "2011-09-30": "$3,785", "2011-06-30": "$3,986", "2011-03-31": "$4,037", "2010-12-31": "$3,973", "2010-09-30": "$3,948", "2010-06-30": "$3,949", "2010-03-31": "$3,950", "2009-12-31": "$3,975", "2009-09-30": "$4,433", "2009-06-30": "$4,150", "2009-03-31": "$3,801", "2008-12-31": "$3,655", "2008-09-30": "$3,427", "2008-06-30": "$3,424", "2008-03-31": "$3,679", "2007-12-31": "$3,158", "2007-09-30": "$3,054", "2007-06-30": "$2,915", "2007-03-31": "$2,808", "2006-12-31": "$2,801", "2006-09-30": "$2,640", "2006-06-30": "$2,340", "2006-03-31": "$2,299", "2005-12-31": "$2,334", "2005-09-30": "$2,399", "2005-06-30": "$2,439", "2005-03-31": "$2,407"}}, "total-liabilities": {"AvalonBay Communities Annual Total Liabilities (Millions of US $)": {"2019": "$8,131", "2018": "$7,748", "2017": "$8,027", "2016": "$7,696", "2015": "$7,091", "2014": "$7,094", "2013": "$6,728", "2012": "$4,319", "2011": "$4,080", "2010": "$4,506", "2009": "$4,407", "2008": "$4,258", "2007": "$3,710", "2006": "$3,275", "2005": "$2,623"}, "AvalonBay Communities Quarterly Total Liabilities (Millions of US $)": {"2020-09-30": "$8,474", "2020-06-30": "$8,481", "2020-03-31": "$8,979", "2019-12-31": "$8,131", "2019-09-30": "$8,245", "2019-06-30": "$8,182", "2019-03-31": "$7,906", "2018-12-31": "$7,748", "2018-09-30": "$8,265", "2018-06-30": "$8,273", "2018-03-31": "$8,311", "2017-12-31": "$8,027", "2017-09-30": "$7,844", "2017-06-30": "$7,661", "2017-03-31": "$7,712", "2016-12-31": "$7,696", "2016-09-30": "$7,552", "2016-06-30": "$7,539", "2016-03-31": "$7,197", "2015-12-31": "$7,091", "2015-09-30": "$6,953", "2015-06-30": "$7,110", "2015-03-31": "$7,166", "2014-12-31": "$7,094", "2014-09-30": "$6,836", "2014-06-30": "$6,836", "2014-03-31": "$6,963", "2013-12-31": "$6,728", "2013-09-30": "$6,672", "2013-06-30": "$6,408", "2013-03-31": "$6,528", "2012-12-31": "$4,319", "2012-09-30": "$4,248", "2012-06-30": "$3,830", "2012-03-31": "$3,851", "2011-12-31": "$4,080", "2011-09-30": "$4,332", "2011-06-30": "$4,464", "2011-03-31": "$4,461", "2010-12-31": "$4,506", "2010-09-30": "$4,371", "2010-06-30": "$4,370", "2010-03-31": "$4,372", "2009-12-31": "$4,407", "2009-09-30": "$4,864", "2009-06-30": "$4,584", "2009-03-31": "$4,232", "2008-12-31": "$4,258", "2008-09-30": "$3,881", "2008-06-30": "$3,884", "2008-03-31": "$4,148", "2007-12-31": "$3,710", "2007-09-30": "$3,532", "2007-06-30": "$3,393", "2007-03-31": "$3,263", "2006-12-31": "$3,275", "2006-09-30": "$2,956", "2006-06-30": "$2,631", "2006-03-31": "$2,545", "2005-12-31": "$2,623", "2005-09-30": "$2,642", "2005-06-30": "$2,682", "2005-03-31": "$2,653"}}, "total-share-holder-equity": {"AvalonBay Communities Annual Share Holder Equity (Millions of US $)": {"2019": "$10,990", "2018": "$10,633", "2017": "$10,388", "2016": "$10,171", "2015": "$9,841", "2014": "$9,046", "2013": "$8,600", "2012": "$6,841", "2011": "$4,402", "2010": "$3,316", "2009": "$3,050", "2008": "$2,916", "2007": "$3,027", "2006": "$2,573", "2005": "$2,542"}, "AvalonBay Communities Quarterly Share Holder Equity (Millions of US $)": {"2020-09-30": "$10,670", "2020-06-30": "$10,871", "2020-03-31": "$10,913", "2019-12-31": "$10,990", "2019-09-30": "$10,815", "2019-06-30": "$10,751", "2019-03-31": "$10,734", "2018-12-31": "$10,633", "2018-09-30": "$10,397", "2018-06-30": "$10,398", "2018-03-31": "$10,335", "2017-12-31": "$10,388", "2017-09-30": "$10,334", "2017-06-30": "$10,282", "2017-03-31": "$10,267", "2016-12-31": "$10,171", "2016-09-30": "$10,037", "2016-06-30": "$9,857", "2016-03-31": "$9,847", "2015-12-31": "$9,841", "2015-09-30": "$9,829", "2015-06-30": "$9,210", "2015-03-31": "$9,098", "2014-12-31": "$9,046", "2014-09-30": "$9,045", "2014-06-30": "$8,822", "2014-03-31": "$8,607", "2013-12-31": "$8,600", "2013-09-30": "$8,473", "2013-06-30": "$8,564", "2013-03-31": "$8,659", "2012-12-31": "$6,841", "2012-09-30": "$4,721", "2012-06-30": "$4,582", "2012-03-31": "$4,390", "2011-12-31": "$4,402", "2011-09-30": "$4,156", "2011-06-30": "$3,479", "2011-03-31": "$3,421", "2010-12-31": "$3,316", "2010-09-30": "$3,304", "2010-06-30": "$3,335", "2010-03-31": "$3,136", "2009-12-31": "$3,050", "2009-09-30": "$3,083", "2009-06-30": "$2,991", "2009-03-31": "$3,041", "2008-12-31": "$2,916", "2008-09-30": "$3,211", "2008-06-30": "$3,038", "2008-03-31": "$2,972", "2007-12-31": "$3,027", "2007-09-30": "$3,100", "2007-06-30": "$3,150", "2007-03-31": "$3,161", "2006-12-31": "$2,573", "2006-09-30": "$2,635", "2006-06-30": "$2,641", "2006-03-31": "$2,625", "2005-12-31": "$2,542", "2005-09-30": "$2,491", "2005-06-30": "$2,432", "2005-03-31": "$2,413"}}, "profit-margins": {"current": "35.96%"}, "gross margin": {"2020-12-31": "64.28%", "2020-09-30": "65.80%", "2020-06-30": "66.69%", "2020-03-31": "66.84%", "2019-12-31": "66.92%", "2019-09-30": "66.67%", "2019-06-30": "66.71%", "2019-03-31": "66.77%", "2018-12-31": "66.43%", "2018-09-30": "66.70%", "2018-06-30": "66.55%", "2018-03-31": "66.42%", "2017-12-31": "66.51%", "2017-09-30": "66.35%", "2017-06-30": "66.32%", "2017-03-31": "66.38%", "2016-12-31": "66.63%", "2016-09-30": "66.57%", "2016-06-30": "66.43%", "2016-03-31": "66.27%", "2015-12-31": "65.39%", "2015-09-30": "64.90%", "2015-06-30": "64.88%", "2015-03-31": "64.81%", "2014-12-31": "64.95%", "2014-09-30": "64.80%", "2014-06-30": "64.62%", "2014-03-31": "64.77%", "2013-12-31": "65.12%", "2013-09-30": "65.16%", "2013-06-30": "65.28%", "2013-03-31": "64.74%", "2012-12-31": "64.30%", "2012-09-30": "64.25%", "2012-06-30": "63.70%", "2012-03-31": "63.40%", "2011-12-31": "62.71%", "2011-09-30": "62.36%", "2011-06-30": "61.81%", "2011-03-31": "60.98%", "2010-12-31": "60.33%", "2010-09-30": "60.54%", "2010-06-30": "60.26%", "2010-03-31": "60.24%", "2009-12-31": "60.48%", "2009-09-30": "58.78%", "2009-06-30": "59.39%", "2009-03-31": "60.07%", "2008-12-31": "60.39%", "2008-09-30": "60.49%", "2008-06-30": "60.34%", "2008-03-31": "60.08%", "2007-12-31": "60.08%", "2007-09-30": "60.67%", "2007-06-30": "60.65%", "2007-03-31": "60.55%", "2006-12-31": "60.47%", "2006-09-30": "59.54%", "2006-06-30": "59.36%", "2006-03-31": "59.61%", "2005-12-31": "59.76%"}, "operating margin": {"2020-12-31": "23.21%", "2020-09-30": "23.34%", "2020-06-30": "25.17%", "2020-03-31": "25.84%", "2019-12-31": "27.01%", "2019-09-30": "26.28%", "2019-06-30": "26.20%", "2019-03-31": "26.29%", "2018-12-31": "25.60%", "2018-09-30": "26.23%", "2018-06-30": "26.65%", "2018-03-31": "25.84%", "2017-12-31": "26.45%", "2017-09-30": "26.58%", "2017-06-30": "26.35%", "2017-03-31": "27.55%", "2016-12-31": "28.38%", "2016-09-30": "29.00%", "2016-06-30": "29.96%", "2016-03-31": "30.45%", "2015-12-31": "28.95%", "2015-09-30": "28.32%", "2015-06-30": "26.71%", "2015-03-31": "25.69%", "2014-12-31": "25.74%", "2014-09-30": "21.66%", "2014-06-30": "14.15%", "2014-03-31": "7.88%", "2013-12-31": "4.72%", "2013-09-30": "5.42%", "2013-06-30": "12.96%", "2013-03-31": "19.72%", "2012-12-31": "21.60%", "2012-09-30": "21.24%", "2012-06-30": "19.38%", "2012-03-31": "17.43%", "2011-12-31": "15.43%", "2011-09-30": "13.93%", "2011-06-30": "12.50%", "2011-03-31": "12.03%", "2010-12-31": "10.93%", "2010-09-30": "8.67%", "2010-06-30": "8.78%", "2010-03-31": "9.34%", "2009-12-31": "11.81%", "2009-09-30": "14.51%", "2009-06-30": "16.83%", "2009-03-31": "18.19%", "2008-12-31": "18.82%", "2008-09-30": "19.95%", "2008-06-30": "20.42%", "2008-03-31": "21.37%", "2007-12-31": "21.81%", "2007-09-30": "22.18%", "2007-06-30": "21.73%", "2007-03-31": "20.38%", "2006-12-31": "18.88%", "2006-09-30": "16.93%", "2006-06-30": "15.35%", "2006-03-31": "14.31%", "2005-12-31": "13.11%"}, "ebitda margin": {"2020-09-30": "54.64%", "2020-06-30": "55.85%", "2020-03-31": "56.04%", "2019-12-31": "56.99%", "2019-09-30": "55.93%", "2019-06-30": "55.53%", "2019-03-31": "55.33%", "2018-12-31": "54.49%", "2018-09-30": "55.29%", "2018-06-30": "55.46%", "2018-03-31": "54.32%", "2017-12-31": "54.38%", "2017-09-30": "53.91%", "2017-06-30": "53.23%", "2017-03-31": "54.23%", "2016-12-31": "54.60%", "2016-09-30": "54.86%", "2016-06-30": "55.80%", "2016-03-31": "56.01%", "2015-12-31": "54.61%", "2015-09-30": "53.88%", "2015-06-30": "52.23%", "2015-03-31": "51.10%", "2014-12-31": "51.13%", "2014-09-30": "47.35%", "2014-06-30": "43.52%", "2014-03-31": "43.05%", "2013-12-31": "42.48%", "2013-09-30": "44.46%", "2013-06-30": "48.43%", "2013-03-31": "48.25%", "2012-12-31": "47.60%", "2012-09-30": "47.00%", "2012-06-30": "45.50%", "2012-03-31": "43.57%", "2011-12-31": "41.84%", "2011-09-30": "41.35%", "2011-06-30": "39.91%", "2011-03-31": "39.60%", "2010-12-31": "38.60%", "2010-09-30": "35.95%", "2010-06-30": "36.06%", "2010-03-31": "36.17%", "2009-12-31": "38.07%", "2009-09-30": "40.00%", "2009-06-30": "41.95%", "2009-03-31": "43.35%", "2008-12-31": "43.67%", "2008-09-30": "45.40%", "2008-06-30": "45.42%", "2008-03-31": "45.30%", "2007-12-31": "46.09%", "2007-09-30": "45.33%", "2007-06-30": "56.68%", "2007-03-31": "44.51%", "2006-12-31": "43.22%", "2006-09-30": "58.39%", "2006-06-30": "39.77%", "2006-03-31": "45.31%", "2005-12-31": "38.26%"}, "pre tax profit margin": {"2020-12-31": "35.85%", "2020-09-30": "28.00%", "2020-06-30": "33.81%", "2020-03-31": "33.71%", "2019-12-31": "34.32%", "2019-09-30": "43.90%", "2019-06-30": "39.82%", "2019-03-31": "43.76%", "2018-12-31": "42.63%", "2018-09-30": "36.58%", "2018-06-30": "39.04%", "2018-03-31": "35.62%", "2017-12-31": "40.62%", "2017-09-30": "41.52%", "2017-06-30": "47.87%", "2017-03-31": "50.10%", "2016-12-31": "50.54%", "2016-09-30": "47.14%", "2016-06-30": "40.49%", "2016-03-31": "40.24%", "2015-12-31": "40.05%", "2015-09-30": "40.77%", "2015-06-30": "43.76%", "2015-03-31": "44.73%", "2014-12-31": "39.62%", "2014-09-30": "36.85%", "2014-06-30": "21.73%", "2014-03-31": "11.21%", "2013-12-31": "3.90%", "2013-09-30": "1.91%", "2013-06-30": "10.41%", "2013-03-31": "17.16%", "2012-12-31": "25.00%", "2012-09-30": "23.45%", "2012-06-30": "19.81%", "2012-03-31": "17.65%", "2011-12-31": "15.43%", "2011-09-30": "14.27%", "2011-06-30": "12.50%", "2011-03-31": "12.03%", "2010-12-31": "10.93%", "2010-09-30": "8.67%", "2010-06-30": "9.02%", "2010-03-31": "7.19%", "2009-12-31": "10.00%", "2009-09-30": "5.49%", "2009-06-30": "7.68%", "2009-03-31": "11.97%", "2008-12-31": "12.18%", "2008-09-30": "28.26%", "2008-06-30": "28.93%", "2008-03-31": "29.44%", "2007-12-31": "30.04%", "2007-09-30": "23.01%", "2007-06-30": "22.73%", "2007-03-31": "21.53%", "2006-12-31": "22.12%", "2006-09-30": "19.08%", "2006-06-30": "17.40%", "2006-03-31": "16.99%", "2005-12-31": "14.63%"}, "net profit margin": {"2020-12-31": "35.98%", "2020-09-30": "27.92%", "2020-06-30": "33.26%", "2020-03-31": "33.12%", "2019-12-31": "33.72%", "2019-09-30": "43.33%", "2019-06-30": "39.73%", "2019-03-31": "43.67%", "2018-12-31": "42.54%", "2018-09-30": "36.44%", "2018-06-30": "38.91%", "2018-03-31": "35.49%", "2017-12-31": "40.48%", "2017-09-30": "41.52%", "2017-06-30": "47.87%", "2017-03-31": "50.10%", "2016-12-31": "50.54%", "2016-09-30": "47.14%", "2016-06-30": "40.49%", "2016-03-31": "40.14%", "2015-12-31": "39.95%", "2015-09-30": "40.17%", "2015-06-30": "43.14%", "2015-03-31": "43.40%", "2014-12-31": "40.57%", "2014-09-30": "48.38%", "2014-06-30": "33.88%", "2014-03-31": "26.84%", "2013-12-31": "24.08%", "2013-09-30": "16.96%", "2013-06-30": "27.10%", "2013-03-31": "41.80%", "2012-12-31": "42.40%", "2012-09-30": "65.72%", "2012-06-30": "62.42%", "2012-03-31": "51.09%", "2011-12-31": "48.95%", "2011-09-30": "16.29%", "2011-06-30": "14.33%", "2011-03-31": "15.54%", "2010-12-31": "20.90%", "2010-09-30": "21.19%", "2010-06-30": "25.39%", "2010-03-31": "21.68%", "2009-12-31": "18.67%", "2009-09-30": "14.76%", "2009-06-30": "35.85%", "2009-03-31": "48.96%", "2008-12-31": "49.20%", "2008-09-30": "68.03%", "2008-06-30": "56.02%", "2008-03-31": "47.31%", "2007-12-31": "48.01%", "2007-09-30": "36.82%", "2007-06-30": "25.14%", "2007-03-31": "27.89%", "2006-12-31": "38.05%", "2006-09-30": "42.61%", "2006-06-30": "51.75%", "2006-03-31": "51.27%", "2005-12-31": "46.04%"}, "pe ratio": {"current": "19.98", "2021-02-11": "51.86", "2020-12-31": "46.50", "2020-09-30": "31.80", "2020-06-30": "27.05", "2020-03-31": "25.48", "2019-12-31": "35.67", "2019-09-30": "28.37", "2019-06-30": "29.03", "2019-03-31": "25.99", "2018-12-31": "23.00", "2018-09-30": "27.98", "2018-06-30": "24.96", "2018-03-31": "26.35", "2017-12-31": "25.25", "2017-09-30": "24.90", "2017-06-30": "23.42", "2017-03-31": "21.50", "2016-12-31": "20.56", "2016-09-30": "22.36", "2016-06-30": "26.60", "2016-03-31": "28.57", "2015-12-31": "28.31", "2015-09-30": "26.95", "2015-06-30": "23.19", "2015-03-31": "25.43", "2014-12-31": "25.81", "2014-09-30": "18.95", "2014-06-30": "27.64", "2014-03-31": "32.59", "2013-12-31": "33.89", "2013-09-30": "49.69", "2013-06-30": "35.35", "2013-03-31": "22.69", "2012-12-31": "24.25", "2012-09-30": "15.96", "2012-06-30": "17.57", "2012-03-31": "21.42", "2011-12-31": "20.69", "2011-09-30": "51.75", "2011-06-30": "65.85", "2011-03-31": "56.45", "2010-12-31": "39.20", "2010-09-30": "34.43", "2010-06-30": "25.61", "2010-03-31": "27.60", "2009-12-31": "29.88", "2009-09-30": "33.47", "2009-06-30": "10.19", "2009-03-31": "6.16", "2008-12-31": "7.76", "2008-09-30": "9.02", "2008-06-30": "10.27", "2008-03-31": "13.49", "2007-12-31": "13.15", "2007-09-30": "21.34", "2007-06-30": "30.46", "2007-03-31": "29.46", "2006-12-31": "21.67"}, "price sales": {"2021-02-11": "10.92", "2020-12-31": "9.79", "2020-09-30": "8.88", "2020-06-30": "9.00", "2020-03-31": "8.46", "2019-12-31": "12.07", "2019-09-30": "12.36", "2019-06-30": "11.60", "2019-03-31": "11.39", "2018-12-31": "9.81", "2018-09-30": "10.23", "2018-06-30": "9.73", "2018-03-31": "9.39", "2017-12-31": "10.27", "2017-09-30": "10.36", "2017-06-30": "11.23", "2017-03-31": "10.78", "2016-12-31": "10.39", "2016-09-30": "10.49", "2016-06-30": "10.73", "2016-03-31": "11.40", "2015-12-31": "11.26", "2015-09-30": "10.78", "2015-06-30": "9.98", "2015-03-31": "11.01", "2014-12-31": "10.44", "2014-09-30": "9.13", "2014-06-30": "9.32", "2014-03-31": "8.72", "2013-12-31": "8.17", "2013-09-30": "9.21", "2013-06-30": "10.01", "2013-03-31": "9.58", "2012-12-31": "10.11", "2012-09-30": "10.41", "2012-06-30": "10.79", "2012-03-31": "10.66", "2011-12-31": "9.73", "2011-09-30": "8.42", "2011-06-30": "9.41", "2011-03-31": "8.79", "2010-12-31": "8.19", "2010-09-30": "7.32", "2010-06-30": "6.49", "2010-03-31": "5.93", "2009-12-31": "5.58", "2009-09-30": "4.90", "2009-06-30": "3.69", "2009-03-31": "3.03", "2008-12-31": "3.82", "2008-09-30": "6.15", "2008-06-30": "5.75", "2008-03-31": "6.40", "2007-12-31": "6.37", "2007-09-30": "7.96", "2007-06-30": "7.99", "2007-03-31": "8.66", "2006-12-31": "8.64"}, "price book": {"current": "2.26", "2021-02-11": "2.34", "2020-09-30": "1.94", "2020-06-30": "1.96", "2020-03-31": "1.84", "2019-12-31": "2.57", "2019-09-30": "2.65", "2019-06-30": "2.50", "2019-03-31": "2.45", "2018-12-31": "2.11", "2018-09-30": "2.22", "2018-06-30": "2.09", "2018-03-31": "2.00", "2017-12-31": "2.14", "2017-09-30": "2.13", "2017-06-30": "2.29", "2017-03-31": "2.17", "2016-12-31": "2.09", "2016-09-30": "2.11", "2016-06-30": "2.16", "2016-03-31": "2.26", "2015-12-31": "2.17", "2015-09-30": "2.05", "2015-06-30": "1.93", "2015-03-31": "2.10", "2014-12-31": "1.96", "2014-09-30": "1.68", "2014-06-30": "1.71", "2014-03-31": "1.59", "2013-12-31": "1.42", "2013-09-30": "1.53", "2013-06-30": "1.60", "2013-03-31": "1.47", "2012-12-31": "1.75", "2012-09-30": "2.15", "2012-06-30": "2.27", "2012-03-31": "2.32", "2011-12-31": "2.12", "2011-09-30": "1.94", "2011-06-30": "2.42", "2011-03-31": "2.25", "2010-12-31": "2.12", "2010-09-30": "1.94", "2010-06-30": "1.71", "2010-03-31": "1.62", "2009-12-31": "1.54", "2009-09-30": "1.34", "2009-06-30": "1.03", "2009-03-31": "0.83", "2008-12-31": "1.06", "2008-09-30": "1.48", "2008-06-30": "1.42", "2008-03-31": "1.55", "2007-12-31": "1.48", "2007-09-30": "1.83", "2007-06-30": "1.82", "2007-03-31": "1.97", "2006-12-31": "2.25", "2006-09-30": "2.02", "2006-06-30": "1.84", "2006-03-31": "1.81"}, "price fcf": {"2021-02-11": "", "2020-09-30": "$2.51", "2020-06-30": "$2.86", "2020-03-31": "$1.44", "2019-12-31": "$0.93", "2019-09-30": "$3.19", "2019-06-30": "$2.74", "2019-03-31": "$4.80", "2018-12-31": "$4.48", "2018-09-30": "$3.09", "2018-06-30": "$1.47", "2018-03-31": "$0.37", "2017-12-31": "$1.76", "2017-09-30": "$2.35", "2017-06-30": "$3.36", "2017-03-31": "$2.33", "2016-12-31": "$0.19", "2016-09-30": "$-0.22", "2016-06-30": "$-0.66", "2016-03-31": "$-0.97", "2015-12-31": "$-1.99", "2015-09-30": "$-2.76", "2015-06-30": "$-3.55", "2015-03-31": "$-2.86", "2014-12-31": "$-1.20", "2014-09-30": "$1.44", "2014-06-30": "$1.17", "2014-03-31": "$0.58", "2013-12-31": "$-3.99", "2013-09-30": "$-8.69", "2013-06-30": "$-9.24", "2013-03-31": "$-8.08", "2012-12-31": "$-4.05", "2012-09-30": "$0.58", "2012-06-30": "$1.36", "2012-03-31": "$-0.14", "2011-12-31": "$0.03", "2011-09-30": "$-1.90", "2011-06-30": "$-1.62", "2011-03-31": "$0.07", "2010-12-31": "$0.93", "2010-09-30": "$2.21", "2010-06-30": "$2.90", "2010-03-31": "$1.02", "2009-12-31": "$-0.08", "2009-09-30": "$-2.75", "2009-06-30": "$0.37", "2009-03-31": "$1.90", "2008-12-31": "$0.17", "2008-09-30": "$1.78", "2008-06-30": "$-2.47", "2008-03-31": "$-5.44", "2007-12-31": "$-5.33", "2007-09-30": "$-8.20", "2007-06-30": "$-8.77", "2007-03-31": "$-6.89", "2006-12-31": "$-2.76"}, "net worth": {"value": "$24.27B"}, "current ratio": {"2020-12-31": "0.00", "2020-09-30": "0.51", "2020-06-30": "1.40", "2020-03-31": "2.72", "2019-12-31": "0.40", "2019-09-30": "0.89", "2019-06-30": "1.08", "2019-03-31": "0.57", "2018-12-31": "0.63", "2018-09-30": "0.77", "2018-06-30": "1.04", "2018-03-31": "0.76", "2017-12-31": "0.58", "2017-09-30": "0.59", "2017-06-30": "0.94", "2017-03-31": "1.06", "2016-12-31": "1.05", "2016-09-30": "0.61", "2016-06-30": "0.83", "2016-03-31": "0.78", "2015-12-31": "1.68", "2015-09-30": "1.37", "2015-06-30": "0.60", "2015-03-31": "1.05", "2014-12-31": "2.12", "2014-09-30": "1.92", "2014-06-30": "1.93", "2014-03-31": "1.74", "2013-12-31": "1.34", "2013-09-30": "0.76", "2013-06-30": "0.78", "2013-03-31": "1.59", "2012-12-31": "11.14", "2012-09-30": "2.89", "2012-06-30": "1.52", "2012-03-31": "1.26", "2011-12-31": "2.47", "2011-09-30": "2.93", "2011-06-30": "1.13", "2011-03-31": "1.76", "2010-12-31": "2.94", "2010-09-30": "1.54", "2010-06-30": "2.17", "2010-03-31": "1.28", "2009-12-31": "1.18", "2009-09-30": "2.91", "2009-06-30": "1.75", "2009-03-31": "1.03", "2008-12-31": "1.03", "2008-09-30": "1.22", "2008-06-30": "0.50", "2008-03-31": "1.83", "2007-12-31": "0.77", "2007-09-30": "1.02", "2007-06-30": "1.57", "2007-03-31": "2.20", "2006-12-31": "0.63", "2006-09-30": "1.88", "2006-06-30": "0.30", "2006-03-31": "0.79", "2005-12-31": "0.46", "2005-09-30": "0.52", "2005-06-30": "0.16", "2005-03-31": "0.15"}, "quick ratio": {"2020-12-31": "0.00", "2020-09-30": "0.00", "2020-06-30": "0.00", "2020-03-31": "0.00", "2019-12-31": "0.00", "2019-09-30": "0.00", "2019-06-30": "0.00", "2019-03-31": "0.00", "2018-12-31": "0.00", "2018-09-30": "0.00", "2018-06-30": "0.00", "2018-03-31": "0.00", "2017-12-31": "0.00", "2017-09-30": "0.00", "2017-06-30": "0.00", "2017-03-31": "0.00", "2016-12-31": "0.00", "2016-09-30": "0.00", "2016-06-30": "0.00", "2016-03-31": "0.00", "2015-12-31": "0.00", "2015-09-30": "0.00", "2015-06-30": "0.00", "2015-03-31": "0.00", "2014-12-31": "0.00", "2014-09-30": "0.00", "2014-06-30": "0.00", "2014-03-31": "0.00", "2013-12-31": "0.00", "2013-09-30": "0.00", "2013-06-30": "0.00", "2013-03-31": "0.00", "2012-12-31": "0.00", "2012-09-30": "0.00", "2012-06-30": "0.00", "2012-03-31": "0.00", "2011-12-31": "0.00", "2011-09-30": "0.00", "2011-06-30": "0.00", "2011-03-31": "0.00", "2010-12-31": "0.00", "2010-09-30": "0.00", "2010-06-30": "0.00", "2010-03-31": "0.00", "2009-12-31": "0.00", "2009-09-30": "0.00", "2009-06-30": "0.00", "2009-03-31": "0.00", "2008-12-31": "0.00", "2008-09-30": "0.00", "2008-06-30": "0.00", "2008-03-31": "0.00", "2007-12-31": "0.00", "2007-09-30": "0.00", "2007-06-30": "0.00", "2007-03-31": "0.00", "2006-12-31": "0.00", "2006-09-30": "0.00", "2006-06-30": "0.00", "2006-03-31": "0.00", "2005-12-31": "0.00", "2005-09-30": "0.00", "2005-06-30": "0.00", "2005-03-31": "0.00"}, "debt equity ratio": {"current": "0.70", "2020-12-31": "0.79", "2020-09-30": "0.79", "2020-06-30": "0.78", "2020-03-31": "0.82", "2019-12-31": "0.74", "2019-09-30": "0.76", "2019-06-30": "0.76", "2019-03-31": "0.74", "2018-12-31": "0.73", "2018-09-30": "0.80", "2018-06-30": "0.80", "2018-03-31": "0.80", "2017-12-31": "0.77", "2017-09-30": "0.76", "2017-06-30": "0.75", "2017-03-31": "0.75", "2016-12-31": "0.76", "2016-09-30": "0.75", "2016-06-30": "0.77", "2016-03-31": "0.73", "2015-12-31": "0.72", "2015-09-30": "0.71", "2015-06-30": "0.77", "2015-03-31": "0.79", "2014-12-31": "0.78", "2014-09-30": "0.76", "2014-06-30": "0.78", "2014-03-31": "0.81", "2013-12-31": "0.78", "2013-09-30": "0.79", "2013-06-30": "0.75", "2013-03-31": "0.75", "2012-12-31": "0.63", "2012-09-30": "0.90", "2012-06-30": "0.84", "2012-03-31": "0.88", "2011-12-31": "0.93", "2011-09-30": "1.04", "2011-06-30": "1.28", "2011-03-31": "1.30", "2010-12-31": "1.36", "2010-09-30": "1.32", "2010-06-30": "1.31", "2010-03-31": "1.39", "2009-12-31": "1.45", "2009-09-30": "1.58", "2009-06-30": "1.53", "2009-03-31": "1.39", "2008-12-31": "1.46", "2008-09-30": "1.21", "2008-06-30": "1.28", "2008-03-31": "1.40", "2007-12-31": "1.23", "2007-09-30": "1.14", "2007-06-30": "1.08", "2007-03-31": "1.03", "2006-12-31": "1.27", "2006-09-30": "1.12", "2006-06-30": "1.00", "2006-03-31": "0.97", "2005-12-31": "1.03", "2005-09-30": "1.06", "2005-06-30": "1.10", "2005-03-31": "1.10"}, "return on equity": {"2020-12-31": "7.67%", "2020-09-30": "6.01%", "2020-06-30": "7.20%", "2020-03-31": "7.20%", "2019-12-31": "7.24%", "2019-09-30": "9.33%", "2019-06-30": "8.59%", "2019-03-31": "9.49%", "2018-12-31": "9.31%", "2018-09-30": "7.94%", "2018-06-30": "8.39%", "2018-03-31": "7.55%", "2017-12-31": "8.47%", "2017-09-30": "8.58%", "2017-06-30": "9.80%", "2017-03-31": "10.23%", "2016-12-31": "10.35%", "2016-09-30": "9.56%", "2016-06-30": "8.09%", "2016-03-31": "7.96%", "2015-12-31": "7.80%", "2015-09-30": "7.84%", "2015-06-30": "8.40%", "2015-03-31": "8.33%", "2014-12-31": "7.70%", "2014-09-30": "9.04%", "2014-06-30": "6.27%", "2014-03-31": "4.89%", "2013-12-31": "4.11%", "2013-09-30": "2.73%", "2013-06-30": "4.45%", "2013-03-31": "7.11%", "2012-12-31": "8.26%", "2012-09-30": "13.82%", "2012-06-30": "13.30%", "2012-03-31": "11.42%", "2011-12-31": "11.41%", "2011-09-30": "4.04%", "2011-06-30": "3.70%", "2011-03-31": "3.98%", "2010-12-31": "5.38%", "2010-09-30": "5.65%", "2010-06-30": "6.79%", "2010-03-31": "5.91%", "2009-12-31": "5.10%", "2009-09-30": "4.02%", "2009-06-30": "9.67%", "2009-03-31": "13.14%", "2008-12-31": "13.18%", "2008-09-30": "17.37%", "2008-06-30": "14.11%", "2008-03-31": "11.49%", "2007-12-31": "11.26%", "2007-09-30": "8.81%", "2007-06-30": "6.15%", "2007-03-31": "7.01%", "2006-12-31": "9.85%", "2006-09-30": "11.38%", "2006-06-30": "13.75%", "2006-03-31": "13.64%", "2005-12-31": "12.23%"}, "return on assets": {"2020-12-31": "4.27%", "2020-09-30": "3.37%", "2020-06-30": "4.06%", "2020-03-31": "4.06%", "2019-12-31": "4.14%", "2019-09-30": "5.34%", "2019-06-30": "4.89%", "2019-03-31": "5.38%", "2018-12-31": "5.23%", "2018-09-30": "4.43%", "2018-06-30": "4.71%", "2018-03-31": "4.26%", "2017-12-31": "4.82%", "2017-09-30": "4.90%", "2017-06-30": "5.60%", "2017-03-31": "5.82%", "2016-12-31": "5.91%", "2016-09-30": "5.49%", "2016-06-30": "4.67%", "2016-03-31": "4.60%", "2015-12-31": "4.47%", "2015-09-30": "4.45%", "2015-06-30": "4.73%", "2015-03-31": "4.69%", "2014-12-31": "4.33%", "2014-09-30": "5.08%", "2014-06-30": "3.51%", "2014-03-31": "2.75%", "2013-12-31": "2.32%", "2013-09-30": "1.57%", "2013-06-30": "2.55%", "2013-03-31": "4.03%", "2012-12-31": "4.61%", "2012-09-30": "7.33%", "2012-06-30": "6.94%", "2012-03-31": "5.66%", "2011-12-31": "5.38%", "2011-09-30": "1.80%", "2011-06-30": "1.60%", "2011-03-31": "1.71%", "2010-12-31": "2.29%", "2010-09-30": "2.39%", "2010-06-30": "2.80%", "2010-03-31": "2.37%", "2009-12-31": "2.05%", "2009-09-30": "1.62%", "2009-06-30": "4.04%", "2009-03-31": "5.64%", "2008-12-31": "5.65%", "2008-09-30": "7.64%", "2008-06-30": "6.25%", "2008-03-31": "5.21%", "2007-12-31": "5.32%", "2007-09-30": "4.15%", "2007-06-30": "2.90%", "2007-03-31": "3.34%", "2006-12-31": "4.72%", "2006-09-30": "5.60%", "2006-06-30": "6.83%", "2006-03-31": "6.69%", "2005-12-31": "5.90%"}, "return on investments": {"2020-12-31": "2.88%", "2020-09-30": "2.95%", "2020-06-30": "3.21%", "2020-03-31": "3.32%", "2019-12-31": "3.47%", "2019-09-30": "3.39%", "2019-06-30": "3.37%", "2019-03-31": "3.38%", "2018-12-31": "3.27%", "2018-09-30": "3.32%", "2018-06-30": "3.35%", "2018-03-31": "3.23%", "2017-12-31": "3.28%", "2017-09-30": "3.26%", "2017-06-30": "3.21%", "2017-03-31": "3.33%", "2016-12-31": "3.46%", "2016-09-30": "3.52%", "2016-06-30": "3.60%", "2016-03-31": "3.63%", "2015-12-31": "3.37%", "2015-09-30": "3.26%", "2015-06-30": "3.04%", "2015-03-31": "2.89%", "2014-12-31": "2.85%", "2014-09-30": "2.36%", "2014-06-30": "1.52%", "2014-03-31": "0.84%", "2013-12-31": "0.47%", "2013-09-30": "0.52%", "2013-06-30": "1.27%", "2013-03-31": "1.99%", "2012-12-31": "2.47%", "2012-09-30": "2.51%", "2012-06-30": "2.29%", "2012-03-31": "2.05%", "2011-12-31": "1.80%", "2011-09-30": "1.64%", "2011-06-30": "1.48%", "2011-03-31": "1.41%", "2010-12-31": "1.27%", "2010-09-30": "1.03%", "2010-06-30": "1.02%", "2010-03-31": "1.08%", "2009-12-31": "1.37%", "2009-09-30": "1.70%", "2009-06-30": "2.03%", "2009-03-31": "2.25%", "2008-12-31": "2.33%", "2008-09-30": "2.41%", "2008-06-30": "2.45%", "2008-03-31": "2.54%", "2007-12-31": "2.61%", "2007-09-30": "2.70%", "2007-06-30": "2.70%", "2007-03-31": "2.61%", "2006-12-31": "2.49%", "2006-09-30": "2.35%", "2006-06-30": "2.14%", "2006-03-31": "1.96%", "2005-12-31": "1.77%"}, "return on tangible equity": {"2020-09-30": "6.01%", "2020-06-30": "7.20%", "2020-03-31": "7.20%", "2019-12-31": "7.24%", "2019-09-30": "9.33%", "2019-06-30": "8.59%", "2019-03-31": "9.49%", "2018-12-31": "9.31%", "2018-09-30": "7.94%", "2018-06-30": "8.39%", "2018-03-31": "7.55%", "2017-12-31": "8.47%", "2017-09-30": "8.58%", "2017-06-30": "9.80%", "2017-03-31": "10.23%", "2016-12-31": "10.35%", "2016-09-30": "9.56%", "2016-06-30": "8.09%", "2016-03-31": "7.96%", "2015-12-31": "7.80%", "2015-09-30": "7.84%", "2015-06-30": "8.40%", "2015-03-31": "8.33%", "2014-12-31": "7.70%", "2014-09-30": "9.04%", "2014-06-30": "6.27%", "2014-03-31": "4.89%", "2013-12-31": "4.11%", "2013-09-30": "2.73%", "2013-06-30": "4.45%", "2013-03-31": "7.11%", "2012-12-31": "8.26%", "2012-09-30": "13.82%", "2012-06-30": "13.30%", "2012-03-31": "11.42%", "2011-12-31": "11.41%", "2011-09-30": "4.04%", "2011-06-30": "3.70%", "2011-03-31": "3.98%", "2010-12-31": "5.38%", "2010-09-30": "5.65%", "2010-06-30": "6.79%", "2010-03-31": "5.91%", "2009-12-31": "5.10%", "2009-09-30": "4.02%", "2009-06-30": "9.67%", "2009-03-31": "13.14%", "2008-12-31": "13.18%", "2008-09-30": "17.37%", "2008-06-30": "14.11%", "2008-03-31": "11.49%", "2007-12-31": "11.26%", "2007-09-30": "8.81%", "2007-06-30": "6.15%", "2007-03-31": "7.01%", "2006-12-31": "9.85%", "2006-09-30": "11.38%", "2006-06-30": "13.75%", "2006-03-31": "13.64%", "2005-12-31": "12.23%"}, "dividend yield history": {"last payout": "$6.36", "last yield": "3.66%"}}