{"ticker": "AVT", "price": {"title": "Avnet Historical Annual Stock Price Data", "value": 37.7, "historical": {"2021": {"Average Stock Price": "37.7963", "Year Open": "35.3700", "Year High": "40.3900", "Year Low": "35.3100", "Year Close": "37.7000", "Annual % Change": "7.38%"}, "2020": {"Average Stock Price": "29.6278", "Year Open": "42.7200", "Year High": "42.7200", "Year Low": "19.7900", "Year Close": "35.1100", "Annual % Change": "-17.27%"}, "2019": {"Average Stock Price": "42.8157", "Year Open": "36.5700", "Year High": "48.6100", "Year Low": "35.6900", "Year Close": "42.4400", "Annual % Change": "17.56%"}, "2018": {"Average Stock Price": "42.3845", "Year Open": "39.9900", "Year High": "49.1400", "Year Low": "34.0900", "Year Close": "36.1000", "Annual % Change": "-8.88%"}, "2017": {"Average Stock Price": "41.0279", "Year Open": "47.2300", "Year High": "47.6100", "Year Low": "35.9300", "Year Close": "39.6200", "Annual % Change": "-16.78%"}, "2016": {"Average Stock Price": "42.0447", "Year Open": "42.3200", "Year High": "48.8400", "Year Low": "37.7800", "Year Close": "47.6100", "Annual % Change": "11.13%"}, "2015": {"Average Stock Price": "43.6742", "Year Open": "42.8000", "Year High": "47.1200", "Year Low": "38.6300", "Year Close": "42.8400", "Annual % Change": "-0.42%"}, "2014": {"Average Stock Price": "43.1867", "Year Open": "42.7600", "Year High": "47.5000", "Year Low": "36.5400", "Year Close": "43.0200", "Annual % Change": "-2.47%"}, "2013": {"Average Stock Price": "37.0438", "Year Open": "31.8900", "Year High": "44.1100", "Year Low": "30.7800", "Year Close": "44.1100", "Annual % Change": "44.10%"}, "2012": {"Average Stock Price": "32.1491", "Year Open": "31.1600", "Year High": "36.8300", "Year Low": "27.0100", "Year Close": "30.6100", "Annual % Change": "-1.54%"}, "2011": {"Average Stock Price": "31.4383", "Year Open": "33.3100", "Year High": "37.8100", "Year Low": "24.1900", "Year Close": "31.0900", "Annual % Change": "-5.87%"}, "2010": {"Average Stock Price": "28.3040", "Year Open": "30.2500", "Year High": "33.4900", "Year Low": "22.8600", "Year Close": "33.0300", "Annual % Change": "9.52%"}, "2009": {"Average Stock Price": "22.8352", "Year Open": "18.9800", "Year High": "30.4200", "Year Low": "15.4000", "Year Close": "30.1600", "Annual % Change": "65.62%"}, "2008": {"Average Stock Price": "26.4382", "Year Open": "34.6200", "Year High": "36.7400", "Year Low": "12.1000", "Year Close": "18.2100", "Annual % Change": "-47.93%"}, "2007": {"Average Stock Price": "37.9159", "Year Open": "26.0000", "Year High": "44.3300", "Year Low": "25.7000", "Year Close": "34.9700", "Annual % Change": "36.98%"}, "2006": {"Average Stock Price": "22.6925", "Year Open": "23.9900", "Year High": "27.1000", "Year Low": "16.7700", "Year Close": "25.5300", "Annual % Change": "6.64%"}, "2005": {"Average Stock Price": "21.6725", "Year Open": "18.0500", "Year High": "26.6100", "Year Low": "16.1300", "Year Close": "23.9400", "Annual % Change": "31.25%"}, "2004": {"Average Stock Price": "20.5972", "Year Open": "21.3100", "Year High": "26.3500", "Year Low": "15.7700", "Year Close": "18.2400", "Annual % Change": "-15.79%"}, "2003": {"Average Stock Price": "14.6889", "Year Open": "11.4900", "Year High": "22.3300", "Year Low": "9.6100", "Year Close": "21.6600", "Annual % Change": "100.00%"}, "2002": {"Average Stock Price": "18.9179", "Year Open": "25.6500", "Year High": "29.0600", "Year Low": "5.9600", "Year Close": "10.8300", "Annual % Change": "-57.48%"}, "2001": {"Average Stock Price": "23.4242", "Year Open": "20.2500", "Year High": "28.2500", "Year Low": "17.5900", "Year Close": "25.4700", "Annual % Change": "18.47%"}, "2000": {"Average Stock Price": "29.4833", "Year Open": "29.6250", "Year High": "39.3150", "Year Low": "17.5000", "Year Close": "21.5000", "Annual % Change": "-28.93%"}, "1999": {"Average Stock Price": "22.9969", "Year Open": "29.0300", "Year High": "30.2500", "Year Low": "17.2800", "Year Close": "30.2500", "Annual % Change": "0.00%"}, "1998": {"Average Stock Price": "27.7216", "Year Open": "32.4700", "Year High": "32.6900", "Year Low": "17.4700", "Year Close": "30.2500", "Annual % Change": "-8.33%"}, "1997": {"Average Stock Price": "31.6341", "Year Open": "28.5650", "Year High": "37.1250", "Year Low": "27.8150", "Year Close": "33.0000", "Annual % Change": "13.30%"}, "1996": {"Average Stock Price": "24.3965", "Year Open": "22.5000", "Year High": "30.2500", "Year Low": "19.5625", "Year Close": "29.1250", "Annual % Change": "30.17%"}, "1995": {"Average Stock Price": "22.7663", "Year Open": "18.1250", "Year High": "27.5650", "Year Low": "17.8750", "Year Close": "22.3750", "Annual % Change": "20.95%"}, "1994": {"Average Stock Price": "18.4153", "Year Open": "18.8150", "Year High": "22.3750", "Year Low": "15.7500", "Year Close": "18.5000", "Annual % Change": "-5.13%"}, "1993": {"Average Stock Price": "17.5544", "Year Open": "16.9400", "Year High": "21.1250", "Year Low": "14.6900", "Year Close": "19.5000", "Annual % Change": "13.04%"}, "1992": {"Average Stock Price": "14.1628", "Year Open": "13.2500", "Year High": "17.7500", "Year Low": "11.8150", "Year Close": "17.2500", "Annual % Change": "27.17%"}, "1991": {"Average Stock Price": "13.2261", "Year Open": "13.0650", "Year High": "14.8750", "Year Low": "11.7500", "Year Close": "13.5650", "Annual % Change": "4.83%"}, "1990": {"Average Stock Price": "13.5371", "Year Open": "15.8750", "Year High": "16.6250", "Year Low": "10.9400", "Year Close": "12.9400", "Annual % Change": "-16.52%"}, "1989": {"Average Stock Price": "12.4622", "Year Open": "11.1250", "Year High": "16.3100", "Year Low": "10.4400", "Year Close": "15.5000", "Annual % Change": "39.33%"}, "1988": {"Average Stock Price": "11.4598", "Year Open": "12.7500", "Year High": "14.0000", "Year Low": "9.5600", "Year Close": "11.1250", "Annual % Change": "-6.32%"}, "1987": {"Average Stock Price": "15.9486", "Year Open": "13.2500", "Year High": "19.6250", "Year Low": "9.2500", "Year Close": "11.8750", "Annual % Change": "-7.77%"}, "1986": {"Average Stock Price": "15.9069", "Year Open": "17.0000", "Year High": "20.0600", "Year Low": "12.5000", "Year Close": "12.8750", "Annual % Change": "-24.53%"}, "1985": {"Average Stock Price": "16.2074", "Year Open": "16.5600", "Year High": "18.7500", "Year Low": "13.5600", "Year Close": "17.0600", "Annual % Change": "-2.18%"}, "1984": {"Average Stock Price": "17.5284", "Year Open": "22.9400", "Year High": "24.3100", "Year Low": "13.8100", "Year Close": "17.4400", "Annual % Change": "-24.17%"}, "1983": {"Average Stock Price": "20.3706", "Year Open": "14.7800", "Year High": "25.0000", "Year Low": "14.6250", "Year Close": "23.0000", "Annual % Change": "53.33%"}, "1982": {"Average Stock Price": "11.9594", "Year Open": "11.4375", "Year High": "17.5300", "Year Low": "8.8750", "Year Close": "15.0000", "Annual % Change": "30.10%"}, "1981": {"Average Stock Price": "12.2809", "Year Open": "12.6550", "Year High": "15.0625", "Year Low": "10.2175", "Year Close": "11.5300", "Annual % Change": "-9.57%"}, "1980": {"Average Stock Price": "8.4969", "Year Open": "6.0000", "Year High": "14.6875", "Year Low": "5.4050", "Year Close": "12.7500", "Annual % Change": "98.06%"}, "1979": {"Average Stock Price": "5.0181", "Year Open": "3.9375", "Year High": "6.4675", "Year Low": "3.9375", "Year Close": "6.4375", "Annual % Change": "64.75%"}, "1978": {"Average Stock Price": "4.3582", "Year Open": "3.9375", "Year High": "5.7500", "Year Low": "3.5325", "Year Close": "3.9075", "Annual % Change": "-2.31%"}, "1977": {"Average Stock Price": "4.3603", "Year Open": "4.3750", "Year High": "5.1250", "Year Low": "3.6875", "Year Close": "4.0000", "Annual % Change": "-9.19%"}, "1976": {"Average Stock Price": "4.3643", "Year Open": "2.6550", "Year High": "5.1250", "Year Low": "2.6550", "Year Close": "4.4050", "Annual % Change": "73.94%"}, "1975": {"Average Stock Price": "1.8814", "Year Open": "1.1875", "Year High": "2.6550", "Year Low": "1.1875", "Year Close": "2.5325", "Annual % Change": "145.28%"}, "1974": {"Average Stock Price": "1.7197", "Year Open": "1.9050", "Year High": "2.4075", "Year Low": "1.0000", "Year Close": "1.0325", "Annual % Change": "-45.80%"}}}, "market cap": {"value": "$3.75B"}, "income statement": {"Revenue": {"2020-06-30": "17634.33000", "2019-06-30": "19518.59000", "2018-06-30": "19036.89000", "2017-06-30": "17439.96000", "2016-06-30": "16740.60000", "2015-06-30": "17655.32000", "2014-06-30": "27499.65000", "2013-06-30": "25458.92000", "2012-06-30": "25707.52000", "2011-06-30": "26534.41000", "2010-06-30": "19160.17000", "2009-06-30": "16229.90000", "2008-06-30": "17952.71000", "2007-06-30": "15681.09000", "2006-06-30": "14253.63000", "2005-06-30": "11066.82000"}, "Cost Of Goods Sold": {"2020-06-30": "15570.88000", "2019-06-30": "17032.49000", "2018-06-30": "16509.71000", "2017-06-30": "15070.52000", "2016-06-30": "14662.65000", "2015-06-30": "15445.18000", "2014-06-30": "24273.92000", "2013-06-30": "22479.12000", "2012-06-30": "22656.96000", "2011-06-30": "23426.61000", "2010-06-30": "16879.96000", "2009-06-30": "14206.90000", "2008-06-30": "15638.99000", "2007-06-30": "13632.47000", "2006-06-30": "12414.65000", "2005-06-30": "9607.83300"}, "Gross Profit": {"2020-06-30": "2063.45500", "2019-06-30": "2486.10200", "2018-06-30": "2527.18600", "2017-06-30": "2369.44100", "2016-06-30": "2077.94600", "2015-06-30": "2210.13500", "2014-06-30": "3225.73000", "2013-06-30": "2979.80100", "2012-06-30": "3050.55700", "2011-06-30": "3107.80500", "2010-06-30": "2280.21700", "2009-06-30": "2022.99300", "2008-06-30": "2313.71600", "2007-06-30": "2048.61900", "2006-06-30": "1838.98200", "2005-06-30": "1458.98300"}, "Research And Development Expenses": {"2020-06-30": "", "2019-06-30": "", "2018-06-30": "", "2017-06-30": "", "2016-06-30": "", "2015-06-30": "", "2014-06-30": "", "2013-06-30": "", "2012-06-30": "", "2011-06-30": "", "2010-06-30": "", "2009-06-30": "", "2008-06-30": "", "2007-06-30": "", "2006-06-30": "", "2005-06-30": ""}, "SG&A Expenses": {"2020-06-30": "1842.12200", "2019-06-30": "1874.65100", "2018-06-30": "1991.40100", "2017-06-30": "1788.33000", "2016-06-30": "1460.27300", "2015-06-30": "1515.14100", "2014-06-30": "2341.16800", "2013-06-30": "2204.31900", "2012-06-30": "2092.80700", "2011-06-30": "2100.65000", "2010-06-30": "1619.19800", "2009-06-30": "1531.52200", "2008-06-30": "1564.00300", "2007-06-30": "1362.99300", "2006-06-30": "1344.92200", "2005-06-30": "1137.66700"}, "Other Operating Income Or Expenses": {"2020-06-30": "", "2019-06-30": "", "2018-06-30": "", "2017-06-30": "", "2016-06-30": "", "2015-06-30": "", "2014-06-30": "", "2013-06-30": "", "2012-06-30": "", "2011-06-30": "", "2010-06-30": "", "2009-06-30": "-1411.12700", "2008-06-30": "", "2007-06-30": "", "2006-06-30": "", "2005-06-30": ""}, "Operating Expenses": {"2020-06-30": "17638.96000", "2019-06-30": "19152.68000", "2018-06-30": "18827.67000", "2017-06-30": "16996.27000", "2016-06-30": "16167.68000", "2015-06-30": "17002.17000", "2014-06-30": "26709.71000", "2013-06-30": "24832.94000", "2012-06-30": "24823.36000", "2011-06-30": "25604.43000", "2010-06-30": "18524.57000", "2009-06-30": "17248.89000", "2008-06-30": "17241.94000", "2007-06-30": "15002.81000", "2006-06-30": "13820.55000", "2005-06-30": "10745.50000"}, "Operating Income": {"2020-06-30": "-4.62700", "2019-06-30": "365.91020", "2018-06-30": "209.22070", "2017-06-30": "443.69730", "2016-06-30": "572.91310", "2015-06-30": "653.14650", "2014-06-30": "789.93950", "2013-06-30": "625.98050", "2012-06-30": "884.16410", "2011-06-30": "929.97850", "2010-06-30": "635.59960", "2009-06-30": "-1018.99800", "2008-06-30": "710.77150", "2007-06-30": "678.27340", "2006-06-30": "433.07710", "2005-06-30": "321.31640"}, "Total Non-Operating Income/Expense": {"2020-06-30": "-123.47900", "2019-06-30": "-123.64300", "2018-06-30": "-64.14100", "2017-06-30": "-133.29300", "2016-06-30": "-94.89900", "2015-06-30": "-81.63500", "2014-06-30": "-88.81300", "2013-06-30": "-76.71600", "2012-06-30": "-93.38300", "2011-06-30": "-59.01300", "2010-06-30": "-50.51700", "2009-06-30": "-75.97000", "2008-06-30": "-17.36700", "2007-06-30": "-91.65400", "2006-06-30": "-116.93100", "2005-06-30": "-81.55700"}, "Pre-Tax Income": {"2020-06-30": "-128.10700", "2019-06-30": "242.26800", "2018-06-30": "145.07700", "2017-06-30": "310.40400", "2016-06-30": "478.01300", "2015-06-30": "571.51100", "2014-06-30": "701.12700", "2013-06-30": "549.26500", "2012-06-30": "790.78200", "2011-06-30": "870.96600", "2010-06-30": "585.08300", "2009-06-30": "-1094.96800", "2008-06-30": "693.40400", "2007-06-30": "586.61900", "2006-06-30": "316.14700", "2005-06-30": "239.75900"}, "Income Taxes": {"2020-06-30": "-98.57400", "2019-06-30": "62.15700", "2018-06-30": "287.96600", "2017-06-30": "47.05300", "2016-06-30": "87.10400", "2015-06-30": "86.13600", "2014-06-30": "155.52300", "2013-06-30": "99.19200", "2012-06-30": "223.76300", "2011-06-30": "201.89700", "2010-06-30": "174.71300", "2009-06-30": "34.74400", "2008-06-30": "203.82600", "2007-06-30": "193.55200", "2006-06-30": "111.60000", "2005-06-30": "71.52000"}, "Income After Taxes": {"2020-06-30": "-29.53300", "2019-06-30": "180.11100", "2018-06-30": "-142.88900", "2017-06-30": "263.35100", "2016-06-30": "390.90900", "2015-06-30": "485.37500", "2014-06-30": "545.60400", "2013-06-30": "450.07300", "2012-06-30": "567.01900", "2011-06-30": "669.06900", "2010-06-30": "410.37000", "2009-06-30": "-1129.71200", "2008-06-30": "489.57800", "2007-06-30": "393.06700", "2006-06-30": "204.54700", "2005-06-30": "168.23900"}, "Other Income": {"2020-06-30": "", "2019-06-30": "", "2018-06-30": "", "2017-06-30": "", "2016-06-30": "", "2015-06-30": "", "2014-06-30": "", "2013-06-30": "", "2012-06-30": "", "2011-06-30": "", "2010-06-30": "", "2009-06-30": "", "2008-06-30": "", "2007-06-30": "", "2006-06-30": "", "2005-06-30": ""}, "Income From Continuous Operations": {"2020-06-30": "-29.53300", "2019-06-30": "180.11100", "2018-06-30": "-142.88900", "2017-06-30": "263.35100", "2016-06-30": "390.90900", "2015-06-30": "485.37500", "2014-06-30": "545.60400", "2013-06-30": "450.07300", "2012-06-30": "567.01900", "2011-06-30": "669.06900", "2010-06-30": "410.37000", "2009-06-30": "-1129.71200", "2008-06-30": "489.57800", "2007-06-30": "393.06700", "2006-06-30": "204.54700", "2005-06-30": "168.23900"}, "Income From Discontinued Operations": {"2020-06-30": "-1.54800", "2019-06-30": "-3.77400", "2018-06-30": "-13.53500", "2017-06-30": "261.92700", "2016-06-30": "115.62200", "2015-06-30": "86.53800", "2014-06-30": "", "2013-06-30": "", "2012-06-30": "", "2011-06-30": "", "2010-06-30": "", "2009-06-30": "", "2008-06-30": "", "2007-06-30": "", "2006-06-30": "", "2005-06-30": ""}, "Net Income": {"2020-06-30": "-31.08100", "2019-06-30": "176.33700", "2018-06-30": "-156.42400", "2017-06-30": "525.27800", "2016-06-30": "506.53100", "2015-06-30": "571.91300", "2014-06-30": "545.60400", "2013-06-30": "450.07300", "2012-06-30": "567.01900", "2011-06-30": "669.06900", "2010-06-30": "410.37000", "2009-06-30": "-1129.71200", "2008-06-30": "489.57800", "2007-06-30": "393.06700", "2006-06-30": "204.54700", "2005-06-30": "168.23900"}, "EBITDA": {"2020-06-30": "382.36000", "2019-06-30": "738.83510", "2018-06-30": "631.07070", "2017-06-30": "599.05730", "2016-06-30": "652.50310", "2015-06-30": "735.33750", "2014-06-30": "927.12740", "2013-06-30": "746.65650", "2012-06-30": "985.50010", "2011-06-30": "1011.36700", "2010-06-30": "696.24260", "2009-06-30": "-953.21700", "2008-06-30": "769.61650", "2007-06-30": "732.04850", "2006-06-30": "499.60310", "2005-06-30": "383.06240"}, "EBIT": {"2020-06-30": "-4.62700", "2019-06-30": "365.91020", "2018-06-30": "209.22070", "2017-06-30": "443.69730", "2016-06-30": "572.91310", "2015-06-30": "653.14650", "2014-06-30": "789.93950", "2013-06-30": "625.98050", "2012-06-30": "884.16410", "2011-06-30": "929.97850", "2010-06-30": "635.59960", "2009-06-30": "-1018.99800", "2008-06-30": "710.77150", "2007-06-30": "678.27340", "2006-06-30": "433.07710", "2005-06-30": "321.31640"}, "Basic Shares Outstanding": {"2020-06-30": "100.47400", "2019-06-30": "109.82000", "2018-06-30": "119.90900", "2017-06-30": "127.03200", "2016-06-30": "130.85800", "2015-06-30": "136.68800", "2014-06-30": "137.99100", "2013-06-30": "137.95100", "2012-06-30": "147.27800", "2011-06-30": "152.48100", "2010-06-30": "151.62900", "2009-06-30": "150.89800", "2008-06-30": "150.25000", "2007-06-30": "148.03200", "2006-06-30": "145.94200", "2005-06-30": "120.62900"}, "Shares Outstanding": {"2020-06-30": "100.47400", "2019-06-30": "110.79800", "2018-06-30": "119.90900", "2017-06-30": "128.65100", "2016-06-30": "133.17300", "2015-06-30": "138.79100", "2014-06-30": "140.11900", "2013-06-30": "140.00300", "2012-06-30": "149.55300", "2011-06-30": "154.33700", "2010-06-30": "153.09300", "2009-06-30": "150.89800", "2008-06-30": "152.42000", "2007-06-30": "149.61300", "2006-06-30": "147.15000", "2005-06-30": "121.46900"}, "Basic EPS": {"2020-06-30": "-0.31000", "2019-06-30": "1.61000", "2018-06-30": "-1.30000", "2017-06-30": "4.13000", "2016-06-30": "3.87000", "2015-06-30": "4.18000", "2014-06-30": "3.95000", "2013-06-30": "3.26000", "2012-06-30": "3.85000", "2011-06-30": "4.39000", "2010-06-30": "2.71000", "2009-06-30": "-7.49000", "2008-06-30": "3.26000", "2007-06-30": "2.65000", "2006-06-30": "1.40000", "2005-06-30": "1.39000"}, "EPS - Earnings Per Share": {"2020-06-30": "-0.31000", "2019-06-30": "1.59000", "2018-06-30": "-1.30000", "2017-06-30": "4.08000", "2016-06-30": "3.80000", "2015-06-30": "4.12000", "2014-06-30": "3.89000", "2013-06-30": "3.21000", "2012-06-30": "3.79000", "2011-06-30": "4.34000", "2010-06-30": "2.68000", "2009-06-30": "-7.49000", "2008-06-30": "3.21000", "2007-06-30": "2.63000", "2006-06-30": "1.39000", "2005-06-30": "1.39000"}}, "income statement, quarterly": {"Revenue": {"2020-12-31": "4668.17200", "2020-09-30": "4723.05900", "2020-06-30": "4159.69800", "2020-03-31": "4309.81800", "2019-12-31": "4534.80600", "2019-09-30": "4630.00900", "2019-06-30": "4680.90800", "2019-03-31": "4698.82400", "2018-12-31": "5048.98000", "2018-09-30": "5089.87900", "2018-06-30": "5059.22100", "2018-03-31": "4795.09300", "2017-12-31": "4521.63600", "2017-09-30": "4660.94300", "2017-06-30": "4606.40400", "2017-03-31": "4441.89600", "2016-12-31": "4273.55900", "2016-09-30": "4118.10400", "2016-06-30": "6226.81200", "2016-03-31": "4081.96100", "2015-12-31": "4161.08200", "2015-09-30": "4600.80200", "2015-06-30": "6796.33100", "2015-03-31": "6736.86000", "2014-12-31": "7551.88000", "2014-09-30": "6839.58700", "2014-06-30": "7048.71000", "2014-03-31": "6683.61600", "2013-12-31": "7421.85400", "2013-09-30": "6345.47500", "2013-06-30": "6590.70300", "2013-03-31": "6298.69900", "2012-12-31": "6699.46500", "2012-09-30": "5870.05700", "2012-06-30": "6307.38600", "2012-03-31": "6280.55700", "2011-12-31": "6693.57300", "2011-09-30": "6426.00600", "2011-06-30": "6912.12500", "2011-03-31": "6672.40400", "2010-12-31": "6767.49500", "2010-09-30": "6182.38800", "2010-06-30": "5213.82500", "2010-03-31": "4756.78600", "2009-12-31": "4834.52400", "2009-09-30": "4355.03600", "2009-06-30": "3765.43300", "2009-03-31": "3700.83600", "2008-12-31": "4269.17800", "2008-09-30": "4494.45000", "2008-06-30": "4679.20000", "2008-03-31": "4421.64500", "2007-12-31": "4753.14500", "2007-09-30": "4098.71800", "2007-06-30": "4237.24600", "2007-03-31": "3904.26200", "2006-12-31": "3891.18000", "2006-09-30": "3648.40000", "2006-06-30": "3611.61100", "2006-03-31": "3614.64200", "2005-12-31": "3759.11200", "2005-09-30": "3268.26500", "2005-06-30": "2825.40100", "2005-03-31": "2758.25900"}, "Cost Of Goods Sold": {"2020-12-31": "4156.91900", "2020-09-30": "4206.97900", "2020-06-30": "3684.62900", "2020-03-31": "3790.88500", "2019-12-31": "4009.19300", "2019-09-30": "4086.17000", "2019-06-30": "4085.78500", "2019-03-31": "4074.62900", "2018-12-31": "4418.94700", "2018-09-30": "4453.12900", "2018-06-30": "4400.58800", "2018-03-31": "4141.55600", "2017-12-31": "3919.17500", "2017-09-30": "4048.38800", "2017-06-30": "3975.78800", "2017-03-31": "3811.91000", "2016-12-31": "3687.37400", "2016-09-30": "3595.44900", "2016-06-30": "5495.77300", "2016-03-31": "3561.01900", "2015-12-31": "3656.02400", "2015-09-30": "4037.54600", "2015-06-30": "6010.53500", "2015-03-31": "5962.50600", "2014-12-31": "6714.37400", "2014-09-30": "6044.12400", "2014-06-30": "6211.69300", "2014-03-31": "5878.70400", "2013-12-31": "6573.22100", "2013-09-30": "5610.30500", "2013-06-30": "5819.76500", "2013-03-31": "5542.67600", "2012-12-31": "5931.00200", "2012-09-30": "5185.68000", "2012-06-30": "5548.36200", "2012-03-31": "5526.75300", "2011-12-31": "5909.43900", "2011-09-30": "5672.40900", "2011-06-30": "6087.27400", "2011-03-31": "5885.78900", "2010-12-31": "5994.30100", "2010-09-30": "5459.24300", "2010-06-30": "4568.02500", "2010-03-31": "4173.99900", "2009-12-31": "4282.63300", "2009-09-30": "3855.29800", "2009-06-30": "3322.58800", "2009-03-31": "3238.36600", "2008-12-31": "3735.66600", "2008-09-30": "3910.28300", "2008-06-30": "4067.39000", "2008-03-31": "3842.91800", "2007-12-31": "4156.49300", "2007-09-30": "3572.19000", "2007-06-30": "3685.65900", "2007-03-31": "3369.46500", "2006-12-31": "3397.30900", "2006-09-30": "3180.03500", "2006-06-30": "3129.75200", "2006-03-31": "3142.58800", "2005-12-31": "3297.27600", "2005-09-30": "2845.03200", "2005-06-30": "2454.47600", "2005-03-31": "2393.69100"}, "Gross Profit": {"2020-12-31": "511.25290", "2020-09-30": "516.08010", "2020-06-30": "475.06930", "2020-03-31": "518.93290", "2019-12-31": "525.61300", "2019-09-30": "543.83890", "2019-06-30": "595.12300", "2019-03-31": "624.19530", "2018-12-31": "630.03320", "2018-09-30": "636.75000", "2018-06-30": "658.63330", "2018-03-31": "653.53660", "2017-12-31": "602.46120", "2017-09-30": "612.55490", "2017-06-30": "630.61550", "2017-03-31": "629.98610", "2016-12-31": "586.18510", "2016-09-30": "522.65500", "2016-06-30": "731.03910", "2016-03-31": "520.94190", "2015-12-31": "505.05810", "2015-09-30": "563.25590", "2015-06-30": "785.79590", "2015-03-31": "774.35400", "2014-12-31": "837.50590", "2014-09-30": "795.46290", "2014-06-30": "837.01760", "2014-03-31": "804.91210", "2013-12-31": "848.63280", "2013-09-30": "735.16990", "2013-06-30": "770.93750", "2013-03-31": "756.02340", "2012-12-31": "768.46290", "2012-09-30": "684.37700", "2012-06-30": "759.02340", "2012-03-31": "753.80420", "2011-12-31": "784.13430", "2011-09-30": "753.59670", "2011-06-30": "824.85010", "2011-03-31": "786.61470", "2010-12-31": "773.19430", "2010-09-30": "723.14500", "2010-06-30": "645.79980", "2010-03-31": "582.78710", "2009-12-31": "551.89110", "2009-09-30": "499.73800", "2009-06-30": "442.84450", "2009-03-31": "462.47000", "2008-12-31": "533.51220", "2008-09-30": "584.16720", "2008-06-30": "611.81010", "2008-03-31": "578.72710", "2007-12-31": "596.65190", "2007-09-30": "526.52780", "2007-06-30": "551.58670", "2007-03-31": "534.79690", "2006-12-31": "493.87080", "2006-09-30": "468.36500", "2006-06-30": "481.85940", "2006-03-31": "472.05420", "2005-12-31": "461.83620", "2005-09-30": "423.23290", "2005-06-30": "370.92530", "2005-03-31": "364.56810"}, "Research And Development Expenses": {"2020-12-31": "", "2020-09-30": "", "2020-06-30": "", "2020-03-31": "", "2019-12-31": "", "2019-09-30": "", "2019-06-30": "", "2019-03-31": "", "2018-12-31": "", "2018-09-30": "", "2018-06-30": "", "2018-03-31": "", "2017-12-31": "", "2017-09-30": "", "2017-06-30": "", "2017-03-31": "", "2016-12-31": "", "2016-09-30": "", "2016-06-30": "", "2016-03-31": "", "2015-12-31": "", "2015-09-30": "", "2015-06-30": "", "2015-03-31": "", "2014-12-31": "", "2014-09-30": "", "2014-06-30": "", "2014-03-31": "", "2013-12-31": "", "2013-09-30": "", "2013-06-30": "", "2013-03-31": "", "2012-12-31": "", "2012-09-30": "", "2012-06-30": "", "2012-03-31": "", "2011-12-31": "", "2011-09-30": "", "2011-06-30": "", "2011-03-31": "", "2010-12-31": "", "2010-09-30": "", "2010-06-30": "", "2010-03-31": "", "2009-12-31": "", "2009-09-30": "", "2009-06-30": "", "2009-03-31": "", "2008-12-31": "", "2008-09-30": "", "2008-06-30": "", "2008-03-31": "", "2007-12-31": "", "2007-09-30": "", "2007-06-30": "", "2007-03-31": "", "2006-12-31": "", "2006-09-30": "", "2006-06-30": "", "2006-03-31": "", "2005-12-31": "", "2005-09-30": "", "2005-06-30": "", "2005-03-31": ""}, "SG&A Expenses": {"2020-12-31": "442.08400", "2020-09-30": "471.15800", "2020-06-30": "451.10000", "2020-03-31": "469.64600", "2019-12-31": "464.87300", "2019-09-30": "456.50300", "2019-06-30": "459.61100", "2019-03-31": "468.17100", "2018-12-31": "471.72300", "2018-09-30": "475.14600", "2018-06-30": "500.25490", "2018-03-31": "505.47100", "2017-12-31": "484.08200", "2017-09-30": "501.59300", "2017-06-30": "512.91290", "2017-03-31": "480.19000", "2016-12-31": "431.55500", "2016-09-30": "363.67200", "2016-06-30": "542.10000", "2016-03-31": "362.06400", "2015-12-31": "354.85800", "2015-09-30": "380.75100", "2015-06-30": "561.58500", "2015-03-31": "555.14800", "2014-12-31": "573.96200", "2014-09-30": "583.94600", "2014-06-30": "604.47890", "2014-03-31": "593.98600", "2013-12-31": "598.61900", "2013-09-30": "544.08400", "2013-06-30": "548.26710", "2013-03-31": "561.07200", "2012-12-31": "547.98400", "2012-09-30": "546.99600", "2012-06-30": "525.11290", "2012-03-31": "518.42100", "2011-12-31": "518.74000", "2011-09-30": "530.53300", "2011-06-30": "553.94900", "2011-03-31": "529.60500", "2010-12-31": "516.48000", "2010-09-30": "500.61600", "2010-06-30": "428.70800", "2010-03-31": "408.22000", "2009-12-31": "389.60400", "2009-09-30": "392.66600", "2009-06-30": "357.57300", "2009-03-31": "374.22100", "2008-12-31": "380.17400", "2008-09-30": "419.55400", "2008-06-30": "401.91200", "2008-03-31": "411.97400", "2007-12-31": "388.78500", "2007-09-30": "361.33200", "2007-06-30": "355.82700", "2007-03-31": "353.71700", "2006-12-31": "330.05500", "2006-09-30": "323.39400", "2006-06-30": "330.05600", "2006-03-31": "334.64500", "2005-12-31": "341.45100", "2005-09-30": "338.77000", "2005-06-30": "285.18900", "2005-03-31": "286.03700"}, "Other Operating Income Or Expenses": {"2020-12-31": "", "2020-09-30": "", "2020-06-30": "", "2020-03-31": "", "2019-12-31": "", "2019-09-30": "", "2019-06-30": "", "2019-03-31": "", "2018-12-31": "", "2018-09-30": "", "2018-06-30": "", "2018-03-31": "", "2017-12-31": "", "2017-09-30": "", "2017-06-30": "", "2017-03-31": "", "2016-12-31": "", "2016-09-30": "", "2016-06-30": "", "2016-03-31": "", "2015-12-31": "", "2015-09-30": "", "2015-06-30": "", "2015-03-31": "", "2014-12-31": "", "2014-09-30": "", "2014-06-30": "", "2014-03-31": "", "2013-12-31": "", "2013-09-30": "", "2013-06-30": "", "2013-03-31": "", "2012-12-31": "", "2012-09-30": "", "2012-06-30": "", "2012-03-31": "", "2011-12-31": "", "2011-09-30": "", "2011-06-30": "", "2011-03-31": "", "2010-12-31": "", "2010-09-30": "", "2010-06-30": "", "2010-03-31": "", "2009-12-31": "", "2009-09-30": "", "2009-06-30": "-62.28200", "2009-03-31": "", "2008-12-31": "-1348.84500", "2008-09-30": "", "2008-06-30": "", "2008-03-31": "", "2007-12-31": "", "2007-09-30": "", "2007-06-30": "", "2007-03-31": "", "2006-12-31": "", "2006-09-30": "", "2006-06-30": "", "2006-03-31": "", "2005-12-31": "", "2005-09-30": "", "2005-06-30": "", "2005-03-31": ""}, "Operating Expenses": {"2020-12-31": "4610.95100", "2020-09-30": "4704.55700", "2020-06-30": "4157.77900", "2020-03-31": "4425.57800", "2019-12-31": "4488.33100", "2019-09-30": "4567.27100", "2019-06-30": "4710.95100", "2019-03-31": "4545.73900", "2018-12-31": "4952.93000", "2018-09-30": "4943.06300", "2018-06-30": "4937.68900", "2018-03-31": "4853.58700", "2017-12-31": "4440.01900", "2017-09-30": "4596.37500", "2017-06-30": "4530.73300", "2017-03-31": "4327.61300", "2016-12-31": "4149.32900", "2016-09-30": "3988.59000", "2016-06-30": "6053.83900", "2016-03-31": "3931.93700", "2015-12-31": "4024.96500", "2015-09-30": "4430.81500", "2015-06-30": "6615.85400", "2015-03-31": "6533.14800", "2014-12-31": "7301.59300", "2014-09-30": "6646.39000", "2014-06-30": "6844.17100", "2014-03-31": "6498.77300", "2013-12-31": "7200.28200", "2013-09-30": "6166.48800", "2013-06-30": "6427.87900", "2013-03-31": "6131.08900", "2012-12-31": "6503.89200", "2012-09-30": "5770.08400", "2012-06-30": "6093.94800", "2012-03-31": "6063.78300", "2011-12-31": "6462.68400", "2011-09-30": "6202.94200", "2011-06-30": "6644.94700", "2011-03-31": "6431.66700", "2010-12-31": "6539.89300", "2010-09-30": "5987.92600", "2010-06-30": "4996.73400", "2010-03-31": "4589.56600", "2009-12-31": "4672.23700", "2009-09-30": "4266.03600", "2009-06-30": "3785.96700", "2009-03-31": "3645.26600", "2008-12-31": "5477.83400", "2008-09-30": "4339.82800", "2008-06-30": "4508.24300", "2008-03-31": "4254.89200", "2007-12-31": "4545.27800", "2007-09-30": "3933.52200", "2007-06-30": "4040.31700", "2007-03-31": "3731.70300", "2006-12-31": "3727.36400", "2006-09-30": "3503.42900", "2006-06-30": "3466.58900", "2006-03-31": "3492.76200", "2005-12-31": "3663.61400", "2005-09-30": "3197.58800", "2005-06-30": "2739.66500", "2005-03-31": "2679.72800"}, "Operating Income": {"2020-12-31": "57.22070", "2020-09-30": "18.50200", "2020-06-30": "1.91940", "2020-03-31": "-115.76030", "2019-12-31": "46.47510", "2019-09-30": "62.73780", "2019-06-30": "-30.04250", "2019-03-31": "153.08540", "2018-12-31": "96.05030", "2018-09-30": "146.81590", "2018-06-30": "121.53170", "2018-03-31": "-58.49460", "2017-12-31": "81.61720", "2017-09-30": "64.56790", "2017-06-30": "75.67040", "2017-03-31": "114.28270", "2016-12-31": "124.23000", "2016-09-30": "129.51390", "2016-06-30": "172.97310", "2016-03-31": "150.02390", "2015-12-31": "136.11720", "2015-09-30": "169.98680", "2015-06-30": "180.47710", "2015-03-31": "203.71190", "2014-12-31": "250.28710", "2014-09-30": "193.19730", "2014-06-30": "204.53960", "2014-03-31": "184.84330", "2013-12-31": "221.57180", "2013-09-30": "178.98680", "2013-06-30": "162.82320", "2013-03-31": "167.61040", "2012-12-31": "195.57320", "2012-09-30": "99.97270", "2012-06-30": "213.43750", "2012-03-31": "216.77440", "2011-12-31": "230.88960", "2011-09-30": "223.06350", "2011-06-30": "267.17770", "2011-03-31": "240.73680", "2010-12-31": "227.60250", "2010-09-30": "194.46190", "2010-06-30": "217.09130", "2010-03-31": "167.21970", "2009-12-31": "162.28710", "2009-09-30": "89.00050", "2009-06-30": "-20.53420", "2009-03-31": "55.57010", "2008-12-31": "-1208.65600", "2008-09-30": "154.62210", "2008-06-30": "170.95750", "2008-03-31": "166.75290", "2007-12-31": "207.86670", "2007-09-30": "165.19580", "2007-06-30": "196.92850", "2007-03-31": "172.55880", "2006-12-31": "163.81590", "2006-09-30": "144.97090", "2006-06-30": "145.02170", "2006-03-31": "121.88010", "2005-12-31": "95.49830", "2005-09-30": "70.67700", "2005-06-30": "85.73680", "2005-03-31": "78.53100"}, "Total Non-Operating Income/Expense": {"2020-12-31": "-22.81800", "2020-09-30": "-41.79900", "2020-06-30": "-16.58600", "2020-03-31": "-42.32600", "2019-12-31": "-35.86700", "2019-09-30": "-28.70000", "2019-06-30": "-33.00200", "2019-03-31": "-27.52200", "2018-12-31": "-31.13400", "2018-09-30": "-31.98500", "2018-06-30": "-28.00100", "2018-03-31": "-13.56900", "2017-12-31": "-19.47700", "2017-09-30": "-3.09400", "2017-06-30": "-20.96600", "2017-03-31": "-8.09500", "2016-12-31": "-63.26200", "2016-09-30": "-40.97000", "2016-06-30": "-37.71400", "2016-03-31": "-19.93500", "2015-12-31": "-23.01700", "2015-09-30": "-21.15000", "2015-06-30": "-26.80900", "2015-03-31": "-32.81600", "2014-12-31": "-30.19000", "2014-09-30": "-24.89300", "2014-06-30": "-28.89800", "2014-03-31": "-19.85000", "2013-12-31": "-33.02000", "2013-09-30": "-7.04500", "2013-06-30": "-35.68600", "2013-03-31": "-23.23500", "2012-12-31": "-26.67900", "2012-09-30": "8.88400", "2012-06-30": "-27.43400", "2012-03-31": "-15.85100", "2011-12-31": "-22.85100", "2011-09-30": "-27.24700", "2011-06-30": "-17.16600", "2011-03-31": "-27.57600", "2010-12-31": "-24.60800", "2010-09-30": "10.33700", "2010-06-30": "-16.92400", "2010-03-31": "-10.62600", "2009-12-31": "-10.60200", "2009-09-30": "-12.36500", "2009-06-30": "-3.68600", "2009-03-31": "-29.72400", "2008-12-31": "-20.90800", "2008-09-30": "-21.65200", "2008-06-30": "8.25400", "2008-03-31": "-12.47800", "2007-12-31": "-2.01600", "2007-09-30": "-11.12700", "2007-06-30": "-16.15800", "2007-03-31": "-14.49200", "2006-12-31": "-15.10600", "2006-09-30": "-45.89800", "2006-06-30": "-48.80100", "2006-03-31": "-14.45800", "2005-12-31": "-20.15500", "2005-09-30": "-33.51700", "2005-06-30": "-20.71500", "2005-03-31": "-19.10300"}, "Pre-Tax Income": {"2020-12-31": "34.40300", "2020-09-30": "-23.29700", "2020-06-30": "-14.66700", "2020-03-31": "-158.08600", "2019-12-31": "10.60800", "2019-09-30": "34.03800", "2019-06-30": "-63.04200", "2019-03-31": "125.56300", "2018-12-31": "64.91600", "2018-09-30": "114.83100", "2018-06-30": "93.52600", "2018-03-31": "-72.06300", "2017-12-31": "62.14000", "2017-09-30": "61.47400", "2017-06-30": "54.70400", "2017-03-31": "106.18800", "2016-12-31": "60.96800", "2016-09-30": "88.54400", "2016-06-30": "135.25900", "2016-03-31": "130.08900", "2015-12-31": "113.10000", "2015-09-30": "148.83700", "2015-06-30": "153.66800", "2015-03-31": "170.89600", "2014-12-31": "220.09700", "2014-09-30": "168.30400", "2014-06-30": "175.64000", "2014-03-31": "164.99300", "2013-12-31": "188.55200", "2013-09-30": "171.94200", "2013-06-30": "127.13900", "2013-03-31": "144.37500", "2012-12-31": "168.89400", "2012-09-30": "108.85700", "2012-06-30": "186.00400", "2012-03-31": "200.92300", "2011-12-31": "208.03800", "2011-09-30": "195.81700", "2011-06-30": "250.01200", "2011-03-31": "213.16100", "2010-12-31": "202.99400", "2010-09-30": "204.79900", "2010-06-30": "200.16900", "2010-03-31": "156.59400", "2009-12-31": "151.68500", "2009-09-30": "76.63500", "2009-06-30": "-24.22000", "2009-03-31": "25.84600", "2008-12-31": "-1229.56400", "2008-09-30": "132.97000", "2008-06-30": "179.20900", "2008-03-31": "154.27500", "2007-12-31": "205.85100", "2007-09-30": "154.06900", "2007-06-30": "180.76900", "2007-03-31": "158.06700", "2006-12-31": "148.71000", "2006-09-30": "99.07300", "2006-06-30": "96.22200", "2006-03-31": "107.42200", "2005-12-31": "75.34300", "2005-09-30": "37.16000", "2005-06-30": "65.02100", "2005-03-31": "59.42800"}, "Income Taxes": {"2020-12-31": "15.24000", "2020-09-30": "-4.40800", "2020-06-30": "-68.37500", "2020-03-31": "-29.42500", "2019-12-31": "6.94000", "2019-09-30": "-7.71400", "2019-06-30": "-27.91400", "2019-03-31": "30.62800", "2018-12-31": "28.14100", "2018-09-30": "31.30200", "2018-06-30": "35.78700", "2018-03-31": "243.54100", "2017-12-31": "5.34600", "2017-09-30": "3.29200", "2017-06-30": "-18.57400", "2017-03-31": "16.26800", "2016-12-31": "28.50300", "2016-09-30": "20.85600", "2016-06-30": "38.45300", "2016-03-31": "22.29700", "2015-12-31": "10.95900", "2015-09-30": "37.84900", "2015-06-30": "-5.06500", "2015-03-31": "49.36700", "2014-12-31": "56.39100", "2014-09-30": "40.35800", "2014-06-30": "-10.62500", "2014-03-31": "51.14200", "2013-12-31": "63.68800", "2013-09-30": "51.31800", "2013-06-30": "1.04800", "2013-03-31": "58.17900", "2012-12-31": "31.41300", "2012-09-30": "8.55200", "2012-06-30": "52.60000", "2012-03-31": "53.36100", "2011-12-31": "61.01500", "2011-09-30": "56.78700", "2011-06-30": "11.18200", "2011-03-31": "62.13000", "2010-12-31": "61.96000", "2010-09-30": "66.62500", "2010-06-30": "59.05000", "2010-03-31": "42.08900", "2009-12-31": "47.83400", "2009-09-30": "25.74000", "2009-06-30": "6.65800", "2009-03-31": "10.05000", "2008-12-31": "-24.59500", "2008-09-30": "42.63100", "2008-06-30": "44.61800", "2008-03-31": "47.03100", "2007-12-31": "63.64500", "2007-09-30": "48.53200", "2007-06-30": "56.11200", "2007-03-31": "52.88800", "2006-12-31": "49.62200", "2006-09-30": "34.93000", "2006-06-30": "37.37500", "2006-03-31": "36.25500", "2005-12-31": "25.70700", "2005-09-30": "12.26300", "2005-06-30": "17.77100", "2005-03-31": "18.28000"}, "Income After Taxes": {"2020-12-31": "19.16300", "2020-09-30": "-18.88900", "2020-06-30": "53.70800", "2020-03-31": "-128.66100", "2019-12-31": "3.66800", "2019-09-30": "41.75200", "2019-06-30": "-35.12800", "2019-03-31": "94.93500", "2018-12-31": "36.77500", "2018-09-30": "83.52900", "2018-06-30": "57.73900", "2018-03-31": "-315.60400", "2017-12-31": "56.79400", "2017-09-30": "58.18200", "2017-06-30": "73.27800", "2017-03-31": "89.92000", "2016-12-31": "32.46500", "2016-09-30": "67.68800", "2016-06-30": "96.80600", "2016-03-31": "107.79200", "2015-12-31": "102.14100", "2015-09-30": "110.98800", "2015-06-30": "158.73300", "2015-03-31": "121.52900", "2014-12-31": "163.70600", "2014-09-30": "127.94600", "2014-06-30": "186.26500", "2014-03-31": "113.85100", "2013-12-31": "124.86400", "2013-09-30": "120.62400", "2013-06-30": "126.09100", "2013-03-31": "86.19600", "2012-12-31": "137.48100", "2012-09-30": "100.30500", "2012-06-30": "133.40400", "2012-03-31": "147.56200", "2011-12-31": "147.02300", "2011-09-30": "139.03000", "2011-06-30": "238.83000", "2011-03-31": "151.03100", "2010-12-31": "141.03400", "2010-09-30": "138.17400", "2010-06-30": "141.11900", "2010-03-31": "114.50500", "2009-12-31": "103.85100", "2009-09-30": "50.89500", "2009-06-30": "-30.87810", "2009-03-31": "15.79600", "2008-12-31": "-1204.96900", "2008-09-30": "90.33900", "2008-06-30": "134.59100", "2008-03-31": "107.24400", "2007-12-31": "142.20600", "2007-09-30": "105.53700", "2007-06-30": "124.65700", "2007-03-31": "105.17900", "2006-12-31": "99.08800", "2006-09-30": "64.14300", "2006-06-30": "58.84700", "2006-03-31": "71.16700", "2005-12-31": "49.63600", "2005-09-30": "24.89700", "2005-06-30": "47.25000", "2005-03-31": "41.14800"}, "Other Income": {"2020-12-31": "", "2020-09-30": "", "2020-06-30": "", "2020-03-31": "", "2019-12-31": "", "2019-09-30": "", "2019-06-30": "", "2019-03-31": "", "2018-12-31": "", "2018-09-30": "", "2018-06-30": "", "2018-03-31": "", "2017-12-31": "", "2017-09-30": "", "2017-06-30": "", "2017-03-31": "", "2016-12-31": "", "2016-09-30": "", "2016-06-30": "", "2016-03-31": "", "2015-12-31": "", "2015-09-30": "", "2015-06-30": "", "2015-03-31": "", "2014-12-31": "", "2014-09-30": "", "2014-06-30": "", "2014-03-31": "", "2013-12-31": "", "2013-09-30": "", "2013-06-30": "", "2013-03-31": "", "2012-12-31": "", "2012-09-30": "", "2012-06-30": "", "2012-03-31": "", "2011-12-31": "", "2011-09-30": "", "2011-06-30": "", "2011-03-31": "", "2010-12-31": "", "2010-09-30": "", "2010-06-30": "", "2010-03-31": "", "2009-12-31": "", "2009-09-30": "", "2009-06-30": "", "2009-03-31": "", "2008-12-31": "", "2008-09-30": "", "2008-06-30": "", "2008-03-31": "", "2007-12-31": "", "2007-09-30": "", "2007-06-30": "", "2007-03-31": "", "2006-12-31": "", "2006-09-30": "", "2006-06-30": "", "2006-03-31": "", "2005-12-31": "", "2005-09-30": "", "2005-06-30": "", "2005-03-31": ""}, "Income From Continuous Operations": {"2020-12-31": "19.16300", "2020-09-30": "-18.88900", "2020-06-30": "53.70800", "2020-03-31": "-128.66100", "2019-12-31": "3.66800", "2019-09-30": "41.75200", "2019-06-30": "-35.12800", "2019-03-31": "94.93500", "2018-12-31": "36.77500", "2018-09-30": "83.52900", "2018-06-30": "57.73900", "2018-03-31": "-315.60400", "2017-12-31": "56.79400", "2017-09-30": "58.18200", "2017-06-30": "73.27800", "2017-03-31": "89.92000", "2016-12-31": "32.46500", "2016-09-30": "67.68800", "2016-06-30": "96.80600", "2016-03-31": "107.79200", "2015-12-31": "102.14100", "2015-09-30": "110.98800", "2015-06-30": "158.73300", "2015-03-31": "121.52900", "2014-12-31": "163.70600", "2014-09-30": "127.94600", "2014-06-30": "186.26500", "2014-03-31": "113.85100", "2013-12-31": "124.86400", "2013-09-30": "120.62400", "2013-06-30": "126.09100", "2013-03-31": "86.19600", "2012-12-31": "137.48100", "2012-09-30": "100.30500", "2012-06-30": "133.40400", "2012-03-31": "147.56200", "2011-12-31": "147.02300", "2011-09-30": "139.03000", "2011-06-30": "238.83000", "2011-03-31": "151.03100", "2010-12-31": "141.03400", "2010-09-30": "138.17400", "2010-06-30": "141.11900", "2010-03-31": "114.50500", "2009-12-31": "103.85100", "2009-09-30": "50.89500", "2009-06-30": "-30.87810", "2009-03-31": "15.79600", "2008-12-31": "-1204.96900", "2008-09-30": "90.33900", "2008-06-30": "134.59100", "2008-03-31": "107.24400", "2007-12-31": "142.20600", "2007-09-30": "105.53700", "2007-06-30": "124.65700", "2007-03-31": "105.17900", "2006-12-31": "99.08800", "2006-09-30": "64.14300", "2006-06-30": "58.84700", "2006-03-31": "71.16700", "2005-12-31": "49.63600", "2005-09-30": "24.89700", "2005-06-30": "47.25000", "2005-03-31": "41.14800"}, "Income From Discontinued Operations": {"2020-12-31": "", "2020-09-30": "", "2020-06-30": "", "2020-03-31": "", "2019-12-31": "", "2019-09-30": "", "2019-06-30": "3.29200", "2019-03-31": "-6.88700", "2018-12-31": "-0.37400", "2018-09-30": "0.19500", "2018-06-30": "0.87600", "2018-03-31": "-4.46200", "2017-12-31": "-10.07000", "2017-09-30": "0.12100", "2017-06-30": "8.16800", "2017-03-31": "181.85100", "2016-12-31": "70.75300", "2016-09-30": "1.15500", "2016-06-30": "26.81800", "2016-03-31": "15.66700", "2015-12-31": "53.87100", "2015-09-30": "19.26600", "2015-06-30": "", "2015-03-31": "", "2014-12-31": "", "2014-09-30": "", "2014-06-30": "", "2014-03-31": "", "2013-12-31": "", "2013-09-30": "", "2013-06-30": "", "2013-03-31": "", "2012-12-31": "", "2012-09-30": "", "2012-06-30": "", "2012-03-31": "", "2011-12-31": "", "2011-09-30": "", "2011-06-30": "", "2011-03-31": "", "2010-12-31": "", "2010-09-30": "", "2010-06-30": "", "2010-03-31": "", "2009-12-31": "", "2009-09-30": "", "2009-06-30": "", "2009-03-31": "", "2008-12-31": "", "2008-09-30": "", "2008-06-30": "", "2008-03-31": "", "2007-12-31": "", "2007-09-30": "", "2007-06-30": "", "2007-03-31": "", "2006-12-31": "", "2006-09-30": "", "2006-06-30": "", "2006-03-31": "", "2005-12-31": "", "2005-09-30": "", "2005-06-30": "", "2005-03-31": ""}, "Net Income": {"2020-12-31": "19.16300", "2020-09-30": "-18.88900", "2020-06-30": "52.16000", "2020-03-31": "-128.66100", "2019-12-31": "3.66800", "2019-09-30": "41.75200", "2019-06-30": "-31.83600", "2019-03-31": "88.04800", "2018-12-31": "36.40100", "2018-09-30": "83.72400", "2018-06-30": "58.61500", "2018-03-31": "-320.06600", "2017-12-31": "46.72400", "2017-09-30": "58.30300", "2017-06-30": "81.44600", "2017-03-31": "271.77100", "2016-12-31": "103.21800", "2016-09-30": "68.84300", "2016-06-30": "96.80600", "2016-03-31": "123.45900", "2015-12-31": "156.01200", "2015-09-30": "130.25400", "2015-06-30": "158.73300", "2015-03-31": "121.52900", "2014-12-31": "163.70600", "2014-09-30": "127.94600", "2014-06-30": "186.26500", "2014-03-31": "113.85100", "2013-12-31": "124.86400", "2013-09-30": "120.62400", "2013-06-30": "126.09100", "2013-03-31": "86.19600", "2012-12-31": "137.48100", "2012-09-30": "100.30500", "2012-06-30": "133.40400", "2012-03-31": "147.56200", "2011-12-31": "147.02300", "2011-09-30": "139.03000", "2011-06-30": "238.83000", "2011-03-31": "151.03100", "2010-12-31": "141.03400", "2010-09-30": "138.17400", "2010-06-30": "141.11900", "2010-03-31": "114.50500", "2009-12-31": "103.85100", "2009-09-30": "50.89500", "2009-06-30": "-30.87810", "2009-03-31": "15.79600", "2008-12-31": "-1204.96900", "2008-09-30": "90.33900", "2008-06-30": "134.59100", "2008-03-31": "107.24400", "2007-12-31": "142.20600", "2007-09-30": "105.53700", "2007-06-30": "124.65700", "2007-03-31": "105.17900", "2006-12-31": "99.08800", "2006-09-30": "64.14300", "2006-06-30": "58.84700", "2006-03-31": "71.16700", "2005-12-31": "49.63600", "2005-09-30": "24.89700", "2005-06-30": "47.25000", "2005-03-31": "41.14800"}, "EBITDA": {"2020-12-31": "103.76670", "2020-09-30": "74.54300", "2020-06-30": "58.73540", "2020-03-31": "91.97780", "2019-12-31": "108.48910", "2019-09-30": "123.15680", "2019-06-30": "207.06750", "2019-03-31": "199.55650", "2018-12-31": "139.19530", "2018-09-30": "193.01490", "2018-06-30": "177.97070", "2018-03-31": "182.15040", "2017-12-31": "142.61420", "2017-09-30": "128.33690", "2017-06-30": "133.04540", "2017-03-31": "154.89270", "2016-12-31": "159.98100", "2016-09-30": "151.13790", "2016-06-30": "195.87410", "2016-03-31": "168.68790", "2015-12-31": "154.96920", "2015-09-30": "189.15980", "2015-06-30": "159.11900", "2015-03-31": "238.29890", "2014-12-31": "284.55810", "2014-09-30": "227.88830", "2014-06-30": "241.25450", "2014-03-31": "219.68230", "2013-12-31": "257.91480", "2013-09-30": "208.27780", "2013-06-30": "194.37120", "2013-03-31": "198.89830", "2012-12-31": "225.20520", "2012-09-30": "128.18070", "2012-06-30": "243.99850", "2012-03-31": "242.89640", "2011-12-31": "253.24170", "2011-09-30": "245.36450", "2011-06-30": "289.46670", "2011-03-31": "260.34680", "2010-12-31": "246.24950", "2010-09-30": "215.30490", "2010-06-30": "231.65030", "2010-03-31": "182.17670", "2009-12-31": "177.76710", "2009-09-30": "104.64750", "2009-06-30": "-5.25420", "2009-03-31": "70.78210", "2008-12-31": "-1192.50600", "2008-09-30": "173.76110", "2008-06-30": "185.93850", "2008-03-31": "182.90690", "2007-12-31": "222.05470", "2007-09-30": "178.71780", "2007-06-30": "211.82050", "2007-03-31": "185.45880", "2006-12-31": "176.53890", "2006-09-30": "158.23090", "2006-06-30": "160.38970", "2006-03-31": "140.06310", "2005-12-31": "111.73130", "2005-09-30": "87.41900", "2005-06-30": "101.08480", "2005-03-31": "94.16500"}, "EBIT": {"2020-12-31": "57.22070", "2020-09-30": "18.50200", "2020-06-30": "1.92040", "2020-03-31": "-115.76030", "2019-12-31": "46.47510", "2019-09-30": "62.73780", "2019-06-30": "-30.04150", "2019-03-31": "153.08540", "2018-12-31": "96.05030", "2018-09-30": "146.81590", "2018-06-30": "121.53030", "2018-03-31": "-58.49460", "2017-12-31": "81.61720", "2017-09-30": "64.56790", "2017-06-30": "75.67070", "2017-03-31": "114.28270", "2016-12-31": "124.23000", "2016-09-30": "129.51390", "2016-06-30": "172.97310", "2016-03-31": "150.02390", "2015-12-31": "136.11720", "2015-09-30": "169.98680", "2015-06-30": "180.47710", "2015-03-31": "203.71190", "2014-12-31": "250.28710", "2014-09-30": "193.19730", "2014-06-30": "204.53760", "2014-03-31": "184.84330", "2013-12-31": "221.57180", "2013-09-30": "178.98680", "2013-06-30": "162.82420", "2013-03-31": "167.61040", "2012-12-31": "195.57320", "2012-09-30": "99.97270", "2012-06-30": "213.43650", "2012-03-31": "216.77440", "2011-12-31": "230.88960", "2011-09-30": "223.06350", "2011-06-30": "267.17720", "2011-03-31": "240.73680", "2010-12-31": "227.60250", "2010-09-30": "194.46190", "2010-06-30": "217.09230", "2010-03-31": "167.21970", "2009-12-31": "162.28710", "2009-09-30": "89.00050", "2009-06-30": "-20.53440", "2009-03-31": "55.57010", "2008-12-31": "-1208.65600", "2008-09-30": "154.62210", "2008-06-30": "170.95610", "2008-03-31": "166.75290", "2007-12-31": "207.86670", "2007-09-30": "165.19580", "2007-06-30": "196.92770", "2007-03-31": "172.55880", "2006-12-31": "163.81590", "2006-09-30": "144.97090", "2006-06-30": "145.02170", "2006-03-31": "121.88010", "2005-12-31": "95.49830", "2005-09-30": "70.67700", "2005-06-30": "85.73660", "2005-03-31": "78.53100"}, "Basic Shares Outstanding": {"2020-12-31": "98.93700", "2020-09-30": "98.89700", "2020-06-30": "100.47400", "2020-03-31": "99.47900", "2019-12-31": "100.43100", "2019-09-30": "103.13000", "2019-06-30": "109.82000", "2019-03-31": "108.07400", "2018-12-31": "110.33200", "2018-09-30": "115.26000", "2018-06-30": "119.90900", "2018-03-31": "119.60100", "2017-12-31": "120.40000", "2017-09-30": "122.68500", "2017-06-30": "127.03200", "2017-03-31": "128.48700", "2016-12-31": "127.90100", "2016-09-30": "127.53100", "2016-06-30": "127.93000", "2016-03-31": "129.81100", "2015-12-31": "131.90900", "2015-09-30": "133.78300", "2015-06-30": "135.85500", "2015-03-31": "136.04600", "2014-12-31": "136.54100", "2014-09-30": "138.30900", "2014-06-30": "137.99100", "2014-03-31": "138.41800", "2013-12-31": "137.70200", "2013-09-30": "137.41400", "2013-06-30": "137.95100", "2013-03-31": "137.10200", "2012-12-31": "136.77600", "2012-09-30": "140.76700", "2012-06-30": "147.27800", "2012-03-31": "145.12600", "2011-12-31": "147.18800", "2011-09-30": "152.27000", "2011-06-30": "152.48100", "2011-03-31": "152.85900", "2010-12-31": "152.13700", "2010-09-30": "152.00400", "2010-06-30": "151.62900", "2010-03-31": "151.89000", "2009-12-31": "151.39100", "2009-09-30": "151.27600", "2009-06-30": "150.89800", "2009-03-31": "151.14700", "2008-12-31": "150.72100", "2008-09-30": "150.56100", "2008-06-30": "150.25000", "2008-03-31": "150.44000", "2007-12-31": "150.11300", "2007-09-30": "149.97800", "2007-06-30": "148.03200", "2007-03-31": "148.71200", "2006-12-31": "146.96700", "2006-09-30": "146.71800", "2006-06-30": "145.94200", "2006-03-31": "146.37300", "2005-12-31": "145.97800", "2005-09-30": "144.76900", "2005-06-30": "120.62900", "2005-03-31": "120.69400"}, "Shares Outstanding": {"2020-12-31": "99.93200", "2020-09-30": "98.89700", "2020-06-30": "100.47400", "2020-03-31": "99.47900", "2019-12-31": "101.30200", "2019-09-30": "104.37700", "2019-06-30": "110.79800", "2019-03-31": "108.82200", "2018-12-31": "111.46200", "2018-09-30": "116.47100", "2018-06-30": "119.90900", "2018-03-31": "119.60100", "2017-12-31": "121.74900", "2017-09-30": "123.98400", "2017-06-30": "128.65100", "2017-03-31": "129.43200", "2016-12-31": "130.34700", "2016-09-30": "129.76300", "2016-06-30": "129.79900", "2016-03-31": "131.65000", "2015-12-31": "134.91800", "2015-09-30": "136.32600", "2015-06-30": "137.62200", "2015-03-31": "137.72100", "2014-12-31": "138.97200", "2014-09-30": "140.85000", "2014-06-30": "140.11900", "2014-03-31": "140.17900", "2013-12-31": "140.14400", "2013-09-30": "139.72400", "2013-06-30": "140.00300", "2013-03-31": "139.01500", "2012-12-31": "138.57500", "2012-09-30": "143.35900", "2012-06-30": "149.55300", "2012-03-31": "147.24500", "2011-12-31": "149.66600", "2011-09-30": "154.50600", "2011-06-30": "154.33700", "2011-03-31": "154.61100", "2010-12-31": "154.25900", "2010-09-30": "153.64600", "2010-06-30": "153.09300", "2010-03-31": "153.21500", "2009-12-31": "152.94500", "2009-09-30": "152.63500", "2009-06-30": "150.89800", "2009-03-31": "151.14700", "2008-12-31": "150.72100", "2008-09-30": "151.93000", "2008-06-30": "152.42000", "2008-03-31": "151.71700", "2007-12-31": "152.97500", "2007-09-30": "153.45800", "2007-06-30": "149.61300", "2007-03-31": "149.99400", "2006-12-31": "148.13000", "2006-09-30": "147.20100", "2006-06-30": "147.15000", "2006-03-31": "147.41300", "2005-12-31": "146.82100", "2005-09-30": "146.95100", "2005-06-30": "121.46900", "2005-03-31": "121.41400"}, "Basic EPS": {"2020-12-31": "0.19000", "2020-09-30": "-0.19000", "2020-06-30": "0.54000", "2020-03-31": "-1.29000", "2019-12-31": "0.04000", "2019-09-30": "0.40000", "2019-06-30": "-0.26000", "2019-03-31": "0.81000", "2018-12-31": "0.33000", "2018-09-30": "0.73000", "2018-06-30": "0.51000", "2018-03-31": "-2.68000", "2017-12-31": "0.39000", "2017-09-30": "0.48000", "2017-06-30": "0.67000", "2017-03-31": "2.12000", "2016-12-31": "0.80000", "2016-09-30": "0.54000", "2016-06-30": "0.76000", "2016-03-31": "0.95000", "2015-12-31": "1.18000", "2015-09-30": "0.97000", "2015-06-30": "1.16000", "2015-03-31": "0.89000", "2014-12-31": "1.20000", "2014-09-30": "0.93000", "2014-06-30": "1.34000", "2014-03-31": "0.82000", "2013-12-31": "0.91000", "2013-09-30": "0.88000", "2013-06-30": "0.91000", "2013-03-31": "0.63000", "2012-12-31": "1.01000", "2012-09-30": "0.71000", "2012-06-30": "0.92000", "2012-03-31": "1.02000", "2011-12-31": "1.00000", "2011-09-30": "0.91000", "2011-06-30": "1.56000", "2011-03-31": "0.99000", "2010-12-31": "0.93000", "2010-09-30": "0.91000", "2010-06-30": "0.93000", "2010-03-31": "0.75000", "2009-12-31": "0.69000", "2009-09-30": "0.34000", "2009-06-30": "-0.20000", "2009-03-31": "0.10000", "2008-12-31": "-7.99000", "2008-09-30": "0.60000", "2008-06-30": "0.90000", "2008-03-31": "0.71000", "2007-12-31": "0.95000", "2007-09-30": "0.70000", "2007-06-30": "0.83000", "2007-03-31": "0.71000", "2006-12-31": "0.67000", "2006-09-30": "0.44000", "2006-06-30": "0.40000", "2006-03-31": "0.49000", "2005-12-31": "0.34000", "2005-09-30": "0.17000", "2005-06-30": "0.39000", "2005-03-31": "0.34000"}, "EPS - Earnings Per Share": {"2020-12-31": "0.19000", "2020-09-30": "-0.19000", "2020-06-30": "0.54000", "2020-03-31": "-1.29000", "2019-12-31": "0.04000", "2019-09-30": "0.40000", "2019-06-30": "-0.27000", "2019-03-31": "0.81000", "2018-12-31": "0.33000", "2018-09-30": "0.72000", "2018-06-30": "0.52000", "2018-03-31": "-2.68000", "2017-12-31": "0.39000", "2017-09-30": "0.47000", "2017-06-30": "0.66000", "2017-03-31": "2.10000", "2016-12-31": "0.79000", "2016-09-30": "0.53000", "2016-06-30": "0.75000", "2016-03-31": "0.94000", "2015-12-31": "1.16000", "2015-09-30": "0.96000", "2015-06-30": "1.15000", "2015-03-31": "0.88000", "2014-12-31": "1.18000", "2014-09-30": "0.91000", "2014-06-30": "1.33000", "2014-03-31": "0.81000", "2013-12-31": "0.89000", "2013-09-30": "0.86000", "2013-06-30": "0.90000", "2013-03-31": "0.62000", "2012-12-31": "0.99000", "2012-09-30": "0.70000", "2012-06-30": "0.91000", "2012-03-31": "1.00000", "2011-12-31": "0.98000", "2011-09-30": "0.90000", "2011-06-30": "1.55000", "2011-03-31": "0.98000", "2010-12-31": "0.91000", "2010-09-30": "0.90000", "2010-06-30": "0.92000", "2010-03-31": "0.75000", "2009-12-31": "0.68000", "2009-09-30": "0.33000", "2009-06-30": "-0.19000", "2009-03-31": "0.10000", "2008-12-31": "-7.99000", "2008-09-30": "0.59000", "2008-06-30": "0.88000", "2008-03-31": "0.71000", "2007-12-31": "0.93000", "2007-09-30": "0.69000", "2007-06-30": "0.82000", "2007-03-31": "0.70000", "2006-12-31": "0.67000", "2006-09-30": "0.44000", "2006-06-30": "0.40000", "2006-03-31": "0.48000", "2005-12-31": "0.34000", "2005-09-30": "0.17000", "2005-06-30": "0.39000", "2005-03-31": "0.34000"}}, "balance sheet": {"Cash On Hand": {"2020-06-30": "477.03800", "2019-06-30": "546.10500", "2018-06-30": "621.12500", "2017-06-30": "1117.71000", "2016-06-30": "1031.47800", "2015-06-30": "932.55300", "2014-06-30": "928.97100", "2013-06-30": "1009.34300", "2012-06-30": "1006.86400", "2011-06-30": "675.33400", "2010-06-30": "1092.10200", "2009-06-30": "943.92100", "2008-06-30": "640.44900", "2007-06-30": "557.35000", "2006-06-30": "276.71300", "2005-06-30": "637.86700"}, "Receivables": {"2020-06-30": "2928.38600", "2019-06-30": "3168.36900", "2018-06-30": "3641.13900", "2017-06-30": "3337.62400", "2016-06-30": "2769.90600", "2015-06-30": "5054.30700", "2014-06-30": "5220.52800", "2013-06-30": "4868.97300", "2012-06-30": "4607.32400", "2011-06-30": "4764.29300", "2010-06-30": "3574.54100", "2009-06-30": "2618.69700", "2008-06-30": "3367.44300", "2007-06-30": "3103.01500", "2006-06-30": "2477.04300", "2005-06-30": "1888.62700"}, "Inventory": {"2020-06-30": "2731.98800", "2019-06-30": "3008.42400", "2018-06-30": "3141.82200", "2017-06-30": "2824.70900", "2016-06-30": "2559.92100", "2015-06-30": "2482.18300", "2014-06-30": "2613.36300", "2013-06-30": "2264.34100", "2012-06-30": "2388.64200", "2011-06-30": "2596.47000", "2010-06-30": "1812.76600", "2009-06-30": "1411.75500", "2008-06-30": "1894.49200", "2007-06-30": "1736.30100", "2006-06-30": "1616.58000", "2005-06-30": "1224.69800"}, "Pre-Paid Expenses": {"2020-06-30": "191.39400", "2019-06-30": "153.43800", "2018-06-30": "206.51300", "2017-06-30": "253.76500", "2016-06-30": "73.78600", "2015-06-30": "115.85800", "2014-06-30": "191.33700", "2013-06-30": "214.22100", "2012-06-30": "251.60900", "2011-06-30": "191.11000", "2010-06-30": "150.75900", "2009-06-30": "169.87900", "2008-06-30": "68.76200", "2007-06-30": "92.17900", "2006-06-30": "97.12600", "2005-06-30": "31.77500"}, "Other Current Assets": {"2020-06-30": "", "2019-06-30": "", "2018-06-30": "", "2017-06-30": "", "2016-06-30": "", "2015-06-30": "", "2014-06-30": "", "2013-06-30": "", "2012-06-30": "", "2011-06-30": "", "2010-06-30": "", "2009-06-30": "", "2008-06-30": "", "2007-06-30": "", "2006-06-30": "", "2005-06-30": ""}, "Total Current Assets": {"2020-06-30": "6328.80600", "2019-06-30": "6876.33600", "2018-06-30": "7610.59900", "2017-06-30": "7533.80800", "2016-06-30": "9003.97300", "2015-06-30": "8584.90100", "2014-06-30": "8954.19900", "2013-06-30": "8356.87800", "2012-06-30": "8254.43900", "2011-06-30": "8227.20700", "2010-06-30": "6630.16800", "2009-06-30": "5144.25200", "2008-06-30": "5971.14600", "2007-06-30": "5488.84500", "2006-06-30": "4467.46200", "2005-06-30": "3782.96700"}, "Property, Plant, And Equipment": {"2020-06-30": "404.60700", "2019-06-30": "452.17100", "2018-06-30": "522.90900", "2017-06-30": "519.57500", "2016-06-30": "453.20900", "2015-06-30": "568.77900", "2014-06-30": "534.99900", "2013-06-30": "492.60600", "2012-06-30": "461.23000", "2011-06-30": "419.17300", "2010-06-30": "302.58300", "2009-06-30": "305.68200", "2008-06-30": "227.18700", "2007-06-30": "179.53300", "2006-06-30": "159.43300", "2005-06-30": "157.42800"}, "Long-Term Investments": {"2020-06-30": "", "2019-06-30": "", "2018-06-30": "", "2017-06-30": "", "2016-06-30": "", "2015-06-30": "", "2014-06-30": "", "2013-06-30": "", "2012-06-30": "", "2011-06-30": "", "2010-06-30": "", "2009-06-30": "", "2008-06-30": "", "2007-06-30": "", "2006-06-30": "", "2005-06-30": ""}, "Goodwill And Intangible Assets": {"2020-06-30": "839.17100", "2019-06-30": "1020.24800", "2018-06-30": "1200.78500", "2017-06-30": "1425.63800", "2016-06-30": "644.42300", "2015-06-30": "1378.48700", "2014-06-30": "1532.77600", "2013-06-30": "1433.50000", "2012-06-30": "1100.62100", "2011-06-30": "885.07200", "2010-06-30": "566.30900", "2009-06-30": "550.11800", "2008-06-30": "1728.90400", "2007-06-30": "1402.47000", "2006-06-30": "1296.59700", "2005-06-30": "895.30000"}, "Other Long-Term Assets": {"2020-06-30": "256.69600", "2019-06-30": "215.80100", "2018-06-30": "262.55200", "2017-06-30": "220.56800", "2016-06-30": "1138.20000", "2015-06-30": "267.78600", "2014-06-30": "228.68000", "2013-06-30": "191.69600", "2012-06-30": "351.57600", "2011-06-30": "374.11700", "2010-06-30": "283.32200", "2009-06-30": "273.46400", "2008-06-30": "272.89300", "2007-06-30": "284.27100", "2006-06-30": "292.20100", "2005-06-30": "262.52000"}, "Total Long-Term Assets": {"2020-06-30": "1776.39100", "2019-06-30": "1688.22000", "2018-06-30": "1986.24600", "2017-06-30": "2165.78100", "2016-06-30": "2235.83200", "2015-06-30": "2215.05200", "2014-06-30": "2296.45500", "2013-06-30": "2117.80200", "2012-06-30": "1913.42700", "2011-06-30": "1678.36200", "2010-06-30": "1152.21400", "2009-06-30": "1129.26400", "2008-06-30": "2228.98400", "2007-06-30": "1866.27400", "2006-06-30": "1748.23100", "2005-06-30": "1315.24800"}, "Total Assets": {"2020-06-30": "8105.19700", "2019-06-30": "8564.55600", "2018-06-30": "9596.84500", "2017-06-30": "9699.58900", "2016-06-30": "11239.80000", "2015-06-30": "10799.95000", "2014-06-30": "11250.65000", "2013-06-30": "10474.68000", "2012-06-30": "10167.87000", "2011-06-30": "9905.56900", "2010-06-30": "7782.38200", "2009-06-30": "6273.51600", "2008-06-30": "8200.13000", "2007-06-30": "7355.11900", "2006-06-30": "6215.69300", "2005-06-30": "5098.21500"}, "Total Current Liabilities": {"2020-06-30": "2280.36600", "2019-06-30": "2578.57600", "2018-06-30": "2969.46100", "2017-06-30": "2453.77100", "2016-06-30": "4942.49300", "2015-06-30": "4272.29600", "2014-06-30": "4978.82600", "2013-06-30": "4821.44400", "2012-06-30": "4798.65200", "2011-06-30": "4477.72800", "2010-06-30": "3439.61500", "2009-06-30": "2455.86000", "2008-06-30": "2779.59200", "2007-06-30": "2776.98500", "2006-06-30": "2438.32400", "2005-06-30": "1717.51800"}, "Long Term Debt": {"2020-06-30": "1424.79100", "2019-06-30": "1419.92200", "2018-06-30": "1489.21900", "2017-06-30": "1729.21200", "2016-06-30": "1339.20400", "2015-06-30": "1646.50100", "2014-06-30": "1208.95100", "2013-06-30": "1206.99300", "2012-06-30": "1271.98500", "2011-06-30": "1273.50900", "2010-06-30": "1243.68100", "2009-06-30": "946.57300", "2008-06-30": "1181.49800", "2007-06-30": "1155.99000", "2006-06-30": "918.81000", "2005-06-30": "1183.19500"}, "Other Non-Current Liabilities": {"2020-06-30": "419.92300", "2019-06-30": "425.58500", "2018-06-30": "453.08400", "2017-06-30": "334.53800", "2016-06-30": "266.82200", "2015-06-30": "196.13500", "2014-06-30": "172.68400", "2013-06-30": "157.11800", "2012-06-30": "191.49700", "2011-06-30": "98.26200", "2010-06-30": "89.96900", "2009-06-30": "110.22600", "2008-06-30": "104.34900", "2007-06-30": "21.49900", "2006-06-30": "27.37600", "2005-06-30": "100.46900"}, "Total Long Term Liabilities": {"2020-06-30": "2098.43300", "2019-06-30": "1845.50700", "2018-06-30": "1942.30300", "2017-06-30": "2063.75000", "2016-06-30": "1606.02600", "2015-06-30": "1842.63600", "2014-06-30": "1381.63500", "2013-06-30": "1364.11100", "2012-06-30": "1463.48200", "2011-06-30": "1371.77100", "2010-06-30": "1333.65000", "2009-06-30": "1056.79900", "2008-06-30": "1285.84700", "2007-06-30": "1177.48900", "2006-06-30": "946.18600", "2005-06-30": "1283.66400"}, "Total Liabilities": {"2020-06-30": "4378.79900", "2019-06-30": "4424.08300", "2018-06-30": "4911.76400", "2017-06-30": "4517.52100", "2016-06-30": "6548.51900", "2015-06-30": "6114.93200", "2014-06-30": "6360.46100", "2013-06-30": "6185.55500", "2012-06-30": "6262.13400", "2011-06-30": "5849.49900", "2010-06-30": "4773.26500", "2009-06-30": "3512.65900", "2008-06-30": "4065.43900", "2007-06-30": "3954.47400", "2006-06-30": "3384.51000", "2005-06-30": "3001.18200"}, "Common Stock Net": {"2020-06-30": "98.79300", "2019-06-30": "104.03800", "2018-06-30": "115.82500", "2017-06-30": "123.08100", "2016-06-30": "127.37700", "2015-06-30": "135.49600", "2014-06-30": "138.28600", "2013-06-30": "137.12700", "2012-06-30": "142.58600", "2011-06-30": "152.83500", "2010-06-30": "151.87400", "2009-06-30": "151.09900", "2008-06-30": "150.41700", "2007-06-30": "149.82600", "2006-06-30": "146.66700", "2005-06-30": "120.77100"}, "Retained Earnings (Accumulated Deficit)": {"2020-06-30": "2421.84500", "2019-06-30": "2767.46900", "2018-06-30": "3235.89400", "2017-06-30": "3799.36300", "2016-06-30": "3632.27100", "2015-06-30": "3582.59900", "2014-06-30": "3257.40700", "2013-06-30": "2802.96600", "2012-06-30": "2545.85800", "2011-06-30": "2293.51000", "2010-06-30": "1624.44100", "2009-06-30": "1214.07100", "2008-06-30": "2379.72300", "2007-06-30": "1880.64200", "2006-06-30": "1487.57500", "2005-06-30": "1283.02800"}, "Comprehensive Income": {"2020-06-30": "-388.38000", "2019-06-30": "-304.03900", "2018-06-30": "-195.35100", "2017-06-30": "-243.86600", "2016-06-30": "-520.77500", "2015-06-30": "-441.03800", "2014-06-30": "139.51200", "2013-06-30": "28.89500", "2012-06-30": "-45.83200", "2011-06-30": "377.21100", "2010-06-30": "27.36200", "2009-06-30": "218.09400", "2008-06-30": "482.17800", "2007-06-30": "276.50900", "2006-06-30": "186.87600", "2005-06-30": "123.70500"}, "Other Share Holders Equity": {"2020-06-30": "", "2019-06-30": "", "2018-06-30": "", "2017-06-30": "", "2016-06-30": "", "2015-06-30": "", "2014-06-30": "", "2013-06-30": "", "2012-06-30": "", "2011-06-30": "", "2010-06-30": "", "2009-06-30": "", "2008-06-30": "", "2007-06-30": "", "2006-06-30": "", "2005-06-30": ""}, "Share Holder Equity": {"2020-06-30": "3726.39800", "2019-06-30": "4140.47300", "2018-06-30": "4685.08100", "2017-06-30": "5182.06800", "2016-06-30": "4691.28600", "2015-06-30": "4685.02100", "2014-06-30": "4890.19300", "2013-06-30": "4289.12500", "2012-06-30": "3905.73200", "2011-06-30": "4056.07000", "2010-06-30": "3009.11700", "2009-06-30": "2760.85700", "2008-06-30": "4134.69100", "2007-06-30": "3400.64500", "2006-06-30": "2831.18300", "2005-06-30": "2097.03300"}, "Total Liabilities And Share Holders Equity": {"2020-06-30": "8105.19700", "2019-06-30": "8564.55600", "2018-06-30": "9596.84500", "2017-06-30": "9699.58900", "2016-06-30": "11239.80000", "2015-06-30": "10799.95000", "2014-06-30": "11250.65000", "2013-06-30": "10474.68000", "2012-06-30": "10167.87000", "2011-06-30": "9905.56900", "2010-06-30": "7782.38200", "2009-06-30": "6273.51600", "2008-06-30": "8200.13000", "2007-06-30": "7355.11900", "2006-06-30": "6215.69300", "2005-06-30": "5098.21500"}}, "balance sheet, quarterly": {"Cash On Hand": {"2020-12-31": "376.33300", "2020-09-30": "483.05600", "2020-06-30": "477.03800", "2020-03-31": "402.65500", "2019-12-31": "488.81000", "2019-09-30": "664.10800", "2019-06-30": "546.10500", "2019-03-31": "725.25200", "2018-12-31": "482.16600", "2018-09-30": "365.85200", "2018-06-30": "621.12500", "2018-03-31": "505.11600", "2017-12-31": "725.96100", "2017-09-30": "737.62810", "2017-06-30": "1117.71000", "2017-03-31": "1390.78200", "2016-12-31": "1270.14200", "2016-09-30": "1196.54500", "2016-06-30": "1031.47800", "2016-03-31": "1036.48500", "2015-12-31": "916.08800", "2015-09-30": "824.69500", "2015-06-30": "932.55300", "2015-03-31": "803.46800", "2014-12-31": "903.33100", "2014-09-30": "814.37100", "2014-06-30": "928.97100", "2014-03-31": "960.14900", "2013-12-31": "779.33100", "2013-09-30": "865.61300", "2013-06-30": "1009.34300", "2013-03-31": "820.92400", "2012-12-31": "815.27900", "2012-09-30": "1043.03300", "2012-06-30": "1006.86400", "2012-03-31": "940.10100", "2011-12-31": "968.52000", "2011-09-30": "622.43000", "2011-06-30": "675.33400", "2011-03-31": "781.74900", "2010-12-31": "756.93100", "2010-09-30": "661.70600", "2010-06-30": "1092.10200", "2010-03-31": "754.57400", "2009-12-31": "894.87100", "2009-09-30": "987.29600", "2009-06-30": "943.92100", "2009-03-31": "685.73600", "2008-12-31": "670.85300", "2008-09-30": "386.92500", "2008-06-30": "640.44900", "2008-03-31": "381.46200", "2007-12-31": "417.13000", "2007-09-30": "520.88600", "2007-06-30": "557.35000", "2007-03-31": "337.14000", "2006-12-31": "389.82300", "2006-09-30": "481.77900", "2006-06-30": "276.71300", "2006-03-31": "199.84600", "2005-12-31": "219.14000", "2005-09-30": "204.66600", "2005-06-30": "637.86700", "2005-03-31": "594.34800"}, "Receivables": {"2020-12-31": "3105.31700", "2020-09-30": "2964.53100", "2020-06-30": "2928.38600", "2020-03-31": "2987.79100", "2019-12-31": "2977.77300", "2019-09-30": "3129.38700", "2019-06-30": "3168.36900", "2019-03-31": "3188.86300", "2018-12-31": "3445.80700", "2018-09-30": "3682.51200", "2018-06-30": "3641.13900", "2018-03-31": "3552.53100", "2017-12-31": "3295.01400", "2017-09-30": "3417.42700", "2017-06-30": "3337.62400", "2017-03-31": "3237.44000", "2016-12-31": "2996.11000", "2016-09-30": "2876.34600", "2016-06-30": "2769.90600", "2016-03-31": "4874.17900", "2015-12-31": "5395.00500", "2015-09-30": "4903.25000", "2015-06-30": "5054.30700", "2015-03-31": "4994.75100", "2014-12-31": "5696.64200", "2014-09-30": "5060.51900", "2014-06-30": "5220.52800", "2014-03-31": "4983.89000", "2013-12-31": "5708.34500", "2013-09-30": "4820.07000", "2013-06-30": "4868.97300", "2013-03-31": "4778.06800", "2012-12-31": "5161.44600", "2012-09-30": "4477.92700", "2012-06-30": "4607.32400", "2012-03-31": "4658.80500", "2011-12-31": "4755.63000", "2011-09-30": "4593.51900", "2011-06-30": "4764.29300", "2011-03-31": "4706.56100", "2010-12-31": "4816.08800", "2010-09-30": "4415.70700", "2010-06-30": "3574.54100", "2010-03-31": "3323.95400", "2009-12-31": "3439.45900", "2009-09-30": "2864.45000", "2009-06-30": "2618.69700", "2009-03-31": "2660.40600", "2008-12-31": "3200.98600", "2008-09-30": "3284.38600", "2008-06-30": "3367.44300", "2008-03-31": "3277.80200", "2007-12-31": "3615.22700", "2007-09-30": "3065.79200", "2007-06-30": "3103.01500", "2007-03-31": "2918.41100", "2006-12-31": "2716.66800", "2006-09-30": "2557.41300", "2006-06-30": "2477.04300", "2006-03-31": "2448.66400", "2005-12-31": "2557.84900", "2005-09-30": "2269.23200", "2005-06-30": "1888.62700", "2005-03-31": "1785.62800"}, "Inventory": {"2020-12-31": "2816.42100", "2020-09-30": "2944.67300", "2020-06-30": "2731.98800", "2020-03-31": "2745.21900", "2019-12-31": "2908.57500", "2019-09-30": "3025.98000", "2019-06-30": "3008.42400", "2019-03-31": "3211.97900", "2018-12-31": "3306.29900", "2018-09-30": "3395.19400", "2018-06-30": "3141.82200", "2018-03-31": "3261.89700", "2017-12-31": "3285.92600", "2017-09-30": "3129.03200", "2017-06-30": "2824.70900", "2017-03-31": "2771.23600", "2016-12-31": "2697.79600", "2016-09-30": "2418.76100", "2016-06-30": "2559.92100", "2016-03-31": "2826.85800", "2015-12-31": "2650.22000", "2015-09-30": "2805.01200", "2015-06-30": "2482.18300", "2015-03-31": "2474.40200", "2014-12-31": "2493.57600", "2014-09-30": "2705.40000", "2014-06-30": "2613.36300", "2014-03-31": "2510.35200", "2013-12-31": "2549.32300", "2013-09-30": "2510.77700", "2013-06-30": "2264.34100", "2013-03-31": "2284.72400", "2012-12-31": "2223.83600", "2012-09-30": "2360.50000", "2012-06-30": "2388.64200", "2012-03-31": "2490.28500", "2011-12-31": "2513.92200", "2011-09-30": "2643.83800", "2011-06-30": "2596.47000", "2011-03-31": "2514.16300", "2010-12-31": "2549.59100", "2010-09-30": "2495.49700", "2010-06-30": "1812.76600", "2010-03-31": "1747.72000", "2009-12-31": "1698.34900", "2009-09-30": "1567.74200", "2009-06-30": "1411.75500", "2009-03-31": "1613.89400", "2008-12-31": "1753.25600", "2008-09-30": "1908.86900", "2008-06-30": "1894.49200", "2008-03-31": "1973.44900", "2007-12-31": "1833.06100", "2007-09-30": "1824.06000", "2007-06-30": "1736.30100", "2007-03-31": "1712.83400", "2006-12-31": "1623.56200", "2006-09-30": "1652.66100", "2006-06-30": "1616.58000", "2006-03-31": "1553.90300", "2005-12-31": "1508.87900", "2005-09-30": "1570.17000", "2005-06-30": "1224.69800", "2005-03-31": "1304.27500"}, "Pre-Paid Expenses": {"2020-12-31": "156.37500", "2020-09-30": "209.92800", "2020-06-30": "191.39400", "2020-03-31": "180.95600", "2019-12-31": "161.34300", "2019-09-30": "169.47100", "2019-06-30": "153.43800", "2019-03-31": "129.31600", "2018-12-31": "156.45100", "2018-09-30": "114.43200", "2018-06-30": "206.51300", "2018-03-31": "305.06700", "2017-12-31": "269.20400", "2017-09-30": "261.60000", "2017-06-30": "253.76500", "2017-03-31": "273.53400", "2016-12-31": "59.56400", "2016-09-30": "76.51400", "2016-06-30": "73.78600", "2016-03-31": "200.57900", "2015-12-31": "181.07400", "2015-09-30": "181.56600", "2015-06-30": "115.85800", "2015-03-31": "211.33600", "2014-12-31": "196.11100", "2014-09-30": "181.76800", "2014-06-30": "191.33700", "2014-03-31": "199.05400", "2013-12-31": "198.73900", "2013-09-30": "222.38000", "2013-06-30": "214.22100", "2013-03-31": "220.62800", "2012-12-31": "249.21800", "2012-09-30": "237.34000", "2012-06-30": "251.60900", "2012-03-31": "216.05800", "2011-12-31": "217.09900", "2011-09-30": "207.06900", "2011-06-30": "191.11000", "2011-03-31": "213.26600", "2010-12-31": "245.30100", "2010-09-30": "268.02600", "2010-06-30": "150.75900", "2010-03-31": "168.45000", "2009-12-31": "135.52300", "2009-09-30": "161.92300", "2009-06-30": "169.87900", "2009-03-31": "122.90800", "2008-12-31": "80.06300", "2008-09-30": "76.26100", "2008-06-30": "68.76200", "2008-03-31": "77.22300", "2007-12-31": "78.02800", "2007-09-30": "71.76700", "2007-06-30": "92.17900", "2007-03-31": "108.09700", "2006-12-31": "113.82900", "2006-09-30": "129.39000", "2006-06-30": "97.12600", "2006-03-31": "", "2005-12-31": "", "2005-09-30": "", "2005-06-30": "31.77500", "2005-03-31": ""}, "Other Current Assets": {"2020-12-31": "", "2020-09-30": "", "2020-06-30": "", "2020-03-31": "", "2019-12-31": "", "2019-09-30": "", "2019-06-30": "", "2019-03-31": "", "2018-12-31": "", "2018-09-30": "", "2018-06-30": "", "2018-03-31": "", "2017-12-31": "", "2017-09-30": "", "2017-06-30": "", "2017-03-31": "", "2016-12-31": "4053.48700", "2016-09-30": "3131.58700", "2016-06-30": "", "2016-03-31": "", "2015-12-31": "", "2015-09-30": "", "2015-06-30": "", "2015-03-31": "", "2014-12-31": "", "2014-09-30": "", "2014-06-30": "", "2014-03-31": "", "2013-12-31": "", "2013-09-30": "", "2013-06-30": "", "2013-03-31": "", "2012-12-31": "", "2012-09-30": "", "2012-06-30": "", "2012-03-31": "", "2011-12-31": "", "2011-09-30": "", "2011-06-30": "", "2011-03-31": "", "2010-12-31": "", "2010-09-30": "", "2010-06-30": "", "2010-03-31": "", "2009-12-31": "", "2009-09-30": "", "2009-06-30": "", "2009-03-31": "", "2008-12-31": "", "2008-09-30": "", "2008-06-30": "", "2008-03-31": "", "2007-12-31": "", "2007-09-30": "", "2007-06-30": "", "2007-03-31": "", "2006-12-31": "", "2006-09-30": "", "2006-06-30": "", "2006-03-31": "58.86600", "2005-12-31": "49.08900", "2005-09-30": "70.36800", "2005-06-30": "", "2005-03-31": "47.83000"}, "Total Current Assets": {"2020-12-31": "6454.44600", "2020-09-30": "6602.18800", "2020-06-30": "6328.80600", "2020-03-31": "6316.62100", "2019-12-31": "6536.50100", "2019-09-30": "6988.94600", "2019-06-30": "6876.33600", "2019-03-31": "7255.41000", "2018-12-31": "7390.72300", "2018-09-30": "7557.99000", "2018-06-30": "7610.59900", "2018-03-31": "7624.61100", "2017-12-31": "7576.10500", "2017-09-30": "7545.68700", "2017-06-30": "7533.80800", "2017-03-31": "7672.99200", "2016-12-31": "11077.10000", "2016-09-30": "9699.75300", "2016-06-30": "9003.97300", "2016-03-31": "8938.10100", "2015-12-31": "9142.38700", "2015-09-30": "8714.52300", "2015-06-30": "8584.90100", "2015-03-31": "8483.95700", "2014-12-31": "9289.66000", "2014-09-30": "8762.05800", "2014-06-30": "8954.19900", "2014-03-31": "8653.44500", "2013-12-31": "9235.73800", "2013-09-30": "8418.84000", "2013-06-30": "8356.87800", "2013-03-31": "8104.34400", "2012-12-31": "8449.77900", "2012-09-30": "8118.80000", "2012-06-30": "8254.43900", "2012-03-31": "8305.24900", "2011-12-31": "8455.17100", "2011-09-30": "8066.85600", "2011-06-30": "8227.20700", "2011-03-31": "8215.73900", "2010-12-31": "8367.91100", "2010-09-30": "7840.93600", "2010-06-30": "6630.16800", "2010-03-31": "5994.69800", "2009-12-31": "6168.20200", "2009-09-30": "5581.41100", "2009-06-30": "5144.25200", "2009-03-31": "5082.94400", "2008-12-31": "5705.15800", "2008-09-30": "5656.44100", "2008-06-30": "5971.14600", "2008-03-31": "5709.93600", "2007-12-31": "5943.44600", "2007-09-30": "5482.50500", "2007-06-30": "5488.84500", "2007-03-31": "5076.48200", "2006-12-31": "4843.88200", "2006-09-30": "4821.24300", "2006-06-30": "4467.46200", "2006-03-31": "4261.27900", "2005-12-31": "4334.95700", "2005-09-30": "4114.43600", "2005-06-30": "3782.96700", "2005-03-31": "3732.08100"}, "Property, Plant, And Equipment": {"2020-12-31": "403.27000", "2020-09-30": "404.13600", "2020-06-30": "404.60700", "2020-03-31": "413.37100", "2019-12-31": "431.41000", "2019-09-30": "437.46700", "2019-06-30": "452.17100", "2019-03-31": "455.48400", "2018-12-31": "462.91400", "2018-09-30": "525.87300", "2018-06-30": "522.90900", "2018-03-31": "520.92200", "2017-12-31": "507.69200", "2017-09-30": "510.30300", "2017-06-30": "519.57500", "2017-03-31": "526.02500", "2016-12-31": "565.10800", "2016-09-30": "471.32100", "2016-06-30": "453.20900", "2016-03-31": "610.74700", "2015-12-31": "587.21600", "2015-09-30": "579.47100", "2015-06-30": "568.77900", "2015-03-31": "548.43300", "2014-12-31": "541.90400", "2014-09-30": "529.29400", "2014-06-30": "534.99900", "2014-03-31": "522.32100", "2013-12-31": "511.75900", "2013-09-30": "505.22900", "2013-06-30": "492.60600", "2013-03-31": "486.31400", "2012-12-31": "491.93600", "2012-09-30": "480.85800", "2012-06-30": "461.23000", "2012-03-31": "458.11800", "2011-12-31": "440.44500", "2011-09-30": "432.66800", "2011-06-30": "419.17300", "2011-03-31": "395.55800", "2010-12-31": "367.41000", "2010-09-30": "346.21900", "2010-06-30": "302.58300", "2010-03-31": "302.59700", "2009-12-31": "302.29100", "2009-09-30": "306.30800", "2009-06-30": "305.68200", "2009-03-31": "295.14400", "2008-12-31": "250.69100", "2008-09-30": "247.13600", "2008-06-30": "227.18700", "2008-03-31": "210.63600", "2007-12-31": "191.79500", "2007-09-30": "184.48900", "2007-06-30": "179.53300", "2007-03-31": "172.30800", "2006-12-31": "165.98100", "2006-09-30": "161.86000", "2006-06-30": "159.43300", "2006-03-31": "163.94600", "2005-12-31": "161.53400", "2005-09-30": "174.08600", "2005-06-30": "157.42800", "2005-03-31": "165.83300"}, "Long-Term Investments": {"2020-12-31": "", "2020-09-30": "", "2020-06-30": "", "2020-03-31": "", "2019-12-31": "", "2019-09-30": "", "2019-06-30": "", "2019-03-31": "", "2018-12-31": "", "2018-09-30": "", "2018-06-30": "", "2018-03-31": "", "2017-12-31": "", "2017-09-30": "", "2017-06-30": "", "2017-03-31": "", "2016-12-31": "", "2016-09-30": "", "2016-06-30": "", "2016-03-31": "", "2015-12-31": "", "2015-09-30": "", "2015-06-30": "", "2015-03-31": "", "2014-12-31": "", "2014-09-30": "", "2014-06-30": "", "2014-03-31": "", "2013-12-31": "", "2013-09-30": "", "2013-06-30": "", "2013-03-31": "", "2012-12-31": "", "2012-09-30": "", "2012-06-30": "", "2012-03-31": "", "2011-12-31": "", "2011-09-30": "", "2011-06-30": "", "2011-03-31": "", "2010-12-31": "", "2010-09-30": "", "2010-06-30": "", "2010-03-31": "", "2009-12-31": "", "2009-09-30": "", "2009-06-30": "", "2009-03-31": "", "2008-12-31": "", "2008-09-30": "", "2008-06-30": "", "2008-03-31": "", "2007-12-31": "", "2007-09-30": "", "2007-06-30": "", "2007-03-31": "", "2006-12-31": "", "2006-09-30": "", "2006-06-30": "", "2006-03-31": "", "2005-12-31": "", "2005-09-30": "", "2005-06-30": "", "2005-03-31": ""}, "Goodwill And Intangible Assets": {"2020-12-31": "873.60700", "2020-09-30": "846.31300", "2020-06-30": "839.17100", "2020-03-31": "838.24500", "2019-12-31": "1035.24400", "2019-09-30": "978.79500", "2019-06-30": "1020.24800", "2019-03-31": "1195.80700", "2018-12-31": "1195.54700", "2018-09-30": "1181.68500", "2018-06-30": "1200.78500", "2018-03-31": "1284.80900", "2017-12-31": "1450.75600", "2017-09-30": "1468.96700", "2017-06-30": "1425.63800", "2017-03-31": "1426.36800", "2016-12-31": "1394.52900", "2016-09-30": "641.67300", "2016-06-30": "644.42300", "2016-03-31": "1382.39500", "2015-12-31": "1374.77900", "2015-09-30": "1357.24300", "2015-06-30": "1378.48700", "2015-03-31": "1397.37000", "2014-12-31": "1451.07000", "2014-09-30": "1488.30100", "2014-06-30": "1532.77600", "2014-03-31": "1542.21800", "2013-12-31": "1567.52700", "2013-09-30": "1290.34400", "2013-06-30": "1433.50000", "2013-03-31": "1253.71100", "2012-12-31": "1248.90300", "2012-09-30": "1155.13600", "2012-06-30": "1100.62100", "2012-03-31": "1081.68600", "2011-12-31": "945.22000", "2011-09-30": "939.26800", "2011-06-30": "885.07200", "2011-03-31": "908.27500", "2010-12-31": "847.95400", "2010-09-30": "773.93100", "2010-06-30": "566.30900", "2010-03-31": "566.18700", "2009-12-31": "573.08000", "2009-09-30": "550.03900", "2009-06-30": "550.11800", "2009-03-31": "569.33500", "2008-12-31": "485.03300", "2008-09-30": "1832.54300", "2008-06-30": "1728.90400", "2008-03-31": "1705.48800", "2007-12-31": "1610.70400", "2007-09-30": "1409.18600", "2007-06-30": "1402.47000", "2007-03-31": "1424.16700", "2006-12-31": "1301.13500", "2006-09-30": "1296.46800", "2006-06-30": "1296.59700", "2006-03-31": "1297.83100", "2005-12-31": "1369.71800", "2005-09-30": "1345.84100", "2005-06-30": "895.30000", "2005-03-31": "896.56300"}, "Other Long-Term Assets": {"2020-12-31": "248.10400", "2020-09-30": "240.08900", "2020-06-30": "256.69600", "2020-03-31": "250.24800", "2019-12-31": "247.58100", "2019-09-30": "229.55900", "2019-06-30": "215.80100", "2019-03-31": "192.97900", "2018-12-31": "185.51500", "2018-09-30": "188.22600", "2018-06-30": "262.55200", "2018-03-31": "281.58800", "2017-12-31": "265.95200", "2017-09-30": "248.20100", "2017-06-30": "220.56800", "2017-03-31": "220.39300", "2016-12-31": "219.25900", "2016-09-30": "233.37600", "2016-06-30": "1138.20000", "2016-03-31": "194.21700", "2015-12-31": "197.97000", "2015-09-30": "213.21900", "2015-06-30": "267.78600", "2015-03-31": "184.74500", "2014-12-31": "208.46000", "2014-09-30": "207.59300", "2014-06-30": "228.68000", "2014-03-31": "182.79600", "2013-12-31": "170.27400", "2013-09-30": "343.85100", "2013-06-30": "191.69600", "2013-03-31": "367.12900", "2012-12-31": "358.91200", "2012-09-30": "348.33000", "2012-06-30": "351.57600", "2012-03-31": "312.50400", "2011-12-31": "331.96600", "2011-09-30": "343.76200", "2011-06-30": "374.11700", "2011-03-31": "320.40500", "2010-12-31": "320.31400", "2010-09-30": "341.65100", "2010-06-30": "283.32200", "2010-03-31": "294.30900", "2009-12-31": "271.67400", "2009-09-30": "269.90600", "2009-06-30": "273.46400", "2009-03-31": "298.51300", "2008-12-31": "296.06900", "2008-09-30": "325.44700", "2008-06-30": "272.89300", "2008-03-31": "278.32100", "2007-12-31": "282.00600", "2007-09-30": "291.49400", "2007-06-30": "284.27100", "2007-03-31": "311.13900", "2006-12-31": "247.81400", "2006-09-30": "242.91700", "2006-06-30": "292.20100", "2006-03-31": "325.71500", "2005-12-31": "289.29100", "2005-09-30": "275.02300", "2005-06-30": "262.52000", "2005-03-31": "268.05500"}, "Total Long-Term Assets": {"2020-12-31": "1809.86700", "2020-09-30": "1779.20700", "2020-06-30": "1776.39100", "2020-03-31": "1773.10700", "2019-12-31": "1988.61100", "2019-09-30": "1924.39100", "2019-06-30": "1688.22000", "2019-03-31": "1844.27000", "2018-12-31": "1843.97600", "2018-09-30": "1895.78400", "2018-06-30": "1986.24600", "2018-03-31": "2087.31900", "2017-12-31": "2224.40000", "2017-09-30": "2227.47100", "2017-06-30": "2165.78100", "2017-03-31": "2172.78600", "2016-12-31": "2178.89600", "2016-09-30": "1346.37000", "2016-06-30": "2235.83200", "2016-03-31": "2187.35900", "2015-12-31": "2159.96500", "2015-09-30": "2149.93300", "2015-06-30": "2215.05200", "2015-03-31": "2130.54800", "2014-12-31": "2201.43400", "2014-09-30": "2225.18800", "2014-06-30": "2296.45500", "2014-03-31": "2247.33500", "2013-12-31": "2249.56000", "2013-09-30": "2139.42400", "2013-06-30": "2117.80200", "2013-03-31": "2107.15400", "2012-12-31": "2099.75100", "2012-09-30": "1984.32400", "2012-06-30": "1913.42700", "2012-03-31": "1852.30800", "2011-12-31": "1717.63100", "2011-09-30": "1715.69800", "2011-06-30": "1678.36200", "2011-03-31": "1624.23800", "2010-12-31": "1535.67800", "2010-09-30": "1461.80100", "2010-06-30": "1152.21400", "2010-03-31": "1163.09300", "2009-12-31": "1147.04500", "2009-09-30": "1126.25300", "2009-06-30": "1129.26400", "2009-03-31": "1162.99200", "2008-12-31": "1031.79300", "2008-09-30": "2405.12600", "2008-06-30": "2228.98400", "2008-03-31": "2194.44500", "2007-12-31": "2084.50500", "2007-09-30": "1885.16900", "2007-06-30": "1866.27400", "2007-03-31": "1907.61400", "2006-12-31": "1714.93000", "2006-09-30": "1701.24500", "2006-06-30": "1748.23100", "2006-03-31": "1787.49200", "2005-12-31": "1820.54300", "2005-09-30": "1794.95000", "2005-06-30": "1315.24800", "2005-03-31": "1330.45100"}, "Total Assets": {"2020-12-31": "8264.31300", "2020-09-30": "8381.39500", "2020-06-30": "8105.19700", "2020-03-31": "8089.72800", "2019-12-31": "8525.11200", "2019-09-30": "8913.33700", "2019-06-30": "8564.55600", "2019-03-31": "9099.68000", "2018-12-31": "9234.69900", "2018-09-30": "9453.77400", "2018-06-30": "9596.84500", "2018-03-31": "9711.93000", "2017-12-31": "9800.50500", "2017-09-30": "9773.15800", "2017-06-30": "9699.58900", "2017-03-31": "9845.77800", "2016-12-31": "13256.00000", "2016-09-30": "11046.12000", "2016-06-30": "11239.80000", "2016-03-31": "11125.46000", "2015-12-31": "11302.35000", "2015-09-30": "10864.46000", "2015-06-30": "10799.95000", "2015-03-31": "10614.50000", "2014-12-31": "11491.09000", "2014-09-30": "10987.25000", "2014-06-30": "11250.65000", "2014-03-31": "10900.78000", "2013-12-31": "11485.30000", "2013-09-30": "10558.26000", "2013-06-30": "10474.68000", "2013-03-31": "10211.50000", "2012-12-31": "10549.53000", "2012-09-30": "10103.12000", "2012-06-30": "10167.87000", "2012-03-31": "10157.56000", "2011-12-31": "10172.80000", "2011-09-30": "9782.55400", "2011-06-30": "9905.56900", "2011-03-31": "9839.97700", "2010-12-31": "9903.58900", "2010-09-30": "9302.73700", "2010-06-30": "7782.38200", "2010-03-31": "7157.79100", "2009-12-31": "7315.24700", "2009-09-30": "6707.66400", "2009-06-30": "6273.51600", "2009-03-31": "6245.93600", "2008-12-31": "6736.95100", "2008-09-30": "8061.56700", "2008-06-30": "8200.13000", "2008-03-31": "7904.38100", "2007-12-31": "8027.95100", "2007-09-30": "7367.67400", "2007-06-30": "7355.11900", "2007-03-31": "6984.09600", "2006-12-31": "6558.81200", "2006-09-30": "6522.48800", "2006-06-30": "6215.69300", "2006-03-31": "6048.77100", "2005-12-31": "6155.50000", "2005-09-30": "5909.38600", "2005-06-30": "5098.21500", "2005-03-31": "5062.53200"}, "Total Current Liabilities": {"2020-12-31": "2826.32400", "2020-09-30": "2766.40600", "2020-06-30": "2280.36600", "2020-03-31": "2607.78800", "2019-12-31": "2745.25000", "2019-09-30": "3137.29900", "2019-06-30": "2578.57600", "2019-03-31": "2333.26400", "2018-12-31": "2472.76600", "2018-09-30": "2864.83200", "2018-06-30": "2969.46100", "2018-03-31": "2769.44600", "2017-12-31": "2755.63600", "2017-09-30": "2711.70300", "2017-06-30": "2453.77100", "2017-03-31": "2644.64300", "2016-12-31": "4809.79300", "2016-09-30": "3433.86800", "2016-06-30": "4942.49300", "2016-03-31": "4564.42000", "2015-12-31": "5363.29800", "2015-09-30": "4960.25500", "2015-06-30": "4272.29600", "2015-03-31": "4240.97200", "2014-12-31": "4932.05500", "2014-09-30": "4403.20600", "2014-06-30": "4978.82600", "2014-03-31": "4764.55400", "2013-12-31": "5450.47300", "2013-09-30": "4719.60200", "2013-06-30": "4821.44400", "2013-03-31": "4440.59000", "2012-12-31": "4769.99500", "2012-09-30": "4545.40200", "2012-06-30": "4798.65200", "2012-03-31": "4825.72500", "2011-12-31": "5022.91800", "2011-09-30": "4592.94900", "2011-06-30": "4477.72800", "2011-03-31": "4725.01700", "2010-12-31": "5093.98400", "2010-09-30": "4600.62500", "2010-06-30": "3439.61500", "2010-03-31": "3110.36900", "2009-12-31": "3318.63600", "2009-09-30": "2789.92300", "2009-06-30": "2455.86000", "2009-03-31": "2421.44400", "2008-12-31": "2647.40700", "2008-09-30": "2692.77800", "2008-06-30": "2779.59200", "2008-03-31": "2594.57000", "2007-12-31": "2954.56200", "2007-09-30": "2528.68000", "2007-06-30": "2776.98500", "2007-03-31": "2505.44500", "2006-12-31": "2616.36600", "2006-09-30": "2733.01900", "2006-06-30": "2438.32400", "2006-03-31": "2262.11700", "2005-12-31": "2478.01700", "2005-09-30": "2128.02700", "2005-06-30": "1717.51800", "2005-03-31": "1664.66000"}, "Long Term Debt": {"2020-12-31": "895.63900", "2020-09-30": "1195.20300", "2020-06-30": "1424.79100", "2020-03-31": "1194.24000", "2019-12-31": "1194.11500", "2019-09-30": "1191.97500", "2019-06-30": "1419.92200", "2019-03-31": "2023.62800", "2018-12-31": "1961.46700", "2018-09-30": "1554.72200", "2018-06-30": "1489.21900", "2018-03-31": "1488.70600", "2017-12-31": "1488.06600", "2017-09-30": "1495.13900", "2017-06-30": "1729.21200", "2017-03-31": "1724.23400", "2016-12-31": "3382.43100", "2016-09-30": "2609.61700", "2016-06-30": "1339.20400", "2016-03-31": "1610.53900", "2015-12-31": "1072.18800", "2015-09-30": "1075.75200", "2015-06-30": "1646.50100", "2015-03-31": "1725.23800", "2014-12-31": "1692.30700", "2014-09-30": "1625.75900", "2014-06-30": "1208.95100", "2014-03-31": "1221.97700", "2013-12-31": "1227.57500", "2013-09-30": "1202.30300", "2013-06-30": "1206.99300", "2013-03-31": "1501.05000", "2012-12-31": "1508.19600", "2012-09-30": "1399.83200", "2012-06-30": "1271.98500", "2012-03-31": "1183.79300", "2011-12-31": "1184.68800", "2011-09-30": "1150.77300", "2011-06-30": "1273.50900", "2011-03-31": "1250.51600", "2010-12-31": "1247.90600", "2010-09-30": "1260.11900", "2010-06-30": "1243.68100", "2010-03-31": "937.51800", "2009-12-31": "938.75600", "2009-09-30": "957.27900", "2009-06-30": "946.57300", "2009-03-31": "942.70000", "2008-12-31": "1182.98200", "2008-09-30": "1180.35900", "2008-06-30": "1181.49800", "2008-03-31": "1179.84200", "2007-12-31": "1177.05500", "2007-09-30": "1156.00800", "2007-06-30": "1155.99000", "2007-03-31": "1175.89500", "2006-12-31": "857.10500", "2006-09-30": "857.31000", "2006-06-30": "918.81000", "2006-03-31": "1022.50300", "2005-12-31": "1020.93000", "2005-09-30": "1168.65200", "2005-06-30": "1183.19500", "2005-03-31": "1181.34400"}, "Other Non-Current Liabilities": {"2020-12-31": "372.01800", "2020-09-30": "379.42500", "2020-06-30": "419.92300", "2020-03-31": "362.88300", "2019-12-31": "383.79200", "2019-09-30": "380.58600", "2019-06-30": "425.58500", "2019-03-31": "380.31600", "2018-12-31": "391.72900", "2018-09-30": "413.14700", "2018-06-30": "453.08400", "2018-03-31": "498.95700", "2017-12-31": "308.25900", "2017-09-30": "322.21300", "2017-06-30": "334.53800", "2017-03-31": "377.32800", "2016-12-31": "351.90900", "2016-09-30": "213.61200", "2016-06-30": "266.82200", "2016-03-31": "190.30000", "2015-12-31": "192.86400", "2015-09-30": "197.17800", "2015-06-30": "196.13500", "2015-03-31": "146.78500", "2014-12-31": "161.80200", "2014-09-30": "164.12200", "2014-06-30": "172.68400", "2014-03-31": "178.38200", "2013-12-31": "178.83400", "2013-09-30": "140.88600", "2013-06-30": "157.11800", "2013-03-31": "186.15600", "2012-12-31": "165.44200", "2012-09-30": "178.10700", "2012-06-30": "191.49700", "2012-03-31": "96.26000", "2011-12-31": "110.11400", "2011-09-30": "107.81500", "2011-06-30": "98.26200", "2011-03-31": "129.97000", "2010-12-31": "119.49900", "2010-09-30": "111.79500", "2010-06-30": "89.96900", "2010-03-31": "88.89800", "2009-12-31": "77.19500", "2009-09-30": "71.82200", "2009-06-30": "110.22600", "2009-03-31": "134.70500", "2008-12-31": "110.36800", "2008-09-30": "103.37400", "2008-06-30": "104.34900", "2008-03-31": "147.64800", "2007-12-31": "128.49100", "2007-09-30": "107.81900", "2007-06-30": "21.49900", "2007-03-31": "72.89800", "2006-12-31": "26.34000", "2006-09-30": "23.09600", "2006-06-30": "27.37600", "2006-03-31": "59.83700", "2005-12-31": "56.51600", "2005-09-30": "53.00100", "2005-06-30": "100.46900", "2005-03-31": "69.27100"}, "Total Long Term Liabilities": {"2020-12-31": "1527.25600", "2020-09-30": "1837.47800", "2020-06-30": "2098.43300", "2020-03-31": "1804.66200", "2019-12-31": "1822.52900", "2019-09-30": "1817.96700", "2019-06-30": "1845.50700", "2019-03-31": "2403.94400", "2018-12-31": "2353.19600", "2018-09-30": "1967.86900", "2018-06-30": "1942.30300", "2018-03-31": "1987.66300", "2017-12-31": "1796.32500", "2017-09-30": "1817.35200", "2017-06-30": "2063.75000", "2017-03-31": "2101.56200", "2016-12-31": "3734.34000", "2016-09-30": "2823.22900", "2016-06-30": "1606.02600", "2016-03-31": "1800.83900", "2015-12-31": "1265.05200", "2015-09-30": "1272.93000", "2015-06-30": "1842.63600", "2015-03-31": "1872.02300", "2014-12-31": "1854.10900", "2014-09-30": "1789.88100", "2014-06-30": "1381.63500", "2014-03-31": "1400.35900", "2013-12-31": "1406.40900", "2013-09-30": "1343.18900", "2013-06-30": "1364.11100", "2013-03-31": "1687.20600", "2012-12-31": "1673.63800", "2012-09-30": "1577.93900", "2012-06-30": "1463.48200", "2012-03-31": "1280.05300", "2011-12-31": "1294.80200", "2011-09-30": "1258.58800", "2011-06-30": "1371.77100", "2011-03-31": "1380.48600", "2010-12-31": "1367.40500", "2010-09-30": "1371.91400", "2010-06-30": "1333.65000", "2010-03-31": "1026.41600", "2009-12-31": "1015.95100", "2009-09-30": "1029.10100", "2009-06-30": "1056.79900", "2009-03-31": "1077.40500", "2008-12-31": "1293.35000", "2008-09-30": "1283.73300", "2008-06-30": "1285.84700", "2008-03-31": "1327.49000", "2007-12-31": "1305.54600", "2007-09-30": "1263.82700", "2007-06-30": "1177.48900", "2007-03-31": "1248.79300", "2006-12-31": "883.44500", "2006-09-30": "880.40600", "2006-06-30": "946.18600", "2006-03-31": "1082.34000", "2005-12-31": "1077.44600", "2005-09-30": "1221.65300", "2005-06-30": "1283.66400", "2005-03-31": "1250.61500"}, "Total Liabilities": {"2020-12-31": "4353.58000", "2020-09-30": "4603.88400", "2020-06-30": "4378.79900", "2020-03-31": "4412.45000", "2019-12-31": "4567.77900", "2019-09-30": "4955.26600", "2019-06-30": "4424.08300", "2019-03-31": "4737.20800", "2018-12-31": "4825.96200", "2018-09-30": "4832.70100", "2018-06-30": "4911.76400", "2018-03-31": "4757.10900", "2017-12-31": "4551.96100", "2017-09-30": "4529.05500", "2017-06-30": "4517.52100", "2017-03-31": "4746.20500", "2016-12-31": "8544.13300", "2016-09-30": "6257.09700", "2016-06-30": "6548.51900", "2016-03-31": "6365.25900", "2015-12-31": "6628.35000", "2015-09-30": "6233.18500", "2015-06-30": "6114.93200", "2015-03-31": "6112.99500", "2014-12-31": "6786.16400", "2014-09-30": "6193.08700", "2014-06-30": "6360.46100", "2014-03-31": "6164.91300", "2013-12-31": "6856.88200", "2013-09-30": "6062.79100", "2013-06-30": "6185.55500", "2013-03-31": "6127.79600", "2012-12-31": "6443.63300", "2012-09-30": "6123.34100", "2012-06-30": "6262.13400", "2012-03-31": "6105.77800", "2011-12-31": "6317.72000", "2011-09-30": "5851.53700", "2011-06-30": "5849.49900", "2011-03-31": "6105.50300", "2010-12-31": "6461.38900", "2010-09-30": "5972.53900", "2010-06-30": "4773.26500", "2010-03-31": "4136.78500", "2009-12-31": "4334.58700", "2009-09-30": "3819.02400", "2009-06-30": "3512.65900", "2009-03-31": "3498.84900", "2008-12-31": "3940.75700", "2008-09-30": "3976.51100", "2008-06-30": "4065.43900", "2008-03-31": "3922.06000", "2007-12-31": "4260.10800", "2007-09-30": "3792.50700", "2007-06-30": "3954.47400", "2007-03-31": "3754.23800", "2006-12-31": "3499.81100", "2006-09-30": "3613.42500", "2006-06-30": "3384.51000", "2006-03-31": "3344.45700", "2005-12-31": "3555.46300", "2005-09-30": "3349.68000", "2005-06-30": "3001.18200", "2005-03-31": "2915.27500"}, "Common Stock Net": {"2020-12-31": "98.86200", "2020-09-30": "98.84400", "2020-06-30": "98.79300", "2020-03-31": "98.76100", "2019-12-31": "99.34900", "2019-09-30": "101.47100", "2019-06-30": "104.03800", "2019-03-31": "106.65400", "2018-12-31": "108.95100", "2018-09-30": "113.03100", "2018-06-30": "115.82500", "2018-03-31": "118.63100", "2017-12-31": "119.60100", "2017-09-30": "121.23500", "2017-06-30": "123.08100", "2017-03-31": "126.23900", "2016-12-31": "127.97900", "2016-09-30": "127.57500", "2016-06-30": "127.37700", "2016-03-31": "128.54300", "2015-12-31": "131.32800", "2015-09-30": "132.17400", "2015-06-30": "135.49600", "2015-03-31": "135.84400", "2014-12-31": "135.88800", "2014-09-30": "138.12100", "2014-06-30": "138.28600", "2014-03-31": "138.41100", "2013-12-31": "137.65000", "2013-09-30": "137.60600", "2013-06-30": "137.12700", "2013-03-31": "137.08200", "2012-12-31": "136.38500", "2012-09-30": "138.70100", "2012-06-30": "142.58600", "2012-03-31": "145.08200", "2011-12-31": "144.97800", "2011-09-30": "149.57600", "2011-06-30": "152.83500", "2011-03-31": "152.80300", "2010-12-31": "152.09800", "2010-09-30": "151.99000", "2010-06-30": "151.87400", "2010-03-31": "151.83100", "2009-12-31": "151.34100", "2009-09-30": "151.31000", "2009-06-30": "151.09900", "2009-03-31": "151.08200", "2008-12-31": "150.65900", "2008-09-30": "150.65700", "2008-06-30": "150.41700", "2008-03-31": "150.38800", "2007-12-31": "150.07200", "2007-09-30": "150.02000", "2007-06-30": "149.82600", "2007-03-31": "149.34200", "2006-12-31": "147.06700", "2006-09-30": "146.67900", "2006-06-30": "146.66700", "2006-03-31": "146.38000", "2005-12-31": "145.95800", "2005-09-30": "145.89200", "2005-06-30": "120.77100", "2005-03-31": "120.66600"}, "Retained Earnings (Accumulated Deficit)": {"2020-12-31": "2366.12700", "2020-09-30": "2367.72000", "2020-06-30": "2421.84500", "2020-03-31": "2390.42500", "2019-12-31": "2575.53600", "2019-09-30": "2678.26600", "2019-06-30": "2767.46900", "2019-03-31": "2935.07700", "2018-12-31": "2982.93700", "2018-09-30": "3139.27200", "2018-06-30": "3235.89400", "2018-03-31": "3313.91400", "2017-12-31": "3724.97800", "2017-09-30": "3765.49100", "2017-06-30": "3799.36300", "2017-03-31": "3872.40700", "2016-12-31": "3760.90600", "2016-09-30": "3679.43800", "2016-06-30": "3632.27100", "2016-03-31": "3602.70200", "2015-12-31": "3643.24800", "2015-09-30": "3548.66900", "2015-06-30": "3582.59900", "2015-03-31": "3461.01100", "2014-12-31": "3399.09800", "2014-09-30": "3345.89600", "2014-06-30": "3257.40700", "2014-03-31": "3099.07500", "2013-12-31": "3007.19100", "2013-09-30": "2902.96900", "2013-06-30": "2802.96600", "2013-03-31": "2676.87400", "2012-12-31": "2590.67800", "2012-09-30": "2519.64700", "2012-06-30": "2545.85800", "2012-03-31": "2487.05300", "2011-12-31": "2361.68500", "2011-09-30": "2345.13000", "2011-06-30": "2293.51000", "2011-03-31": "2054.68000", "2010-12-31": "1903.64900", "2010-09-30": "1762.61500", "2010-06-30": "1624.44100", "2010-03-31": "1483.32200", "2009-12-31": "1368.81700", "2009-09-30": "1264.96600", "2009-06-30": "1214.07100", "2009-03-31": "1288.13900", "2008-12-31": "1270.11500", "2008-09-30": "2472.52800", "2008-06-30": "2379.72300", "2008-03-31": "2235.62900", "2007-12-31": "2128.38500", "2007-09-30": "1986.17900", "2007-06-30": "1880.64200", "2007-03-31": "1755.98500", "2006-12-31": "1650.80600", "2006-09-30": "1551.71800", "2006-06-30": "1487.57500", "2006-03-31": "1428.72800", "2005-12-31": "1357.56100", "2005-09-30": "1307.92500", "2005-06-30": "1283.02800", "2005-03-31": "1235.77800"}, "Comprehensive Income": {"2020-12-31": "-164.40100", "2020-09-30": "-288.38400", "2020-06-30": "-388.38000", "2020-03-31": "-399.20200", "2019-12-31": "-306.01800", "2019-09-30": "-402.37200", "2019-06-30": "-304.03900", "2019-03-31": "-244.34200", "2018-12-31": "-246.78400", "2018-09-30": "-185.79400", "2018-06-30": "-195.35100", "2018-03-31": "2.30100", "2017-12-31": "-116.89300", "2017-09-30": "-154.08400", "2017-06-30": "-243.86600", "2017-03-31": "-391.70600", "2016-12-31": "-667.97500", "2016-09-30": "-488.49500", "2016-06-30": "-520.77500", "2016-03-31": "-413.67100", "2015-12-31": "-545.69900", "2015-09-30": "-479.21900", "2015-06-30": "-441.03800", "2015-03-31": "-489.68800", "2014-12-31": "-220.95500", "2014-09-30": "-64.43600", "2014-06-30": "139.51200", "2014-03-31": "155.90000", "2013-12-31": "140.18700", "2013-09-30": "120.90900", "2013-06-30": "28.89500", "2013-03-31": "-18.57700", "2012-12-31": "91.82800", "2012-09-30": "41.95400", "2012-06-30": "-45.83200", "2012-03-31": "163.53400", "2011-12-31": "94.74200", "2011-09-30": "190.95300", "2011-06-30": "377.21100", "2011-03-31": "299.03900", "2010-12-31": "160.91500", "2010-09-30": "203.01400", "2010-06-30": "27.36200", "2010-03-31": "185.25900", "2009-12-31": "261.38600", "2009-09-30": "278.30700", "2009-06-30": "218.09400", "2009-03-31": "177.57900", "2008-12-31": "242.19400", "2008-09-30": "330.51400", "2008-06-30": "482.17800", "2008-03-31": "481.20300", "2007-12-31": "375.14700", "2007-09-30": "330.40500", "2007-06-30": "276.50900", "2007-03-31": "248.23500", "2006-12-31": "230.26100", "2006-09-30": "190.48900", "2006-06-30": "186.87600", "2006-03-31": "127.79900", "2005-12-31": "102.70500", "2005-09-30": "117.82000", "2005-06-30": "123.70500", "2005-03-31": "222.92800"}, "Other Share Holders Equity": {"2020-12-31": "", "2020-09-30": "", "2020-06-30": "", "2020-03-31": "", "2019-12-31": "", "2019-09-30": "", "2019-06-30": "", "2019-03-31": "", "2018-12-31": "", "2018-09-30": "", "2018-06-30": "", "2018-03-31": "", "2017-12-31": "", "2017-09-30": "", "2017-06-30": "", "2017-03-31": "", "2016-12-31": "", "2016-09-30": "", "2016-06-30": "", "2016-03-31": "", "2015-12-31": "", "2015-09-30": "", "2015-06-30": "", "2015-03-31": "", "2014-12-31": "", "2014-09-30": "", "2014-06-30": "", "2014-03-31": "", "2013-12-31": "", "2013-09-30": "", "2013-06-30": "", "2013-03-31": "", "2012-12-31": "", "2012-09-30": "", "2012-06-30": "", "2012-03-31": "", "2011-12-31": "", "2011-09-30": "", "2011-06-30": "", "2011-03-31": "", "2010-12-31": "", "2010-09-30": "", "2010-06-30": "", "2010-03-31": "", "2009-12-31": "", "2009-09-30": "", "2009-06-30": "", "2009-03-31": "", "2008-12-31": "", "2008-09-30": "", "2008-06-30": "", "2008-03-31": "", "2007-12-31": "", "2007-09-30": "", "2007-06-30": "", "2007-03-31": "", "2006-12-31": "", "2006-09-30": "", "2006-06-30": "", "2006-03-31": "", "2005-12-31": "", "2005-09-30": "", "2005-06-30": "", "2005-03-31": ""}, "Share Holder Equity": {"2020-12-31": "3910.73300", "2020-09-30": "3777.51100", "2020-06-30": "3726.39800", "2020-03-31": "3677.27800", "2019-12-31": "3957.33300", "2019-09-30": "3958.07100", "2019-06-30": "4140.47300", "2019-03-31": "4362.47200", "2018-12-31": "4408.73700", "2018-09-30": "4621.07300", "2018-06-30": "4685.08100", "2018-03-31": "4954.82100", "2017-12-31": "5248.54400", "2017-09-30": "5244.10300", "2017-06-30": "5182.06800", "2017-03-31": "5099.57300", "2016-12-31": "4711.86200", "2016-09-30": "4789.02600", "2016-06-30": "4691.28600", "2016-03-31": "4760.20100", "2015-12-31": "4674.00200", "2015-09-30": "4631.27100", "2015-06-30": "4685.02100", "2015-03-31": "4501.51000", "2014-12-31": "4704.93000", "2014-09-30": "4794.15900", "2014-06-30": "4890.19300", "2014-03-31": "4735.86700", "2013-12-31": "4628.41600", "2013-09-30": "4495.47300", "2013-06-30": "4289.12500", "2013-03-31": "4083.70200", "2012-12-31": "4105.89700", "2012-09-30": "3979.78300", "2012-06-30": "3905.73200", "2012-03-31": "4051.77900", "2011-12-31": "3855.08200", "2011-09-30": "3931.01700", "2011-06-30": "4056.07000", "2011-03-31": "3734.47400", "2010-12-31": "3442.20000", "2010-09-30": "3330.19800", "2010-06-30": "3009.11700", "2010-03-31": "3021.00600", "2009-12-31": "2980.66000", "2009-09-30": "2888.64000", "2009-06-30": "2760.85700", "2009-03-31": "2747.08700", "2008-12-31": "2796.19400", "2008-09-30": "4085.05600", "2008-06-30": "4134.69100", "2008-03-31": "3982.32100", "2007-12-31": "3767.84300", "2007-09-30": "3575.16700", "2007-06-30": "3400.64500", "2007-03-31": "3229.85800", "2006-12-31": "3059.00100", "2006-09-30": "2909.06300", "2006-06-30": "2831.18300", "2006-03-31": "2704.31400", "2005-12-31": "2600.03700", "2005-09-30": "2559.70600", "2005-06-30": "2097.03300", "2005-03-31": "2147.25700"}, "Total Liabilities And Share Holders Equity": {"2020-12-31": "8264.31300", "2020-09-30": "8381.39500", "2020-06-30": "8105.19700", "2020-03-31": "8089.72800", "2019-12-31": "8525.11200", "2019-09-30": "8913.33700", "2019-06-30": "8564.55600", "2019-03-31": "9099.68000", "2018-12-31": "9234.69900", "2018-09-30": "9453.77400", "2018-06-30": "9596.84500", "2018-03-31": "9711.93000", "2017-12-31": "9800.50500", "2017-09-30": "9773.15800", "2017-06-30": "9699.58900", "2017-03-31": "9845.77800", "2016-12-31": "13256.00000", "2016-09-30": "11046.12000", "2016-06-30": "11239.80000", "2016-03-31": "11125.46000", "2015-12-31": "11302.35000", "2015-09-30": "10864.46000", "2015-06-30": "10799.95000", "2015-03-31": "10614.50000", "2014-12-31": "11491.09000", "2014-09-30": "10987.25000", "2014-06-30": "11250.65000", "2014-03-31": "10900.78000", "2013-12-31": "11485.30000", "2013-09-30": "10558.26000", "2013-06-30": "10474.68000", "2013-03-31": "10211.50000", "2012-12-31": "10549.53000", "2012-09-30": "10103.12000", "2012-06-30": "10167.87000", "2012-03-31": "10157.56000", "2011-12-31": "10172.80000", "2011-09-30": "9782.55400", "2011-06-30": "9905.56900", "2011-03-31": "9839.97700", "2010-12-31": "9903.58900", "2010-09-30": "9302.73700", "2010-06-30": "7782.38200", "2010-03-31": "7157.79100", "2009-12-31": "7315.24700", "2009-09-30": "6707.66400", "2009-06-30": "6273.51600", "2009-03-31": "6245.93600", "2008-12-31": "6736.95100", "2008-09-30": "8061.56700", "2008-06-30": "8200.13000", "2008-03-31": "7904.38100", "2007-12-31": "8027.95100", "2007-09-30": "7367.67400", "2007-06-30": "7355.11900", "2007-03-31": "6984.09600", "2006-12-31": "6558.81200", "2006-09-30": "6522.48800", "2006-06-30": "6215.69300", "2006-03-31": "6048.77100", "2005-12-31": "6155.50000", "2005-09-30": "5909.38600", "2005-06-30": "5098.21500", "2005-03-31": "5062.53200"}}, "cash flow statement": {"Net Income/Loss": {"2020-06-30": "-31.08100", "2019-06-30": "176.33700", "2018-06-30": "-156.42400", "2017-06-30": "525.27800", "2016-06-30": "506.53100", "2015-06-30": "571.91300", "2014-06-30": "545.60400", "2013-06-30": "450.07300", "2012-06-30": "567.01900", "2011-06-30": "669.06900", "2010-06-30": "410.37000", "2009-06-30": "-1129.71200", "2008-06-30": "489.57800", "2007-06-30": "393.06700", "2006-06-30": "204.54700", "2005-06-30": "168.23900"}, "Total Depreciation And Amortization - Cash Flow": {"2020-06-30": "386.98700", "2019-06-30": "372.92500", "2018-06-30": "421.85000", "2017-06-30": "155.36000", "2016-06-30": "79.59000", "2015-06-30": "82.19100", "2014-06-30": "137.18800", "2013-06-30": "120.67600", "2012-06-30": "101.33600", "2011-06-30": "81.38900", "2010-06-30": "60.64300", "2009-06-30": "65.78100", "2008-06-30": "58.84500", "2007-06-30": "53.77500", "2006-06-30": "66.52600", "2005-06-30": "61.74600"}, "Other Non-Cash Items": {"2020-06-30": "39.16500", "2019-06-30": "-9.87600", "2018-06-30": "-5.77100", "2017-06-30": "-792.58000", "2016-06-30": "351.45300", "2015-06-30": "306.15700", "2014-06-30": "118.95900", "2013-06-30": "77.97400", "2012-06-30": "110.86400", "2011-06-30": "79.02800", "2010-06-30": "81.42100", "2009-06-30": "1360.70500", "2008-06-30": "100.77800", "2007-06-30": "151.59900", "2006-06-30": "133.24000", "2005-06-30": "110.84900"}, "Total Non-Cash Items": {"2020-06-30": "426.15200", "2019-06-30": "363.04900", "2018-06-30": "416.07900", "2017-06-30": "-637.22000", "2016-06-30": "431.04300", "2015-06-30": "388.34800", "2014-06-30": "256.14700", "2013-06-30": "198.65000", "2012-06-30": "212.20000", "2011-06-30": "160.41700", "2010-06-30": "142.06400", "2009-06-30": "1426.48600", "2008-06-30": "159.62300", "2007-06-30": "205.37400", "2006-06-30": "199.76600", "2005-06-30": "172.59500"}, "Change In Accounts Receivable": {"2020-06-30": "221.48600", "2019-06-30": "464.98100", "2018-06-30": "-296.17500", "2017-06-30": "-371.82000", "2016-06-30": "191.20900", "2015-06-30": "-247.64500", "2014-06-30": "-306.87300", "2013-06-30": "-94.20300", "2012-06-30": "72.26700", "2011-06-30": "-421.45700", "2010-06-30": "-1070.30200", "2009-06-30": "709.90800", "2008-06-30": "46.10000", "2007-06-30": "-129.35100", "2006-06-30": "-254.69100", "2005-06-30": "-168.89200"}, "Change In Inventories": {"2020-06-30": "266.79100", "2019-06-30": "81.92900", "2018-06-30": "-308.66300", "2017-06-30": "84.40800", "2016-06-30": "-416.64400", "2015-06-30": "-78.33900", "2014-06-30": "-226.14100", "2013-06-30": "225.66700", "2012-06-30": "133.17800", "2011-06-30": "-321.93900", "2010-06-30": "-459.91700", "2009-06-30": "483.45300", "2008-06-30": "36.45300", "2007-06-30": "53.67800", "2006-06-30": "-142.56300", "2005-06-30": "144.00400"}, "Change In Accounts Payable": {"2020-06-30": "-106.99000", "2019-06-30": "-377.85500", "2018-06-30": "409.60800", "2017-06-30": "163.60400", "2016-06-30": "-326.21700", "2015-06-30": "117.51300", "2014-06-30": "48.65100", "2013-06-30": "-78.83400", "2012-06-30": "-319.09400", "2011-06-30": "165.18500", "2010-06-30": "963.33200", "2009-06-30": "-375.50900", "2008-06-30": "-123.34800", "2007-06-30": "262.19200", "2006-06-30": "99.67000", "2005-06-30": "191.27000"}, "Change In Assets/Liabilities": {"2020-06-30": "", "2019-06-30": "", "2018-06-30": "", "2017-06-30": "", "2016-06-30": "", "2015-06-30": "", "2014-06-30": "", "2013-06-30": "", "2012-06-30": "", "2011-06-30": "", "2010-06-30": "", "2009-06-30": "", "2008-06-30": "", "2007-06-30": "", "2006-06-30": "", "2005-06-30": ""}, "Total Change In Assets/Liabilities": {"2020-06-30": "335.11100", "2019-06-30": "-4.61600", "2018-06-30": "-6.17000", "2017-06-30": "-256.74900", "2016-06-30": "-713.25900", "2015-06-30": "-376.37800", "2014-06-30": "-564.33300", "2013-06-30": "47.47400", "2012-06-30": "-250.50100", "2011-06-30": "-551.40700", "2010-06-30": "-582.84900", "2009-06-30": "821.26100", "2008-06-30": "-195.58400", "2007-06-30": "126.19800", "2006-06-30": "-423.42700", "2005-06-30": "121.00200"}, "Cash Flow From Operating Activities": {"2020-06-30": "730.18200", "2019-06-30": "534.77000", "2018-06-30": "253.48500", "2017-06-30": "-368.69100", "2016-06-30": "224.31500", "2015-06-30": "583.88300", "2014-06-30": "237.41800", "2013-06-30": "696.19700", "2012-06-30": "528.71800", "2011-06-30": "278.07900", "2010-06-30": "-30.41500", "2009-06-30": "1118.03500", "2008-06-30": "453.61700", "2007-06-30": "724.63900", "2006-06-30": "-19.11400", "2005-06-30": "461.83600"}, "Net Change In Property, Plant, And Equipment": {"2020-06-30": "-73.51600", "2019-06-30": "-122.69000", "2018-06-30": "-155.87300", "2017-06-30": "-120.39700", "2016-06-30": "-137.37500", "2015-06-30": "-133.35600", "2014-06-30": "-123.24200", "2013-06-30": "-97.37900", "2012-06-30": "-128.65200", "2011-06-30": "-138.08600", "2010-06-30": "-54.87300", "2009-06-30": "-97.06200", "2008-06-30": "-77.59600", "2007-06-30": "-56.00800", "2006-06-30": "-47.43500", "2005-06-30": "-24.06700"}, "Net Change In Intangible Assets": {"2020-06-30": "", "2019-06-30": "", "2018-06-30": "", "2017-06-30": "", "2016-06-30": "", "2015-06-30": "", "2014-06-30": "", "2013-06-30": "", "2012-06-30": "", "2011-06-30": "", "2010-06-30": "", "2009-06-30": "", "2008-06-30": "", "2007-06-30": "", "2006-06-30": "", "2005-06-30": ""}, "Net Acquisitions/Divestitures": {"2020-06-30": "-51.50900", "2019-06-30": "-56.41700", "2018-06-30": "-15.25400", "2017-06-30": "-802.74400", "2016-06-30": "", "2015-06-30": "", "2014-06-30": "-116.88200", "2013-06-30": "-262.30600", "2012-06-30": "-313.21800", "2011-06-30": "-671.88900", "2010-06-30": "-57.54800", "2009-06-30": "-300.62300", "2008-06-30": "-300.78400", "2007-06-30": "-429.78600", "2006-06-30": "-294.33500", "2005-06-30": "-3.56300"}, "Net Change In Short-term Investments": {"2020-06-30": "", "2019-06-30": "", "2018-06-30": "", "2017-06-30": "", "2016-06-30": "", "2015-06-30": "", "2014-06-30": "", "2013-06-30": "", "2012-06-30": "", "2011-06-30": "", "2010-06-30": "", "2009-06-30": "", "2008-06-30": "", "2007-06-30": "", "2006-06-30": "", "2005-06-30": ""}, "Net Change In Long-Term Investments": {"2020-06-30": "", "2019-06-30": "", "2018-06-30": "", "2017-06-30": "", "2016-06-30": "", "2015-06-30": "", "2014-06-30": "", "2013-06-30": "", "2012-06-30": "", "2011-06-30": "", "2010-06-30": "", "2009-06-30": "", "2008-06-30": "", "2007-06-30": "", "2006-06-30": "", "2005-06-30": ""}, "Net Change In Investments - Total": {"2020-06-30": "", "2019-06-30": "", "2018-06-30": "", "2017-06-30": "", "2016-06-30": "", "2015-06-30": "", "2014-06-30": "", "2013-06-30": "", "2012-06-30": "", "2011-06-30": "", "2010-06-30": "", "2009-06-30": "", "2008-06-30": "", "2007-06-30": "", "2006-06-30": "", "2005-06-30": ""}, "Investing Activities - Other": {"2020-06-30": "-9.99200", "2019-06-30": "153.89500", "2018-06-30": "242.85800", "2017-06-30": "2261.61500", "2016-06-30": "-15.13800", "2015-06-30": "-52.98700", "2014-06-30": "2.66600", "2013-06-30": "6.63100", "2012-06-30": "1.04600", "2011-06-30": "", "2010-06-30": "", "2009-06-30": "", "2008-06-30": "", "2007-06-30": "", "2006-06-30": "", "2005-06-30": ""}, "Cash Flow From Investing Activities": {"2020-06-30": "-135.01700", "2019-06-30": "-25.21200", "2018-06-30": "71.73100", "2017-06-30": "1338.47400", "2016-06-30": "-152.51300", "2015-06-30": "-186.34300", "2014-06-30": "-237.45800", "2013-06-30": "-353.05400", "2012-06-30": "-440.82400", "2011-06-30": "-809.97500", "2010-06-30": "-112.42100", "2009-06-30": "-397.68500", "2008-06-30": "-378.38000", "2007-06-30": "-485.79400", "2006-06-30": "-341.77000", "2005-06-30": "-27.63000"}, "Net Long-Term Debt": {"2020-06-30": "-308.40300", "2019-06-30": "61.06700", "2018-06-30": "-126.10400", "2017-06-30": "-1121.55400", "2016-06-30": "199.89100", "2015-06-30": "-36.12400", "2014-06-30": "-45.00000", "2013-06-30": "-310.00000", "2012-06-30": "510.00000", "2011-06-30": "", "2010-06-30": "", "2009-06-30": "-300.00000", "2008-06-30": "-19.50000", "2007-06-30": "-0.78000", "2006-06-30": "-0.64300", "2005-06-30": "-0.08600"}, "Net Current Debt": {"2020-06-30": "", "2019-06-30": "", "2018-06-30": "", "2017-06-30": "296.37400", "2016-06-30": "291.50000", "2015-06-30": "", "2014-06-30": "38.76500", "2013-06-30": "168.31700", "2012-06-30": "85.81600", "2011-06-30": "-100.71800", "2010-06-30": "291.93400", "2009-06-30": "-106.80500", "2008-06-30": "-22.42800", "2007-06-30": "-34.86500", "2006-06-30": "-33.97100", "2005-06-30": "-100.37800"}, "Debt Issuance/Retirement Net - Total": {"2020-06-30": "-308.40300", "2019-06-30": "61.06700", "2018-06-30": "-126.10400", "2017-06-30": "-825.17990", "2016-06-30": "491.39100", "2015-06-30": "-36.12400", "2014-06-30": "-6.23500", "2013-06-30": "-141.68300", "2012-06-30": "595.81600", "2011-06-30": "-100.71800", "2010-06-30": "291.93400", "2009-06-30": "-406.80500", "2008-06-30": "-41.92800", "2007-06-30": "-35.64500", "2006-06-30": "-34.61400", "2005-06-30": "-100.46400"}, "Net Common Equity Issued/Repurchased": {"2020-06-30": "-237.84200", "2019-06-30": "-568.71200", "2018-06-30": "-323.51600", "2017-06-30": "-275.88400", "2016-06-30": "-380.94300", "2015-06-30": "-159.98400", "2014-06-30": "-8.61600", "2013-06-30": "-207.19200", "2012-06-30": "-318.33300", "2011-06-30": "", "2010-06-30": "", "2009-06-30": "", "2008-06-30": "", "2007-06-30": "", "2006-06-30": "", "2005-06-30": ""}, "Net Total Equity Issued/Repurchased": {"2020-06-30": "-237.84200", "2019-06-30": "-568.71200", "2018-06-30": "-323.51600", "2017-06-30": "-275.88400", "2016-06-30": "-380.94300", "2015-06-30": "-159.98400", "2014-06-30": "-8.61600", "2013-06-30": "-207.19200", "2012-06-30": "-318.33300", "2011-06-30": "", "2010-06-30": "", "2009-06-30": "", "2008-06-30": "", "2007-06-30": "", "2006-06-30": "", "2005-06-30": ""}, "Total Common And Preferred Stock Dividends Paid": {"2020-06-30": "-83.97500", "2019-06-30": "-87.15800", "2018-06-30": "-88.25500", "2017-06-30": "-88.65700", "2016-06-30": "-88.59400", "2015-06-30": "-87.33000", "2014-06-30": "-82.75500", "2013-06-30": "", "2012-06-30": "", "2011-06-30": "", "2010-06-30": "", "2009-06-30": "", "2008-06-30": "", "2007-06-30": "", "2006-06-30": "", "2005-06-30": ""}, "Financial Activities - Other": {"2020-06-30": "-14.33000", "2019-06-30": "12.12700", "2018-06-30": "-4.01800", "2017-06-30": "1.57700", "2016-06-30": "11.50100", "2015-06-30": "-57.55000", "2014-06-30": "9.10900", "2013-06-30": "4.79200", "2012-06-30": "5.59000", "2011-06-30": "163.93000", "2010-06-30": "4.83800", "2009-06-30": "1.56400", "2008-06-30": "8.88100", "2007-06-30": "69.51200", "2006-06-30": "30.99100", "2005-06-30": "2.27400"}, "Cash Flow From Financial Activities": {"2020-06-30": "-644.55000", "2019-06-30": "-582.67600", "2018-06-30": "-541.89300", "2017-06-30": "-1188.14400", "2016-06-30": "33.35500", "2015-06-30": "-340.98800", "2014-06-30": "-88.49700", "2013-06-30": "-344.08300", "2012-06-30": "283.07300", "2011-06-30": "63.21200", "2010-06-30": "296.77200", "2009-06-30": "-405.24100", "2008-06-30": "-33.04700", "2007-06-30": "33.86700", "2006-06-30": "-3.62300", "2005-06-30": "-98.19000"}, "Net Cash Flow": {"2020-06-30": "-69.06700", "2019-06-30": "-75.02000", "2018-06-30": "-215.25900", "2017-06-30": "-195.09400", "2016-06-30": "98.92500", "2015-06-30": "3.58200", "2014-06-30": "-80.37200", "2013-06-30": "2.47900", "2012-06-30": "331.53000", "2011-06-30": "-416.76800", "2010-06-30": "148.18100", "2009-06-30": "303.47200", "2008-06-30": "83.09900", "2007-06-30": "280.63700", "2006-06-30": "-361.15400", "2005-06-30": "325.20000"}, "Stock-Based Compensation": {"2020-06-30": "26.83200", "2019-06-30": "30.09800", "2018-06-30": "23.99000", "2017-06-30": "47.68600", "2016-06-30": "56.90800", "2015-06-30": "62.00600", "2014-06-30": "45.91600", "2013-06-30": "43.67700", "2012-06-30": "35.73700", "2011-06-30": "28.93100", "2010-06-30": "28.36300", "2009-06-30": "18.26900", "2008-06-30": "25.38900", "2007-06-30": "24.25000", "2006-06-30": "18.09600", "2005-06-30": "1.13500"}, "Common Stock Dividends Paid": {"2020-06-30": "-83.97500", "2019-06-30": "-87.15800", "2018-06-30": "-88.25500", "2017-06-30": "-88.65700", "2016-06-30": "-88.59400", "2015-06-30": "-87.33000", "2014-06-30": "-82.75500", "2013-06-30": "", "2012-06-30": "0.00000", "2011-06-30": "", "2010-06-30": "", "2009-06-30": "", "2008-06-30": "", "2007-06-30": "", "2006-06-30": "", "2005-06-30": ""}}, "cash flow statement, quarterly": {"Net Income/Loss": {"2020-12-31": 19.163, "2020-09-30": "-18.88900", "2020-06-30": 52.161, "2020-03-31": -128.662, "2019-12-31": 3.668, "2019-09-30": "41.75200", "2019-06-30": -31.836, "2019-03-31": 88.048, "2018-12-31": 36.401, "2018-09-30": "83.72400", "2018-06-30": 58.615, "2018-03-31": -320.066, "2017-12-31": 46.724, "2017-09-30": "58.30300", "2017-06-30": 81.446, "2017-03-31": 271.771, "2016-12-31": 103.218, "2016-09-30": "68.84300", "2016-06-30": 96.806, "2016-03-31": 123.459, "2015-12-31": 156.012, "2015-09-30": "130.25400", "2015-06-30": 158.733, "2015-03-31": 121.528, "2014-12-31": 163.706, "2014-09-30": "127.94600", "2014-06-30": 186.265, "2014-03-31": 113.851, "2013-12-31": 124.864, "2013-09-30": "120.62400", "2013-06-30": 126.091, "2013-03-31": 86.196, "2012-12-31": 137.481, "2012-09-30": "100.30500", "2012-06-30": 133.404, "2012-03-31": 147.562, "2011-12-31": 147.023, "2011-09-30": "139.03000", "2011-06-30": 238.83, "2011-03-31": 151.031, "2010-12-31": 141.034, "2010-09-30": "138.17400", "2010-06-30": 141.119, "2010-03-31": 114.505, "2009-12-31": 103.851, "2009-09-30": "50.89500", "2009-06-30": -30.878, "2009-03-31": 15.796, "2008-12-31": -1204.969, "2008-09-30": "90.33900", "2008-06-30": 134.591, "2008-03-31": 107.244, "2007-12-31": 142.206, "2007-09-30": "105.53700", "2007-06-30": 124.657, "2007-03-31": 105.179, "2006-12-31": 99.088, "2006-09-30": "64.14300", "2006-06-30": 58.847, "2006-03-31": 71.167, "2005-12-31": 49.636, "2005-09-30": "24.89700", "2005-06-30": 47.25, "2005-03-31": 120.989}, "Total Depreciation And Amortization - Cash Flow": {"2020-12-31": 46.546, "2020-09-30": "56.04100", "2020-06-30": 56.816, "2020-03-31": 207.738, "2019-12-31": 62.014, "2019-09-30": "60.41900", "2019-06-30": 237.11, "2019-03-31": 46.471, "2018-12-31": 43.145, "2018-09-30": "46.19900", "2018-06-30": 56.439, "2018-03-31": 240.645, "2017-12-31": 60.997, "2017-09-30": "63.76900", "2017-06-30": 57.375, "2017-03-31": 40.61, "2016-12-31": 35.751, "2016-09-30": "21.62400", "2016-06-30": 22.901, "2016-03-31": 18.664, "2015-12-31": 18.852, "2015-09-30": "19.17300", "2015-06-30": -21.358, "2015-03-31": 34.587, "2014-12-31": 34.271, "2014-09-30": "34.69100", "2014-06-30": 36.715, "2014-03-31": 34.839, "2013-12-31": 36.343, "2013-09-30": "29.29100", "2013-06-30": 31.548, "2013-03-31": 31.288, "2012-12-31": 29.632, "2012-09-30": "28.20800", "2012-06-30": 30.561, "2012-03-31": 26.122, "2011-12-31": 22.352, "2011-09-30": "22.30100", "2011-06-30": 22.289, "2011-03-31": 19.61, "2010-12-31": 18.647, "2010-09-30": "20.84300", "2010-06-30": 14.559, "2010-03-31": 14.957, "2009-12-31": 15.48, "2009-09-30": "15.64700", "2009-06-30": 15.28, "2009-03-31": 15.212, "2008-12-31": 16.15, "2008-09-30": "19.13900", "2008-06-30": 14.981, "2008-03-31": 16.154, "2007-12-31": 14.188, "2007-09-30": "13.52200", "2007-06-30": 14.892, "2007-03-31": 12.9, "2006-12-31": 12.723, "2006-09-30": "13.26000", "2006-06-30": 15.368, "2006-03-31": 18.183, "2005-12-31": 16.233, "2005-09-30": "16.74200", "2005-06-30": 15.348, "2005-03-31": 46.398}, "Other Non-Cash Items": {"2020-12-31": 9.551, "2020-09-30": "37.63900", "2020-06-30": 24.389, "2020-03-31": -6.366, "2019-12-31": 9.86, "2019-09-30": "11.28200", "2019-06-30": -72.934, "2019-03-31": -20.208, "2018-12-31": 22.593, "2018-09-30": "60.67300", "2018-06-30": 5.212, "2018-03-31": -4.487, "2017-12-31": 3.55, "2017-09-30": "-10.04600", "2017-06-30": -250.504, "2017-03-31": -461.95, "2016-12-31": -3.125, "2016-09-30": "-77.00100", "2016-06-30": 246.931, "2016-03-31": 110.106, "2015-12-31": -17.197, "2015-09-30": "11.61300", "2015-06-30": 170.001, "2015-03-31": 50.228, "2014-12-31": 36.225, "2014-09-30": "49.70300", "2014-06-30": 9.389, "2014-03-31": 17.089, "2013-12-31": 40.365, "2013-09-30": "52.11600", "2013-06-30": 6.564, "2013-03-31": 43.715, "2012-12-31": 27.982, "2012-09-30": "-0.28700", "2012-06-30": 9.228, "2012-03-31": 34.605, "2011-12-31": 24.69, "2011-09-30": "42.34100", "2011-06-30": 43.664, "2011-03-31": 34.297, "2010-12-31": 13.238, "2010-09-30": "-12.17100", "2010-06-30": 19.138, "2010-03-31": 23.651, "2009-12-31": 7.247, "2009-09-30": "31.38500", "2009-06-30": 59.056, "2009-03-31": -55.904, "2008-12-31": 1344.91, "2008-09-30": "12.64300", "2008-06-30": 20.147, "2008-03-31": 18.027, "2007-12-31": 15.996, "2007-09-30": "46.60800", "2007-06-30": 58.898, "2007-03-31": 21.901, "2006-12-31": 33.21, "2006-09-30": "37.59000", "2006-06-30": 77.185, "2006-03-31": 7.358, "2005-12-31": 31.581, "2005-09-30": "17.11600", "2005-06-30": 44.675, "2005-03-31": 66.174}, "Total Non-Cash Items": {"2020-12-31": 56.097, "2020-09-30": "93.68000", "2020-06-30": 81.205, "2020-03-31": 201.372, "2019-12-31": 71.874, "2019-09-30": "71.70100", "2019-06-30": 164.176, "2019-03-31": 26.263, "2018-12-31": 65.738, "2018-09-30": "106.87200", "2018-06-30": 61.651, "2018-03-31": 236.158, "2017-12-31": 64.547, "2017-09-30": "53.72300", "2017-06-30": -193.129, "2017-03-31": -421.34, "2016-12-31": 32.626, "2016-09-30": "-55.37700", "2016-06-30": 269.832, "2016-03-31": 128.77, "2015-12-31": 1.655, "2015-09-30": "30.78600", "2015-06-30": 148.643, "2015-03-31": 84.815, "2014-12-31": 70.496, "2014-09-30": "84.39400", "2014-06-30": 46.104, "2014-03-31": 51.928, "2013-12-31": 76.708, "2013-09-30": "81.40700", "2013-06-30": 38.112, "2013-03-31": 75.003, "2012-12-31": 57.614, "2012-09-30": "27.92100", "2012-06-30": 39.789, "2012-03-31": 60.727, "2011-12-31": 47.042, "2011-09-30": "64.64200", "2011-06-30": 65.953, "2011-03-31": 53.907, "2010-12-31": 31.885, "2010-09-30": "8.67200", "2010-06-30": 33.697, "2010-03-31": 38.608, "2009-12-31": 22.727, "2009-09-30": "47.03200", "2009-06-30": 74.336, "2009-03-31": -40.692, "2008-12-31": 1361.06, "2008-09-30": "31.78200", "2008-06-30": 35.128, "2008-03-31": 34.181, "2007-12-31": 30.184, "2007-09-30": "60.13000", "2007-06-30": 73.79, "2007-03-31": 34.801, "2006-12-31": 45.933, "2006-09-30": "50.85000", "2006-06-30": 92.553, "2006-03-31": 25.541, "2005-12-31": 47.814, "2005-09-30": "33.85800", "2005-06-30": 60.023, "2005-03-31": 112.572}, "Change In Accounts Receivable": {"2020-12-31": -87.715, "2020-09-30": "-7.11600", "2020-06-30": 71.391, "2020-03-31": -35.503, "2019-12-31": 192.301, "2019-09-30": "-6.70300", "2019-06-30": 28.599, "2019-03-31": 242.862, "2018-12-31": 212.812, "2018-09-30": "-19.29200", "2018-06-30": -198.028, "2018-03-31": -206.606, "2017-12-31": 140.868, "2017-09-30": "-32.40900", "2017-06-30": -36.203, "2017-03-31": -208.464, "2016-12-31": -62.566, "2016-09-30": "-64.58700", "2016-06-30": -63.096, "2016-03-31": -7.55, "2015-12-31": 137.779, "2015-09-30": "124.07600", "2015-06-30": -61.608, "2015-03-31": 525.023, "2014-12-31": -752.585, "2014-09-30": "41.52500", "2014-06-30": -251.02, "2014-03-31": 715.875, "2013-12-31": -861.446, "2013-09-30": "89.71800", "2013-06-30": -91.306, "2013-03-31": 397.046, "2012-12-31": -677.63, "2012-09-30": "277.68700", "2012-06-30": -3.732, "2012-03-31": 175.25, "2011-12-31": -224.673, "2011-09-30": "125.42200", "2011-06-30": -29.833, "2011-03-31": 153.568, "2010-12-31": -434.283, "2010-09-30": "-110.90900", "2010-06-30": -337.836, "2010-03-31": 60.828, "2009-12-31": -573.928, "2009-09-30": "-219.36600", "2009-06-30": 87.909, "2009-03-31": 583.083, "2008-12-31": -39.809, "2008-09-30": "78.72500", "2008-06-30": -70.099, "2008-03-31": 479.197, "2007-12-31": -464.608, "2007-09-30": "101.61000", "2007-06-30": -239.22, "2007-03-31": 311.841, "2006-12-31": -121.389, "2006-09-30": "-80.58300", "2006-06-30": -35.48, "2006-03-31": 114.653, "2005-12-31": -312.662, "2005-09-30": "-21.20200", "2005-06-30": -157.354, "2005-03-31": -11.538}, "Change In Inventories": {"2020-12-31": 187.611, "2020-09-30": "-136.42600", "2020-06-30": 38.795, "2020-03-31": 133.814, "2019-12-31": 158.376, "2019-09-30": "-64.19400", "2019-06-30": 207.339, "2019-03-31": 84.172, "2018-12-31": 60.067, "2018-09-30": "-269.64900", "2018-06-30": 29.276, "2018-03-31": 72.422, "2017-12-31": -143.363, "2017-09-30": "-266.99800", "2017-06-30": -1.695, "2017-03-31": -53.569, "2016-12-31": -42.568, "2016-09-30": "182.24000", "2016-06-30": -64.913, "2016-03-31": -162.136, "2015-12-31": 93.251, "2015-09-30": "-282.84600", "2015-06-30": 11.655, "2015-03-31": -84.037, "2014-12-31": 159.894, "2014-09-30": "-165.85100", "2014-06-30": -111.883, "2014-03-31": 44.212, "2013-12-31": 61.695, "2013-09-30": "-220.16500", "2013-06-30": 33.423, "2013-03-31": -53.948, "2012-12-31": 143.52, "2012-09-30": "102.67200", "2012-06-30": 57.427, "2012-03-31": 73.07, "2011-12-31": 91.67, "2011-09-30": "-88.98900", "2011-06-30": -59.243, "2011-03-31": 78.405, "2010-12-31": -71.333, "2010-09-30": "-269.76800", "2010-06-30": -103.483, "2010-03-31": -83.552, "2009-12-31": -137.362, "2009-09-30": "-135.52000", "2009-06-30": 235.908, "2009-03-31": 197.396, "2008-12-31": 107.648, "2008-09-30": "-57.49900", "2008-06-30": 81.381, "2008-03-31": -48.319, "2007-12-31": 52.61, "2007-09-30": "-49.21900", "2007-06-30": -12.633, "2007-03-31": 48.293, "2006-12-31": 52.346, "2006-09-30": "-34.32800", "2006-06-30": -52.789, "2006-03-31": -37.184, "2005-12-31": 36.013, "2005-09-30": "-88.60300", "2005-06-30": 47.313, "2005-03-31": 96.691}, "Change In Accounts Payable": {"2020-12-31": -97.972, "2020-09-30": "228.74000", "2020-06-30": 5.933, "2020-03-31": -60.212, "2019-12-31": -242.457, "2019-09-30": "189.74600", "2019-06-30": 21.671, "2019-03-31": -194.272, "2018-12-31": -300.373, "2018-09-30": "95.11900", "2018-06-30": 228.876, "2018-03-31": 105.39, "2017-12-31": 38.09, "2017-09-30": "37.25200", "2017-06-30": 77.484, "2017-03-31": -47.578, "2016-12-31": 298.475, "2016-09-30": "-164.77700", "2016-06-30": -222.981, "2016-03-31": 137.238, "2015-12-31": -237.998, "2015-09-30": "-2.47600", "2015-06-30": -0.936, "2015-03-31": -464.888, "2014-12-31": 612.173, "2014-09-30": "-28.83600", "2014-06-30": 197.476, "2014-03-31": -497.346, "2013-12-31": 476.566, "2013-09-30": "-128.04500", "2013-06-30": 97.075, "2013-03-31": -426.771, "2012-12-31": 633.732, "2012-09-30": "-382.87000", "2012-06-30": 33.014, "2012-03-31": -398.698, "2011-12-31": 420.383, "2011-09-30": "-373.79300", "2011-06-30": 120.147, "2011-03-31": -250.336, "2010-12-31": 164.664, "2010-09-30": "130.71000", "2010-06-30": 379.454, "2010-03-31": -169.476, "2009-12-31": 440.527, "2009-09-30": "312.82700", "2009-06-30": 107.722, "2009-03-31": -374.259, "2008-12-31": 31.456, "2008-09-30": "-140.42800", "2008-06-30": 114.258, "2008-03-31": -317.967, "2007-12-31": 309.547, "2007-09-30": "-229.18600", "2007-06-30": 401.811, "2007-03-31": -264.421, "2006-12-31": 134.324, "2006-09-30": "-9.52200", "2006-06-30": 107.604, "2006-03-31": -142.256, "2005-12-31": 146.171, "2005-09-30": "-11.84900", "2005-06-30": 97.539, "2005-03-31": 93.731}, "Change In Assets/Liabilities": {"2020-12-31": 0, "2020-09-30": "", "2020-06-30": 0, "2020-03-31": 0, "2019-12-31": 0, "2019-09-30": "", "2019-06-30": 0, "2019-03-31": 0, "2018-12-31": 0, "2018-09-30": "", "2018-06-30": 0, "2018-03-31": 0, "2017-12-31": 0, "2017-09-30": "", "2017-06-30": 0, "2017-03-31": 0, "2016-12-31": 0, "2016-09-30": "", "2016-06-30": 0, "2016-03-31": 0, "2015-12-31": 0, "2015-09-30": "", "2015-06-30": 0, "2015-03-31": 0, "2014-12-31": 0, "2014-09-30": "", "2014-06-30": 0, "2014-03-31": 0, "2013-12-31": 0, "2013-09-30": "", "2013-06-30": 0, "2013-03-31": 0, "2012-12-31": 0, "2012-09-30": "", "2012-06-30": 0, "2012-03-31": 0, "2011-12-31": 0, "2011-09-30": "", "2011-06-30": 0, "2011-03-31": 0, "2010-12-31": 0, "2010-09-30": "", "2010-06-30": 0, "2010-03-31": 0, "2009-12-31": 0, "2009-09-30": "", "2009-06-30": 0, "2009-03-31": 0, "2008-12-31": 0, "2008-09-30": "", "2008-06-30": 0, "2008-03-31": 0, "2007-12-31": 0, "2007-09-30": "", "2007-06-30": 0, "2007-03-31": 0, "2006-12-31": 0, "2006-09-30": "", "2006-06-30": 0, "2006-03-31": 0, "2005-12-31": 0, "2005-09-30": "", "2005-06-30": 0, "2005-03-31": 0}, "Total Change In Assets/Liabilities": {"2020-12-31": 9.69, "2020-09-30": "47.65300", "2020-06-30": 154.206, "2020-03-31": 25.694, "2019-12-31": 73.022, "2019-09-30": "82.18900", "2019-06-30": 202.285, "2019-03-31": 154.91, "2018-12-31": -86.236, "2018-09-30": "-275.57500", "2018-06-30": 115.347, "2018-03-31": 160.998, "2017-12-31": -42.5, "2017-09-30": "-240.01500", "2017-06-30": -72.378, "2017-03-31": -275.151, "2016-12-31": 104.382, "2016-09-30": "-13.60200", "2016-06-30": -439.45, "2016-03-31": -39.344, "2015-12-31": -39.684, "2015-09-30": "-194.78100", "2015-06-30": -8.045, "2015-03-31": -146.215, "2014-12-31": 30.877, "2014-09-30": "-252.99500", "2014-06-30": -198.856, "2014-03-31": 192.325, "2013-12-31": -229.58, "2013-09-30": "-328.22200", "2013-06-30": 102.58, "2013-03-31": -139.193, "2012-12-31": 131.336, "2012-09-30": "-47.24900", "2012-06-30": 86.089, "2012-03-31": -184.668, "2011-12-31": 255.897, "2011-09-30": "-407.81900", "2011-06-30": -23.334, "2011-03-31": -16.8359, "2010-12-31": -252.0611, "2010-09-30": "-259.17600", "2010-06-30": -50.522, "2010-03-31": -216.517, "2009-12-31": -224.109, "2009-09-30": "-91.70100", "2009-06-30": 286.442, "2009-03-31": 498.789, "2008-12-31": 163.446, "2008-09-30": "-127.41600", "2008-06-30": 87.518, "2008-03-31": 14.964, "2007-12-31": -88.574, "2007-09-30": "-209.49200", "2007-06-30": 102.626, "2007-03-31": 72.529, "2006-12-31": 92.653, "2006-09-30": "-141.61000", "2006-06-30": -11.783, "2006-03-31": -94.439, "2005-12-31": -109.192, "2005-09-30": "-208.01300", "2005-06-30": -29.616, "2005-03-31": 150.618}, "Cash Flow From Operating Activities": {"2020-12-31": 84.95, "2020-09-30": "122.44400", "2020-06-30": 287.572, "2020-03-31": 98.404, "2019-12-31": 148.564, "2019-09-30": "195.64200", "2019-06-30": 334.625, "2019-03-31": 269.221, "2018-12-31": 15.903, "2018-09-30": "-84.97900", "2018-06-30": 235.613, "2018-03-31": 77.09, "2017-12-31": 68.771, "2017-09-30": "-127.98900", "2017-06-30": -184.061, "2017-03-31": -424.72, "2016-12-31": 240.226, "2016-09-30": "-0.13600", "2016-06-30": -72.812, "2016-03-31": 212.885, "2015-12-31": 117.983, "2015-09-30": "-33.74100", "2015-06-30": 299.331, "2015-03-31": 60.128, "2014-12-31": 265.079, "2014-09-30": "-40.65500", "2014-06-30": 33.513, "2014-03-31": 358.104, "2013-12-31": -28.008, "2013-09-30": "-126.19100", "2013-06-30": 266.783, "2013-03-31": 22.006, "2012-12-31": 326.431, "2012-09-30": "80.97700", "2012-06-30": 259.282, "2012-03-31": 23.621, "2011-12-31": 449.962, "2011-09-30": "-204.14700", "2011-06-30": 281.449, "2011-03-31": 188.102, "2010-12-31": -79.142, "2010-09-30": "-112.33000", "2010-06-30": 124.294, "2010-03-31": -63.404, "2009-12-31": -97.531, "2009-09-30": "6.22600", "2009-06-30": 329.9, "2009-03-31": 473.893, "2008-12-31": 319.537, "2008-09-30": "-5.29500", "2008-06-30": 257.237, "2008-03-31": 156.389, "2007-12-31": 83.816, "2007-09-30": "-43.82500", "2007-06-30": 301.073, "2007-03-31": 212.509, "2006-12-31": 237.674, "2006-09-30": "-26.61700", "2006-06-30": 139.617, "2006-03-31": 2.269, "2005-12-31": -11.742, "2005-09-30": "-149.25800", "2005-06-30": 77.657, "2005-03-31": 384.179}, "Net Change In Property, Plant, And Equipment": {"2020-12-31": -10.024, "2020-09-30": "-19.99800", "2020-06-30": -12.36, "2020-03-31": -16.904, "2019-12-31": -14.388, "2019-09-30": "-29.86400", "2019-06-30": -21.307, "2019-03-31": -31.197, "2018-12-31": -29.179, "2018-09-30": "-41.00700", "2018-06-30": -43.656, "2018-03-31": -44.82, "2017-12-31": -40.738, "2017-09-30": "-26.65900", "2017-06-30": -12.437, "2017-03-31": -37.536, "2016-12-31": -35.695, "2016-09-30": "-34.72900", "2016-06-30": -30.599, "2016-03-31": -32.384, "2015-12-31": -43.187, "2015-09-30": "-31.20500", "2015-06-30": 0.066, "2015-03-31": -49.78, "2014-12-31": -47.062, "2014-09-30": "-36.58000", "2014-06-30": -42.01, "2014-03-31": -34.208, "2013-12-31": -19.64, "2013-09-30": "-27.38400", "2013-06-30": -21.964, "2013-03-31": -20.117, "2012-12-31": -31.217, "2012-09-30": "-24.08100", "2012-06-30": -33.844, "2012-03-31": -24.072, "2011-12-31": -31.513, "2011-09-30": "-39.22300", "2011-06-30": -35.221, "2011-03-31": -34.387, "2010-12-31": -36.928, "2010-09-30": "-31.55000", "2010-06-30": -18.302, "2010-03-31": -17.547, "2009-12-31": -9.951, "2009-09-30": "-9.07300", "2009-06-30": -17.65, "2009-03-31": -31.444, "2008-12-31": -21.178, "2008-09-30": "-26.79000", "2008-06-30": -30.03, "2008-03-31": -26.803, "2007-12-31": -7.38, "2007-09-30": "-13.38300", "2007-06-30": -19.274, "2007-03-31": -10.077, "2006-12-31": -13.34, "2006-09-30": "-13.31700", "2006-06-30": -11.51, "2006-03-31": -13.487, "2005-12-31": -9.581, "2005-09-30": "-12.85700", "2005-06-30": -8.935, "2005-03-31": -15.132}, "Net Change In Intangible Assets": {"2020-12-31": 0, "2020-09-30": "", "2020-06-30": 0, "2020-03-31": 0, "2019-12-31": 0, "2019-09-30": "", "2019-06-30": 0, "2019-03-31": 0, "2018-12-31": 0, "2018-09-30": "", "2018-06-30": 0, "2018-03-31": 0, "2017-12-31": 0, "2017-09-30": "", "2017-06-30": 0, "2017-03-31": 0, "2016-12-31": 0, "2016-09-30": "", "2016-06-30": 0, "2016-03-31": 0, "2015-12-31": 0, "2015-09-30": "", "2015-06-30": 0, "2015-03-31": 0, "2014-12-31": 0, "2014-09-30": "", "2014-06-30": 0, "2014-03-31": 0, "2013-12-31": 0, "2013-09-30": "", "2013-06-30": 0, "2013-03-31": 0, "2012-12-31": 0, "2012-09-30": "", "2012-06-30": 0, "2012-03-31": 0, "2011-12-31": 0, "2011-09-30": "", "2011-06-30": 0, "2011-03-31": 0, "2010-12-31": 0, "2010-09-30": "", "2010-06-30": 0, "2010-03-31": 0, "2009-12-31": 0, "2009-09-30": "", "2009-06-30": 0, "2009-03-31": 0, "2008-12-31": 0, "2008-09-30": "", "2008-06-30": 0, "2008-03-31": 0, "2007-12-31": 0, "2007-09-30": "", "2007-06-30": 0, "2007-03-31": 0, "2006-12-31": 0, "2006-09-30": "", "2006-06-30": 0, "2006-03-31": 0, "2005-12-31": 0, "2005-09-30": "", "2005-06-30": 0, "2005-03-31": 0}, "Net Acquisitions/Divestitures": {"2020-12-31": 0.329, "2020-09-30": "-18.70000", "2020-06-30": 0, "2020-03-31": 0, "2019-12-31": -51.509, "2019-09-30": "", "2019-06-30": 10.041, "2019-03-31": -3.944, "2018-12-31": -62.514, "2018-09-30": "", "2018-06-30": 3.367, "2018-03-31": -3.96, "2017-12-31": 0, "2017-09-30": "-14.66100", "2017-06-30": -1.58, "2017-03-31": -2.798, "2016-12-31": -798.366, "2016-09-30": "", "2016-06-30": 0, "2016-03-31": 0, "2015-12-31": 0, "2015-09-30": "", "2015-06-30": 0, "2015-03-31": 0, "2014-12-31": 0, "2014-09-30": "", "2014-06-30": 0, "2014-03-31": 0, "2013-12-31": -95.932, "2013-09-30": "-20.95000", "2013-06-30": -21.857, "2013-03-31": -73.102, "2012-12-31": -84.671, "2012-09-30": "-82.67600", "2012-06-30": -83.694, "2012-03-31": -121.951, "2011-12-31": -4.341, "2011-09-30": "-103.23200", "2011-06-30": 8.65, "2011-03-31": -53.668, "2010-12-31": -52.056, "2010-09-30": "-574.81500", "2010-06-30": -32.972, "2010-03-31": -27.553, "2009-12-31": 3.453, "2009-09-30": "-0.47600", "2009-06-30": 9.241, "2009-03-31": -97.136, "2008-12-31": -5.344, "2008-09-30": "-207.38400", "2008-06-30": 48.919, "2008-03-31": -97.027, "2007-12-31": -240.486, "2007-09-30": "-12.19000", "2007-06-30": -20.75, "2007-03-31": -404.856, "2006-12-31": -4.18, "2006-09-30": "", "2006-06-30": 16.312, "2006-03-31": -6.625, "2005-12-31": -6.032, "2005-09-30": "-297.99000", "2005-06-30": -2.465, "2005-03-31": -1.098}, "Net Change In Short-term Investments": {"2020-12-31": 0, "2020-09-30": "", "2020-06-30": 0, "2020-03-31": 0, "2019-12-31": 0, "2019-09-30": "", "2019-06-30": 0, "2019-03-31": 0, "2018-12-31": 0, "2018-09-30": "", "2018-06-30": 0, "2018-03-31": 0, "2017-12-31": 0, "2017-09-30": "", "2017-06-30": 0, "2017-03-31": 0, "2016-12-31": 0, "2016-09-30": "", "2016-06-30": 0, "2016-03-31": 0, "2015-12-31": 0, "2015-09-30": "", "2015-06-30": 0, "2015-03-31": 0, "2014-12-31": 0, "2014-09-30": "", "2014-06-30": 0, "2014-03-31": 0, "2013-12-31": 0, "2013-09-30": "", "2013-06-30": 0, "2013-03-31": 0, "2012-12-31": 0, "2012-09-30": "", "2012-06-30": 0, "2012-03-31": 0, "2011-12-31": 0, "2011-09-30": "", "2011-06-30": 0, "2011-03-31": 0, "2010-12-31": 0, "2010-09-30": "", "2010-06-30": 0, "2010-03-31": 0, "2009-12-31": 0, "2009-09-30": "", "2009-06-30": 0, "2009-03-31": 0, "2008-12-31": 0, "2008-09-30": "", "2008-06-30": 0, "2008-03-31": 0, "2007-12-31": 0, "2007-09-30": "", "2007-06-30": 0, "2007-03-31": 0, "2006-12-31": 0, "2006-09-30": "", "2006-06-30": 0, "2006-03-31": 0, "2005-12-31": 0, "2005-09-30": "", "2005-06-30": 0, "2005-03-31": 0}, "Net Change In Long-Term Investments": {"2020-12-31": 0, "2020-09-30": "", "2020-06-30": 0, "2020-03-31": 0, "2019-12-31": 0, "2019-09-30": "", "2019-06-30": 0, "2019-03-31": 0, "2018-12-31": 0, "2018-09-30": "", "2018-06-30": 0, "2018-03-31": 0, "2017-12-31": 0, "2017-09-30": "", "2017-06-30": 0, "2017-03-31": 0, "2016-12-31": 0, "2016-09-30": "", "2016-06-30": 0, "2016-03-31": 0, "2015-12-31": 0, "2015-09-30": "", "2015-06-30": 0, "2015-03-31": 0, "2014-12-31": 0, "2014-09-30": "", "2014-06-30": 0, "2014-03-31": 0, "2013-12-31": 0, "2013-09-30": "", "2013-06-30": 0, "2013-03-31": 0, "2012-12-31": 0, "2012-09-30": "", "2012-06-30": 0, "2012-03-31": 0, "2011-12-31": 0, "2011-09-30": "", "2011-06-30": 0, "2011-03-31": 0, "2010-12-31": 0, "2010-09-30": "", "2010-06-30": 0, "2010-03-31": 0, "2009-12-31": 0, "2009-09-30": "", "2009-06-30": 0, "2009-03-31": 0, "2008-12-31": 0, "2008-09-30": "", "2008-06-30": 0, "2008-03-31": 0, "2007-12-31": 0, "2007-09-30": "", "2007-06-30": 0, "2007-03-31": 0, "2006-12-31": 0, "2006-09-30": "", "2006-06-30": 0, "2006-03-31": 0, "2005-12-31": 0, "2005-09-30": "", "2005-06-30": 0, "2005-03-31": 0}, "Net Change In Investments - Total": {"2020-12-31": 0, "2020-09-30": "", "2020-06-30": 0, "2020-03-31": 0, "2019-12-31": 0, "2019-09-30": "", "2019-06-30": 0, "2019-03-31": 0, "2018-12-31": 0, "2018-09-30": "", "2018-06-30": 0, "2018-03-31": 0, "2017-12-31": 0, "2017-09-30": "", "2017-06-30": 0, "2017-03-31": 0, "2016-12-31": 0, "2016-09-30": "", "2016-06-30": 0, "2016-03-31": 0, "2015-12-31": 0, "2015-09-30": "", "2015-06-30": 0, "2015-03-31": 0, "2014-12-31": 0, "2014-09-30": "", "2014-06-30": 0, "2014-03-31": 0, "2013-12-31": 0, "2013-09-30": "", "2013-06-30": 0, "2013-03-31": 0, "2012-12-31": 0, "2012-09-30": "", "2012-06-30": 0, "2012-03-31": 0, "2011-12-31": 0, "2011-09-30": "", "2011-06-30": 0, "2011-03-31": 0, "2010-12-31": 0, "2010-09-30": "", "2010-06-30": 0, "2010-03-31": 0, "2009-12-31": 0, "2009-09-30": "", "2009-06-30": 0, "2009-03-31": 0, "2008-12-31": 0, "2008-09-30": "", "2008-06-30": 0, "2008-03-31": 0, "2007-12-31": 0, "2007-09-30": "", "2007-06-30": 0, "2007-03-31": 0, "2006-12-31": 0, "2006-09-30": "", "2006-06-30": 0, "2006-03-31": 0, "2005-12-31": 0, "2005-09-30": "", "2005-06-30": 0, "2005-03-31": 0}, "Investing Activities - Other": {"2020-12-31": -0.028, "2020-09-30": "0.75300", "2020-06-30": 2.555, "2020-03-31": 0.551, "2019-12-31": -0.583, "2019-09-30": "-12.51500", "2019-06-30": -11.647, "2019-03-31": 41.106, "2018-12-31": 4.371, "2018-09-30": "120.06500", "2018-06-30": 81.905, "2018-03-31": 45.887, "2017-12-31": 68.464, "2017-09-30": "46.60200", "2017-06-30": 7.827, "2017-03-31": 2249.115, "2016-12-31": 4.336, "2016-09-30": "0.33700", "2016-06-30": 0.395, "2016-03-31": -3.656, "2015-12-31": -11.05, "2015-09-30": "-0.82700", "2015-06-30": -44.222, "2015-03-31": 0.03, "2014-12-31": -10.952, "2014-09-30": "2.15700", "2014-06-30": -1.392, "2014-03-31": 2.258, "2013-12-31": 0.136, "2013-09-30": "1.66400", "2013-06-30": 6.342, "2013-03-31": 0.252, "2012-12-31": 0.037, "2012-09-30": "", "2012-06-30": 1.046, "2012-03-31": 0, "2011-12-31": 0, "2011-09-30": "", "2011-06-30": 0, "2011-03-31": 0, "2010-12-31": 0, "2010-09-30": "", "2010-06-30": 0, "2010-03-31": 0, "2009-12-31": 0, "2009-09-30": "", "2009-06-30": 0, "2009-03-31": 0, "2008-12-31": 0, "2008-09-30": "", "2008-06-30": 0, "2008-03-31": 0, "2007-12-31": 0, "2007-09-30": "", "2007-06-30": 0, "2007-03-31": 0, "2006-12-31": 0, "2006-09-30": "", "2006-06-30": 0, "2006-03-31": 0, "2005-12-31": 0, "2005-09-30": "", "2005-06-30": 0, "2005-03-31": 0}, "Cash Flow From Investing Activities": {"2020-12-31": -9.723, "2020-09-30": "-37.94500", "2020-06-30": -9.805, "2020-03-31": -16.353, "2019-12-31": -66.48, "2019-09-30": "-42.37900", "2019-06-30": -22.913, "2019-03-31": 5.965, "2018-12-31": -87.322, "2018-09-30": "79.05800", "2018-06-30": 41.616, "2018-03-31": -2.893, "2017-12-31": 27.726, "2017-09-30": "5.28200", "2017-06-30": -6.19, "2017-03-31": 2208.781, "2016-12-31": -829.725, "2016-09-30": "-34.39200", "2016-06-30": -30.204, "2016-03-31": -36.04, "2015-12-31": -54.237, "2015-09-30": "-32.03200", "2015-06-30": -44.156, "2015-03-31": -49.75, "2014-12-31": -58.014, "2014-09-30": "-34.42300", "2014-06-30": -43.402, "2014-03-31": -31.95, "2013-12-31": -115.436, "2013-09-30": "-46.67000", "2013-06-30": -37.479, "2013-03-31": -92.967, "2012-12-31": -115.851, "2012-09-30": "-106.75700", "2012-06-30": -116.492, "2012-03-31": -146.023, "2011-12-31": -35.854, "2011-09-30": "-142.45500", "2011-06-30": -26.571, "2011-03-31": -88.055, "2010-12-31": -88.984, "2010-09-30": "-606.36500", "2010-06-30": -51.274, "2010-03-31": -45.1, "2009-12-31": -6.498, "2009-09-30": "-9.54900", "2009-06-30": -8.409, "2009-03-31": -128.58, "2008-12-31": -26.522, "2008-09-30": "-234.17400", "2008-06-30": 18.889, "2008-03-31": -123.83, "2007-12-31": -247.866, "2007-09-30": "-25.57300", "2007-06-30": -40.024, "2007-03-31": -414.933, "2006-12-31": -17.52, "2006-09-30": "-13.31700", "2006-06-30": 4.802, "2006-03-31": -20.112, "2005-12-31": -15.613, "2005-09-30": "-310.84700", "2005-06-30": -11.4, "2005-03-31": -16.23}, "Net Long-Term Debt": {"2020-12-31": -161.275, "2020-09-30": "-67.83500", "2020-06-30": -178.17, "2020-03-31": -92.156, "2019-12-31": -147.032, "2019-09-30": "108.95500", "2019-06-30": -354.552, "2019-03-31": 109.634, "2018-12-31": 397.532, "2018-09-30": "-91.54700", "2018-06-30": 65.16, "2018-03-31": -141.912, "2017-12-31": 40.007, "2017-09-30": "-89.35900", "2017-06-30": -480.566, "2017-03-31": -1658.977, "2016-12-31": 798.451, "2016-09-30": "219.53800", "2016-06-30": 187.65, "2016-03-31": -445.713, "2015-12-31": 322.243, "2015-09-30": "135.71100", "2015-06-30": -49.752, "2015-03-31": -63.372, "2014-12-31": 17, "2014-09-30": "60.00000", "2014-06-30": -31.658, "2014-03-31": -73.342, "2013-12-31": 92, "2013-09-30": "-32.00000", "2013-06-30": -51, "2013-03-31": 107, "2012-12-31": -407, "2012-09-30": "41.00000", "2012-06-30": -80, "2012-03-31": 140, "2011-12-31": 125, "2011-09-30": "325.00000", "2011-06-30": -485, "2011-03-31": 35, "2010-12-31": 260, "2010-09-30": "190.00000", "2010-06-30": 0, "2010-03-31": 0, "2009-12-31": 0, "2009-09-30": "", "2009-06-30": -300, "2009-03-31": 0, "2008-12-31": 0, "2008-09-30": "", "2008-06-30": -19.5, "2008-03-31": 0, "2007-12-31": 0, "2007-09-30": "", "2007-06-30": -0.78, "2007-03-31": 0, "2006-12-31": 0, "2006-09-30": "", "2006-06-30": -0.643, "2006-03-31": 0, "2005-12-31": 0, "2005-09-30": "", "2005-06-30": -0.086, "2005-03-31": 0}, "Net Current Debt": {"2020-12-31": 0, "2020-09-30": "", "2020-06-30": 0, "2020-03-31": 0, "2019-12-31": 0, "2019-09-30": "", "2019-06-30": 0, "2019-03-31": 0, "2018-12-31": 0, "2018-09-30": "", "2018-06-30": 0, "2018-03-31": 0, "2017-12-31": 0, "2017-09-30": "", "2017-06-30": 530.8, "2017-03-31": -152.241, "2016-12-31": -82.185, "2016-09-30": "", "2016-06-30": -0.543, "2016-03-31": 542.043, "2015-12-31": -250, "2015-09-30": "", "2015-06-30": 0, "2015-03-31": 37.414, "2014-12-31": 4.541, "2014-09-30": "-41.95500", "2014-06-30": 38.765, "2014-03-31": -55.436, "2013-12-31": -12.337, "2013-09-30": "67.77300", "2013-06-30": 10.834, "2013-03-31": -19.941, "2012-12-31": 46.284, "2012-09-30": "131.14000", "2012-06-30": 97.836, "2012-03-31": -29.545, "2011-12-31": -46.5, "2011-09-30": "64.02500", "2011-06-30": -46.928, "2011-03-31": -124.675, "2010-12-31": -0.565, "2010-09-30": "71.45000", "2010-06-30": 278.465, "2010-03-31": -26.199, "2009-12-31": 10.109, "2009-09-30": "29.55900", "2009-06-30": 222.488, "2009-03-31": -320.107, "2008-12-31": -4.644, "2008-09-30": "-4.54200", "2008-06-30": -1.299, "2008-03-31": -81.309, "2007-12-31": 50.647, "2007-09-30": "9.53300", "2007-06-30": -55.186, "2007-03-31": 100.785, "2006-12-31": -322.294, "2006-09-30": "241.83000", "2006-06-30": -73.956, "2006-03-31": -7.706, "2005-12-31": 41.817, "2005-09-30": "5.87400", "2005-06-30": -7.468, "2005-03-31": -92.91}, "Debt Issuance/Retirement Net - Total": {"2020-12-31": -161.275, "2020-09-30": "-67.83500", "2020-06-30": -178.17, "2020-03-31": -92.156, "2019-12-31": -147.032, "2019-09-30": "108.95500", "2019-06-30": -354.552, "2019-03-31": 109.634, "2018-12-31": 397.532, "2018-09-30": "-91.54700", "2018-06-30": 65.16, "2018-03-31": -141.912, "2017-12-31": 40.007, "2017-09-30": "-89.35900", "2017-06-30": 50.2342, "2017-03-31": -1811.218, "2016-12-31": 716.2659, "2016-09-30": "219.53800", "2016-06-30": 187.107, "2016-03-31": 96.33, "2015-12-31": 72.243, "2015-09-30": "135.71100", "2015-06-30": -49.752, "2015-03-31": -25.958, "2014-12-31": 21.541, "2014-09-30": "18.04500", "2014-06-30": 7.107, "2014-03-31": -128.778, "2013-12-31": 79.663, "2013-09-30": "35.77300", "2013-06-30": -40.166, "2013-03-31": 87.059, "2012-12-31": -360.716, "2012-09-30": "172.14000", "2012-06-30": 17.836, "2012-03-31": 110.455, "2011-12-31": 78.5, "2011-09-30": "389.02500", "2011-06-30": -531.928, "2011-03-31": -89.675, "2010-12-31": 259.435, "2010-09-30": "261.45000", "2010-06-30": 278.465, "2010-03-31": -26.199, "2009-12-31": 10.109, "2009-09-30": "29.55900", "2009-06-30": -77.512, "2009-03-31": -320.107, "2008-12-31": -4.644, "2008-09-30": "-4.54200", "2008-06-30": -20.799, "2008-03-31": -81.309, "2007-12-31": 50.647, "2007-09-30": "9.53300", "2007-06-30": -55.966, "2007-03-31": 100.785, "2006-12-31": -322.294, "2006-09-30": "241.83000", "2006-06-30": -74.599, "2006-03-31": -7.706, "2005-12-31": 41.817, "2005-09-30": "5.87400", "2005-06-30": -7.554, "2005-03-31": -92.91}, "Net Common Equity Issued/Repurchased": {"2020-12-31": 0, "2020-09-30": "", "2020-06-30": -2.012, "2020-03-31": -37.2, "2019-12-31": -87.825, "2019-09-30": "-110.80500", "2019-06-30": -120.811, "2019-03-31": -112.497, "2018-12-31": -186.31, "2018-09-30": "-149.09400", "2018-06-30": -114.05, "2018-03-31": -74.008, "2017-12-31": -67.345, "2017-09-30": "-68.11300", "2017-06-30": -151.286, "2017-03-31": -124.598, "2016-12-31": 0, "2016-09-30": "", "2016-06-30": -46.766, "2016-03-31": -149.473, "2015-12-31": -40.979, "2015-09-30": "-143.72500", "2015-06-30": -12.378, "2015-03-31": -38.477, "2014-12-31": -96.865, "2014-09-30": "-12.26400", "2014-06-30": -7.364, "2014-03-31": -1.252, "2013-12-31": 0, "2013-09-30": "", "2013-06-30": 0, "2013-03-31": 0, "2012-12-31": -78.485, "2012-09-30": "-128.70700", "2012-06-30": -69.493, "2012-03-31": -27.889, "2011-12-31": -139.03, "2011-09-30": "-81.92100", "2011-06-30": 0, "2011-03-31": 0, "2010-12-31": 0, "2010-09-30": "", "2010-06-30": 0, "2010-03-31": 0, "2009-12-31": 0, "2009-09-30": "", "2009-06-30": 0, "2009-03-31": 0, "2008-12-31": 0, "2008-09-30": "", "2008-06-30": 0, "2008-03-31": 0, "2007-12-31": 0, "2007-09-30": "", "2007-06-30": 0, "2007-03-31": 0, "2006-12-31": 0, "2006-09-30": "", "2006-06-30": 0, "2006-03-31": 0, "2005-12-31": 0, "2005-09-30": "", "2005-06-30": 0, "2005-03-31": 0}, "Net Total Equity Issued/Repurchased": {"2020-12-31": 0, "2020-09-30": "", "2020-06-30": -2.012, "2020-03-31": -37.2, "2019-12-31": -87.825, "2019-09-30": "-110.80500", "2019-06-30": -120.811, "2019-03-31": -112.497, "2018-12-31": -186.31, "2018-09-30": "-149.09400", "2018-06-30": -114.05, "2018-03-31": -74.008, "2017-12-31": -67.345, "2017-09-30": "-68.11300", "2017-06-30": -151.286, "2017-03-31": -124.598, "2016-12-31": 0, "2016-09-30": "", "2016-06-30": -46.766, "2016-03-31": -149.473, "2015-12-31": -40.979, "2015-09-30": "-143.72500", "2015-06-30": -12.378, "2015-03-31": -38.477, "2014-12-31": -96.865, "2014-09-30": "-12.26400", "2014-06-30": -7.364, "2014-03-31": -1.252, "2013-12-31": 0, "2013-09-30": "", "2013-06-30": 0, "2013-03-31": 0, "2012-12-31": -78.485, "2012-09-30": "-128.70700", "2012-06-30": -69.493, "2012-03-31": -27.889, "2011-12-31": -139.03, "2011-09-30": "-81.92100", "2011-06-30": 0, "2011-03-31": 0, "2010-12-31": 0, "2010-09-30": "", "2010-06-30": 0, "2010-03-31": 0, "2009-12-31": 0, "2009-09-30": "", "2009-06-30": 0, "2009-03-31": 0, "2008-12-31": 0, "2008-09-30": "", "2008-06-30": 0, "2008-03-31": 0, "2007-12-31": 0, "2007-09-30": "", "2007-06-30": 0, "2007-03-31": 0, "2006-12-31": 0, "2006-09-30": "", "2006-06-30": 0, "2006-03-31": 0, "2005-12-31": 0, "2005-09-30": "", "2005-06-30": 0, "2005-03-31": 0}, "Total Common And Preferred Stock Dividends Paid": {"2020-12-31": -20.756, "2020-09-30": "-20.75600", "2020-06-30": -20.74, "2020-03-31": -20.809, "2019-12-31": -20.975, "2019-09-30": "-21.45100", "2019-06-30": -20.97, "2019-03-31": -21.487, "2018-12-31": -21.769, "2018-09-30": "-22.93200", "2018-06-30": -22.057, "2018-03-31": -22.626, "2017-12-31": -21.56, "2017-09-30": "-22.01200", "2017-06-30": -22.18, "2017-03-31": -23.051, "2016-12-31": -21.75, "2016-09-30": "-21.67600", "2016-06-30": -21.65, "2016-03-31": -21.924, "2015-12-31": -22.408, "2015-09-30": "-22.61200", "2015-06-30": -21.728, "2015-03-31": -21.727, "2014-12-31": -21.759, "2014-09-30": "-22.11600", "2014-06-30": -20.746, "2014-03-31": -20.746, "2013-12-31": -20.643, "2013-09-30": "-20.62000", "2013-06-30": 0, "2013-03-31": 0, "2012-12-31": 0, "2012-09-30": "", "2012-06-30": 0, "2012-03-31": 0, "2011-12-31": 0, "2011-09-30": "", "2011-06-30": 0, "2011-03-31": 0, "2010-12-31": 0, "2010-09-30": "", "2010-06-30": 0, "2010-03-31": 0, "2009-12-31": 0, "2009-09-30": "", "2009-06-30": 0, "2009-03-31": 0, "2008-12-31": 0, "2008-09-30": "", "2008-06-30": 0, "2008-03-31": 0, "2007-12-31": 0, "2007-09-30": "", "2007-06-30": 0, "2007-03-31": 0, "2006-12-31": 0, "2006-09-30": "", "2006-06-30": 0, "2006-03-31": 0, "2005-12-31": 0, "2005-09-30": "", "2005-06-30": 0, "2005-03-31": 0}, "Financial Activities - Other": {"2020-12-31": -2.582, "2020-09-30": "0.28100", "2020-06-30": 0.802, "2020-03-31": -10.245, "2019-12-31": -5.435, "2019-09-30": "0.54800", "2019-06-30": 2.085, "2019-03-31": -5.158, "2018-12-31": -2.128, "2018-09-30": "17.32800", "2018-06-30": -1.28, "2018-03-31": -1.524, "2017-12-31": -0.635, "2017-09-30": "-0.57900", "2017-06-30": -17.708, "2017-03-31": 21.965, "2016-12-31": 1.394, "2016-09-30": "-4.07400", "2016-06-30": -12.698, "2016-03-31": -1.11, "2015-12-31": 27.972, "2015-09-30": "-2.66300", "2015-06-30": -43.557, "2015-03-31": -8.554, "2014-12-31": -3.386, "2014-09-30": "-2.05300", "2014-06-30": -1.281, "2014-03-31": 6.097, "2013-12-31": 0.422, "2013-09-30": "3.87100", "2013-06-30": 0.293, "2013-03-31": 1.148, "2012-12-31": 2.071, "2012-09-30": "1.28000", "2012-06-30": 0.035, "2012-03-31": 4.779, "2011-12-31": 0.188, "2011-09-30": "0.58800", "2011-06-30": 160.699, "2011-03-31": 2.012, "2010-12-31": 1.137, "2010-09-30": "0.08200", "2010-06-30": 0.84, "2010-03-31": 1.231, "2009-12-31": 0.894, "2009-09-30": "1.87300", "2009-06-30": 0.282, "2009-03-31": 0.378, "2008-12-31": 0.148, "2008-09-30": "0.75600", "2008-06-30": 2.32, "2008-03-31": 0.359, "2007-12-31": 1.425, "2007-09-30": "4.77700", "2007-06-30": 13.389, "2007-03-31": 46.553, "2006-12-31": 6.488, "2006-09-30": "3.08200", "2006-06-30": 3.217, "2006-03-31": 4.195, "2005-12-31": 1.51, "2005-09-30": "22.06900", "2005-06-30": 1.351, "2005-03-31": 0.923}, "Cash Flow From Financial Activities": {"2020-12-31": -184.613, "2020-09-30": "-88.31000", "2020-06-30": -200.12, "2020-03-31": -160.41, "2019-12-31": -261.267, "2019-09-30": "-22.75300", "2019-06-30": -494.248, "2019-03-31": -29.508, "2018-12-31": 187.325, "2018-09-30": "-246.24500", "2018-06-30": -72.227, "2018-03-31": -240.07, "2017-12-31": -49.533, "2017-09-30": "-180.06300", "2017-06-30": -140.94, "2017-03-31": -1936.902, "2016-12-31": 695.91, "2016-09-30": "193.78800", "2016-06-30": 105.993, "2016-03-31": -76.177, "2015-12-31": 36.828, "2015-09-30": "-33.28900", "2015-06-30": -127.415, "2015-03-31": -94.716, "2014-12-31": -100.469, "2014-09-30": "-18.38800", "2014-06-30": -22.284, "2014-03-31": -144.679, "2013-12-31": 59.442, "2013-09-30": "19.02400", "2013-06-30": -39.873, "2013-03-31": 88.207, "2012-12-31": -437.13, "2012-09-30": "44.71300", "2012-06-30": -51.622, "2012-03-31": 87.345, "2011-12-31": -60.342, "2011-09-30": "307.69200", "2011-06-30": -371.229, "2011-03-31": -87.663, "2010-12-31": 260.572, "2010-09-30": "261.53200", "2010-06-30": 279.305, "2010-03-31": -24.968, "2009-12-31": 11.003, "2009-09-30": "31.43200", "2009-06-30": -77.23, "2009-03-31": -319.729, "2008-12-31": -4.496, "2008-09-30": "-3.78600", "2008-06-30": -18.479, "2008-03-31": -80.95, "2007-12-31": 52.072, "2007-09-30": "14.31000", "2007-06-30": -42.577, "2007-03-31": 147.338, "2006-12-31": -315.806, "2006-09-30": "244.91200", "2006-06-30": -71.382, "2006-03-31": -3.511, "2005-12-31": 43.327, "2005-09-30": "27.94300", "2005-06-30": -6.203, "2005-03-31": -91.987}, "Net Cash Flow": {"2020-12-31": -106.723, "2020-09-30": "6.01800", "2020-06-30": 74.383, "2020-03-31": -86.155, "2019-12-31": -175.298, "2019-09-30": "118.00300", "2019-06-30": -179.147, "2019-03-31": 243.086, "2018-12-31": 116.314, "2018-09-30": "-255.27300", "2018-06-30": 191.06, "2018-03-31": -159.453, "2017-12-31": 49.839, "2017-09-30": "-296.70500", "2017-06-30": -292.849, "2017-03-31": -140.909, "2016-12-31": 73.597, "2016-09-30": "165.06700", "2016-06-30": -5.007, "2016-03-31": 120.397, "2015-12-31": 91.393, "2015-09-30": "-107.85800", "2015-06-30": 129.085, "2015-03-31": -99.863, "2014-12-31": 88.96, "2014-09-30": "-114.60000", "2014-06-30": -31.178, "2014-03-31": 180.818, "2013-12-31": -86.282, "2013-09-30": "-143.73000", "2013-06-30": 188.419, "2013-03-31": 5.645, "2012-12-31": -227.754, "2012-09-30": "36.16900", "2012-06-30": 66.763, "2012-03-31": -28.419, "2011-12-31": 346.09, "2011-09-30": "-52.90400", "2011-06-30": -106.415, "2011-03-31": 24.818, "2010-12-31": 95.225, "2010-09-30": "-430.39600", "2010-06-30": 337.528, "2010-03-31": -140.297, "2009-12-31": -92.425, "2009-09-30": "43.37500", "2009-06-30": 258.185, "2009-03-31": 14.883, "2008-12-31": 283.928, "2008-09-30": "-253.52400", "2008-06-30": 258.987, "2008-03-31": -35.668, "2007-12-31": -103.756, "2007-09-30": "-36.46400", "2007-06-30": 220.21, "2007-03-31": -52.683, "2006-12-31": -91.956, "2006-09-30": "205.06600", "2006-06-30": 76.867, "2006-03-31": -19.294, "2005-12-31": 14.474, "2005-09-30": "-433.20100", "2005-06-30": 43.519, "2005-03-31": 281.681}, "Stock-Based Compensation": {"2020-12-31": 10.37, "2020-09-30": "4.96100", "2020-06-30": 6.075, "2020-03-31": 6.254, "2019-12-31": 7.285, "2019-09-30": "7.21800", "2019-06-30": 5.894, "2019-03-31": 7.127, "2018-12-31": 8.033, "2018-09-30": "9.04400", "2018-06-30": 5.563, "2018-03-31": 1.337, "2017-12-31": 8.481, "2017-09-30": "8.60900", "2017-06-30": 5.908, "2017-03-31": 9.253, "2016-12-31": 14.949, "2016-09-30": "17.57600", "2016-06-30": 9.184, "2016-03-31": 9.3, "2015-12-31": 14.074, "2015-09-30": "24.35000", "2015-06-30": 13.116, "2015-03-31": 12.76, "2014-12-31": 14.432, "2014-09-30": "21.69800", "2014-06-30": 12.02, "2014-03-31": 4.956, "2013-12-31": 10.21, "2013-09-30": "18.73000", "2013-06-30": 7.754, "2013-03-31": 8.239, "2012-12-31": 8.779, "2012-09-30": "18.90500", "2012-06-30": 6.951, "2012-03-31": 6.391, "2011-12-31": 8.143, "2011-09-30": "14.25200", "2011-06-30": 3.916, "2011-03-31": 4.246, "2010-12-31": 12.167, "2010-09-30": "8.60200", "2010-06-30": 4.356, "2010-03-31": 4.208, "2009-12-31": 4.675, "2009-09-30": "15.12400", "2009-06-30": 3.853, "2009-03-31": 1.204, "2008-12-31": 1.702, "2008-09-30": "11.51000", "2008-06-30": 4.977, "2008-03-31": 4.542, "2007-12-31": 4.475, "2007-09-30": "11.39500", "2007-06-30": 5.695, "2007-03-31": 6.96, "2006-12-31": 4.57, "2006-09-30": "7.02500", "2006-06-30": 5.92, "2006-03-31": 12.176, "2005-12-31": 0, "2005-09-30": "", "2005-06-30": 1.135, "2005-03-31": 0}, "Common Stock Dividends Paid": {"2020-12-31": -20.756, "2020-09-30": "-20.75600", "2020-06-30": -20.74, "2020-03-31": -20.809, "2019-12-31": -20.975, "2019-09-30": "-21.45100", "2019-06-30": -20.97, "2019-03-31": -21.487, "2018-12-31": -21.769, "2018-09-30": "-22.93200", "2018-06-30": -22.057, "2018-03-31": -22.626, "2017-12-31": -21.56, "2017-09-30": "-22.01200", "2017-06-30": -22.18, "2017-03-31": -23.051, "2016-12-31": -21.75, "2016-09-30": "-21.67600", "2016-06-30": -21.65, "2016-03-31": -21.924, "2015-12-31": -22.408, "2015-09-30": "-22.61200", "2015-06-30": -21.728, "2015-03-31": -21.727, "2014-12-31": -21.759, "2014-09-30": "-22.11600", "2014-06-30": -20.746, "2014-03-31": -20.746, "2013-12-31": -20.643, "2013-09-30": "-20.62000", "2013-06-30": 0, "2013-03-31": 0, "2012-12-31": 0, "2012-09-30": "", "2012-06-30": 0, "2012-03-31": 0, "2011-12-31": 0, "2011-09-30": "", "2011-06-30": 0, "2011-03-31": 0, "2010-12-31": 0, "2010-09-30": "", "2010-06-30": 0, "2010-03-31": 0, "2009-12-31": 0, "2009-09-30": "", "2009-06-30": 0, "2009-03-31": 0, "2008-12-31": 0, "2008-09-30": "", "2008-06-30": 0, "2008-03-31": 0, "2007-12-31": 0, "2007-09-30": "", "2007-06-30": 0, "2007-03-31": 0, "2006-12-31": 0, "2006-09-30": "", "2006-06-30": 0, "2006-03-31": 0, "2005-12-31": 0, "2005-09-30": "", "2005-06-30": 0, "2005-03-31": 0}}, "financial ratios": {"Current Ratio": {"2020-06-30": "2.77530", "2019-06-30": "2.66670", "2018-06-30": "2.56300", "2017-06-30": "3.07030", "2016-06-30": "1.82170", "2015-06-30": "2.00940", "2014-06-30": "1.79850", "2013-06-30": "1.73330", "2012-06-30": "1.72020", "2011-06-30": "1.83740", "2010-06-30": "1.92760", "2009-06-30": "2.09470", "2008-06-30": "2.14820", "2007-06-30": "1.97650", "2006-06-30": "1.83220", "2005-06-30": "2.20260"}, "Long-term Debt / Capital": {"2020-06-30": "0.27660", "2019-06-30": "0.25540", "2018-06-30": "0.24120", "2017-06-30": "0.25020", "2016-06-30": "0.22210", "2015-06-30": "0.26000", "2014-06-30": "0.19820", "2013-06-30": "0.21960", "2012-06-30": "0.24570", "2011-06-30": "0.23900", "2010-06-30": "0.29240", "2009-06-30": "0.25530", "2008-06-30": "0.22220", "2007-06-30": "0.25370", "2006-06-30": "0.24500", "2005-06-30": "0.36070"}, "Debt/Equity Ratio": {"2020-06-30": "0.38240", "2019-06-30": "0.41550", "2018-06-30": "0.35320", "2017-06-30": "0.34340", "2016-06-30": "0.53120", "2015-06-30": "0.42210", "2014-06-30": "0.42410", "2013-06-30": "0.47680", "2012-06-30": "0.54900", "2011-06-30": "0.37390", "2010-06-30": "0.42550", "2009-06-30": "0.35130", "2008-06-30": "0.29630", "2007-06-30": "0.35560", "2006-06-30": "0.43620", "2005-06-30": "0.59350"}, "Gross Margin": {"2020-06-30": "11.70140", "2019-06-30": "12.73710", "2018-06-30": "13.27520", "2017-06-30": "13.58630", "2016-06-30": "12.41260", "2015-06-30": "12.51820", "2014-06-30": "11.73010", "2013-06-30": "11.70440", "2012-06-30": "11.86640", "2011-06-30": "11.71240", "2010-06-30": "11.90080", "2009-06-30": "12.46460", "2008-06-30": "12.88780", "2007-06-30": "13.06430", "2006-06-30": "12.90190", "2005-06-30": "13.18340"}, "Operating Margin": {"2020-06-30": "-0.02620", "2019-06-30": "1.87470", "2018-06-30": "1.09900", "2017-06-30": "2.54410", "2016-06-30": "3.42230", "2015-06-30": "3.69940", "2014-06-30": "2.87250", "2013-06-30": "2.45880", "2012-06-30": "3.43930", "2011-06-30": "3.50480", "2010-06-30": "3.31730", "2009-06-30": "-6.27850", "2008-06-30": "3.95910", "2007-06-30": "4.32540", "2006-06-30": "3.03840", "2005-06-30": "2.90340"}, "EBIT Margin": {"2020-06-30": "-0.02620", "2019-06-30": "1.87470", "2018-06-30": "1.09900", "2017-06-30": "2.54410", "2016-06-30": "3.42230", "2015-06-30": "3.69940", "2014-06-30": "2.87250", "2013-06-30": "2.45880", "2012-06-30": "3.43930", "2011-06-30": "3.50480", "2010-06-30": "3.31730", "2009-06-30": "-6.27850", "2008-06-30": "3.95910", "2007-06-30": "4.32540", "2006-06-30": "3.03840", "2005-06-30": "2.90340"}, "EBITDA Margin": {"2020-06-30": "2.16830", "2019-06-30": "3.78530", "2018-06-30": "3.31500", "2017-06-30": "3.43500", "2016-06-30": "3.89770", "2015-06-30": "4.16500", "2014-06-30": "3.37140", "2013-06-30": "2.93280", "2012-06-30": "3.83350", "2011-06-30": "3.81150", "2010-06-30": "3.63380", "2009-06-30": "-5.87320", "2008-06-30": "4.28690", "2007-06-30": "4.66840", "2006-06-30": "3.50510", "2005-06-30": "3.46140"}, "Pre-Tax Profit Margin": {"2020-06-30": "-0.72650", "2019-06-30": "1.24120", "2018-06-30": "0.76210", "2017-06-30": "1.77980", "2016-06-30": "2.85540", "2015-06-30": "3.23700", "2014-06-30": "2.54960", "2013-06-30": "2.15750", "2012-06-30": "3.07610", "2011-06-30": "3.28240", "2010-06-30": "3.05360", "2009-06-30": "-6.74660", "2008-06-30": "3.86240", "2007-06-30": "3.74090", "2006-06-30": "2.21800", "2005-06-30": "2.16650"}, "Net Profit Margin": {"2020-06-30": "-0.17630", "2019-06-30": "0.90340", "2018-06-30": "-0.82170", "2017-06-30": "3.01190", "2016-06-30": "3.02580", "2015-06-30": "3.23930", "2014-06-30": "1.98400", "2013-06-30": "1.76780", "2012-06-30": "2.20570", "2011-06-30": "2.52150", "2010-06-30": "2.14180", "2009-06-30": "-6.96070", "2008-06-30": "2.72700", "2007-06-30": "2.50660", "2006-06-30": "1.43510", "2005-06-30": "1.52020"}, "Asset Turnover": {"2020-06-30": "2.17570", "2019-06-30": "2.27900", "2018-06-30": "1.98370", "2017-06-30": "1.79800", "2016-06-30": "1.48940", "2015-06-30": "1.63480", "2014-06-30": "2.44430", "2013-06-30": "2.43050", "2012-06-30": "2.52830", "2011-06-30": "2.67870", "2010-06-30": "2.46200", "2009-06-30": "2.58700", "2008-06-30": "2.18930", "2007-06-30": "2.13200", "2006-06-30": "2.29320", "2005-06-30": "2.17070"}, "Inventory Turnover Ratio": {"2020-06-30": "5.69950", "2019-06-30": "5.66160", "2018-06-30": "5.25480", "2017-06-30": "5.33520", "2016-06-30": "5.72780", "2015-06-30": "6.22240", "2014-06-30": "9.28840", "2013-06-30": "9.92740", "2012-06-30": "9.48530", "2011-06-30": "9.02250", "2010-06-30": "9.31170", "2009-06-30": "10.06330", "2008-06-30": "8.25500", "2007-06-30": "7.85140", "2006-06-30": "7.67960", "2005-06-30": "7.84510"}, "Receiveable Turnover": {"2020-06-30": "6.02190", "2019-06-30": "6.16050", "2018-06-30": "5.22830", "2017-06-30": "5.22530", "2016-06-30": "6.04370", "2015-06-30": "3.49310", "2014-06-30": "5.26760", "2013-06-30": "5.22880", "2012-06-30": "5.57970", "2011-06-30": "5.56940", "2010-06-30": "5.36020", "2009-06-30": "6.19770", "2008-06-30": "5.33130", "2007-06-30": "5.05350", "2006-06-30": "5.75430", "2005-06-30": "5.85970"}, "Days Sales In Receivables": {"2020-06-30": "60.61250", "2019-06-30": "59.24890", "2018-06-30": "69.81260", "2017-06-30": "69.85300", "2016-06-30": "60.39310", "2015-06-30": "104.49100", "2014-06-30": "69.29150", "2013-06-30": "69.80560", "2012-06-30": "65.41560", "2011-06-30": "65.53630", "2010-06-30": "68.09480", "2009-06-30": "58.89280", "2008-06-30": "68.46410", "2007-06-30": "72.22720", "2006-06-30": "63.43090", "2005-06-30": "62.28970"}, "ROE - Return On Equity": {"2020-06-30": "-0.79250", "2019-06-30": "4.35000", "2018-06-30": "-3.04990", "2017-06-30": "5.08200", "2016-06-30": "8.33270", "2015-06-30": "10.36020", "2014-06-30": "11.15710", "2013-06-30": "10.49340", "2012-06-30": "14.51760", "2011-06-30": "16.49550", "2010-06-30": "13.63760", "2009-06-30": "-40.91890", "2008-06-30": "11.84070", "2007-06-30": "11.55860", "2006-06-30": "7.22480", "2005-06-30": "8.02270"}, "Return On Tangible Equity": {"2020-06-30": "-1.02290", "2019-06-30": "5.77240", "2018-06-30": "-4.10090", "2017-06-30": "7.01070", "2016-06-30": "9.65960", "2015-06-30": "14.67930", "2014-06-30": "16.25070", "2013-06-30": "15.76090", "2012-06-30": "20.21380", "2011-06-30": "21.09960", "2010-06-30": "16.79910", "2009-06-30": "-51.10110", "2008-06-30": "20.35000", "2007-06-30": "19.67130", "2006-06-30": "13.32910", "2005-06-30": "13.99970"}, "ROA - Return On Assets": {"2020-06-30": "-0.36440", "2019-06-30": "2.10300", "2018-06-30": "-1.48890", "2017-06-30": "2.71510", "2016-06-30": "3.47790", "2015-06-30": "4.49420", "2014-06-30": "4.84950", "2013-06-30": "4.29680", "2012-06-30": "5.57660", "2011-06-30": "6.75450", "2010-06-30": "5.27310", "2009-06-30": "-18.00760", "2008-06-30": "5.97040", "2007-06-30": "5.34410", "2006-06-30": "3.29080", "2005-06-30": "3.30000"}, "ROI - Return On Investment": {"2020-06-30": "-0.57330", "2019-06-30": "3.23920", "2018-06-30": "-2.31430", "2017-06-30": "3.81050", "2016-06-30": "6.48220", "2015-06-30": "7.66600", "2014-06-30": "8.94560", "2013-06-30": "8.18890", "2012-06-30": "10.95110", "2011-06-30": "12.55390", "2010-06-30": "9.64940", "2009-06-30": "-30.47160", "2008-06-30": "9.20920", "2007-06-30": "8.62630", "2006-06-30": "5.45460", "2005-06-30": "5.12890"}, "Book Value Per Share": {"2020-06-30": "37.71930", "2019-06-30": "39.79770", "2018-06-30": "40.44970", "2017-06-30": "42.10290", "2016-06-30": "36.82990", "2015-06-30": "34.58470", "2014-06-30": "35.37240", "2013-06-30": "31.28720", "2012-06-30": "27.39940", "2011-06-30": "26.54550", "2010-06-30": "19.81820", "2009-06-30": "18.27570", "2008-06-30": "27.49150", "2007-06-30": "22.70030", "2006-06-30": "19.30510", "2005-06-30": "17.36440"}, "Operating Cash Flow Per Share": {"2020-06-30": 2.4409, "2019-06-30": 2.7125, "2018-06-30": 4.9798, "2017-06-30": -4.5502, "2016-06-30": -2.5225, "2015-06-30": 2.5125, "2014-06-30": -3.2783, "2013-06-30": 1.4374, "2012-06-30": 1.7335, "2011-06-30": 2.0005, "2010-06-30": -7.6079, "2009-06-30": 4.4331, "2008-06-30": -1.8673, "2007-06-30": 4.9733, "2006-06-30": -3.932, "2005-06-30": 3.8021}, "Free Cash Flow Per Share": {"2020-06-30": 2.8165, "2019-06-30": 2.9051, "2018-06-30": 4.6158, "2017-06-30": -4.4545, "2016-06-30": -2.5933, "2015-06-30": 2.4312, "2014-06-30": -3.4623, "2013-06-30": 1.6021, "2012-06-30": 1.768, "2011-06-30": 1.4642, "2010-06-30": -7.3231, "2009-06-30": 4.299, "2008-06-30": -2.0021, "2007-06-30": 4.9214, "2006-06-30": -4.0563, "2005-06-30": 3.604}}, "financial ratios, quarterly": {"Current Ratio": {"2020-12-31": "2.28370", "2020-09-30": "2.38660", "2020-06-30": "2.77530", "2020-03-31": "2.42220", "2019-12-31": "2.38100", "2019-09-30": "2.22770", "2019-06-30": "2.66670", "2019-03-31": "3.10960", "2018-12-31": "2.98880", "2018-09-30": "2.63820", "2018-06-30": "2.56300", "2018-03-31": "2.75310", "2017-12-31": "2.74930", "2017-09-30": "2.78260", "2017-06-30": "3.07030", "2017-03-31": "2.90130", "2016-12-31": "2.30300", "2016-09-30": "2.82470", "2016-06-30": "1.82170", "2016-03-31": "1.95820", "2015-12-31": "1.70460", "2015-09-30": "1.75690", "2015-06-30": "2.00940", "2015-03-31": "2.00050", "2014-12-31": "1.88350", "2014-09-30": "1.98990", "2014-06-30": "1.79850", "2014-03-31": "1.81620", "2013-12-31": "1.69450", "2013-09-30": "1.78380", "2013-06-30": "1.73330", "2013-03-31": "1.82510", "2012-12-31": "1.77140", "2012-09-30": "1.78620", "2012-06-30": "1.72020", "2012-03-31": "1.72100", "2011-12-31": "1.68330", "2011-09-30": "1.75640", "2011-06-30": "1.83740", "2011-03-31": "1.73880", "2010-12-31": "1.64270", "2010-09-30": "1.70430", "2010-06-30": "1.92760", "2010-03-31": "1.92730", "2009-12-31": "1.85870", "2009-09-30": "2.00060", "2009-06-30": "2.09470", "2009-03-31": "2.09910", "2008-12-31": "2.15500", "2008-09-30": "2.10060", "2008-06-30": "2.14820", "2008-03-31": "2.20070", "2007-12-31": "2.01160", "2007-09-30": "2.16810", "2007-06-30": "1.97650", "2007-03-31": "2.02620", "2006-12-31": "1.85140", "2006-09-30": "1.76410", "2006-06-30": "1.83220", "2006-03-31": "1.88380", "2005-12-31": "1.74940", "2005-09-30": "1.93350", "2005-06-30": "2.20260", "2005-03-31": "2.24190"}, "Long-term Debt / Capital": {"2020-12-31": "0.18630", "2020-09-30": "0.24040", "2020-06-30": "0.27660", "2020-03-31": "0.24510", "2019-12-31": "0.23180", "2019-09-30": "0.23140", "2019-06-30": "0.25540", "2019-03-31": "0.31690", "2018-12-31": "0.30790", "2018-09-30": "0.25170", "2018-06-30": "0.24120", "2018-03-31": "0.23100", "2017-12-31": "0.22090", "2017-09-30": "0.22190", "2017-06-30": "0.25020", "2017-03-31": "0.25270", "2016-12-31": "0.41790", "2016-09-30": "0.35270", "2016-06-30": "0.22210", "2016-03-31": "0.25280", "2015-12-31": "0.18660", "2015-09-30": "0.18850", "2015-06-30": "0.26000", "2015-03-31": "0.27710", "2014-12-31": "0.26450", "2014-09-30": "0.25320", "2014-06-30": "0.19820", "2014-03-31": "0.20510", "2013-12-31": "0.20960", "2013-09-30": "0.21100", "2013-06-30": "0.21960", "2013-03-31": "0.26880", "2012-12-31": "0.26860", "2012-09-30": "0.26020", "2012-06-30": "0.24570", "2012-03-31": "0.22610", "2011-12-31": "0.23510", "2011-09-30": "0.22650", "2011-06-30": "0.23900", "2011-03-31": "0.25090", "2010-12-31": "0.26610", "2010-09-30": "0.27450", "2010-06-30": "0.29240", "2010-03-31": "0.23680", "2009-12-31": "0.23950", "2009-09-30": "0.24890", "2009-06-30": "0.25530", "2009-03-31": "0.25550", "2008-12-31": "0.29730", "2008-09-30": "0.22420", "2008-06-30": "0.22220", "2008-03-31": "0.22860", "2007-12-31": "0.23800", "2007-09-30": "0.24430", "2007-06-30": "0.25370", "2007-03-31": "0.26690", "2006-12-31": "0.21890", "2006-09-30": "0.22760", "2006-06-30": "0.24500", "2006-03-31": "0.27440", "2005-12-31": "0.28190", "2005-09-30": "0.31340", "2005-06-30": "0.36070", "2005-03-31": "0.35490"}, "Debt/Equity Ratio": {"2020-12-31": "0.30880", "2020-09-30": "0.36060", "2020-06-30": "0.38240", "2020-03-31": "0.43350", "2019-12-31": "0.42610", "2019-09-30": "0.46240", "2019-06-30": "0.41550", "2019-03-31": "0.47540", "2018-12-31": "0.44530", "2018-09-30": "0.33870", "2018-06-30": "0.35320", "2018-03-31": "0.32100", "2017-12-31": "0.32990", "2017-09-30": "0.32240", "2017-06-30": "0.34340", "2017-03-31": "0.34450", "2016-12-31": "0.77020", "2016-09-30": "0.56540", "2016-06-30": "0.53120", "2016-03-31": "0.48680", "2015-12-31": "0.47250", "2015-09-30": "0.45610", "2015-06-30": "0.42210", "2015-03-31": "0.46110", "2014-12-31": "0.44670", "2014-09-30": "0.43570", "2014-06-30": "0.42410", "2014-03-31": "0.43720", "2013-12-31": "0.47450", "2013-09-30": "0.46250", "2013-06-30": "0.47680", "2013-03-31": "0.50920", "2012-12-31": "0.48670", "2012-09-30": "0.59010", "2012-06-30": "0.54900", "2012-03-31": "0.52280", "2011-12-31": "0.51500", "2011-09-30": "0.48530", "2011-06-30": "0.37390", "2011-03-31": "0.50420", "2010-12-31": "0.58830", "2010-09-30": "0.52810", "2010-06-30": "0.42550", "2010-03-31": "0.32860", "2009-12-31": "0.34210", "2009-09-30": "0.34890", "2009-06-30": "0.35130", "2009-03-31": "0.37850", "2008-12-31": "0.43680", "2008-09-30": "0.29840", "2008-06-30": "0.29630", "2008-03-31": "0.30850", "2007-12-31": "0.33980", "2007-09-30": "0.34200", "2007-06-30": "0.35560", "2007-03-31": "0.39230", "2006-12-31": "0.38030", "2006-09-30": "0.51070", "2006-06-30": "0.43620", "2006-03-31": "0.48120", "2005-12-31": "0.50360", "2005-09-30": "0.49610", "2005-06-30": "0.59350", "2005-03-31": "0.58220"}, "Gross Margin": {"2020-12-31": "10.95190", "2020-09-30": "10.92680", "2020-06-30": "11.42080", "2020-03-31": "12.04070", "2019-12-31": "11.59060", "2019-09-30": "11.74600", "2019-06-30": "12.71390", "2019-03-31": "13.28410", "2018-12-31": "12.47840", "2018-09-30": "12.51010", "2018-06-30": "13.01840", "2018-03-31": "13.62930", "2017-12-31": "13.32400", "2017-09-30": "13.14230", "2017-06-30": "13.69000", "2017-03-31": "14.18280", "2016-12-31": "13.71660", "2016-09-30": "12.69160", "2016-06-30": "11.74020", "2016-03-31": "12.76210", "2015-12-31": "12.13770", "2015-09-30": "12.24260", "2015-06-30": "11.56210", "2015-03-31": "11.49430", "2014-12-31": "11.09000", "2014-09-30": "11.63030", "2014-06-30": "11.87470", "2014-03-31": "12.04310", "2013-12-31": "11.43430", "2013-09-30": "11.58570", "2013-06-30": "11.69740", "2013-03-31": "12.00280", "2012-12-31": "11.47050", "2012-09-30": "11.65880", "2012-06-30": "12.03390", "2012-03-31": "12.00220", "2011-12-31": "11.71470", "2011-09-30": "11.72730", "2011-06-30": "11.93340", "2011-03-31": "11.78910", "2010-12-31": "11.42510", "2010-09-30": "11.69690", "2010-06-30": "12.38630", "2010-03-31": "12.25170", "2009-12-31": "11.41560", "2009-09-30": "11.47500", "2009-06-30": "11.76080", "2009-03-31": "12.49640", "2008-12-31": "12.49680", "2008-09-30": "12.99750", "2008-06-30": "13.07510", "2008-03-31": "13.08850", "2007-12-31": "12.55280", "2007-09-30": "12.84620", "2007-06-30": "13.01760", "2007-03-31": "13.69780", "2006-12-31": "12.69210", "2006-09-30": "12.83760", "2006-06-30": "13.34200", "2006-03-31": "13.05950", "2005-12-31": "12.28580", "2005-09-30": "12.94980", "2005-06-30": "13.12820", "2005-03-31": "13.21730"}, "Operating Margin": {"2020-12-31": "1.22580", "2020-09-30": "0.39170", "2020-06-30": "0.04610", "2020-03-31": "-2.68600", "2019-12-31": "1.02490", "2019-09-30": "1.35500", "2019-06-30": "-0.64180", "2019-03-31": "3.25800", "2018-12-31": "1.90240", "2018-09-30": "2.88450", "2018-06-30": "2.40220", "2018-03-31": "-1.21990", "2017-12-31": "1.80500", "2017-09-30": "1.38530", "2017-06-30": "1.64270", "2017-03-31": "2.57280", "2016-12-31": "2.90690", "2016-09-30": "3.14500", "2016-06-30": "2.77790", "2016-03-31": "3.67530", "2015-12-31": "3.27120", "2015-09-30": "3.69470", "2015-06-30": "2.65550", "2015-03-31": "3.02380", "2014-12-31": "3.31420", "2014-09-30": "2.82470", "2014-06-30": "2.90180", "2014-03-31": "2.76560", "2013-12-31": "2.98540", "2013-09-30": "2.82070", "2013-06-30": "2.47050", "2013-03-31": "2.66100", "2012-12-31": "2.91920", "2012-09-30": "1.70310", "2012-06-30": "3.38390", "2012-03-31": "3.45150", "2011-12-31": "3.44940", "2011-09-30": "3.47130", "2011-06-30": "3.86530", "2011-03-31": "3.60790", "2010-12-31": "3.36320", "2010-09-30": "3.14540", "2010-06-30": "4.16380", "2010-03-31": "3.51540", "2009-12-31": "3.35680", "2009-09-30": "2.04360", "2009-06-30": "-0.54530", "2009-03-31": "1.50160", "2008-12-31": "-28.31120", "2008-09-30": "3.44030", "2008-06-30": "3.65360", "2008-03-31": "3.77130", "2007-12-31": "4.37320", "2007-09-30": "4.03040", "2007-06-30": "4.64760", "2007-03-31": "4.41980", "2006-12-31": "4.20990", "2006-09-30": "3.97350", "2006-06-30": "4.01540", "2006-03-31": "3.37180", "2005-12-31": "2.54040", "2005-09-30": "2.16250", "2005-06-30": "3.03450", "2005-03-31": "2.84710"}, "EBIT Margin": {"2020-12-31": "1.22580", "2020-09-30": "0.39170", "2020-06-30": "0.04620", "2020-03-31": "-2.68600", "2019-12-31": "1.02490", "2019-09-30": "1.35500", "2019-06-30": "-0.64180", "2019-03-31": "3.25800", "2018-12-31": "1.90240", "2018-09-30": "2.88450", "2018-06-30": "2.40220", "2018-03-31": "-1.21990", "2017-12-31": "1.80500", "2017-09-30": "1.38530", "2017-06-30": "1.64270", "2017-03-31": "2.57280", "2016-12-31": "2.90690", "2016-09-30": "3.14500", "2016-06-30": "2.77790", "2016-03-31": "3.67530", "2015-12-31": "3.27120", "2015-09-30": "3.69470", "2015-06-30": "2.65550", "2015-03-31": "3.02380", "2014-12-31": "3.31420", "2014-09-30": "2.82470", "2014-06-30": "2.90180", "2014-03-31": "2.76560", "2013-12-31": "2.98540", "2013-09-30": "2.82070", "2013-06-30": "2.47050", "2013-03-31": "2.66100", "2012-12-31": "2.91920", "2012-09-30": "1.70310", "2012-06-30": "3.38390", "2012-03-31": "3.45150", "2011-12-31": "3.44940", "2011-09-30": "3.47130", "2011-06-30": "3.86530", "2011-03-31": "3.60790", "2010-12-31": "3.36320", "2010-09-30": "3.14540", "2010-06-30": "4.16380", "2010-03-31": "3.51540", "2009-12-31": "3.35680", "2009-09-30": "2.04360", "2009-06-30": "-0.54530", "2009-03-31": "1.50160", "2008-12-31": "-28.31120", "2008-09-30": "3.44030", "2008-06-30": "3.65350", "2008-03-31": "3.77130", "2007-12-31": "4.37320", "2007-09-30": "4.03040", "2007-06-30": "4.64750", "2007-03-31": "4.41980", "2006-12-31": "4.20990", "2006-09-30": "3.97350", "2006-06-30": "4.01540", "2006-03-31": "3.37180", "2005-12-31": "2.54040", "2005-09-30": "2.16250", "2005-06-30": "3.03450", "2005-03-31": "2.84710"}, "EBITDA Margin": {"2020-12-31": "", "2020-09-30": "", "2020-06-30": "", "2020-03-31": "", "2019-12-31": "", "2019-09-30": "", "2019-06-30": "", "2019-03-31": "", "2018-12-31": "", "2018-09-30": "", "2018-06-30": "", "2018-03-31": "", "2017-12-31": "", "2017-09-30": "", "2017-06-30": "", "2017-03-31": "", "2016-12-31": "", "2016-09-30": "", "2016-06-30": "", "2016-03-31": "", "2015-12-31": "", "2015-09-30": "", "2015-06-30": "", "2015-03-31": "", "2014-12-31": "", "2014-09-30": "", "2014-06-30": "", "2014-03-31": "", "2013-12-31": "", "2013-09-30": "", "2013-06-30": "", "2013-03-31": "", "2012-12-31": "", "2012-09-30": "", "2012-06-30": "", "2012-03-31": "", "2011-12-31": "", "2011-09-30": "", "2011-06-30": "", "2011-03-31": "", "2010-12-31": "", "2010-09-30": "", "2010-06-30": "", "2010-03-31": "", "2009-12-31": "", "2009-09-30": "", "2009-06-30": "", "2009-03-31": "", "2008-12-31": "", "2008-09-30": "", "2008-06-30": "", "2008-03-31": "", "2007-12-31": "", "2007-09-30": "", "2007-06-30": "", "2007-03-31": "", "2006-12-31": "", "2006-09-30": "", "2006-06-30": "", "2006-03-31": "", "2005-12-31": "", "2005-09-30": "", "2005-06-30": "", "2005-03-31": ""}, "Pre-Tax Profit Margin": {"2020-12-31": "0.73700", "2020-09-30": "-0.49330", "2020-06-30": "-0.35260", "2020-03-31": "-3.66800", "2019-12-31": "0.23390", "2019-09-30": "0.73520", "2019-06-30": "-1.34680", "2019-03-31": "2.67220", "2018-12-31": "1.28570", "2018-09-30": "2.25610", "2018-06-30": "1.84860", "2018-03-31": "-1.50280", "2017-12-31": "1.37430", "2017-09-30": "1.31890", "2017-06-30": "1.18760", "2017-03-31": "2.39060", "2016-12-31": "1.42660", "2016-09-30": "2.15010", "2016-06-30": "2.17220", "2016-03-31": "3.18690", "2015-12-31": "2.71800", "2015-09-30": "3.23500", "2015-06-30": "2.26100", "2015-03-31": "2.53670", "2014-12-31": "2.91450", "2014-09-30": "2.46070", "2014-06-30": "2.49180", "2014-03-31": "2.46860", "2013-12-31": "2.54050", "2013-09-30": "2.70970", "2013-06-30": "1.92910", "2013-03-31": "2.29210", "2012-12-31": "2.52100", "2012-09-30": "1.85440", "2012-06-30": "2.94900", "2012-03-31": "3.19910", "2011-12-31": "3.10800", "2011-09-30": "3.04730", "2011-06-30": "3.61700", "2011-03-31": "3.19470", "2010-12-31": "2.99950", "2010-09-30": "3.31260", "2010-06-30": "3.83920", "2010-03-31": "3.29200", "2009-12-31": "3.13750", "2009-09-30": "1.75970", "2009-06-30": "-0.64320", "2009-03-31": "0.69840", "2008-12-31": "-28.80100", "2008-09-30": "2.95850", "2008-06-30": "3.82990", "2008-03-31": "3.48910", "2007-12-31": "4.33080", "2007-09-30": "3.75900", "2007-06-30": "4.26620", "2007-03-31": "4.04860", "2006-12-31": "3.82170", "2006-09-30": "2.71550", "2006-06-30": "2.66420", "2006-03-31": "2.97190", "2005-12-31": "2.00430", "2005-09-30": "1.13700", "2005-06-30": "2.30130", "2005-03-31": "2.15450"}, "Net Profit Margin": {"2020-12-31": "0.41050", "2020-09-30": "-0.39990", "2020-06-30": "1.25390", "2020-03-31": "-2.98530", "2019-12-31": "0.08090", "2019-09-30": "0.90180", "2019-06-30": "-0.68010", "2019-03-31": "1.87380", "2018-12-31": "0.72100", "2018-09-30": "1.64490", "2018-06-30": "1.15860", "2018-03-31": "-6.67490", "2017-12-31": "1.03330", "2017-09-30": "1.25090", "2017-06-30": "1.76810", "2017-03-31": "6.11840", "2016-12-31": "2.41530", "2016-09-30": "1.67170", "2016-06-30": "1.55470", "2016-03-31": "3.02450", "2015-12-31": "3.74930", "2015-09-30": "2.83110", "2015-06-30": "2.33560", "2015-03-31": "1.80390", "2014-12-31": "2.16780", "2014-09-30": "1.87070", "2014-06-30": "2.64250", "2014-03-31": "1.70340", "2013-12-31": "1.68240", "2013-09-30": "1.90090", "2013-06-30": "1.91320", "2013-03-31": "1.36850", "2012-12-31": "2.05210", "2012-09-30": "1.70880", "2012-06-30": "2.11500", "2012-03-31": "2.34950", "2011-12-31": "2.19650", "2011-09-30": "2.16360", "2011-06-30": "3.45520", "2011-03-31": "2.26350", "2010-12-31": "2.08400", "2010-09-30": "2.23500", "2010-06-30": "2.70660", "2010-03-31": "2.40720", "2009-12-31": "2.14810", "2009-09-30": "1.16860", "2009-06-30": "-0.82000", "2009-03-31": "0.42680", "2008-12-31": "-28.22490", "2008-09-30": "2.01000", "2008-06-30": "2.87640", "2008-03-31": "2.42540", "2007-12-31": "2.99180", "2007-09-30": "2.57490", "2007-06-30": "2.94190", "2007-03-31": "2.69400", "2006-12-31": "2.54650", "2006-09-30": "1.75810", "2006-06-30": "1.62940", "2006-03-31": "1.96890", "2005-12-31": "1.32040", "2005-09-30": "0.76180", "2005-06-30": "1.67230", "2005-03-31": "1.49180"}, "Asset Turnover": {"2020-12-31": "0.56490", "2020-09-30": "0.56350", "2020-06-30": "0.51320", "2020-03-31": "0.53280", "2019-12-31": "0.53190", "2019-09-30": "0.51940", "2019-06-30": "0.54650", "2019-03-31": "0.51640", "2018-12-31": "0.54670", "2018-09-30": "0.53840", "2018-06-30": "0.52720", "2018-03-31": "0.49370", "2017-12-31": "0.46140", "2017-09-30": "0.47690", "2017-06-30": "0.47490", "2017-03-31": "0.45110", "2016-12-31": "0.32240", "2016-09-30": "0.37280", "2016-06-30": "0.55400", "2016-03-31": "0.36690", "2015-12-31": "0.36820", "2015-09-30": "0.42350", "2015-06-30": "0.62930", "2015-03-31": "0.63470", "2014-12-31": "0.65720", "2014-09-30": "0.62250", "2014-06-30": "0.62650", "2014-03-31": "0.61310", "2013-12-31": "0.64620", "2013-09-30": "0.60100", "2013-06-30": "0.62920", "2013-03-31": "0.61680", "2012-12-31": "0.63500", "2012-09-30": "0.58100", "2012-06-30": "0.62030", "2012-03-31": "0.61830", "2011-12-31": "0.65800", "2011-09-30": "0.65690", "2011-06-30": "0.69780", "2011-03-31": "0.67810", "2010-12-31": "0.68330", "2010-09-30": "0.66460", "2010-06-30": "0.67000", "2010-03-31": "0.66460", "2009-12-31": "0.66090", "2009-09-30": "0.64930", "2009-06-30": "0.60020", "2009-03-31": "0.59250", "2008-12-31": "0.63370", "2008-09-30": "0.55750", "2008-06-30": "0.57060", "2008-03-31": "0.55940", "2007-12-31": "0.59210", "2007-09-30": "0.55630", "2007-06-30": "0.57610", "2007-03-31": "0.55900", "2006-12-31": "0.59330", "2006-09-30": "0.55940", "2006-06-30": "0.58100", "2006-03-31": "0.59760", "2005-12-31": "0.61070", "2005-09-30": "0.55310", "2005-06-30": "0.55420", "2005-03-31": "0.54480"}, "Inventory Turnover Ratio": {"2020-12-31": "1.47600", "2020-09-30": "1.42870", "2020-06-30": "1.34870", "2020-03-31": "1.38090", "2019-12-31": "1.37840", "2019-09-30": "1.35040", "2019-06-30": "1.35810", "2019-03-31": "1.26860", "2018-12-31": "1.33650", "2018-09-30": "1.31160", "2018-06-30": "1.40060", "2018-03-31": "1.26970", "2017-12-31": "1.19270", "2017-09-30": "1.29380", "2017-06-30": "1.40750", "2017-03-31": "1.37550", "2016-12-31": "1.36680", "2016-09-30": "1.48650", "2016-06-30": "2.14690", "2016-03-31": "1.25970", "2015-12-31": "1.37950", "2015-09-30": "1.43940", "2015-06-30": "2.42150", "2015-03-31": "2.40970", "2014-12-31": "2.69270", "2014-09-30": "2.23410", "2014-06-30": "2.37690", "2014-03-31": "2.34180", "2013-12-31": "2.57840", "2013-09-30": "2.23450", "2013-06-30": "2.57020", "2013-03-31": "2.42600", "2012-12-31": "2.66700", "2012-09-30": "2.19690", "2012-06-30": "2.32280", "2012-03-31": "2.21930", "2011-12-31": "2.35070", "2011-09-30": "2.14550", "2011-06-30": "2.34440", "2011-03-31": "2.34110", "2010-12-31": "2.35110", "2010-09-30": "2.18760", "2010-06-30": "2.51990", "2010-03-31": "2.38830", "2009-12-31": "2.52160", "2009-09-30": "2.45910", "2009-06-30": "2.35350", "2009-03-31": "2.00660", "2008-12-31": "2.13070", "2008-09-30": "2.04850", "2008-06-30": "2.14700", "2008-03-31": "1.94730", "2007-12-31": "2.26750", "2007-09-30": "1.95840", "2007-06-30": "2.12270", "2007-03-31": "1.96720", "2006-12-31": "2.09250", "2006-09-30": "1.92420", "2006-06-30": "1.93600", "2006-03-31": "2.02240", "2005-12-31": "2.18520", "2005-09-30": "1.81190", "2005-06-30": "2.00410", "2005-03-31": "1.83530"}, "Receiveable Turnover": {"2020-12-31": "1.50330", "2020-09-30": "1.59320", "2020-06-30": "1.42050", "2020-03-31": "1.44250", "2019-12-31": "1.52290", "2019-09-30": "1.47950", "2019-06-30": "1.47740", "2019-03-31": "1.47350", "2018-12-31": "1.46530", "2018-09-30": "1.38220", "2018-06-30": "1.38950", "2018-03-31": "1.34980", "2017-12-31": "1.37230", "2017-09-30": "1.36390", "2017-06-30": "1.38010", "2017-03-31": "1.37200", "2016-12-31": "1.42640", "2016-09-30": "1.43170", "2016-06-30": "2.24800", "2016-03-31": "0.83750", "2015-12-31": "0.77130", "2015-09-30": "0.93830", "2015-06-30": "1.34470", "2015-03-31": "1.34880", "2014-12-31": "1.32570", "2014-09-30": "1.35160", "2014-06-30": "1.35020", "2014-03-31": "1.34100", "2013-12-31": "1.30020", "2013-09-30": "1.31650", "2013-06-30": "1.35360", "2013-03-31": "1.31830", "2012-12-31": "1.29800", "2012-09-30": "1.31090", "2012-06-30": "1.36900", "2012-03-31": "1.34810", "2011-12-31": "1.40750", "2011-09-30": "1.39890", "2011-06-30": "1.45080", "2011-03-31": "1.41770", "2010-12-31": "1.40520", "2010-09-30": "1.40010", "2010-06-30": "1.45860", "2010-03-31": "1.43110", "2009-12-31": "1.40560", "2009-09-30": "1.52040", "2009-06-30": "1.43790", "2009-03-31": "1.39110", "2008-12-31": "1.33370", "2008-09-30": "1.36840", "2008-06-30": "1.38950", "2008-03-31": "1.34900", "2007-12-31": "1.31480", "2007-09-30": "1.33690", "2007-06-30": "1.36550", "2007-03-31": "1.33780", "2006-12-31": "1.43230", "2006-09-30": "1.42660", "2006-06-30": "1.45800", "2006-03-31": "1.47620", "2005-12-31": "1.46960", "2005-09-30": "1.44030", "2005-06-30": "1.49600", "2005-03-31": "1.54470"}, "Days Sales In Receivables": {"2020-12-31": "59.86890", "2020-09-30": "56.49050", "2020-06-30": "63.35910", "2020-03-31": "62.39270", "2019-12-31": "59.09840", "2019-09-30": "60.83030", "2019-06-30": "60.91840", "2019-03-31": "61.07860", "2018-12-31": "61.42280", "2018-09-30": "65.11470", "2018-06-30": "64.77330", "2018-03-31": "66.67810", "2017-12-31": "65.58500", "2017-09-30": "65.98850", "2017-06-30": "65.21060", "2017-03-31": "65.59580", "2016-12-31": "63.09730", "2016-09-30": "62.86170", "2016-06-30": "40.03520", "2016-03-31": "107.46700", "2015-12-31": "116.68850", "2015-09-30": "95.91640", "2015-06-30": "66.93140", "2015-03-31": "66.72660", "2014-12-31": "67.89010", "2014-09-30": "66.58980", "2014-06-30": "66.65720", "2014-03-31": "67.11190", "2013-12-31": "69.22140", "2013-09-30": "68.36470", "2013-06-30": "66.48880", "2013-03-31": "68.27220", "2012-12-31": "69.33840", "2012-09-30": "68.65580", "2012-06-30": "65.74190", "2012-03-31": "66.76040", "2011-12-31": "63.94290", "2011-09-30": "64.33490", "2011-06-30": "62.03400", "2011-03-31": "63.48390", "2010-12-31": "64.04850", "2010-09-30": "64.28160", "2010-06-30": "61.70300", "2010-03-31": "62.89030", "2009-12-31": "64.02930", "2009-09-30": "59.19600", "2009-06-30": "62.59110", "2009-03-31": "64.69800", "2008-12-31": "67.48110", "2008-09-30": "65.76880", "2008-06-30": "64.76960", "2008-03-31": "66.71770", "2007-12-31": "68.45370", "2007-09-30": "67.31890", "2007-06-30": "65.90870", "2007-03-31": "67.27440", "2006-12-31": "62.83440", "2006-09-30": "63.08720", "2006-06-30": "61.72700", "2006-03-31": "60.96860", "2005-12-31": "61.23960", "2005-09-30": "62.48910", "2005-06-30": "60.16010", "2005-03-31": "58.26380"}, "ROE - Return On Equity": {"2020-12-31": "0.49000", "2020-09-30": "-0.50000", "2020-06-30": "1.44130", "2020-03-31": "-3.49880", "2019-12-31": "0.09270", "2019-09-30": "1.05490", "2019-06-30": "-0.84840", "2019-03-31": "2.17620", "2018-12-31": "0.83410", "2018-09-30": "1.80760", "2018-06-30": "1.23240", "2018-03-31": "-6.36960", "2017-12-31": "1.08210", "2017-09-30": "1.10950", "2017-06-30": "1.41410", "2017-03-31": "1.76330", "2016-12-31": "0.68900", "2016-09-30": "1.41340", "2016-06-30": "2.06350", "2016-03-31": "2.26440", "2015-12-31": "2.18530", "2015-09-30": "2.39650", "2015-06-30": "3.38810", "2015-03-31": "2.69970", "2014-12-31": "3.47950", "2014-09-30": "2.66880", "2014-06-30": "3.80890", "2014-03-31": "2.40400", "2013-12-31": "2.69780", "2013-09-30": "2.68320", "2013-06-30": "2.93980", "2013-03-31": "2.11070", "2012-12-31": "3.34840", "2012-09-30": "2.52040", "2012-06-30": "3.41560", "2012-03-31": "3.64190", "2011-12-31": "3.81370", "2011-09-30": "3.53670", "2011-06-30": "5.88820", "2011-03-31": "4.04420", "2010-12-31": "4.09720", "2010-09-30": "4.14910", "2010-06-30": "4.68970", "2010-03-31": "3.79030", "2009-12-31": "3.48420", "2009-09-30": "1.76190", "2009-06-30": "-1.11840", "2009-03-31": "0.57500", "2008-12-31": "-43.09320", "2008-09-30": "2.21150", "2008-06-30": "3.25520", "2008-03-31": "2.69300", "2007-12-31": "3.77420", "2007-09-30": "2.95190", "2007-06-30": "3.66570", "2007-03-31": "3.25650", "2006-12-31": "3.23920", "2006-09-30": "2.20490", "2006-06-30": "2.07850", "2006-03-31": "2.63160", "2005-12-31": "1.90910", "2005-09-30": "0.97270", "2005-06-30": "2.25320", "2005-03-31": "1.91630"}, "Return On Tangible Equity": {"2020-12-31": "0.63100", "2020-09-30": "-0.64440", "2020-06-30": "1.86020", "2020-03-31": "-4.53190", "2019-12-31": "0.12550", "2019-09-30": "1.40140", "2019-06-30": "-1.12580", "2019-03-31": "2.99790", "2018-12-31": "1.14450", "2018-09-30": "2.42860", "2018-06-30": "1.65710", "2018-03-31": "-8.59950", "2017-12-31": "1.49540", "2017-09-30": "1.54120", "2017-06-30": "1.95070", "2017-03-31": "2.44800", "2016-12-31": "0.97860", "2016-09-30": "1.63210", "2016-06-30": "2.39210", "2016-03-31": "3.19120", "2015-12-31": "3.09590", "2015-09-30": "3.39000", "2015-06-30": "4.80060", "2015-03-31": "3.91510", "2014-12-31": "5.03110", "2014-09-30": "3.87030", "2014-06-30": "5.54790", "2014-03-31": "3.56490", "2013-12-31": "4.07930", "2013-09-30": "3.76350", "2013-06-30": "4.41550", "2013-03-31": "3.04580", "2012-12-31": "4.81210", "2012-09-30": "3.55110", "2012-06-30": "4.75570", "2012-03-31": "4.96830", "2011-12-31": "5.05260", "2011-09-30": "4.64710", "2011-06-30": "7.53170", "2011-03-31": "5.34400", "2010-12-31": "5.43640", "2010-09-30": "5.40530", "2010-06-30": "5.77690", "2010-03-31": "4.66450", "2009-12-31": "4.31350", "2009-09-30": "2.17630", "2009-06-30": "-1.39670", "2009-03-31": "0.72530", "2008-12-31": "-52.13700", "2008-09-30": "4.01060", "2008-06-30": "5.59450", "2008-03-31": "4.71020", "2007-12-31": "6.59230", "2007-09-30": "4.87250", "2007-06-30": "6.23850", "2007-03-31": "5.82490", "2006-12-31": "5.63680", "2006-09-30": "3.97760", "2006-06-30": "3.83470", "2006-03-31": "5.05990", "2005-12-31": "4.03440", "2005-09-30": "2.05110", "2005-06-30": "3.93180", "2005-03-31": "3.29000"}, "ROA - Return On Assets": {"2020-12-31": "0.23190", "2020-09-30": "-0.22540", "2020-06-30": "0.66260", "2020-03-31": "-1.59040", "2019-12-31": "0.04300", "2019-09-30": "0.46840", "2019-06-30": "-0.41020", "2019-03-31": "1.04330", "2018-12-31": "0.39820", "2018-09-30": "0.88360", "2018-06-30": "0.60160", "2018-03-31": "-3.24970", "2017-12-31": "0.57950", "2017-09-30": "0.59530", "2017-06-30": "0.75550", "2017-03-31": "0.91330", "2016-12-31": "0.24490", "2016-09-30": "0.61280", "2016-06-30": "0.86130", "2016-03-31": "0.96890", "2015-12-31": "0.90370", "2015-09-30": "1.02160", "2015-06-30": "1.46980", "2015-03-31": "1.14490", "2014-12-31": "1.42460", "2014-09-30": "1.16450", "2014-06-30": "1.65560", "2014-03-31": "1.04440", "2013-12-31": "1.08720", "2013-09-30": "1.14250", "2013-06-30": "1.20380", "2013-03-31": "0.84410", "2012-12-31": "1.30320", "2012-09-30": "0.99280", "2012-06-30": "1.31200", "2012-03-31": "1.45270", "2011-12-31": "1.44530", "2011-09-30": "1.42120", "2011-06-30": "2.41110", "2011-03-31": "1.53490", "2010-12-31": "1.42410", "2010-09-30": "1.48530", "2010-06-30": "1.81330", "2010-03-31": "1.59970", "2009-12-31": "1.41970", "2009-09-30": "0.75880", "2009-06-30": "-0.49220", "2009-03-31": "0.25290", "2008-12-31": "-17.88600", "2008-09-30": "1.12060", "2008-06-30": "1.64130", "2008-03-31": "1.35680", "2007-12-31": "1.77140", "2007-09-30": "1.43240", "2007-06-30": "1.69480", "2007-03-31": "1.50600", "2006-12-31": "1.51080", "2006-09-30": "0.98340", "2006-06-30": "0.94670", "2006-03-31": "1.17660", "2005-12-31": "0.80640", "2005-09-30": "0.42130", "2005-06-30": "0.92680", "2005-03-31": "0.81280"}, "ROI - Return On Investment": {"2020-12-31": "0.39870", "2020-09-30": "-0.37990", "2020-06-30": "1.04260", "2020-03-31": "-2.64110", "2019-12-31": "0.07120", "2019-09-30": "0.81070", "2019-06-30": "-0.63180", "2019-03-31": "1.48660", "2018-12-31": "0.57730", "2018-09-30": "1.35250", "2018-06-30": "0.93520", "2018-03-31": "-4.89800", "2017-12-31": "0.84310", "2017-09-30": "0.86330", "2017-06-30": "1.06030", "2017-03-31": "1.31770", "2016-12-31": "0.40110", "2016-09-30": "0.91490", "2016-06-30": "1.60530", "2016-03-31": "1.69200", "2015-12-31": "1.77750", "2015-09-30": "1.94480", "2015-06-30": "2.50700", "2015-03-31": "1.95170", "2014-12-31": "2.55900", "2014-09-30": "1.99300", "2014-06-30": "3.05400", "2014-03-31": "1.91090", "2013-12-31": "2.13220", "2013-09-30": "2.11700", "2013-06-30": "2.29420", "2013-03-31": "1.54340", "2012-12-31": "2.44890", "2012-09-30": "1.86450", "2012-06-30": "2.57650", "2012-03-31": "2.81850", "2011-12-31": "2.91730", "2011-09-30": "2.73580", "2011-06-30": "4.48120", "2011-03-31": "3.02970", "2010-12-31": "3.00710", "2010-09-30": "3.01010", "2010-06-30": "3.31830", "2010-03-31": "2.89260", "2009-12-31": "2.64970", "2009-09-30": "1.32340", "2009-06-30": "-0.83290", "2009-03-31": "0.42810", "2008-12-31": "-30.28190", "2008-09-30": "1.71570", "2008-06-30": "2.53170", "2008-03-31": "2.07750", "2007-12-31": "2.87580", "2007-09-30": "2.23070", "2007-06-30": "2.73570", "2007-03-31": "2.38730", "2006-12-31": "2.53030", "2006-09-30": "1.70300", "2006-06-30": "1.56930", "2006-03-31": "1.90960", "2005-12-31": "1.37080", "2005-09-30": "0.66780", "2005-06-30": "1.44040", "2005-03-31": "1.23620"}, "Book Value Per Share": {"2020-12-31": "39.55750", "2020-09-30": "38.21690", "2020-06-30": "37.71930", "2020-03-31": "37.23410", "2019-12-31": "39.83260", "2019-09-30": "39.00690", "2019-06-30": "39.79770", "2019-03-31": "40.90300", "2018-12-31": "40.46530", "2018-09-30": "40.88320", "2018-06-30": "40.44970", "2018-03-31": "41.76670", "2017-12-31": "43.88380", "2017-09-30": "43.25570", "2017-06-30": "42.10290", "2017-03-31": "40.40390", "2016-12-31": "36.82470", "2016-09-30": "37.54660", "2016-06-30": "36.82990", "2016-03-31": "37.04030", "2015-12-31": "35.59840", "2015-09-30": "35.04720", "2015-06-30": "34.58470", "2015-03-31": "33.14570", "2014-12-31": "34.63230", "2014-09-30": "34.71870", "2014-06-30": "35.37240", "2014-03-31": "34.22640", "2013-12-31": "33.63410", "2013-09-30": "32.67820", "2013-06-30": "31.28720", "2013-03-31": "29.79850", "2012-12-31": "30.11360", "2012-09-30": "28.70110", "2012-06-30": "27.39940", "2012-03-31": "27.93480", "2011-12-31": "26.59780", "2011-09-30": "26.28780", "2011-06-30": "26.54550", "2011-03-31": "24.44590", "2010-12-31": "22.63710", "2010-09-30": "21.91610", "2010-06-30": "19.81820", "2010-03-31": "19.90210", "2009-12-31": "19.70100", "2009-09-30": "19.09670", "2009-06-30": "18.27570", "2009-03-31": "18.18840", "2008-12-31": "18.56190", "2008-09-30": "27.11840", "2008-06-30": "27.49150", "2008-03-31": "26.48370", "2007-12-31": "25.11030", "2007-09-30": "23.83460", "2007-06-30": "22.70030", "2007-03-31": "21.63000", "2006-12-31": "20.80200", "2006-09-30": "19.83490", "2006-06-30": "19.30510", "2006-03-31": "18.47540", "2005-12-31": "17.81450", "2005-09-30": "17.54590", "2005-06-30": "17.36440", "2005-03-31": "17.79610"}, "Operating Cash Flow Per Share": {"2020-12-31": 0.8373, "2020-09-30": "1.23810", "2020-06-30": 2.8181, "2020-03-31": 1.0515, "2019-12-31": 1.5234, "2019-09-30": "1.87440", "2019-06-30": 2.9873, "2019-03-31": 2.4589, "2018-12-31": 0.1099, "2018-09-30": "-0.72960", "2018-06-30": 1.9646, "2018-03-31": 0.6358, "2017-12-31": 0.5459, "2017-09-30": "-1.03230", "2017-06-30": -1.4393, "2017-03-31": -3.2684, "2016-12-31": 1.8429, "2016-09-30": "-0.00100", "2016-06-30": -0.5287, "2016-03-31": 1.6325, "2015-12-31": 0.8719, "2015-09-30": "-0.24750", "2015-06-30": 2.1766, "2015-03-31": 0.4512, "2014-12-31": 1.9035, "2014-09-30": "-0.28860", "2014-06-30": 0.2398, "2014-03-31": 2.5549, "2013-12-31": -0.1972, "2013-09-30": "-0.90310", "2013-06-30": 1.8837, "2013-03-31": 0.149, "2012-12-31": 2.3751, "2012-09-30": "0.56490", "2012-06-30": 1.7055, "2012-03-31": 0.1874, "2011-12-31": 2.9637, "2011-09-30": "-1.32130", "2011-06-30": 1.8236, "2011-03-31": 1.2194, "2010-12-31": -0.5101, "2010-09-30": "-0.73110", "2010-06-30": 0.8111, "2010-03-31": -0.4128, "2009-12-31": -0.6378, "2009-09-30": "0.04080", "2009-06-30": 2.1948, "2009-03-31": 3.1295, "2008-12-31": 2.1198, "2008-09-30": "-0.03490", "2008-06-30": 1.6817, "2008-03-31": 1.033, "2007-12-31": 0.547, "2007-09-30": "-0.28560", "2007-06-30": 2.0195, "2007-03-31": 1.3991, "2006-12-31": 1.6056, "2006-09-30": "-0.18080", "2006-06-30": 0.9469, "2006-03-31": 0.0198, "2005-12-31": -0.0809, "2005-09-30": "-1.01570", "2005-06-30": 0.6379, "2005-03-31": 3.1642}, "Free Cash Flow Per Share": {"2020-12-31": 0.739, "2020-09-30": "1.03590", "2020-06-30": 2.7012, "2020-03-31": 0.8735, "2019-12-31": 1.3727, "2019-09-30": "1.58830", "2019-06-30": 2.8116, "2019-03-31": 2.157, "2018-12-31": -0.1677, "2018-09-30": "-1.08170", "2018-06-30": 1.6029, "2018-03-31": 0.2512, "2017-12-31": 0.2073, "2017-09-30": "-1.24730", "2017-06-30": -1.5411, "2017-03-31": -3.5622, "2016-12-31": 1.5703, "2016-09-30": "-0.26870", "2016-06-30": -0.7761, "2016-03-31": 1.3729, "2015-12-31": 0.5494, "2015-09-30": "-0.47640", "2015-06-30": 2.1763, "2015-03-31": 0.0844, "2014-12-31": 1.5613, "2014-09-30": "-0.54830", "2014-06-30": -0.0602, "2014-03-31": 2.3109, "2013-12-31": -0.3367, "2013-09-30": "-1.09910", "2013-06-30": 1.7307, "2013-03-31": 0.0056, "2012-12-31": 2.144, "2012-09-30": "0.39690", "2012-06-30": 1.4891, "2012-03-31": 0.0162, "2011-12-31": 2.7449, "2011-09-30": "-1.57510", "2011-06-30": 1.5942, "2011-03-31": 0.9981, "2010-12-31": -0.7488, "2010-09-30": "-0.93640", "2010-06-30": 0.6913, "2010-03-31": -0.527, "2009-12-31": -0.7027, "2009-09-30": "-0.01870", "2009-06-30": 2.077, "2009-03-31": 2.9223, "2008-12-31": 1.9779, "2008-09-30": "-0.21120", "2008-06-30": 1.4861, "2008-03-31": 0.8552, "2007-12-31": 0.4985, "2007-09-30": "-0.37280", "2007-06-30": 1.8901, "2007-03-31": 1.3341, "2006-12-31": 1.5162, "2006-09-30": "-0.27130", "2006-06-30": 0.8682, "2006-03-31": -0.0711, "2005-12-31": -0.1462, "2005-09-30": "-1.10320", "2005-06-30": 0.5644, "2005-03-31": 3.0396}}, "revenue": {"Avnet Annual Revenue (Millions of US $)": {"2020": "$17,634", "2019": "$19,519", "2018": "$19,037", "2017": "$17,440", "2016": "$16,741", "2015": "$17,655", "2014": "$27,500", "2013": "$25,459", "2012": "$25,708", "2011": "$26,534", "2010": "$19,160", "2009": "$16,230", "2008": "$17,953", "2007": "$15,681", "2006": "$14,254", "2005": "$11,067"}, "Avnet Quarterly Revenue (Millions of US $)": {"2020-12-31": "$4,668", "2020-09-30": "$4,723", "2020-06-30": "$4,160", "2020-03-31": "$4,310", "2019-12-31": "$4,535", "2019-09-30": "$4,630", "2019-06-30": "$4,681", "2019-03-31": "$4,699", "2018-12-31": "$5,049", "2018-09-30": "$5,090", "2018-06-30": "$5,059", "2018-03-31": "$4,795", "2017-12-31": "$4,522", "2017-09-30": "$4,661", "2017-06-30": "$4,606", "2017-03-31": "$4,442", "2016-12-31": "$4,274", "2016-09-30": "$4,118", "2016-06-30": "$6,227", "2016-03-31": "$4,082", "2015-12-31": "$4,161", "2015-09-30": "$4,601", "2015-06-30": "$6,796", "2015-03-31": "$6,737", "2014-12-31": "$7,552", "2014-09-30": "$6,840", "2014-06-30": "$7,049", "2014-03-31": "$6,684", "2013-12-31": "$7,422", "2013-09-30": "$6,345", "2013-06-30": "$6,591", "2013-03-31": "$6,299", "2012-12-31": "$6,699", "2012-09-30": "$5,870", "2012-06-30": "$6,307", "2012-03-31": "$6,281", "2011-12-31": "$6,694", "2011-09-30": "$6,426", "2011-06-30": "$6,912", "2011-03-31": "$6,672", "2010-12-31": "$6,767", "2010-09-30": "$6,182", "2010-06-30": "$5,214", "2010-03-31": "$4,757", "2009-12-31": "$4,835", "2009-09-30": "$4,355", "2009-06-30": "$3,765", "2009-03-31": "$3,701", "2008-12-31": "$4,269", "2008-09-30": "$4,494", "2008-06-30": "$4,679", "2008-03-31": "$4,422", "2007-12-31": "$4,753", "2007-09-30": "$4,099", "2007-06-30": "$4,237", "2007-03-31": "$3,904", "2006-12-31": "$3,891", "2006-09-30": "$3,648", "2006-06-30": "$3,612", "2006-03-31": "$3,615", "2005-12-31": "$3,759", "2005-09-30": "$3,268", "2005-06-30": "$2,825", "2005-03-31": "$2,758"}}, "gross-profit": {"Avnet Annual Gross Profit (Millions of US $)": {"2020": "$2,063", "2019": "$2,486", "2018": "$2,527", "2017": "$2,369", "2016": "$2,078", "2015": "$2,210", "2014": "$3,226", "2013": "$2,980", "2012": "$3,051", "2011": "$3,108", "2010": "$2,280", "2009": "$2,023", "2008": "$2,314", "2007": "$2,049", "2006": "$1,839", "2005": "$1,459"}, "Avnet Quarterly Gross Profit (Millions of US $)": {"2020-12-31": "$511", "2020-09-30": "$516", "2020-06-30": "$475", "2020-03-31": "$519", "2019-12-31": "$526", "2019-09-30": "$544", "2019-06-30": "$595", "2019-03-31": "$624", "2018-12-31": "$630", "2018-09-30": "$637", "2018-06-30": "$659", "2018-03-31": "$654", "2017-12-31": "$602", "2017-09-30": "$613", "2017-06-30": "$631", "2017-03-31": "$630", "2016-12-31": "$586", "2016-09-30": "$523", "2016-06-30": "$731", "2016-03-31": "$521", "2015-12-31": "$505", "2015-09-30": "$563", "2015-06-30": "$786", "2015-03-31": "$774", "2014-12-31": "$838", "2014-09-30": "$795", "2014-06-30": "$837", "2014-03-31": "$805", "2013-12-31": "$849", "2013-09-30": "$735", "2013-06-30": "$771", "2013-03-31": "$756", "2012-12-31": "$768", "2012-09-30": "$684", "2012-06-30": "$759", "2012-03-31": "$754", "2011-12-31": "$784", "2011-09-30": "$754", "2011-06-30": "$825", "2011-03-31": "$787", "2010-12-31": "$773", "2010-09-30": "$723", "2010-06-30": "$646", "2010-03-31": "$583", "2009-12-31": "$552", "2009-09-30": "$500", "2009-06-30": "$443", "2009-03-31": "$462", "2008-12-31": "$534", "2008-09-30": "$584", "2008-06-30": "$612", "2008-03-31": "$579", "2007-12-31": "$597", "2007-09-30": "$527", "2007-06-30": "$552", "2007-03-31": "$535", "2006-12-31": "$494", "2006-09-30": "$468", "2006-06-30": "$482", "2006-03-31": "$472", "2005-12-31": "$462", "2005-09-30": "$423", "2005-06-30": "$371", "2005-03-31": "$365"}}, "operating-income": {"Avnet Annual Operating Income (Millions of US $)": {"2020": "$-5", "2019": "$366", "2018": "$209", "2017": "$444", "2016": "$573", "2015": "$653", "2014": "$790", "2013": "$626", "2012": "$884", "2011": "$930", "2010": "$636", "2009": "$-1,019", "2008": "$711", "2007": "$678", "2006": "$433", "2005": "$321"}, "Avnet Quarterly Operating Income (Millions of US $)": {"2020-12-31": "$57", "2020-09-30": "$19", "2020-06-30": "$2", "2020-03-31": "$-116", "2019-12-31": "$46", "2019-09-30": "$63", "2019-06-30": "$-30", "2019-03-31": "$153", "2018-12-31": "$96", "2018-09-30": "$147", "2018-06-30": "$122", "2018-03-31": "$-58", "2017-12-31": "$82", "2017-09-30": "$65", "2017-06-30": "$76", "2017-03-31": "$114", "2016-12-31": "$124", "2016-09-30": "$130", "2016-06-30": "$173", "2016-03-31": "$150", "2015-12-31": "$136", "2015-09-30": "$170", "2015-06-30": "$180", "2015-03-31": "$204", "2014-12-31": "$250", "2014-09-30": "$193", "2014-06-30": "$205", "2014-03-31": "$185", "2013-12-31": "$222", "2013-09-30": "$179", "2013-06-30": "$163", "2013-03-31": "$168", "2012-12-31": "$196", "2012-09-30": "$100", "2012-06-30": "$213", "2012-03-31": "$217", "2011-12-31": "$231", "2011-09-30": "$223", "2011-06-30": "$267", "2011-03-31": "$241", "2010-12-31": "$228", "2010-09-30": "$194", "2010-06-30": "$217", "2010-03-31": "$167", "2009-12-31": "$162", "2009-09-30": "$89", "2009-06-30": "$-21", "2009-03-31": "$56", "2008-12-31": "$-1,209", "2008-09-30": "$155", "2008-06-30": "$171", "2008-03-31": "$167", "2007-12-31": "$208", "2007-09-30": "$165", "2007-06-30": "$197", "2007-03-31": "$173", "2006-12-31": "$164", "2006-09-30": "$145", "2006-06-30": "$145", "2006-03-31": "$122", "2005-12-31": "$95", "2005-09-30": "$71", "2005-06-30": "$86", "2005-03-31": "$79"}}, "ebitda": {"Avnet Annual EBITDA (Millions of US $)": {"2020": "$382", "2019": "$739", "2018": "$631", "2017": "$599", "2016": "$653", "2015": "$735", "2014": "$927", "2013": "$747", "2012": "$986", "2011": "$1,011", "2010": "$696", "2009": "$-953", "2008": "$770", "2007": "$732", "2006": "$500", "2005": "$383"}, "Avnet Quarterly EBITDA (Millions of US $)": {"2020-12-31": "$104", "2020-09-30": "$75", "2020-06-30": "$59", "2020-03-31": "$92", "2019-12-31": "$108", "2019-09-30": "$123", "2019-06-30": "$207", "2019-03-31": "$200", "2018-12-31": "$139", "2018-09-30": "$193", "2018-06-30": "$178", "2018-03-31": "$182", "2017-12-31": "$143", "2017-09-30": "$128", "2017-06-30": "$133", "2017-03-31": "$155", "2016-12-31": "$160", "2016-09-30": "$151", "2016-06-30": "$196", "2016-03-31": "$169", "2015-12-31": "$155", "2015-09-30": "$189", "2015-06-30": "$159", "2015-03-31": "$238", "2014-12-31": "$285", "2014-09-30": "$228", "2014-06-30": "$241", "2014-03-31": "$220", "2013-12-31": "$258", "2013-09-30": "$208", "2013-06-30": "$194", "2013-03-31": "$199", "2012-12-31": "$225", "2012-09-30": "$128", "2012-06-30": "$244", "2012-03-31": "$243", "2011-12-31": "$253", "2011-09-30": "$245", "2011-06-30": "$289", "2011-03-31": "$260", "2010-12-31": "$246", "2010-09-30": "$215", "2010-06-30": "$232", "2010-03-31": "$182", "2009-12-31": "$178", "2009-09-30": "$105", "2009-06-30": "$-5", "2009-03-31": "$71", "2008-12-31": "$-1,193", "2008-09-30": "$174", "2008-06-30": "$186", "2008-03-31": "$183", "2007-12-31": "$222", "2007-09-30": "$179", "2007-06-30": "$212", "2007-03-31": "$185", "2006-12-31": "$177", "2006-09-30": "$158", "2006-06-30": "$160", "2006-03-31": "$140", "2005-12-31": "$112", "2005-09-30": "$87", "2005-06-30": "$101", "2005-03-31": "$94"}}, "net-income": {"Avnet Annual Net Income (Millions of US $)": {"2020": "$-31", "2019": "$176", "2018": "$-156", "2017": "$525", "2016": "$507", "2015": "$572", "2014": "$546", "2013": "$450", "2012": "$567", "2011": "$669", "2010": "$410", "2009": "$-1,130", "2008": "$490", "2007": "$393", "2006": "$205", "2005": "$168"}, "Avnet Quarterly Net Income (Millions of US $)": {"2020-12-31": "$19", "2020-09-30": "$-19", "2020-06-30": "$52", "2020-03-31": "$-129", "2019-12-31": "$4", "2019-09-30": "$42", "2019-06-30": "$-32", "2019-03-31": "$88", "2018-12-31": "$36", "2018-09-30": "$84", "2018-06-30": "$59", "2018-03-31": "$-320", "2017-12-31": "$47", "2017-09-30": "$58", "2017-06-30": "$81", "2017-03-31": "$272", "2016-12-31": "$103", "2016-09-30": "$69", "2016-06-30": "$97", "2016-03-31": "$123", "2015-12-31": "$156", "2015-09-30": "$130", "2015-06-30": "$159", "2015-03-31": "$122", "2014-12-31": "$164", "2014-09-30": "$128", "2014-06-30": "$186", "2014-03-31": "$114", "2013-12-31": "$125", "2013-09-30": "$121", "2013-06-30": "$126", "2013-03-31": "$86", "2012-12-31": "$137", "2012-09-30": "$100", "2012-06-30": "$133", "2012-03-31": "$148", "2011-12-31": "$147", "2011-09-30": "$139", "2011-06-30": "$239", "2011-03-31": "$151", "2010-12-31": "$141", "2010-09-30": "$138", "2010-06-30": "$141", "2010-03-31": "$115", "2009-12-31": "$104", "2009-09-30": "$51", "2009-06-30": "$-31", "2009-03-31": "$16", "2008-12-31": "$-1,205", "2008-09-30": "$90", "2008-06-30": "$135", "2008-03-31": "$107", "2007-12-31": "$142", "2007-09-30": "$106", "2007-06-30": "$125", "2007-03-31": "$105", "2006-12-31": "$99", "2006-09-30": "$64", "2006-06-30": "$59", "2006-03-31": "$71", "2005-12-31": "$50", "2005-09-30": "$25", "2005-06-30": "$47", "2005-03-31": "$41"}}, "eps-earnings-per-share-diluted": {"Avnet Annual EPS": {"2020": "$-0.31", "2019": "$1.59", "2018": "$-1.30", "2017": "$4.08", "2016": "$3.80", "2015": "$4.12", "2014": "$3.89", "2013": "$3.21", "2012": "$3.79", "2011": "$4.34", "2010": "$2.68", "2009": "$-7.49", "2008": "$3.21", "2007": "$2.63", "2006": "$1.39", "2005": "$1.39"}, "Avnet Quarterly EPS": {"2020-12-31": "$0.19", "2020-09-30": "$-0.19", "2020-06-30": "$0.54", "2020-03-31": "$-1.29", "2019-12-31": "$0.04", "2019-09-30": "$0.40", "2019-06-30": "$-0.27", "2019-03-31": "$0.81", "2018-12-31": "$0.33", "2018-09-30": "$0.72", "2018-06-30": "$0.52", "2018-03-31": "$-2.68", "2017-12-31": "$0.39", "2017-09-30": "$0.47", "2017-06-30": "$0.66", "2017-03-31": "$2.10", "2016-12-31": "$0.79", "2016-09-30": "$0.53", "2016-06-30": "$0.75", "2016-03-31": "$0.94", "2015-12-31": "$1.16", "2015-09-30": "$0.96", "2015-06-30": "$1.15", "2015-03-31": "$0.88", "2014-12-31": "$1.18", "2014-09-30": "$0.91", "2014-06-30": "$1.33", "2014-03-31": "$0.81", "2013-12-31": "$0.89", "2013-09-30": "$0.86", "2013-06-30": "$0.90", "2013-03-31": "$0.62", "2012-12-31": "$0.99", "2012-09-30": "$0.70", "2012-06-30": "$0.91", "2012-03-31": "$1.00", "2011-12-31": "$0.98", "2011-09-30": "$0.90", "2011-06-30": "$1.55", "2011-03-31": "$0.98", "2010-12-31": "$0.91", "2010-09-30": "$0.90", "2010-06-30": "$0.92", "2010-03-31": "$0.75", "2009-12-31": "$0.68", "2009-09-30": "$0.33", "2009-06-30": "$-0.19", "2009-03-31": "$0.10", "2008-12-31": "$-7.99", "2008-09-30": "$0.59", "2008-06-30": "$0.88", "2008-03-31": "$0.71", "2007-12-31": "$0.93", "2007-09-30": "$0.69", "2007-06-30": "$0.82", "2007-03-31": "$0.70", "2006-12-31": "$0.67", "2006-09-30": "$0.44", "2006-06-30": "$0.40", "2006-03-31": "$0.48", "2005-12-31": "$0.34", "2005-09-30": "$0.17", "2005-06-30": "$0.39", "2005-03-31": "$0.34"}}, "shares-outstanding": {"Avnet Annual Shares Outstanding (Millions of Shares)": {"2020": "100", "2019": "111", "2018": "120", "2017": "129", "2016": "133", "2015": "139", "2014": "140", "2013": "140", "2012": "150", "2011": "154", "2010": "153", "2009": "151", "2008": "152", "2007": "150", "2006": "147", "2005": "121"}, "Avnet Quarterly Shares Outstanding (Millions of Shares)": {"2020-12-31": "100", "2020-09-30": "99", "2020-06-30": "100", "2020-03-31": "99", "2019-12-31": "101", "2019-09-30": "104", "2019-06-30": "111", "2019-03-31": "109", "2018-12-31": "111", "2018-09-30": "116", "2018-06-30": "120", "2018-03-31": "120", "2017-12-31": "122", "2017-09-30": "124", "2017-06-30": "129", "2017-03-31": "129", "2016-12-31": "130", "2016-09-30": "130", "2016-06-30": "130", "2016-03-31": "132", "2015-12-31": "135", "2015-09-30": "136", "2015-06-30": "138", "2015-03-31": "138", "2014-12-31": "139", "2014-09-30": "141", "2014-06-30": "140", "2014-03-31": "140", "2013-12-31": "140", "2013-09-30": "140", "2013-06-30": "140", "2013-03-31": "139", "2012-12-31": "139", "2012-09-30": "143", "2012-06-30": "150", "2012-03-31": "147", "2011-12-31": "150", "2011-09-30": "155", "2011-06-30": "154", "2011-03-31": "155", "2010-12-31": "154", "2010-09-30": "154", "2010-06-30": "153", "2010-03-31": "153", "2009-12-31": "153", "2009-09-30": "153", "2009-06-30": "151", "2009-03-31": "151", "2008-12-31": "151", "2008-09-30": "152", "2008-06-30": "152", "2008-03-31": "152", "2007-12-31": "153", "2007-09-30": "153", "2007-06-30": "150", "2007-03-31": "150", "2006-12-31": "148", "2006-09-30": "147", "2006-06-30": "147", "2006-03-31": "147", "2005-12-31": "147", "2005-09-30": "147", "2005-06-30": "121", "2005-03-31": "121"}}, "total-assets": {"Avnet Annual Total Assets (Millions of US $)": {"2020": "$8,105", "2019": "$8,565", "2018": "$9,597", "2017": "$9,700", "2016": "$11,240", "2015": "$10,800", "2014": "$11,251", "2013": "$10,475", "2012": "$10,168", "2011": "$9,906", "2010": "$7,782", "2009": "$6,274", "2008": "$8,200", "2007": "$7,355", "2006": "$6,216", "2005": "$5,098"}, "Avnet Quarterly Total Assets (Millions of US $)": {"2020-12-31": "$8,264", "2020-09-30": "$8,381", "2020-06-30": "$8,105", "2020-03-31": "$8,090", "2019-12-31": "$8,525", "2019-09-30": "$8,913", "2019-06-30": "$8,565", "2019-03-31": "$9,100", "2018-12-31": "$9,235", "2018-09-30": "$9,454", "2018-06-30": "$9,597", "2018-03-31": "$9,712", "2017-12-31": "$9,801", "2017-09-30": "$9,773", "2017-06-30": "$9,700", "2017-03-31": "$9,846", "2016-12-31": "$13,256", "2016-09-30": "$11,046", "2016-06-30": "$11,240", "2016-03-31": "$11,125", "2015-12-31": "$11,302", "2015-09-30": "$10,864", "2015-06-30": "$10,800", "2015-03-31": "$10,615", "2014-12-31": "$11,491", "2014-09-30": "$10,987", "2014-06-30": "$11,251", "2014-03-31": "$10,901", "2013-12-31": "$11,485", "2013-09-30": "$10,558", "2013-06-30": "$10,475", "2013-03-31": "$10,212", "2012-12-31": "$10,550", "2012-09-30": "$10,103", "2012-06-30": "$10,168", "2012-03-31": "$10,158", "2011-12-31": "$10,173", "2011-09-30": "$9,783", "2011-06-30": "$9,906", "2011-03-31": "$9,840", "2010-12-31": "$9,904", "2010-09-30": "$9,303", "2010-06-30": "$7,782", "2010-03-31": "$7,158", "2009-12-31": "$7,315", "2009-09-30": "$6,708", "2009-06-30": "$6,274", "2009-03-31": "$6,246", "2008-12-31": "$6,737", "2008-09-30": "$8,062", "2008-06-30": "$8,200", "2008-03-31": "$7,904", "2007-12-31": "$8,028", "2007-09-30": "$7,368", "2007-06-30": "$7,355", "2007-03-31": "$6,984", "2006-12-31": "$6,559", "2006-09-30": "$6,522", "2006-06-30": "$6,216", "2006-03-31": "$6,049", "2005-12-31": "$6,156", "2005-09-30": "$5,909", "2005-06-30": "$5,098", "2005-03-31": "$5,063"}}, "cash-on-hand": {"Avnet Annual Cash on Hand (Millions of US $)": {"2020": "$477", "2019": "$546", "2018": "$621", "2017": "$1,118", "2016": "$1,031", "2015": "$933", "2014": "$929", "2013": "$1,009", "2012": "$1,007", "2011": "$675", "2010": "$1,092", "2009": "$944", "2008": "$640", "2007": "$557", "2006": "$277", "2005": "$638"}, "Avnet Quarterly Cash on Hand (Millions of US $)": {"2020-12-31": "$376", "2020-09-30": "$483", "2020-06-30": "$477", "2020-03-31": "$403", "2019-12-31": "$489", "2019-09-30": "$664", "2019-06-30": "$546", "2019-03-31": "$725", "2018-12-31": "$482", "2018-09-30": "$366", "2018-06-30": "$621", "2018-03-31": "$505", "2017-12-31": "$726", "2017-09-30": "$738", "2017-06-30": "$1,118", "2017-03-31": "$1,391", "2016-12-31": "$1,270", "2016-09-30": "$1,197", "2016-06-30": "$1,031", "2016-03-31": "$1,036", "2015-12-31": "$916", "2015-09-30": "$825", "2015-06-30": "$933", "2015-03-31": "$803", "2014-12-31": "$903", "2014-09-30": "$814", "2014-06-30": "$929", "2014-03-31": "$960", "2013-12-31": "$779", "2013-09-30": "$866", "2013-06-30": "$1,009", "2013-03-31": "$821", "2012-12-31": "$815", "2012-09-30": "$1,043", "2012-06-30": "$1,007", "2012-03-31": "$940", "2011-12-31": "$969", "2011-09-30": "$622", "2011-06-30": "$675", "2011-03-31": "$782", "2010-12-31": "$757", "2010-09-30": "$662", "2010-06-30": "$1,092", "2010-03-31": "$755", "2009-12-31": "$895", "2009-09-30": "$987", "2009-06-30": "$944", "2009-03-31": "$686", "2008-12-31": "$671", "2008-09-30": "$387", "2008-06-30": "$640", "2008-03-31": "$381", "2007-12-31": "$417", "2007-09-30": "$521", "2007-06-30": "$557", "2007-03-31": "$337", "2006-12-31": "$390", "2006-09-30": "$482", "2006-06-30": "$277", "2006-03-31": "$200", "2005-12-31": "$219", "2005-09-30": "$205", "2005-06-30": "$638", "2005-03-31": "$594"}}, "long-term-debt": {"Avnet Annual Long Term Debt (Millions of US $)": {"2020": "$1,425", "2019": "$1,420", "2018": "$1,489", "2017": "$1,729", "2016": "$1,339", "2015": "$1,647", "2014": "$1,209", "2013": "$1,207", "2012": "$1,272", "2011": "$1,274", "2010": "$1,244", "2009": "$947", "2008": "$1,181", "2007": "$1,156", "2006": "$919", "2005": "$1,183"}, "Avnet Quarterly Long Term Debt (Millions of US $)": {"2020-12-31": "$896", "2020-09-30": "$1,195", "2020-06-30": "$1,425", "2020-03-31": "$1,194", "2019-12-31": "$1,194", "2019-09-30": "$1,192", "2019-06-30": "$1,420", "2019-03-31": "$2,024", "2018-12-31": "$1,961", "2018-09-30": "$1,555", "2018-06-30": "$1,489", "2018-03-31": "$1,489", "2017-12-31": "$1,488", "2017-09-30": "$1,495", "2017-06-30": "$1,729", "2017-03-31": "$1,724", "2016-12-31": "$3,382", "2016-09-30": "$2,610", "2016-06-30": "$1,339", "2016-03-31": "$1,611", "2015-12-31": "$1,072", "2015-09-30": "$1,076", "2015-06-30": "$1,647", "2015-03-31": "$1,725", "2014-12-31": "$1,692", "2014-09-30": "$1,626", "2014-06-30": "$1,209", "2014-03-31": "$1,222", "2013-12-31": "$1,228", "2013-09-30": "$1,202", "2013-06-30": "$1,207", "2013-03-31": "$1,501", "2012-12-31": "$1,508", "2012-09-30": "$1,400", "2012-06-30": "$1,272", "2012-03-31": "$1,184", "2011-12-31": "$1,185", "2011-09-30": "$1,151", "2011-06-30": "$1,274", "2011-03-31": "$1,251", "2010-12-31": "$1,248", "2010-09-30": "$1,260", "2010-06-30": "$1,244", "2010-03-31": "$938", "2009-12-31": "$939", "2009-09-30": "$957", "2009-06-30": "$947", "2009-03-31": "$943", "2008-12-31": "$1,183", "2008-09-30": "$1,180", "2008-06-30": "$1,181", "2008-03-31": "$1,180", "2007-12-31": "$1,177", "2007-09-30": "$1,156", "2007-06-30": "$1,156", "2007-03-31": "$1,176", "2006-12-31": "$857", "2006-09-30": "$857", "2006-06-30": "$919", "2006-03-31": "$1,023", "2005-12-31": "$1,021", "2005-09-30": "$1,169", "2005-06-30": "$1,183", "2005-03-31": "$1,181"}}, "total-liabilities": {"Avnet Annual Total Liabilities (Millions of US $)": {"2020": "$4,379", "2019": "$4,424", "2018": "$4,912", "2017": "$4,518", "2016": "$6,549", "2015": "$6,115", "2014": "$6,360", "2013": "$6,186", "2012": "$6,262", "2011": "$5,849", "2010": "$4,773", "2009": "$3,513", "2008": "$4,065", "2007": "$3,954", "2006": "$3,385", "2005": "$3,001"}, "Avnet Quarterly Total Liabilities (Millions of US $)": {"2020-12-31": "$4,354", "2020-09-30": "$4,604", "2020-06-30": "$4,379", "2020-03-31": "$4,412", "2019-12-31": "$4,568", "2019-09-30": "$4,955", "2019-06-30": "$4,424", "2019-03-31": "$4,737", "2018-12-31": "$4,826", "2018-09-30": "$4,833", "2018-06-30": "$4,912", "2018-03-31": "$4,757", "2017-12-31": "$4,552", "2017-09-30": "$4,529", "2017-06-30": "$4,518", "2017-03-31": "$4,746", "2016-12-31": "$8,544", "2016-09-30": "$6,257", "2016-06-30": "$6,549", "2016-03-31": "$6,365", "2015-12-31": "$6,628", "2015-09-30": "$6,233", "2015-06-30": "$6,115", "2015-03-31": "$6,113", "2014-12-31": "$6,786", "2014-09-30": "$6,193", "2014-06-30": "$6,360", "2014-03-31": "$6,165", "2013-12-31": "$6,857", "2013-09-30": "$6,063", "2013-06-30": "$6,186", "2013-03-31": "$6,128", "2012-12-31": "$6,444", "2012-09-30": "$6,123", "2012-06-30": "$6,262", "2012-03-31": "$6,106", "2011-12-31": "$6,318", "2011-09-30": "$5,852", "2011-06-30": "$5,849", "2011-03-31": "$6,106", "2010-12-31": "$6,461", "2010-09-30": "$5,973", "2010-06-30": "$4,773", "2010-03-31": "$4,137", "2009-12-31": "$4,335", "2009-09-30": "$3,819", "2009-06-30": "$3,513", "2009-03-31": "$3,499", "2008-12-31": "$3,941", "2008-09-30": "$3,977", "2008-06-30": "$4,065", "2008-03-31": "$3,922", "2007-12-31": "$4,260", "2007-09-30": "$3,793", "2007-06-30": "$3,954", "2007-03-31": "$3,754", "2006-12-31": "$3,500", "2006-09-30": "$3,613", "2006-06-30": "$3,385", "2006-03-31": "$3,344", "2005-12-31": "$3,555", "2005-09-30": "$3,350", "2005-06-30": "$3,001", "2005-03-31": "$2,915"}}, "total-share-holder-equity": {"Avnet Annual Share Holder Equity (Millions of US $)": {"2020": "$3,726", "2019": "$4,140", "2018": "$4,685", "2017": "$5,182", "2016": "$4,691", "2015": "$4,685", "2014": "$4,890", "2013": "$4,289", "2012": "$3,906", "2011": "$4,056", "2010": "$3,009", "2009": "$2,761", "2008": "$4,135", "2007": "$3,401", "2006": "$2,831", "2005": "$2,097"}, "Avnet Quarterly Share Holder Equity (Millions of US $)": {"2020-12-31": "$3,911", "2020-09-30": "$3,778", "2020-06-30": "$3,726", "2020-03-31": "$3,677", "2019-12-31": "$3,957", "2019-09-30": "$3,958", "2019-06-30": "$4,140", "2019-03-31": "$4,362", "2018-12-31": "$4,409", "2018-09-30": "$4,621", "2018-06-30": "$4,685", "2018-03-31": "$4,955", "2017-12-31": "$5,249", "2017-09-30": "$5,244", "2017-06-30": "$5,182", "2017-03-31": "$5,100", "2016-12-31": "$4,712", "2016-09-30": "$4,789", "2016-06-30": "$4,691", "2016-03-31": "$4,760", "2015-12-31": "$4,674", "2015-09-30": "$4,631", "2015-06-30": "$4,685", "2015-03-31": "$4,502", "2014-12-31": "$4,705", "2014-09-30": "$4,794", "2014-06-30": "$4,890", "2014-03-31": "$4,736", "2013-12-31": "$4,628", "2013-09-30": "$4,495", "2013-06-30": "$4,289", "2013-03-31": "$4,084", "2012-12-31": "$4,106", "2012-09-30": "$3,980", "2012-06-30": "$3,906", "2012-03-31": "$4,052", "2011-12-31": "$3,855", "2011-09-30": "$3,931", "2011-06-30": "$4,056", "2011-03-31": "$3,734", "2010-12-31": "$3,442", "2010-09-30": "$3,330", "2010-06-30": "$3,009", "2010-03-31": "$3,021", "2009-12-31": "$2,981", "2009-09-30": "$2,889", "2009-06-30": "$2,761", "2009-03-31": "$2,747", "2008-12-31": "$2,796", "2008-09-30": "$4,085", "2008-06-30": "$4,135", "2008-03-31": "$3,982", "2007-12-31": "$3,768", "2007-09-30": "$3,575", "2007-06-30": "$3,401", "2007-03-31": "$3,230", "2006-12-31": "$3,059", "2006-09-30": "$2,909", "2006-06-30": "$2,831", "2006-03-31": "$2,704", "2005-12-31": "$2,600", "2005-09-30": "$2,560", "2005-06-30": "$2,097", "2005-03-31": "$2,147"}}, "profit-margins": {"current": "-0.43%"}, "gross margin": {"2020-12-31": "11.32%", "2020-09-30": "11.48%", "2020-06-30": "11.70%", "2020-03-31": "12.03%", "2019-12-31": "12.34%", "2019-09-30": "12.56%", "2019-06-30": "12.74%", "2019-03-31": "12.82%", "2018-12-31": "12.90%", "2018-09-30": "13.11%", "2018-06-30": "13.28%", "2018-03-31": "13.45%", "2017-12-31": "13.58%", "2017-09-30": "13.68%", "2017-06-30": "13.59%", "2017-03-31": "12.96%", "2016-12-31": "12.62%", "2016-09-30": "12.27%", "2016-06-30": "12.17%", "2016-03-31": "12.09%", "2015-12-31": "11.79%", "2015-09-30": "11.53%", "2015-06-30": "11.43%", "2015-03-31": "11.51%", "2014-12-31": "11.64%", "2014-09-30": "11.74%", "2014-06-30": "11.73%", "2014-03-31": "11.69%", "2013-12-31": "11.67%", "2013-09-30": "11.68%", "2013-06-30": "11.70%", "2013-03-31": "11.79%", "2012-12-31": "11.79%", "2012-09-30": "11.85%", "2012-06-30": "11.87%", "2012-03-31": "11.85%", "2011-12-31": "11.80%", "2011-09-30": "11.72%", "2011-06-30": "11.71%", "2011-03-31": "11.79%", "2010-12-31": "11.89%", "2010-09-30": "11.93%", "2010-06-30": "11.90%", "2010-03-31": "11.73%", "2009-12-31": "11.75%", "2009-09-30": "12.05%", "2009-06-30": "12.47%", "2009-03-31": "12.79%", "2008-12-31": "12.93%", "2008-09-30": "12.93%", "2008-06-30": "12.89%", "2008-03-31": "12.88%", "2007-12-31": "13.01%", "2007-09-30": "13.07%", "2007-06-30": "13.07%", "2007-03-31": "13.15%", "2006-12-31": "12.98%", "2006-09-30": "12.87%", "2006-06-30": "12.90%", "2006-03-31": "12.83%", "2005-12-31": "12.85%"}, "operating margin": {"2020-12-31": "-0.21%", "2020-09-30": "-0.28%", "2020-06-30": "-0.03%", "2020-03-31": "-0.20%", "2019-12-31": "1.25%", "2019-09-30": "1.48%", "2019-06-30": "1.88%", "2019-03-31": "2.60%", "2018-12-31": "1.54%", "2018-09-30": "1.51%", "2018-06-30": "1.11%", "2018-03-31": "0.89%", "2017-12-31": "1.85%", "2017-09-30": "2.11%", "2017-06-30": "2.55%", "2017-03-31": "2.84%", "2016-12-31": "3.09%", "2016-09-30": "3.17%", "2016-06-30": "3.30%", "2016-03-31": "3.24%", "2015-12-31": "3.09%", "2015-09-30": "3.13%", "2015-06-30": "2.96%", "2015-03-31": "3.02%", "2014-12-31": "2.96%", "2014-09-30": "2.88%", "2014-06-30": "2.88%", "2014-03-31": "2.77%", "2013-12-31": "2.75%", "2013-09-30": "2.72%", "2013-06-30": "2.46%", "2013-03-31": "2.69%", "2012-12-31": "2.89%", "2012-09-30": "3.03%", "2012-06-30": "3.44%", "2012-03-31": "3.56%", "2011-12-31": "3.60%", "2011-09-30": "3.58%", "2011-06-30": "3.51%", "2011-03-31": "3.54%", "2010-12-31": "3.52%", "2010-09-30": "3.53%", "2010-06-30": "3.31%", "2010-03-31": "2.24%", "2009-12-31": "1.72%", "2009-09-30": "-6.74%", "2009-06-30": "-6.28%", "2009-03-31": "-4.82%", "2008-12-31": "-4.01%", "2008-09-30": "3.82%", "2008-06-30": "3.96%", "2008-03-31": "4.21%", "2007-12-31": "4.37%", "2007-09-30": "4.33%", "2007-06-30": "4.33%", "2007-03-31": "4.16%", "2006-12-31": "3.90%", "2006-09-30": "3.46%", "2006-06-30": "3.04%", "2006-03-31": "2.78%", "2005-12-31": "2.62%"}, "ebitda margin": {"2020-12-31": "1.85%", "2020-09-30": "1.88%", "2020-06-30": "2.17%", "2020-03-31": "2.92%", "2019-12-31": "3.44%", "2019-09-30": "3.51%", "2019-06-30": "3.79%", "2019-03-31": "3.57%", "2018-12-31": "3.46%", "2018-09-30": "3.58%", "2018-06-30": "3.31%", "2018-03-31": "3.15%", "2017-12-31": "3.07%", "2017-09-30": "3.20%", "2017-06-30": "3.43%", "2017-03-31": "3.47%", "2016-12-31": "3.61%", "2016-09-30": "3.61%", "2016-06-30": "3.72%", "2016-03-31": "3.42%", "2015-12-31": "3.32%", "2015-09-30": "3.39%", "2015-06-30": "3.26%", "2015-03-31": "3.52%", "2014-12-31": "3.46%", "2014-09-30": "3.38%", "2014-06-30": "3.37%", "2014-03-31": "3.25%", "2013-12-31": "3.22%", "2013-09-30": "3.19%", "2013-06-30": "2.93%", "2013-03-31": "3.16%", "2012-12-31": "3.34%", "2012-09-30": "3.45%", "2012-06-30": "3.83%", "2012-03-31": "3.91%", "2011-12-31": "3.92%", "2011-09-30": "3.88%", "2011-06-30": "3.81%", "2011-03-31": "3.84%", "2010-12-31": "3.82%", "2010-09-30": "3.85%", "2010-06-30": "3.64%", "2010-03-31": "2.60%", "2009-12-31": "2.10%", "2009-09-30": "-6.35%", "2009-06-30": "-5.87%", "2009-03-31": "-4.44%", "2008-12-31": "-3.64%", "2008-09-30": "4.17%", "2008-06-30": "4.29%", "2008-03-31": "4.55%", "2007-12-31": "4.70%", "2007-09-30": "4.67%", "2007-06-30": "4.67%", "2007-03-31": "4.52%", "2006-12-31": "4.30%", "2006-09-30": "3.90%", "2006-06-30": "3.50%", "2006-03-31": "3.27%", "2005-12-31": "3.12%"}, "pre tax profit margin": {"2020-12-31": "-0.91%", "2020-09-30": "-1.04%", "2020-06-30": "-0.73%", "2020-03-31": "-0.97%", "2019-12-31": "0.58%", "2019-09-30": "0.85%", "2019-06-30": "1.24%", "2019-03-31": "2.01%", "2018-12-31": "1.01%", "2018-09-30": "1.02%", "2018-06-30": "0.76%", "2018-03-31": "0.57%", "2017-12-31": "1.56%", "2017-09-30": "1.57%", "2017-06-30": "1.78%", "2017-03-31": "2.05%", "2016-12-31": "2.22%", "2016-09-30": "2.51%", "2016-06-30": "2.76%", "2016-03-31": "2.78%", "2015-12-31": "2.63%", "2015-09-30": "2.70%", "2015-06-30": "2.55%", "2015-03-31": "2.61%", "2014-12-31": "2.59%", "2014-09-30": "2.49%", "2014-06-30": "2.55%", "2014-03-31": "2.41%", "2013-12-31": "2.37%", "2013-09-30": "2.36%", "2013-06-30": "2.16%", "2013-03-31": "2.42%", "2012-12-31": "2.64%", "2012-09-30": "2.80%", "2012-06-30": "3.08%", "2012-03-31": "3.25%", "2011-12-31": "3.25%", "2011-09-30": "3.22%", "2011-06-30": "3.28%", "2011-03-31": "3.31%", "2010-12-31": "3.34%", "2010-09-30": "3.40%", "2010-06-30": "3.06%", "2010-03-31": "2.04%", "2009-12-31": "1.39%", "2009-09-30": "-7.15%", "2009-06-30": "-6.75%", "2009-03-31": "-5.20%", "2008-12-31": "-4.28%", "2008-09-30": "3.66%", "2008-06-30": "3.86%", "2008-03-31": "3.97%", "2007-12-31": "4.11%", "2007-09-30": "3.98%", "2007-06-30": "3.74%", "2007-03-31": "3.33%", "2006-12-31": "3.05%", "2006-09-30": "2.58%", "2006-06-30": "2.21%", "2006-03-31": "2.11%", "2005-12-31": "1.87%"}, "net profit margin": {"2020-12-31": "-0.43%", "2020-09-30": "-0.52%", "2020-06-30": "-0.18%", "2020-03-31": "-0.63%", "2019-12-31": "0.55%", "2019-09-30": "0.70%", "2019-06-30": "0.90%", "2019-03-31": "1.34%", "2018-12-31": "-0.71%", "2018-09-30": "-0.67%", "2018-06-30": "-0.82%", "2018-03-31": "-0.72%", "2017-12-31": "2.51%", "2017-09-30": "2.86%", "2017-06-30": "3.01%", "2017-03-31": "2.84%", "2016-12-31": "2.10%", "2016-09-30": "2.39%", "2016-06-30": "2.65%", "2016-03-31": "2.89%", "2015-12-31": "2.54%", "2015-09-30": "2.24%", "2015-06-30": "2.05%", "2015-03-31": "2.13%", "2014-12-31": "2.10%", "2014-09-30": "1.98%", "2014-06-30": "1.99%", "2014-03-31": "1.80%", "2013-12-31": "1.72%", "2013-09-30": "1.81%", "2013-06-30": "1.76%", "2013-03-31": "1.81%", "2012-12-31": "2.06%", "2012-09-30": "2.10%", "2012-06-30": "2.21%", "2012-03-31": "2.56%", "2011-12-31": "2.53%", "2011-09-30": "2.50%", "2011-06-30": "2.52%", "2011-03-31": "2.30%", "2010-12-31": "2.33%", "2010-09-30": "2.37%", "2010-06-30": "2.14%", "2010-03-31": "1.35%", "2009-12-31": "0.84%", "2009-09-30": "-7.27%", "2009-06-30": "-6.96%", "2009-03-31": "-5.62%", "2008-12-31": "-4.89%", "2008-09-30": "2.58%", "2008-06-30": "2.73%", "2008-03-31": "2.74%", "2007-12-31": "2.81%", "2007-09-30": "2.70%", "2007-06-30": "2.51%", "2007-03-31": "2.17%", "2006-12-31": "1.98%", "2006-09-30": "1.67%", "2006-06-30": "1.44%", "2006-03-31": "1.43%", "2005-12-31": "1.29%"}, "pe ratio": {"current": "27.72", "2021-02-05": "0.00", "2020-12-31": "0.00", "2020-09-30": "0.00", "2020-06-30": "0.00", "2020-03-31": "0.00", "2019-12-31": "43.41", "2019-09-30": "34.67", "2019-06-30": "27.92", "2019-03-31": "17.60", "2018-12-31": "0.00", "2018-09-30": "0.00", "2018-06-30": "0.00", "2018-03-31": "0.00", "2017-12-31": "10.27", "2017-09-30": "9.13", "2017-06-30": "8.86", "2017-03-31": "10.13", "2016-12-31": "14.54", "2016-09-30": "11.13", "2016-06-30": "9.70", "2016-03-31": "9.56", "2015-12-31": "9.34", "2015-09-30": "9.23", "2015-06-30": "8.96", "2015-03-31": "9.26", "2014-12-31": "9.06", "2014-09-30": "9.35", "2014-06-30": "10.08", "2014-03-31": "11.82", "2013-12-31": "11.82", "2013-09-30": "10.80", "2013-06-30": "9.10", "2013-03-31": "9.81", "2012-12-31": "7.42", "2012-09-30": "7.07", "2012-06-30": "7.10", "2012-03-31": "7.18", "2011-12-31": "6.16", "2011-09-30": "5.25", "2011-06-30": "6.42", "2011-03-31": "8.01", "2010-12-31": "8.28", "2010-09-30": "7.25", "2010-06-30": "7.85", "2010-03-31": "16.77", "2009-12-31": "28.28", "2009-09-30": "22.65", "2009-06-30": "14.33", "2009-03-31": "6.28", "2008-12-31": "5.26", "2008-09-30": "6.71", "2008-06-30": "7.25", "2008-03-31": "9.09", "2007-12-31": "9.74", "2007-09-30": "12.11", "2007-06-30": "13.20", "2007-03-31": "14.26", "2006-12-31": "11.19"}, "price sales": {"2021-02-05": "0.21", "2020-12-31": "0.20", "2020-09-30": "0.14", "2020-06-30": "0.16", "2020-03-31": "0.14", "2019-12-31": "0.24", "2019-09-30": "0.25", "2019-06-30": "0.25", "2019-03-31": "0.24", "2018-12-31": "0.20", "2018-09-30": "0.26", "2018-06-30": "0.26", "2018-03-31": "0.26", "2017-12-31": "0.26", "2017-09-30": "0.26", "2017-06-30": "0.27", "2017-03-31": "0.29", "2016-12-31": "0.31", "2016-09-30": "0.27", "2016-06-30": "0.26", "2016-03-31": "0.28", "2015-12-31": "0.24", "2015-09-30": "0.21", "2015-06-30": "0.18", "2015-03-31": "0.20", "2014-12-31": "0.19", "2014-09-30": "0.18", "2014-06-30": "0.20", "2014-03-31": "0.21", "2013-12-31": "0.20", "2013-09-30": "0.20", "2013-06-30": "0.16", "2013-03-31": "0.18", "2012-12-31": "0.15", "2012-09-30": "0.15", "2012-06-30": "0.16", "2012-03-31": "0.18", "2011-12-31": "0.16", "2011-09-30": "0.13", "2011-06-30": "0.16", "2011-03-31": "0.18", "2010-12-31": "0.19", "2010-09-30": "0.17", "2010-06-30": "0.17", "2010-03-31": "0.23", "2009-12-31": "0.24", "2009-09-30": "0.21", "2009-06-30": "0.17", "2009-03-31": "0.14", "2008-12-31": "0.13", "2008-09-30": "0.18", "2008-06-30": "0.20", "2008-03-31": "0.25", "2007-12-31": "0.27", "2007-09-30": "0.32", "2007-06-30": "0.33", "2007-03-31": "0.31", "2006-12-31": "0.22"}, "price book": {"current": "0.96", "2021-02-05": "0.95", "2020-12-31": "0.89", "2020-09-30": "0.67", "2020-06-30": "0.73", "2020-03-31": "0.66", "2019-12-31": "1.04", "2019-09-30": "1.10", "2019-06-30": "1.09", "2019-03-31": "1.02", "2018-12-31": "0.85", "2018-09-30": "1.04", "2018-06-30": "1.00", "2018-03-31": "0.94", "2017-12-31": "0.85", "2017-09-30": "0.85", "2017-06-30": "0.86", "2017-03-31": "1.05", "2016-12-31": "1.19", "2016-09-30": "1.00", "2016-06-30": "1.00", "2016-03-31": "1.09", "2015-12-31": "1.09", "2015-09-30": "1.10", "2015-06-30": "1.07", "2015-03-31": "1.20", "2014-12-31": "1.11", "2014-09-30": "1.06", "2014-06-30": "1.11", "2014-03-31": "1.20", "2013-12-31": "1.15", "2013-09-30": "1.12", "2013-06-30": "0.94", "2013-03-31": "1.06", "2012-12-31": "0.89", "2012-09-30": "0.88", "2012-06-30": "0.98", "2012-03-31": "1.14", "2011-12-31": "1.02", "2011-09-30": "0.87", "2011-06-30": "1.05", "2011-03-31": "1.22", "2010-12-31": "1.27", "2010-09-30": "1.07", "2010-06-30": "1.06", "2010-03-31": "1.31", "2009-12-31": "1.34", "2009-09-30": "1.19", "2009-06-30": "1.00", "2009-03-31": "0.84", "2008-12-31": "0.86", "2008-09-30": "0.79", "2008-06-30": "0.87", "2008-03-31": "1.08", "2007-12-31": "1.21", "2007-09-30": "1.46", "2007-06-30": "1.52", "2007-03-31": "1.46", "2006-12-31": "1.07", "2006-09-30": "0.86", "2006-06-30": "0.90", "2006-03-31": "1.20"}, "price fcf": {"2021-02-05": "", "2020-12-31": "$5.35", "2020-09-30": "$5.98", "2020-06-30": "$6.54", "2020-03-31": "$6.65", "2019-12-31": "$7.93", "2019-09-30": "$6.39", "2019-06-30": "$3.72", "2019-03-31": "$2.51", "2018-12-31": "$0.60", "2018-09-30": "$0.98", "2018-06-30": "$0.81", "2018-03-31": "$-2.33", "2017-12-31": "$-6.14", "2017-09-30": "$-4.78", "2017-06-30": "$-3.80", "2017-03-31": "$-3.04", "2016-12-31": "$1.90", "2016-09-30": "$0.88", "2016-06-30": "$0.67", "2016-03-31": "$3.62", "2015-12-31": "$2.33", "2015-09-30": "$3.35", "2015-06-30": "$3.27", "2015-03-31": "$1.04", "2014-12-31": "$3.26", "2014-09-30": "$1.37", "2014-06-30": "$0.81", "2014-03-31": "$2.61", "2013-12-31": "$0.30", "2013-09-30": "$2.78", "2013-06-30": "$4.28", "2013-03-31": "$4.04", "2012-12-31": "$4.05", "2012-09-30": "$4.65", "2012-06-30": "$2.68", "2012-03-31": "$2.78", "2011-12-31": "$3.76", "2011-09-30": "$0.27", "2011-06-30": "$0.91", "2011-03-31": "$0.00", "2010-12-31": "$-1.52", "2010-09-30": "$-1.47", "2010-06-30": "$-0.56", "2010-03-31": "$0.83", "2009-12-31": "$4.28", "2009-09-30": "$6.96", "2009-06-30": "$6.77", "2009-03-31": "$6.18", "2008-12-31": "$4.11", "2008-09-30": "$2.63", "2008-06-30": "$2.47", "2008-03-31": "$2.87", "2007-12-31": "$3.35", "2007-09-30": "$4.37", "2007-06-30": "$4.47", "2007-03-31": "$3.45", "2006-12-31": "$0.79"}, "net worth": {"value": "$3.75B"}, "current ratio": {"2020-12-31": "2.28", "2020-09-30": "2.39", "2020-06-30": "2.78", "2020-03-31": "2.42", "2019-12-31": "2.38", "2019-09-30": "2.23", "2019-06-30": "2.67", "2019-03-31": "3.11", "2018-12-31": "2.99", "2018-09-30": "2.64", "2018-06-30": "2.56", "2018-03-31": "2.75", "2017-12-31": "2.75", "2017-09-30": "2.78", "2017-06-30": "3.07", "2017-03-31": "2.90", "2016-12-31": "2.30", "2016-09-30": "2.83", "2016-06-30": "1.82", "2016-03-31": "1.96", "2015-12-31": "1.71", "2015-09-30": "1.76", "2015-06-30": "2.01", "2015-03-31": "2.00", "2014-12-31": "1.88", "2014-09-30": "1.99", "2014-06-30": "1.80", "2014-03-31": "1.82", "2013-12-31": "1.69", "2013-09-30": "1.78", "2013-06-30": "1.73", "2013-03-31": "1.83", "2012-12-31": "1.77", "2012-09-30": "1.79", "2012-06-30": "1.72", "2012-03-31": "1.72", "2011-12-31": "1.68", "2011-09-30": "1.76", "2011-06-30": "1.84", "2011-03-31": "1.74", "2010-12-31": "1.64", "2010-09-30": "1.70", "2010-06-30": "1.93", "2010-03-31": "1.93", "2009-12-31": "1.86", "2009-09-30": "2.00", "2009-06-30": "2.10", "2009-03-31": "2.10", "2008-12-31": "2.16", "2008-09-30": "2.10", "2008-06-30": "2.15", "2008-03-31": "2.20", "2007-12-31": "2.01", "2007-09-30": "2.17", "2007-06-30": "1.98", "2007-03-31": "2.03", "2006-12-31": "1.85", "2006-09-30": "1.76", "2006-06-30": "1.83", "2006-03-31": "1.88", "2005-12-31": "1.75", "2005-09-30": "1.93", "2005-06-30": "2.20", "2005-03-31": "2.24"}, "quick ratio": {"2020-12-31": "1.29", "2020-09-30": "1.32", "2020-06-30": "1.58", "2020-03-31": "1.37", "2019-12-31": "1.32", "2019-09-30": "1.26", "2019-06-30": "1.50", "2019-03-31": "1.73", "2018-12-31": "1.65", "2018-09-30": "1.45", "2018-06-30": "1.51", "2018-03-31": "1.58", "2017-12-31": "1.56", "2017-09-30": "1.63", "2017-06-30": "1.92", "2017-03-31": "1.85", "2016-12-31": "1.74", "2016-09-30": "2.12", "2016-06-30": "1.30", "2016-03-31": "1.34", "2015-12-31": "1.21", "2015-09-30": "1.19", "2015-06-30": "1.43", "2015-03-31": "1.42", "2014-12-31": "1.38", "2014-09-30": "1.38", "2014-06-30": "1.27", "2014-03-31": "1.29", "2013-12-31": "1.23", "2013-09-30": "1.25", "2013-06-30": "1.26", "2013-03-31": "1.31", "2012-12-31": "1.31", "2012-09-30": "1.27", "2012-06-30": "1.22", "2012-03-31": "1.21", "2011-12-31": "1.18", "2011-09-30": "1.18", "2011-06-30": "1.26", "2011-03-31": "1.21", "2010-12-31": "1.14", "2010-09-30": "1.16", "2010-06-30": "1.40", "2010-03-31": "1.37", "2009-12-31": "1.35", "2009-09-30": "1.44", "2009-06-30": "1.52", "2009-03-31": "1.43", "2008-12-31": "1.49", "2008-09-30": "1.39", "2008-06-30": "1.47", "2008-03-31": "1.44", "2007-12-31": "1.39", "2007-09-30": "1.45", "2007-06-30": "1.35", "2007-03-31": "1.34", "2006-12-31": "1.23", "2006-09-30": "1.16", "2006-06-30": "1.17", "2006-03-31": "1.20", "2005-12-31": "1.14", "2005-09-30": "1.20", "2005-06-30": "1.49", "2005-03-31": "1.46"}, "debt equity ratio": {"current": "0.23", "2020-12-31": "1.11", "2020-09-30": "1.22", "2020-06-30": "1.18", "2020-03-31": "1.20", "2019-12-31": "1.15", "2019-09-30": "1.25", "2019-06-30": "1.07", "2019-03-31": "1.09", "2018-12-31": "1.10", "2018-09-30": "1.05", "2018-06-30": "1.05", "2018-03-31": "0.96", "2017-12-31": "0.87", "2017-09-30": "0.86", "2017-06-30": "0.87", "2017-03-31": "0.93", "2016-12-31": "1.81", "2016-09-30": "1.31", "2016-06-30": "1.40", "2016-03-31": "1.34", "2015-12-31": "1.42", "2015-09-30": "1.35", "2015-06-30": "1.31", "2015-03-31": "1.36", "2014-12-31": "1.44", "2014-09-30": "1.29", "2014-06-30": "1.30", "2014-03-31": "1.30", "2013-12-31": "1.48", "2013-09-30": "1.35", "2013-06-30": "1.44", "2013-03-31": "1.50", "2012-12-31": "1.57", "2012-09-30": "1.54", "2012-06-30": "1.60", "2012-03-31": "1.51", "2011-12-31": "1.64", "2011-09-30": "1.49", "2011-06-30": "1.44", "2011-03-31": "1.64", "2010-12-31": "1.88", "2010-09-30": "1.79", "2010-06-30": "1.59", "2010-03-31": "1.37", "2009-12-31": "1.45", "2009-09-30": "1.32", "2009-06-30": "1.27", "2009-03-31": "1.27", "2008-12-31": "1.41", "2008-09-30": "0.97", "2008-06-30": "0.98", "2008-03-31": "0.99", "2007-12-31": "1.13", "2007-09-30": "1.06", "2007-06-30": "1.16", "2007-03-31": "1.16", "2006-12-31": "1.14", "2006-09-30": "1.24", "2006-06-30": "1.20", "2006-03-31": "1.24", "2005-12-31": "1.37", "2005-09-30": "1.31", "2005-06-30": "1.43", "2005-03-31": "1.36"}, "return on equity": {"2020-12-31": "-2.04%", "2020-09-30": "-2.43%", "2020-06-30": "-0.81%", "2020-03-31": "-2.92%", "2019-12-31": "2.49%", "2019-09-30": "3.18%", "2019-06-30": "4.02%", "2019-03-31": "5.91%", "2018-12-31": "-3.02%", "2018-09-30": "-2.67%", "2018-06-30": "-3.10%", "2018-03-31": "-2.60%", "2017-12-31": "8.82%", "2017-09-30": "10.16%", "2017-06-30": "10.62%", "2017-03-31": "11.22%", "2016-12-31": "8.27%", "2016-09-30": "9.41%", "2016-06-30": "10.79%", "2016-03-31": "12.12%", "2015-12-31": "12.26%", "2015-09-30": "12.42%", "2015-06-30": "12.27%", "2015-03-31": "12.70%", "2014-12-31": "12.38%", "2014-09-30": "11.61%", "2014-06-30": "11.65%", "2014-03-31": "10.71%", "2013-12-31": "10.47%", "2013-09-30": "11.08%", "2013-06-30": "10.91%", "2013-03-31": "11.35%", "2012-12-31": "12.91%", "2012-09-30": "13.37%", "2012-06-30": "14.41%", "2012-03-31": "16.94%", "2011-12-31": "17.36%", "2011-09-30": "17.67%", "2011-06-30": "18.38%", "2011-03-31": "16.90%", "2010-12-31": "16.72%", "2010-09-30": "16.14%", "2010-06-30": "13.82%", "2010-03-31": "8.20%", "2009-12-31": "4.92%", "2009-09-30": "-41.78%", "2009-06-30": "-36.48%", "2009-03-31": "-28.02%", "2008-12-31": "-23.28%", "2008-09-30": "11.87%", "2008-06-30": "12.68%", "2008-03-31": "13.04%", "2007-12-31": "13.68%", "2007-09-30": "13.12%", "2007-06-30": "12.48%", "2007-03-31": "10.87%", "2006-12-31": "10.19%", "2006-09-30": "8.84%", "2006-06-30": "7.67%", "2006-03-31": "7.75%", "2005-12-31": "6.93%"}, "return on assets": {"2020-12-31": "-0.94%", "2020-09-30": "-1.11%", "2020-06-30": "-0.37%", "2020-03-31": "-1.35%", "2019-12-31": "1.16%", "2019-09-30": "1.50%", "2019-06-30": "1.94%", "2019-03-31": "2.86%", "2018-12-31": "-1.48%", "2018-09-30": "-1.35%", "2018-06-30": "-1.60%", "2018-03-31": "-1.37%", "2017-12-31": "4.68%", "2017-09-30": "4.83%", "2017-06-30": "4.79%", "2017-03-31": "4.77%", "2016-12-31": "3.36%", "2016-09-30": "3.98%", "2016-06-30": "4.55%", "2016-03-31": "5.15%", "2015-12-31": "5.20%", "2015-09-30": "5.25%", "2015-06-30": "5.22%", "2015-03-31": "5.41%", "2014-12-31": "5.31%", "2014-09-30": "4.96%", "2014-06-30": "4.94%", "2014-03-31": "4.48%", "2013-12-31": "4.29%", "2013-09-30": "4.50%", "2013-06-30": "4.34%", "2013-03-31": "4.45%", "2012-12-31": "5.06%", "2012-09-30": "5.20%", "2012-06-30": "5.63%", "2012-03-31": "6.73%", "2011-12-31": "6.81%", "2011-09-30": "6.80%", "2011-06-30": "6.87%", "2011-03-31": "6.20%", "2010-12-31": "6.27%", "2010-09-30": "6.31%", "2010-06-30": "5.68%", "2010-03-31": "3.48%", "2009-12-31": "2.11%", "2009-09-30": "-18.01%", "2009-06-30": "-16.55%", "2009-03-31": "-13.19%", "2008-12-31": "-11.30%", "2008-09-30": "5.89%", "2008-06-30": "6.22%", "2008-03-31": "6.26%", "2007-12-31": "6.43%", "2007-09-30": "6.16%", "2007-06-30": "5.73%", "2007-03-31": "4.98%", "2006-12-31": "4.62%", "2006-09-30": "3.91%", "2006-06-30": "3.37%", "2006-03-31": "3.33%", "2005-12-31": "2.93%"}, "return on investments": {"2020-12-31": "-0.77%", "2020-09-30": "-0.97%", "2020-06-30": "-0.10%", "2020-03-31": "-0.71%", "2019-12-31": "4.17%", "2019-09-30": "4.81%", "2019-06-30": "5.98%", "2019-03-31": "8.25%", "2018-12-31": "4.88%", "2018-09-30": "4.59%", "2018-06-30": "3.23%", "2018-03-31": "2.46%", "2017-12-31": "4.95%", "2017-09-30": "5.31%", "2017-06-30": "6.08%", "2017-03-31": "7.63%", "2016-12-31": "8.27%", "2016-09-30": "9.22%", "2016-06-30": "10.55%", "2016-03-31": "10.53%", "2015-12-31": "11.49%", "2015-09-30": "13.04%", "2015-06-30": "13.04%", "2015-03-31": "13.55%", "2014-12-31": "13.40%", "2014-09-30": "13.23%", "2014-06-30": "13.40%", "2014-03-31": "13.02%", "2013-12-31": "12.94%", "2013-09-30": "12.61%", "2013-06-30": "11.36%", "2013-03-31": "12.45%", "2012-12-31": "13.57%", "2012-09-30": "14.61%", "2012-06-30": "17.22%", "2012-03-31": "18.14%", "2011-12-31": "18.83%", "2011-09-30": "19.10%", "2011-06-30": "18.98%", "2011-03-31": "19.01%", "2010-12-31": "18.43%", "2010-09-30": "17.70%", "2010-06-30": "15.90%", "2010-03-31": "10.29%", "2009-12-31": "7.55%", "2009-09-30": "-28.51%", "2009-06-30": "-24.49%", "2009-03-31": "-18.13%", "2008-12-31": "-14.52%", "2008-09-30": "13.55%", "2008-06-30": "14.11%", "2008-03-31": "15.20%", "2007-12-31": "15.95%", "2007-09-30": "15.88%", "2007-06-30": "16.32%", "2007-03-31": "15.84%", "2006-12-31": "15.20%", "2006-09-30": "13.64%", "2006-06-30": "11.68%", "2006-03-31": "10.42%", "2005-12-31": "9.49%"}, "return on tangible equity": {"2020-12-31": "-2.63%", "2020-09-30": "-3.18%", "2020-06-30": "-1.07%", "2020-03-31": "-3.88%", "2019-12-31": "3.35%", "2019-09-30": "4.30%", "2019-06-30": "5.44%", "2019-03-31": "8.03%", "2018-12-31": "-4.09%", "2018-09-30": "-3.61%", "2018-06-30": "-4.24%", "2018-03-31": "-3.57%", "2017-12-31": "12.21%", "2017-09-30": "14.16%", "2017-06-30": "14.10%", "2017-03-31": "14.25%", "2016-12-31": "10.53%", "2016-09-30": "11.97%", "2016-06-30": "14.46%", "2016-03-31": "17.14%", "2015-12-31": "17.47%", "2015-09-30": "17.78%", "2015-06-30": "17.67%", "2015-03-31": "18.43%", "2014-12-31": "18.06%", "2014-09-30": "17.12%", "2014-06-30": "17.04%", "2014-03-31": "15.78%", "2013-12-31": "15.33%", "2013-09-30": "16.00%", "2013-06-30": "15.80%", "2013-03-31": "16.12%", "2012-12-31": "18.09%", "2012-09-30": "18.35%", "2012-06-30": "19.42%", "2012-03-31": "22.35%", "2011-12-31": "22.72%", "2011-09-30": "23.14%", "2011-06-30": "24.01%", "2011-03-31": "21.92%", "2010-12-31": "21.30%", "2010-09-30": "20.20%", "2010-06-30": "17.05%", "2010-03-31": "10.16%", "2009-12-31": "6.13%", "2009-09-30": "-51.73%", "2009-06-30": "-50.49%", "2009-03-31": "-42.15%", "2008-12-31": "-37.76%", "2008-09-30": "20.85%", "2008-06-30": "21.76%", "2008-03-31": "22.33%", "2007-12-31": "23.53%", "2007-09-30": "22.52%", "2007-06-30": "21.91%", "2007-03-31": "19.49%", "2006-12-31": "18.57%", "2006-09-30": "16.87%", "2006-06-30": "15.23%", "2006-03-31": "15.28%", "2005-12-31": "13.31%"}, "dividend yield history": {"last payout": "$0.84", "last yield": "2.23%"}}