{"ticker": "AVY", "price": {"title": "Avery Dennison Historical Annual Stock Price Data", "value": 173.36, "historical": {"2021": {"Average Stock Price": "160.9000", "Year Open": "151.9000", "Year High": "174.8900", "Year Low": "148.6700", "Year Close": "173.3600", "Annual % Change": "11.77%"}, "2020": {"Average Stock Price": "123.8613", "Year Open": "129.3100", "Year High": "155.3100", "Year Low": "78.7500", "Year Close": "155.1100", "Annual % Change": "18.57%"}, "2019": {"Average Stock Price": "113.3757", "Year Open": "89.9900", "Year High": "133.8900", "Year Low": "87.0700", "Year Close": "130.8200", "Annual % Change": "45.63%"}, "2018": {"Average Stock Price": "105.7290", "Year Open": "115.6800", "Year High": "122.6800", "Year Low": "83.7900", "Year Close": "89.8300", "Annual % Change": "-21.79%"}, "2017": {"Average Stock Price": "90.9379", "Year Open": "70.1400", "Year High": "117.1000", "Year Low": "70.1400", "Year Close": "114.8600", "Annual % Change": "63.57%"}, "2016": {"Average Stock Price": "72.0857", "Year Open": "61.2000", "Year High": "78.8400", "Year Low": "58.1600", "Year Close": "70.2200", "Annual % Change": "12.07%"}, "2015": {"Average Stock Price": "58.6999", "Year Open": "51.7900", "Year High": "66.1800", "Year Low": "51.0700", "Year Close": "62.6600", "Annual % Change": "20.78%"}, "2014": {"Average Stock Price": "48.8942", "Year Open": "49.6100", "Year High": "52.6700", "Year Low": "41.2800", "Year Close": "51.8800", "Annual % Change": "3.37%"}, "2013": {"Average Stock Price": "43.4140", "Year Open": "35.4800", "Year High": "50.6500", "Year Low": "35.4800", "Year Close": "50.1900", "Annual % Change": "43.73%"}, "2012": {"Average Stock Price": "30.4904", "Year Open": "29.3100", "Year High": "34.9700", "Year Low": "26.3800", "Year Close": "34.9200", "Annual % Change": "21.76%"}, "2011": {"Average Stock Price": "34.4775", "Year Open": "41.8300", "Year High": "43.1100", "Year Low": "23.9700", "Year Close": "28.6800", "Annual % Change": "-32.26%"}, "2010": {"Average Stock Price": "36.1252", "Year Open": "36.8500", "Year High": "42.4900", "Year Low": "30.7900", "Year Close": "42.3400", "Annual % Change": "16.03%"}, "2009": {"Average Stock Price": "29.5928", "Year Open": "33.6100", "Year High": "40.0200", "Year Low": "17.2600", "Year Close": "36.4900", "Annual % Change": "11.49%"}, "2008": {"Average Stock Price": "44.1688", "Year Open": "52.4600", "Year High": "53.0700", "Year Low": "25.0200", "Year Close": "32.7300", "Annual % Change": "-38.41%"}, "2007": {"Average Stock Price": "61.5708", "Year Open": "68.0800", "Year High": "69.6700", "Year Low": "49.6900", "Year Close": "53.1400", "Annual % Change": "-21.77%"}, "2006": {"Average Stock Price": "60.8743", "Year Open": "56.3300", "Year High": "69.1100", "Year Low": "55.0900", "Year Close": "67.9300", "Annual % Change": "22.91%"}, "2005": {"Average Stock Price": "56.0403", "Year Open": "59.1700", "Year High": "62.5300", "Year Low": "50.3000", "Year Close": "55.2700", "Annual % Change": "-7.84%"}, "2004": {"Average Stock Price": "61.0637", "Year Open": "55.9200", "Year High": "65.7800", "Year Low": "54.9000", "Year Close": "59.9700", "Annual % Change": "7.05%"}, "2003": {"Average Stock Price": "54.8744", "Year Open": "62.8800", "Year High": "63.5100", "Year Low": "47.7500", "Year Close": "56.0200", "Annual % Change": "-8.28%"}, "2002": {"Average Stock Price": "61.5750", "Year Open": "56.8300", "Year High": "69.4900", "Year Low": "52.8600", "Year Close": "61.0800", "Annual % Change": "8.05%"}, "2001": {"Average Stock Price": "52.6816", "Year Open": "54.3800", "Year High": "60.2400", "Year Low": "44.3900", "Year Close": "56.5300", "Annual % Change": "3.01%"}, "2000": {"Average Stock Price": "58.9133", "Year Open": "71.3800", "Year High": "78.0000", "Year Low": "43.3100", "Year Close": "54.8800", "Annual % Change": "-24.70%"}, "1999": {"Average Stock Price": "58.0204", "Year Open": "44.9400", "Year High": "72.8800", "Year Low": "39.7500", "Year Close": "72.8800", "Annual % Change": "61.74%"}, "1998": {"Average Stock Price": "49.9771", "Year Open": "44.3800", "Year High": "60.7500", "Year Low": "40.8800", "Year Close": "45.0600", "Annual % Change": "0.69%"}, "1997": {"Average Stock Price": "39.8377", "Year Open": "34.7500", "Year High": "45.0000", "Year Low": "33.3800", "Year Close": "44.7500", "Annual % Change": "26.48%"}, "1996": {"Average Stock Price": "28.5303", "Year Open": "25.3750", "Year High": "35.8800", "Year Low": "23.8750", "Year Close": "35.3800", "Annual % Change": "41.15%"}, "1995": {"Average Stock Price": "20.6024", "Year Open": "17.3750", "Year High": "25.0650", "Year Low": "16.6250", "Year Close": "25.0650", "Annual % Change": "41.21%"}, "1994": {"Average Stock Price": "15.6592", "Year Open": "14.4400", "Year High": "18.0000", "Year Low": "13.3150", "Year Close": "17.7500", "Annual % Change": "20.83%"}, "1993": {"Average Stock Price": "14.0678", "Year Open": "14.3150", "Year High": "15.5650", "Year Low": "12.7500", "Year Close": "14.6900", "Annual % Change": "2.19%"}, "1992": {"Average Stock Price": "13.3337", "Year Open": "12.1250", "Year High": "14.4400", "Year Low": "11.6250", "Year Close": "14.3750", "Annual % Change": "13.28%"}, "1991": {"Average Stock Price": "11.4917", "Year Open": "10.4400", "Year High": "12.7500", "Year Low": "9.6900", "Year Close": "12.6900", "Annual % Change": "18.05%"}, "1990": {"Average Stock Price": "11.6992", "Year Open": "16.3150", "Year High": "16.5000", "Year Low": "7.8150", "Year Close": "10.7500", "Annual % Change": "-33.60%"}, "1989": {"Average Stock Price": "13.2173", "Year Open": "11.0600", "Year High": "16.2500", "Year Low": "10.5000", "Year Close": "16.1900", "Annual % Change": "42.33%"}, "1988": {"Average Stock Price": "11.2344", "Year Open": "10.6250", "Year High": "13.0000", "Year Low": "9.6850", "Year Close": "11.3750", "Annual % Change": "7.06%"}, "1987": {"Average Stock Price": "11.8381", "Year Open": "10.3750", "Year High": "14.5600", "Year Low": "8.0000", "Year Close": "10.6250", "Annual % Change": "3.36%"}, "1986": {"Average Stock Price": "10.0148", "Year Open": "9.2500", "Year High": "11.6550", "Year Low": "8.6875", "Year Close": "10.2800", "Annual % Change": "11.50%"}, "1985": {"Average Stock Price": "8.5541", "Year Open": "7.9050", "Year High": "9.7500", "Year Low": "7.5300", "Year Close": "9.2200", "Annual % Change": "15.25%"}, "1984": {"Average Stock Price": "6.9272", "Year Open": "6.5300", "Year High": "8.0000", "Year Low": "5.7800", "Year Close": "8.0000", "Annual % Change": "135.99%"}}}, "market cap": {"value": "$14.39B"}, "income statement": {"Revenue": {"2020-12-31": "6971.50000", "2019-12-31": "7070.10000", "2018-12-31": "7159.00000", "2017-12-31": "6613.80000", "2016-12-31": "6086.50000", "2015-12-31": "5966.90000", "2014-12-31": "6330.30000", "2013-12-31": "6140.00000", "2012-12-31": "5863.50000", "2011-12-31": "5844.90000", "2010-12-31": "5782.00000", "2009-12-31": "5186.20000", "2008-12-31": "6710.40000", "2007-12-31": "6307.80000", "2006-12-31": "5575.90000", "2005-12-31": "5473.50000"}, "Cost Of Goods Sold": {"2020-12-31": "5048.20000", "2019-12-31": "5166.00000", "2018-12-31": "5243.50000", "2017-12-31": "4801.60000", "2016-12-31": "4386.80000", "2015-12-31": "4321.10000", "2014-12-31": "4679.10000", "2013-12-31": "4502.30000", "2012-12-31": "4335.30000", "2011-12-31": "4369.60000", "2010-12-31": "4268.20000", "2009-12-31": "3929.80000", "2008-12-31": "4983.40000", "2007-12-31": "4585.40000", "2006-12-31": "4037.90000", "2005-12-31": "3996.60000"}, "Gross Profit": {"2020-12-31": "1923.30000", "2019-12-31": "1904.10000", "2018-12-31": "1915.50000", "2017-12-31": "1812.20000", "2016-12-31": "1699.70000", "2015-12-31": "1645.80000", "2014-12-31": "1651.20000", "2013-12-31": "1637.70000", "2012-12-31": "1528.20000", "2011-12-31": "1475.30000", "2010-12-31": "1513.80000", "2009-12-31": "1256.40000", "2008-12-31": "1727.00000", "2007-12-31": "1722.40000", "2006-12-31": "1538.00000", "2005-12-31": "1476.90000"}, "Research And Development Expenses": {"2020-12-31": "", "2019-12-31": "", "2018-12-31": "", "2017-12-31": "", "2016-12-31": "", "2015-12-31": "", "2014-12-31": "", "2013-12-31": "", "2012-12-31": "", "2011-12-31": "", "2010-12-31": "", "2009-12-31": "", "2008-12-31": "", "2007-12-31": "", "2006-12-31": "", "2005-12-31": ""}, "SG&A Expenses": {"2020-12-31": "1060.50000", "2019-12-31": "1080.40000", "2018-12-31": "1127.50000", "2017-12-31": "1105.20000", "2016-12-31": "1085.70000", "2015-12-31": "1108.10000", "2014-12-31": "1158.90000", "2013-12-31": "1174.20000", "2012-12-31": "1148.90000", "2011-12-31": "1139.40000", "2010-12-31": "1178.90000", "2009-12-31": "1088.10000", "2008-12-31": "1304.30000", "2007-12-31": "1182.50000", "2006-12-31": "1011.10000", "2005-12-31": "987.90000"}, "Other Operating Income Or Expenses": {"2020-12-31": "-53.60000", "2019-12-31": "-53.20000", "2018-12-31": "-69.90000", "2017-12-31": "-36.50000", "2016-12-31": "-23.80000", "2015-12-31": "-68.30000", "2014-12-31": "-68.20000", "2013-12-31": "-36.60000", "2012-12-31": "-68.80000", "2011-12-31": "-51.60000", "2010-12-31": "-19.60000", "2009-12-31": "-178.00000", "2008-12-31": "-36.20000", "2007-12-31": "-59.40000", "2006-12-31": "-36.20000", "2005-12-31": "-63.60000"}, "Operating Expenses": {"2020-12-31": "6162.30000", "2019-12-31": "6299.60000", "2018-12-31": "6440.90000", "2017-12-31": "5943.30000", "2016-12-31": "5496.30000", "2015-12-31": "5497.50000", "2014-12-31": "5906.20000", "2013-12-31": "5713.10000", "2012-12-31": "5553.00000", "2011-12-31": "5631.70000", "2010-12-31": "5543.00000", "2009-12-31": "5195.90000", "2008-12-31": "6323.90000", "2007-12-31": "5827.30000", "2006-12-31": "5085.20000", "2005-12-31": "5048.10000"}, "Operating Income": {"2020-12-31": "809.19970", "2019-12-31": "770.50000", "2018-12-31": "718.10010", "2017-12-31": "670.50000", "2016-12-31": "590.20020", "2015-12-31": "469.39990", "2014-12-31": "424.09960", "2013-12-31": "426.89990", "2012-12-31": "310.50050", "2011-12-31": "213.19970", "2010-12-31": "239.00000", "2009-12-31": "-9.69970", "2008-12-31": "386.49950", "2007-12-31": "480.50000", "2006-12-31": "490.69970", "2005-12-31": "425.39990"}, "Total Non-Operating Income/Expense": {"2020-12-31": "-71.90000", "2019-12-31": "-521.00000", "2018-12-31": "-163.30000", "2017-12-31": "-81.00000", "2016-12-31": "-113.10000", "2015-12-31": "-60.50000", "2014-12-31": "-63.30000", "2013-12-31": "-60.90000", "2012-12-31": "-72.90000", "2011-12-31": "", "2010-12-31": "", "2009-12-31": "-916.90000", "2008-12-31": "-115.90000", "2007-12-31": "-105.20000", "2006-12-31": "-55.50000", "2005-12-31": "-57.90000"}, "Pre-Tax Income": {"2020-12-31": "737.30000", "2019-12-31": "249.50000", "2018-12-31": "554.80000", "2017-12-31": "589.50000", "2016-12-31": "477.10000", "2015-12-31": "408.90000", "2014-12-31": "360.80000", "2013-12-31": "366.00000", "2012-12-31": "237.60000", "2011-12-31": "213.20000", "2010-12-31": "239.00000", "2009-12-31": "-926.60000", "2008-12-31": "270.60000", "2007-12-31": "375.30000", "2006-12-31": "435.20000", "2005-12-31": "367.50000"}, "Income Taxes": {"2020-12-31": "177.70000", "2019-12-31": "-56.70000", "2018-12-31": "85.40000", "2017-12-31": "307.70000", "2016-12-31": "156.40000", "2015-12-31": "134.50000", "2014-12-31": "113.50000", "2013-12-31": "124.30000", "2012-12-31": "80.00000", "2011-12-31": "71.50000", "2010-12-31": "-2.80000", "2009-12-31": "-92.00000", "2008-12-31": "4.50000", "2007-12-31": "71.80000", "2006-12-31": "76.70000", "2005-12-31": "75.30000"}, "Income After Taxes": {"2020-12-31": "559.60000", "2019-12-31": "306.20000", "2018-12-31": "469.40000", "2017-12-31": "281.80000", "2016-12-31": "320.70000", "2015-12-31": "274.40000", "2014-12-31": "247.30000", "2013-12-31": "241.70000", "2012-12-31": "157.60000", "2011-12-31": "141.70000", "2010-12-31": "241.80000", "2009-12-31": "-834.60000", "2008-12-31": "266.10000", "2007-12-31": "303.50000", "2006-12-31": "358.50000", "2005-12-31": "292.20000"}, "Other Income": {"2020-12-31": "", "2019-12-31": "", "2018-12-31": "", "2017-12-31": "", "2016-12-31": "", "2015-12-31": "", "2014-12-31": "", "2013-12-31": "", "2012-12-31": "", "2011-12-31": "", "2010-12-31": "", "2009-12-31": "", "2008-12-31": "", "2007-12-31": "", "2006-12-31": "", "2005-12-31": ""}, "Income From Continuous Operations": {"2020-12-31": "555.90000", "2019-12-31": "303.60000", "2018-12-31": "467.40000", "2017-12-31": "281.80000", "2016-12-31": "320.70000", "2015-12-31": "274.40000", "2014-12-31": "247.30000", "2013-12-31": "241.70000", "2012-12-31": "157.60000", "2011-12-31": "141.70000", "2010-12-31": "241.80000", "2009-12-31": "-834.60000", "2008-12-31": "266.10000", "2007-12-31": "303.50000", "2006-12-31": "358.50000", "2005-12-31": "292.20000"}, "Income From Discontinued Operations": {"2020-12-31": "", "2019-12-31": "", "2018-12-31": "", "2017-12-31": "", "2016-12-31": "", "2015-12-31": "-0.10000", "2014-12-31": "-2.20000", "2013-12-31": "-28.50000", "2012-12-31": "57.80000", "2011-12-31": "48.40000", "2010-12-31": "75.10000", "2009-12-31": "87.90000", "2008-12-31": "", "2007-12-31": "", "2006-12-31": "14.70000", "2005-12-31": "-65.40000"}, "Net Income": {"2020-12-31": "555.90000", "2019-12-31": "303.60000", "2018-12-31": "467.40000", "2017-12-31": "281.80000", "2016-12-31": "320.70000", "2015-12-31": "274.30000", "2014-12-31": "245.10000", "2013-12-31": "213.20000", "2012-12-31": "215.40000", "2011-12-31": "190.10000", "2010-12-31": "316.90000", "2009-12-31": "-746.70000", "2008-12-31": "266.10000", "2007-12-31": "303.50000", "2006-12-31": "373.20000", "2005-12-31": "226.80000"}, "EBITDA": {"2020-12-31": "1014.50000", "2019-12-31": "949.50000", "2018-12-31": "899.10010", "2017-12-31": "849.20000", "2016-12-31": "770.30020", "2015-12-31": "657.69990", "2014-12-31": "625.69960", "2013-12-31": "631.49990", "2012-12-31": "531.10050", "2011-12-31": "530.79970", "2010-12-31": "562.90000", "2009-12-31": "1089.60000", "2008-12-31": "664.89950", "2007-12-31": "717.80000", "2006-12-31": "692.09970", "2005-12-31": "626.89990"}, "EBIT": {"2020-12-31": "809.19970", "2019-12-31": "770.50000", "2018-12-31": "718.10010", "2017-12-31": "670.50000", "2016-12-31": "590.20020", "2015-12-31": "469.39990", "2014-12-31": "424.09960", "2013-12-31": "426.89990", "2012-12-31": "310.50050", "2011-12-31": "284.29970", "2010-12-31": "315.30000", "2009-12-31": "-9.69970", "2008-12-31": "386.49950", "2007-12-31": "480.50000", "2006-12-31": "490.69970", "2005-12-31": "425.39990"}, "Basic Shares Outstanding": {"2020-12-31": "", "2019-12-31": "84.00000", "2018-12-31": "87.30000", "2017-12-31": "88.30000", "2016-12-31": "89.10000", "2015-12-31": "91.00000", "2014-12-31": "93.80000", "2013-12-31": "98.40000", "2012-12-31": "102.60000", "2011-12-31": "105.80000", "2010-12-31": "105.80000", "2009-12-31": "103.60000", "2008-12-31": "98.40000", "2007-12-31": "98.10000", "2006-12-31": "99.80000", "2005-12-31": "100.10000"}, "Shares Outstanding": {"2020-12-31": "84.10000", "2019-12-31": "85.00000", "2018-12-31": "88.60000", "2017-12-31": "90.10000", "2016-12-31": "90.70000", "2015-12-31": "92.90000", "2014-12-31": "95.70000", "2013-12-31": "100.10000", "2012-12-31": "103.50000", "2011-12-31": "106.80000", "2010-12-31": "106.80000", "2009-12-31": "103.60000", "2008-12-31": "98.70000", "2007-12-31": "98.90000", "2006-12-31": "100.40000", "2005-12-31": "100.50000"}, "Basic EPS": {"2020-12-31": "", "2019-12-31": "3.61000", "2018-12-31": "5.35000", "2017-12-31": "3.19000", "2016-12-31": "3.60000", "2015-12-31": "3.01000", "2014-12-31": "2.61000", "2013-12-31": "2.17000", "2012-12-31": "2.10000", "2011-12-31": "1.80000", "2010-12-31": "3.00000", "2009-12-31": "-7.21000", "2008-12-31": "2.70000", "2007-12-31": "3.09000", "2006-12-31": "3.74000", "2005-12-31": "2.27000"}, "EPS - Earnings Per Share": {"2020-12-31": "6.61000", "2019-12-31": "3.57000", "2018-12-31": "5.28000", "2017-12-31": "3.13000", "2016-12-31": "3.54000", "2015-12-31": "2.95000", "2014-12-31": "2.56000", "2013-12-31": "2.13000", "2012-12-31": "2.08000", "2011-12-31": "1.78000", "2010-12-31": "2.97000", "2009-12-31": "-7.21000", "2008-12-31": "2.70000", "2007-12-31": "3.07000", "2006-12-31": "3.72000", "2005-12-31": "2.26000"}}, "income statement, quarterly": {"Revenue": {"2020-12-31": "1990.90000", "2020-09-30": "1729.10000", "2020-06-30": "1528.50000", "2020-03-31": "1723.00000", "2019-12-31": "1772.90000", "2019-09-30": "1761.40000", "2019-06-30": "1795.70000", "2019-03-31": "1740.10000", "2018-12-31": "1768.70000", "2018-09-30": "1759.70000", "2018-06-30": "1854.20000", "2018-03-31": "1776.40000", "2017-12-31": "1735.30000", "2017-09-30": "1679.50000", "2017-06-30": "1626.90000", "2017-03-31": "1572.10000", "2016-12-31": "1550.80000", "2016-09-30": "1508.70000", "2016-06-30": "1541.50000", "2016-03-31": "1485.50000", "2015-12-31": "1454.80000", "2015-09-30": "1468.10000", "2015-06-30": "1516.00000", "2015-03-31": "1528.00000", "2014-12-31": "1604.80000", "2014-09-30": "1559.60000", "2014-06-30": "1615.80000", "2014-03-31": "1550.10000", "2013-12-31": "1583.90000", "2013-09-30": "1504.90000", "2013-06-30": "1552.30000", "2013-03-31": "1498.90000", "2012-12-31": "1483.10000", "2012-09-30": "1447.00000", "2012-06-30": "1490.40000", "2012-03-31": "1443.00000", "2011-12-31": "1273.20000", "2011-09-30": "1500.40000", "2011-06-30": "1544.80000", "2011-03-31": "1526.50000", "2010-12-31": "1462.60000", "2010-09-30": "1640.80000", "2010-06-30": "1680.10000", "2010-03-31": "1554.70000", "2009-12-31": "1521.80000", "2009-09-30": "1549.30000", "2009-06-30": "1455.40000", "2009-03-31": "1426.20000", "2008-12-31": "1511.50000", "2008-09-30": "1724.80000", "2008-06-30": "1828.90000", "2008-03-31": "1645.20000", "2007-12-31": "1714.00000", "2007-09-30": "1680.40000", "2007-06-30": "1523.50000", "2007-03-31": "1389.90000", "2006-12-31": "1411.40000", "2006-09-30": "1417.60000", "2006-06-30": "1409.70000", "2006-03-31": "1337.20000", "2005-12-31": "1364.00000", "2005-09-30": "1355.00000", "2005-06-30": "1411.70000", "2005-03-31": "1342.80000"}, "Cost Of Goods Sold": {"2020-12-31": "1419.80000", "2020-09-30": "1244.90000", "2020-06-30": "1145.60000", "2020-03-31": "1237.90000", "2019-12-31": "1288.20000", "2019-09-30": "1289.70000", "2019-06-30": "1313.40000", "2019-03-31": "1274.70000", "2018-12-31": "1297.20000", "2018-09-30": "1300.50000", "2018-06-30": "1352.80000", "2018-03-31": "1293.00000", "2017-12-31": "1269.70000", "2017-09-30": "1227.90000", "2017-06-30": "1174.30000", "2017-03-31": "1129.70000", "2016-12-31": "1125.40000", "2016-09-30": "1091.10000", "2016-06-30": "1107.40000", "2016-03-31": "1062.90000", "2015-12-31": "1062.50000", "2015-09-30": "1062.20000", "2015-06-30": "1098.40000", "2015-03-31": "1098.00000", "2014-12-31": "1189.70000", "2014-09-30": "1158.90000", "2014-06-30": "1187.60000", "2014-03-31": "1142.90000", "2013-12-31": "1167.60000", "2013-09-30": "1102.70000", "2013-06-30": "1134.80000", "2013-03-31": "1097.20000", "2012-12-31": "1101.10000", "2012-09-30": "1066.00000", "2012-06-30": "1102.30000", "2012-03-31": "1065.90000", "2011-12-31": "960.70020", "2011-09-30": "1133.50000", "2011-06-30": "1148.40000", "2011-03-31": "1127.00000", "2010-12-31": "1098.50000", "2010-09-30": "1187.80000", "2010-06-30": "1189.70000", "2010-03-31": "1113.90000", "2009-12-31": "1106.70000", "2009-09-30": "1113.30000", "2009-06-30": "1065.10000", "2009-03-31": "1081.10000", "2008-12-31": "1133.10000", "2008-09-30": "1290.50000", "2008-06-30": "1338.60000", "2008-03-31": "1221.20000", "2007-12-31": "1232.50000", "2007-09-30": "1214.20000", "2007-06-30": "1113.10000", "2007-03-31": "1025.60000", "2006-12-31": "1012.30000", "2006-09-30": "1026.90000", "2006-06-30": "1016.70000", "2006-03-31": "982.00000", "2005-12-31": "984.70020", "2005-09-30": "997.40000", "2005-06-30": "1023.60000", "2005-03-31": "990.90000"}, "Gross Profit": {"2020-12-31": "571.10000", "2020-09-30": "484.20000", "2020-06-30": "382.90000", "2020-03-31": "485.10000", "2019-12-31": "484.70030", "2019-09-30": "471.70010", "2019-06-30": "482.29990", "2019-03-31": "465.40000", "2018-12-31": "471.49990", "2018-09-30": "459.20000", "2018-06-30": "501.39990", "2018-03-31": "483.40000", "2017-12-31": "465.59970", "2017-09-30": "451.60000", "2017-06-30": "452.60000", "2017-03-31": "442.40000", "2016-12-31": "425.40000", "2016-09-30": "417.60000", "2016-06-30": "434.10000", "2016-03-31": "422.60000", "2015-12-31": "392.29980", "2015-09-30": "405.90000", "2015-06-30": "417.60000", "2015-03-31": "430.00000", "2014-12-31": "415.09960", "2014-09-30": "400.70000", "2014-06-30": "428.20010", "2014-03-31": "407.20000", "2013-12-31": "416.30020", "2013-09-30": "402.20010", "2013-06-30": "417.50000", "2013-03-31": "401.70010", "2012-12-31": "382.00040", "2012-09-30": "381.00000", "2012-06-30": "388.10000", "2012-03-31": "377.10000", "2011-12-31": "312.49980", "2011-09-30": "366.90000", "2011-06-30": "396.40000", "2011-03-31": "399.50000", "2010-12-31": "364.10000", "2010-09-30": "453.00000", "2010-06-30": "490.40000", "2010-03-31": "440.79990", "2009-12-31": "415.10010", "2009-09-30": "436.00000", "2009-06-30": "390.30000", "2009-03-31": "345.10000", "2008-12-31": "378.39990", "2008-09-30": "434.30000", "2008-06-30": "490.30000", "2008-03-31": "424.00000", "2007-12-31": "481.49980", "2007-09-30": "466.20010", "2007-06-30": "410.40000", "2007-03-31": "364.30000", "2006-12-31": "399.09990", "2006-09-30": "390.70000", "2006-06-30": "392.99990", "2006-03-31": "355.20000", "2005-12-31": "379.29980", "2005-09-30": "357.60000", "2005-06-30": "388.10000", "2005-03-31": "351.90000"}, "Research And Development Expenses": {"2020-12-31": "", "2020-09-30": "", "2020-06-30": "", "2020-03-31": "", "2019-12-31": "", "2019-09-30": "", "2019-06-30": "", "2019-03-31": "", "2018-12-31": "", "2018-09-30": "", "2018-06-30": "", "2018-03-31": "", "2017-12-31": "", "2017-09-30": "", "2017-06-30": "", "2017-03-31": "", "2016-12-31": "", "2016-09-30": "", "2016-06-30": "", "2016-03-31": "", "2015-12-31": "", "2015-09-30": "", "2015-06-30": "", "2015-03-31": "", "2014-12-31": "", "2014-09-30": "", "2014-06-30": "", "2014-03-31": "", "2013-12-31": "", "2013-09-30": "", "2013-06-30": "", "2013-03-31": "", "2012-12-31": "", "2012-09-30": "", "2012-06-30": "", "2012-03-31": "", "2011-12-31": "", "2011-09-30": "", "2011-06-30": "", "2011-03-31": "", "2010-12-31": "", "2010-09-30": "", "2010-06-30": "", "2010-03-31": "", "2009-12-31": "", "2009-09-30": "", "2009-06-30": "", "2009-03-31": "", "2008-12-31": "", "2008-09-30": "", "2008-06-30": "", "2008-03-31": "", "2007-12-31": "", "2007-09-30": "", "2007-06-30": "", "2007-03-31": "", "2006-12-31": "", "2006-09-30": "", "2006-06-30": "", "2006-03-31": "", "2005-12-31": "", "2005-09-30": "", "2005-06-30": "", "2005-03-31": ""}, "SG&A Expenses": {"2020-12-31": "301.80000", "2020-09-30": "258.30000", "2020-06-30": "219.40000", "2020-03-31": "281.00000", "2019-12-31": "273.10000", "2019-09-30": "265.30000", "2019-06-30": "265.70000", "2019-03-31": "276.30000", "2018-12-31": "274.50000", "2018-09-30": "270.50000", "2018-06-30": "287.50000", "2018-03-31": "295.00000", "2017-12-31": "281.10000", "2017-09-30": "273.50000", "2017-06-30": "270.80000", "2017-03-31": "279.80000", "2016-12-31": "267.99990", "2016-09-30": "270.30000", "2016-06-30": "269.20000", "2016-03-31": "278.20000", "2015-12-31": "266.30000", "2015-09-30": "268.10000", "2015-06-30": "273.30000", "2015-03-31": "300.40000", "2014-12-31": "286.80000", "2014-09-30": "278.40000", "2014-06-30": "297.00000", "2014-03-31": "296.70000", "2013-12-31": "294.09990", "2013-09-30": "285.70000", "2013-06-30": "293.50000", "2013-03-31": "300.90000", "2012-12-31": "288.70000", "2012-09-30": "286.60000", "2012-06-30": "284.70000", "2012-03-31": "288.90000", "2011-12-31": "256.20000", "2011-09-30": "285.00000", "2011-06-30": "283.30000", "2011-03-31": "314.90000", "2010-12-31": "290.80000", "2010-09-30": "346.40000", "2010-06-30": "338.90000", "2010-03-31": "340.10000", "2009-12-31": "341.40000", "2009-09-30": "323.10000", "2009-06-30": "300.10000", "2009-03-31": "304.20000", "2008-12-31": "309.80000", "2008-09-30": "325.50000", "2008-06-30": "341.00000", "2008-03-31": "328.00000", "2007-12-31": "333.00000", "2007-09-30": "330.40000", "2007-06-30": "270.80000", "2007-03-31": "248.30000", "2006-12-31": "262.40000", "2006-09-30": "252.60000", "2006-06-30": "251.30000", "2006-03-31": "244.80000", "2005-12-31": "250.20000", "2005-09-30": "228.80000", "2005-06-30": "254.50000", "2005-03-31": "254.40000"}, "Other Operating Income Or Expenses": {"2020-12-31": "3.70000", "2020-09-30": "-12.40000", "2020-06-30": "-40.00000", "2020-03-31": "-4.90000", "2019-12-31": "-31.50000", "2019-09-30": "-6.70000", "2019-06-30": "-7.50000", "2019-03-31": "-7.50000", "2018-12-31": "-3.00000", "2018-09-30": "3.00000", "2018-06-30": "-57.10000", "2018-03-31": "-12.80000", "2017-12-31": "-9.00000", "2017-09-30": "-10.80000", "2017-06-30": "-10.20000", "2017-03-31": "-6.50000", "2016-12-31": "36.60000", "2016-09-30": "-4.60000", "2016-06-30": "-50.20000", "2016-03-31": "-5.60000", "2015-12-31": "-19.30000", "2015-09-30": "-7.00000", "2015-06-30": "-27.70000", "2015-03-31": "-14.30000", "2014-12-31": "-14.60000", "2014-09-30": "-7.80000", "2014-06-30": "-38.50000", "2014-03-31": "-7.30000", "2013-12-31": "-3.70000", "2013-09-30": "-25.70000", "2013-06-30": "0.30000", "2013-03-31": "-7.50000", "2012-12-31": "-28.10000", "2012-09-30": "-21.90000", "2012-06-30": "-11.20000", "2012-03-31": "-7.60000", "2011-12-31": "-20.90000", "2011-09-30": "-18.10000", "2011-06-30": "-8.30000", "2011-03-31": "-4.30000", "2010-12-31": "-6.20000", "2010-09-30": "-10.50000", "2010-06-30": "-4.60000", "2010-03-31": "-6.30000", "2009-12-31": "-28.90000", "2009-09-30": "-35.50000", "2009-06-30": "-29.60000", "2009-03-31": "-97.30000", "2008-12-31": "-12.30000", "2008-09-30": "-12.50000", "2008-06-30": "-5.80000", "2008-03-31": "-5.60000", "2007-12-31": "-16.20000", "2007-09-30": "-33.60000", "2007-06-30": "-7.50000", "2007-03-31": "-2.10000", "2006-12-31": "-5.10000", "2006-09-30": "-19.50000", "2006-06-30": "-4.00000", "2006-03-31": "-7.60000", "2005-12-31": "-56.90000", "2005-09-30": "-1.30000", "2005-06-30": "-2.10000", "2005-03-31": "-3.30000"}, "Operating Expenses": {"2020-12-31": "1717.90000", "2020-09-30": "1515.60000", "2020-06-30": "1405.00000", "2020-03-31": "1523.80000", "2019-12-31": "1592.80000", "2019-09-30": "1561.70000", "2019-06-30": "1586.60000", "2019-03-31": "1558.50000", "2018-12-31": "1574.70000", "2018-09-30": "1568.00000", "2018-06-30": "1697.40000", "2018-03-31": "1600.80000", "2017-12-31": "1559.80000", "2017-09-30": "1512.20000", "2017-06-30": "1455.30000", "2017-03-31": "1416.00000", "2016-12-31": "1356.80000", "2016-09-30": "1366.00000", "2016-06-30": "1426.80000", "2016-03-31": "1346.70000", "2015-12-31": "1348.10000", "2015-09-30": "1337.30000", "2015-06-30": "1399.40000", "2015-03-31": "1412.70000", "2014-12-31": "1491.10000", "2014-09-30": "1445.10000", "2014-06-30": "1523.10000", "2014-03-31": "1446.90000", "2013-12-31": "1465.40000", "2013-09-30": "1414.10000", "2013-06-30": "1428.00000", "2013-03-31": "1405.60000", "2012-12-31": "1417.90000", "2012-09-30": "1374.50000", "2012-06-30": "1398.20000", "2012-03-31": "1362.40000", "2011-12-31": "1308.90000", "2011-09-30": "1436.60000", "2011-06-30": "1440.00000", "2011-03-31": "1446.20000", "2010-12-31": "1395.50000", "2010-09-30": "1544.70000", "2010-06-30": "1533.20000", "2010-03-31": "1460.30000", "2009-12-31": "1477.00000", "2009-09-30": "1471.90000", "2009-06-30": "1394.80000", "2009-03-31": "1482.60000", "2008-12-31": "1455.20100", "2008-09-30": "1628.50000", "2008-06-30": "1685.40000", "2008-03-31": "1554.80000", "2007-12-31": "1581.70000", "2007-09-30": "1578.20000", "2007-06-30": "1391.40000", "2007-03-31": "1276.00000", "2006-12-31": "1279.80000", "2006-09-30": "1299.00000", "2006-06-30": "1272.00000", "2006-03-31": "1234.40000", "2005-12-31": "1291.80000", "2005-09-30": "1227.50000", "2005-06-30": "1280.20000", "2005-03-31": "1248.60000"}, "Operating Income": {"2020-12-31": "272.99990", "2020-09-30": "213.50000", "2020-06-30": "123.50000", "2020-03-31": "199.20000", "2019-12-31": "180.10000", "2019-09-30": "199.70010", "2019-06-30": "209.09990", "2019-03-31": "181.60000", "2018-12-31": "193.99990", "2018-09-30": "191.70000", "2018-06-30": "156.79990", "2018-03-31": "175.60000", "2017-12-31": "175.50040", "2017-09-30": "167.29990", "2017-06-30": "171.60000", "2017-03-31": "156.10000", "2016-12-31": "194.00010", "2016-09-30": "142.70010", "2016-06-30": "114.70000", "2016-03-31": "138.79990", "2015-12-31": "106.69960", "2015-09-30": "130.80000", "2015-06-30": "116.60010", "2015-03-31": "115.29990", "2014-12-31": "113.69980", "2014-09-30": "114.49990", "2014-06-30": "92.70010", "2014-03-31": "103.19980", "2013-12-31": "118.50000", "2013-09-30": "90.80020", "2013-06-30": "124.30000", "2013-03-31": "93.30010", "2012-12-31": "65.20060", "2012-09-30": "72.50000", "2012-06-30": "92.20010", "2012-03-31": "80.60000", "2011-12-31": "-35.70010", "2011-09-30": "63.80010", "2011-06-30": "104.80000", "2011-03-31": "80.29990", "2010-12-31": "67.10000", "2010-09-30": "96.10000", "2010-06-30": "146.90000", "2010-03-31": "94.39990", "2009-12-31": "44.80010", "2009-09-30": "77.40000", "2009-06-30": "60.60010", "2009-03-31": "-56.40020", "2008-12-31": "56.29920", "2008-09-30": "96.30010", "2008-06-30": "143.50000", "2008-03-31": "90.40000", "2007-12-31": "132.30020", "2007-09-30": "102.20010", "2007-06-30": "132.10010", "2007-03-31": "113.90000", "2006-12-31": "131.59970", "2006-09-30": "118.60000", "2006-06-30": "137.70000", "2006-03-31": "102.79990", "2005-12-31": "72.20000", "2005-09-30": "127.49990", "2005-06-30": "131.50000", "2005-03-31": "94.20000"}, "Total Non-Operating Income/Expense": {"2020-12-31": "-17.70000", "2020-09-30": "-15.70000", "2020-06-30": "-20.20000", "2020-03-31": "-18.30000", "2019-12-31": "-14.80000", "2019-09-30": "-19.80000", "2019-06-30": "-20.40000", "2019-03-31": "-466.00000", "2018-12-31": "-106.20000", "2018-09-30": "-23.70000", "2018-06-30": "-16.90000", "2018-03-31": "-16.50000", "2017-12-31": "-18.20000", "2017-09-30": "-20.50000", "2017-06-30": "-22.10000", "2017-03-31": "-20.20000", "2016-12-31": "-67.70000", "2016-09-30": "-14.70000", "2016-06-30": "-15.40000", "2016-03-31": "-15.30000", "2015-12-31": "-15.20000", "2015-09-30": "-14.70000", "2015-06-30": "-15.30000", "2015-03-31": "-15.30000", "2014-12-31": "-16.90000", "2014-09-30": "-15.40000", "2014-06-30": "-15.60000", "2014-03-31": "-15.40000", "2013-12-31": "-17.90000", "2013-09-30": "-16.00000", "2013-06-30": "-14.80000", "2013-03-31": "-12.20000", "2012-12-31": "-18.00000", "2012-09-30": "-18.00000", "2012-06-30": "-18.60000", "2012-03-31": "-18.30000", "2011-12-31": "", "2011-09-30": "-17.70000", "2011-06-30": "-17.70000", "2011-03-31": "-17.70000", "2010-12-31": "-18.80000", "2010-09-30": "-19.10000", "2010-06-30": "-21.10000", "2010-03-31": "-17.50000", "2009-12-31": "-18.30000", "2009-09-30": "-19.10000", "2009-06-30": "-20.40000", "2009-03-31": "-859.50000", "2008-12-31": "-28.10000", "2008-09-30": "-29.00000", "2008-06-30": "-29.30000", "2008-03-31": "-29.50000", "2007-12-31": "-34.30000", "2007-09-30": "-35.70000", "2007-06-30": "-20.10000", "2007-03-31": "-15.10000", "2006-12-31": "-13.30000", "2006-09-30": "-14.10000", "2006-06-30": "-13.60000", "2006-03-31": "-14.50000", "2005-12-31": "-13.00000", "2005-09-30": "-14.70000", "2005-06-30": "-15.70000", "2005-03-31": "-14.50000"}, "Pre-Tax Income": {"2020-12-31": "255.30000", "2020-09-30": "197.80000", "2020-06-30": "103.30000", "2020-03-31": "180.90000", "2019-12-31": "165.30000", "2019-09-30": "179.90000", "2019-06-30": "188.70000", "2019-03-31": "-284.40000", "2018-12-31": "87.80000", "2018-09-30": "168.00000", "2018-06-30": "139.90000", "2018-03-31": "159.10000", "2017-12-31": "157.30000", "2017-09-30": "146.80000", "2017-06-30": "149.50000", "2017-03-31": "135.90000", "2016-12-31": "126.30000", "2016-09-30": "128.00000", "2016-06-30": "99.30000", "2016-03-31": "123.50000", "2015-12-31": "91.50000", "2015-09-30": "116.10000", "2015-06-30": "101.30000", "2015-03-31": "100.00000", "2014-12-31": "96.80000", "2014-09-30": "99.10000", "2014-06-30": "77.10000", "2014-03-31": "87.80000", "2013-12-31": "100.60000", "2013-09-30": "74.80000", "2013-06-30": "109.50000", "2013-03-31": "81.10000", "2012-12-31": "47.20000", "2012-09-30": "54.50000", "2012-06-30": "73.60000", "2012-03-31": "62.30000", "2011-12-31": "17.40000", "2011-09-30": "46.10000", "2011-06-30": "87.10000", "2011-03-31": "62.60000", "2010-12-31": "48.30000", "2010-09-30": "77.00000", "2010-06-30": "125.80000", "2010-03-31": "76.90000", "2009-12-31": "26.50000", "2009-09-30": "58.30000", "2009-06-30": "40.20000", "2009-03-31": "-915.90000", "2008-12-31": "28.20000", "2008-09-30": "67.30000", "2008-06-30": "114.20000", "2008-03-31": "60.90000", "2007-12-31": "98.00000", "2007-09-30": "66.50000", "2007-06-30": "112.00000", "2007-03-31": "98.80000", "2006-12-31": "118.30000", "2006-09-30": "104.50000", "2006-06-30": "124.10000", "2006-03-31": "88.30000", "2005-12-31": "59.20000", "2005-09-30": "112.80000", "2005-06-30": "115.80000", "2005-03-31": "79.70000"}, "Income Taxes": {"2020-12-31": "62.90000", "2020-09-30": "46.30000", "2020-06-30": "22.20000", "2020-03-31": "46.30000", "2019-12-31": "2.20000", "2019-09-30": "34.60000", "2019-06-30": "44.90000", "2019-03-31": "-138.40000", "2018-12-31": "-9.50000", "2018-09-30": "17.70000", "2018-06-30": "43.90000", "2018-03-31": "33.30000", "2017-12-31": "216.90000", "2017-09-30": "38.50000", "2017-06-30": "28.60000", "2017-03-31": "23.70000", "2016-12-31": "64.30000", "2016-09-30": "38.90000", "2016-06-30": "19.30000", "2016-03-31": "33.90000", "2015-12-31": "35.00000", "2015-09-30": "34.80000", "2015-06-30": "36.60000", "2015-03-31": "28.10000", "2014-12-31": "26.40000", "2014-09-30": "38.20000", "2014-06-30": "32.70000", "2014-03-31": "16.20000", "2013-12-31": "58.50000", "2013-09-30": "12.80000", "2013-06-30": "38.70000", "2013-03-31": "14.30000", "2012-12-31": "19.20000", "2012-09-30": "18.60000", "2012-06-30": "24.50000", "2012-03-31": "17.70000", "2011-12-31": "1.10000", "2011-09-30": "10.70000", "2011-06-30": "34.00000", "2011-03-31": "25.70000", "2010-12-31": "-51.60000", "2010-09-30": "12.80000", "2010-06-30": "42.00000", "2010-03-31": "22.20000", "2009-12-31": "-23.40000", "2009-09-30": "-4.20000", "2009-06-30": "0.40000", "2009-03-31": "-17.00000", "2008-12-31": "-14.40000", "2008-09-30": "4.60000", "2008-06-30": "21.80000", "2008-03-31": "-7.50000", "2007-12-31": "18.60000", "2007-09-30": "7.70000", "2007-06-30": "25.80000", "2007-03-31": "19.70000", "2006-12-31": "10.40000", "2006-09-30": "19.20000", "2006-06-30": "27.70000", "2006-03-31": "19.40000", "2005-12-31": "1.70000", "2005-09-30": "26.80000", "2005-06-30": "26.20000", "2005-03-31": "20.60000"}, "Income After Taxes": {"2020-12-31": "192.40000", "2020-09-30": "151.50000", "2020-06-30": "81.10000", "2020-03-31": "134.60000", "2019-12-31": "163.10000", "2019-09-30": "145.30000", "2019-06-30": "143.80000", "2019-03-31": "-146.00000", "2018-12-31": "97.30000", "2018-09-30": "150.30000", "2018-06-30": "96.00000", "2018-03-31": "125.80000", "2017-12-31": "-59.60000", "2017-09-30": "108.30000", "2017-06-30": "120.90000", "2017-03-31": "112.20000", "2016-12-31": "62.00000", "2016-09-30": "89.10000", "2016-06-30": "80.00000", "2016-03-31": "89.60000", "2015-12-31": "56.50000", "2015-09-30": "81.30000", "2015-06-30": "64.70000", "2015-03-31": "71.90000", "2014-12-31": "70.40000", "2014-09-30": "60.90000", "2014-06-30": "44.40000", "2014-03-31": "71.60000", "2013-12-31": "42.10000", "2013-09-30": "62.00000", "2013-06-30": "70.80000", "2013-03-31": "66.80000", "2012-12-31": "28.00000", "2012-09-30": "35.90000", "2012-06-30": "49.10000", "2012-03-31": "44.60000", "2011-12-31": "16.30000", "2011-09-30": "35.40000", "2011-06-30": "53.10000", "2011-03-31": "36.90000", "2010-12-31": "99.90000", "2010-09-30": "64.20000", "2010-06-30": "83.80000", "2010-03-31": "54.70000", "2009-12-31": "49.90000", "2009-09-30": "62.50000", "2009-06-30": "39.80000", "2009-03-31": "-898.90000", "2008-12-31": "42.60000", "2008-09-30": "62.70000", "2008-06-30": "92.40000", "2008-03-31": "68.40000", "2007-12-31": "79.40000", "2007-09-30": "58.80000", "2007-06-30": "86.20000", "2007-03-31": "79.10000", "2006-12-31": "107.90000", "2006-09-30": "85.30000", "2006-06-30": "96.40000", "2006-03-31": "68.90000", "2005-12-31": "57.50000", "2005-09-30": "86.00000", "2005-06-30": "89.60000", "2005-03-31": "59.10000"}, "Other Income": {"2020-12-31": "", "2020-09-30": "", "2020-06-30": "", "2020-03-31": "", "2019-12-31": "", "2019-09-30": "", "2019-06-30": "", "2019-03-31": "", "2018-12-31": "", "2018-09-30": "", "2018-06-30": "", "2018-03-31": "", "2017-12-31": "", "2017-09-30": "", "2017-06-30": "", "2017-03-31": "", "2016-12-31": "", "2016-09-30": "", "2016-06-30": "", "2016-03-31": "", "2015-12-31": "", "2015-09-30": "", "2015-06-30": "", "2015-03-31": "", "2014-12-31": "", "2014-09-30": "", "2014-06-30": "", "2014-03-31": "", "2013-12-31": "", "2013-09-30": "", "2013-06-30": "", "2013-03-31": "", "2012-12-31": "", "2012-09-30": "", "2012-06-30": "", "2012-03-31": "", "2011-12-31": "", "2011-09-30": "", "2011-06-30": "", "2011-03-31": "", "2010-12-31": "", "2010-09-30": "", "2010-06-30": "", "2010-03-31": "", "2009-12-31": "", "2009-09-30": "", "2009-06-30": "", "2009-03-31": "", "2008-12-31": "", "2008-09-30": "", "2008-06-30": "", "2008-03-31": "", "2007-12-31": "", "2007-09-30": "", "2007-06-30": "", "2007-03-31": "", "2006-12-31": "", "2006-09-30": "", "2006-06-30": "", "2006-03-31": "", "2005-12-31": "", "2005-09-30": "", "2005-06-30": "", "2005-03-31": ""}, "Income From Continuous Operations": {"2020-12-31": "191.50000", "2020-09-30": "150.50000", "2020-06-30": "79.70000", "2020-03-31": "134.20000", "2019-12-31": "162.50000", "2019-09-30": "144.60000", "2019-06-30": "143.40000", "2019-03-31": "-146.90000", "2018-12-31": "97.10000", "2018-09-30": "149.50000", "2018-06-30": "95.60000", "2018-03-31": "125.20000", "2017-12-31": "-59.60000", "2017-09-30": "108.30000", "2017-06-30": "120.90000", "2017-03-31": "112.20000", "2016-12-31": "62.00000", "2016-09-30": "89.10000", "2016-06-30": "80.00000", "2016-03-31": "89.60000", "2015-12-31": "56.50000", "2015-09-30": "81.30000", "2015-06-30": "64.70000", "2015-03-31": "71.90000", "2014-12-31": "70.40000", "2014-09-30": "60.90000", "2014-06-30": "44.40000", "2014-03-31": "71.60000", "2013-12-31": "42.10000", "2013-09-30": "62.00000", "2013-06-30": "70.80000", "2013-03-31": "66.80000", "2012-12-31": "28.00000", "2012-09-30": "35.90000", "2012-06-30": "49.10000", "2012-03-31": "44.60000", "2011-12-31": "16.30000", "2011-09-30": "35.40000", "2011-06-30": "53.10000", "2011-03-31": "36.90000", "2010-12-31": "99.90000", "2010-09-30": "64.20000", "2010-06-30": "83.80000", "2010-03-31": "54.70000", "2009-12-31": "49.90000", "2009-09-30": "62.50000", "2009-06-30": "39.80000", "2009-03-31": "-898.90000", "2008-12-31": "42.60000", "2008-09-30": "62.70000", "2008-06-30": "92.40000", "2008-03-31": "68.40000", "2007-12-31": "79.40000", "2007-09-30": "58.80000", "2007-06-30": "86.20000", "2007-03-31": "79.10000", "2006-12-31": "107.90000", "2006-09-30": "85.30000", "2006-06-30": "96.40000", "2006-03-31": "68.90000", "2005-12-31": "57.50000", "2005-09-30": "86.00000", "2005-06-30": "89.60000", "2005-03-31": "59.10000"}, "Income From Discontinued Operations": {"2020-12-31": "", "2020-09-30": "", "2020-06-30": "", "2020-03-31": "", "2019-12-31": "", "2019-09-30": "", "2019-06-30": "", "2019-03-31": "", "2018-12-31": "", "2018-09-30": "", "2018-06-30": "", "2018-03-31": "", "2017-12-31": "", "2017-09-30": "", "2017-06-30": "", "2017-03-31": "", "2016-12-31": "", "2016-09-30": "", "2016-06-30": "", "2016-03-31": "", "2015-12-31": "0.50000", "2015-09-30": "0.40000", "2015-06-30": "-1.00000", "2015-03-31": "", "2014-12-31": "0.80000", "2014-09-30": "-0.70000", "2014-06-30": "-1.90000", "2014-03-31": "-0.40000", "2013-12-31": "-2.00000", "2013-09-30": "-15.50000", "2013-06-30": "-2.00000", "2013-03-31": "-9.00000", "2012-12-31": "21.00000", "2012-09-30": "22.40000", "2012-06-30": "15.10000", "2012-03-31": "-0.70000", "2011-12-31": "5.90000", "2011-09-30": "14.40000", "2011-06-30": "20.20000", "2011-03-31": "7.90000", "2010-12-31": "14.30000", "2010-09-30": "", "2010-06-30": "", "2010-03-31": "", "2009-12-31": "", "2009-09-30": "", "2009-06-30": "", "2009-03-31": "", "2008-12-31": "", "2008-09-30": "", "2008-06-30": "", "2008-03-31": "", "2007-12-31": "", "2007-09-30": "", "2007-06-30": "", "2007-03-31": "", "2006-12-31": "-0.40000", "2006-09-30": "-0.30000", "2006-06-30": "15.60000", "2006-03-31": "-0.20000", "2005-12-31": "-64.00000", "2005-09-30": "0.20000", "2005-06-30": "-0.20000", "2005-03-31": "-1.40000"}, "Net Income": {"2020-12-31": "191.50000", "2020-09-30": "150.50000", "2020-06-30": "79.70000", "2020-03-31": "134.20000", "2019-12-31": "162.50000", "2019-09-30": "144.60000", "2019-06-30": "143.40000", "2019-03-31": "-146.90000", "2018-12-31": "97.10000", "2018-09-30": "149.50000", "2018-06-30": "95.60000", "2018-03-31": "125.20000", "2017-12-31": "-59.60000", "2017-09-30": "108.30000", "2017-06-30": "120.90000", "2017-03-31": "112.20000", "2016-12-31": "62.00000", "2016-09-30": "89.10000", "2016-06-30": "80.00000", "2016-03-31": "89.60000", "2015-12-31": "57.00000", "2015-09-30": "81.70000", "2015-06-30": "63.70000", "2015-03-31": "71.90000", "2014-12-31": "71.20000", "2014-09-30": "60.20000", "2014-06-30": "42.50000", "2014-03-31": "71.20000", "2013-12-31": "40.10000", "2013-09-30": "46.50000", "2013-06-30": "68.80000", "2013-03-31": "57.80000", "2012-12-31": "49.00000", "2012-09-30": "58.30000", "2012-06-30": "64.20000", "2012-03-31": "43.90000", "2011-12-31": "22.20000", "2011-09-30": "49.80000", "2011-06-30": "73.30000", "2011-03-31": "44.80000", "2010-12-31": "114.20000", "2010-09-30": "64.20000", "2010-06-30": "83.80000", "2010-03-31": "54.70000", "2009-12-31": "49.90000", "2009-09-30": "62.50000", "2009-06-30": "39.80000", "2009-03-31": "-898.90000", "2008-12-31": "42.60000", "2008-09-30": "62.70000", "2008-06-30": "92.40000", "2008-03-31": "68.40000", "2007-12-31": "79.40000", "2007-09-30": "58.80000", "2007-06-30": "86.20000", "2007-03-31": "79.10000", "2006-12-31": "107.50000", "2006-09-30": "85.00000", "2006-06-30": "112.00000", "2006-03-31": "68.70000", "2005-12-31": "-6.50000", "2005-09-30": "86.20000", "2005-06-30": "89.40000", "2005-03-31": "57.70000"}, "EBITDA": {"2020-12-31": "", "2020-09-30": "265.50000", "2020-06-30": "173.80000", "2020-03-31": "246.70000", "2019-12-31": "225.70000", "2019-09-30": "243.70010", "2019-06-30": "253.99980", "2019-03-31": "226.10000", "2018-12-31": "238.99990", "2018-09-30": "238.39990", "2018-06-30": "201.59990", "2018-03-31": "220.10000", "2017-12-31": "219.40040", "2017-09-30": "211.29990", "2017-06-30": "217.80000", "2017-03-31": "200.70000", "2016-12-31": "238.60010", "2016-09-30": "188.80010", "2016-06-30": "159.79990", "2016-03-31": "183.09990", "2015-12-31": "152.19960", "2015-09-30": "176.90010", "2015-06-30": "164.00010", "2015-03-31": "164.59990", "2014-12-31": "166.79980", "2014-09-30": "163.59990", "2014-06-30": "142.10010", "2014-03-31": "153.19980", "2013-12-31": "167.40000", "2013-09-30": "143.20020", "2013-06-30": "176.10010", "2013-03-31": "144.80000", "2012-12-31": "121.70060", "2012-09-30": "126.00000", "2012-06-30": "143.40010", "2012-03-31": "140.00000", "2011-12-31": "26.09990", "2011-09-30": "125.20010", "2011-06-30": "167.80000", "2011-03-31": "140.59990", "2010-12-31": "126.80000", "2010-09-30": "162.40000", "2010-06-30": "206.70000", "2010-03-31": "156.19990", "2009-12-31": "118.10010", "2009-09-30": "138.80000", "2009-06-30": "122.00010", "2009-03-31": "846.79990", "2008-12-31": "124.19920", "2008-09-30": "168.20000", "2008-06-30": "211.80000", "2008-03-31": "160.70000", "2007-12-31": "197.70020", "2007-09-30": "173.30010", "2007-06-30": "184.40010", "2007-03-31": "162.40000", "2006-12-31": "184.49970", "2006-09-30": "167.90000", "2006-06-30": "187.20000", "2006-03-31": "152.49990", "2005-12-31": "124.20000", "2005-09-30": "176.79990", "2005-06-30": "181.90000", "2005-03-31": "144.00000"}, "EBIT": {"2020-12-31": "272.99990", "2020-09-30": "213.50000", "2020-06-30": "123.50000", "2020-03-31": "199.20000", "2019-12-31": "180.10010", "2019-09-30": "199.70010", "2019-06-30": "209.09990", "2019-03-31": "181.60000", "2018-12-31": "194.00020", "2018-09-30": "191.70000", "2018-06-30": "156.79990", "2018-03-31": "175.60000", "2017-12-31": "175.50010", "2017-09-30": "167.29990", "2017-06-30": "171.60000", "2017-03-31": "156.10000", "2016-12-31": "194.00020", "2016-09-30": "142.70010", "2016-06-30": "114.70000", "2016-03-31": "138.79990", "2015-12-31": "106.69980", "2015-09-30": "130.80000", "2015-06-30": "116.60010", "2015-03-31": "115.29990", "2014-12-31": "113.69980", "2014-09-30": "114.49990", "2014-06-30": "92.70010", "2014-03-31": "103.19980", "2013-12-31": "118.49960", "2013-09-30": "90.80020", "2013-06-30": "124.30000", "2013-03-31": "93.30010", "2012-12-31": "65.20040", "2012-09-30": "72.50000", "2012-06-30": "92.20010", "2012-03-31": "80.60000", "2011-12-31": "35.39970", "2011-09-30": "63.80010", "2011-06-30": "104.80000", "2011-03-31": "80.29990", "2010-12-31": "67.10000", "2010-09-30": "96.10000", "2010-06-30": "146.90000", "2010-03-31": "94.39990", "2009-12-31": "44.80010", "2009-09-30": "77.40000", "2009-06-30": "60.60010", "2009-03-31": "-56.40020", "2008-12-31": "56.29940", "2008-09-30": "96.30010", "2008-06-30": "143.50000", "2008-03-31": "90.40000", "2007-12-31": "132.29980", "2007-09-30": "102.20010", "2007-06-30": "132.10010", "2007-03-31": "113.90000", "2006-12-31": "131.59990", "2006-09-30": "118.60000", "2006-06-30": "137.70000", "2006-03-31": "102.79990", "2005-12-31": "72.20010", "2005-09-30": "127.49990", "2005-06-30": "131.50000", "2005-03-31": "94.20000"}, "Basic Shares Outstanding": {"2020-12-31": "", "2020-09-30": "83.50000", "2020-06-30": "83.40000", "2020-03-31": "83.30000", "2019-12-31": "84.00000", "2019-09-30": "84.00000", "2019-06-30": "84.30000", "2019-03-31": "84.30000", "2018-12-31": "87.30000", "2018-09-30": "87.30000", "2018-06-30": "87.90000", "2018-03-31": "88.00000", "2017-12-31": "88.30000", "2017-09-30": "88.30000", "2017-06-30": "88.50000", "2017-03-31": "88.40000", "2016-12-31": "89.10000", "2016-09-30": "89.10000", "2016-06-30": "89.10000", "2016-03-31": "89.40000", "2015-12-31": "91.00000", "2015-09-30": "91.50000", "2015-06-30": "91.20000", "2015-03-31": "90.60000", "2014-12-31": "93.80000", "2014-09-30": "93.30000", "2014-06-30": "94.90000", "2014-03-31": "96.10000", "2013-12-31": "98.40000", "2013-09-30": "97.90000", "2013-06-30": "99.30000", "2013-03-31": "100.10000", "2012-12-31": "102.60000", "2012-09-30": "101.10000", "2012-06-30": "103.40000", "2012-03-31": "105.70000", "2011-12-31": "105.80000", "2011-09-30": "106.00000", "2011-06-30": "105.70000", "2011-03-31": "105.40000", "2010-12-31": "105.80000", "2010-09-30": "105.80000", "2010-06-30": "105.60000", "2010-03-31": "105.40000", "2009-12-31": "103.60000", "2009-09-30": "105.10000", "2009-06-30": "105.00000", "2009-03-31": "100.00000", "2008-12-31": "98.40000", "2008-09-30": "98.50000", "2008-06-30": "98.50000", "2008-03-31": "98.40000", "2007-12-31": "98.10000", "2007-09-30": "98.30000", "2007-06-30": "98.00000", "2007-03-31": "98.00000", "2006-12-31": "99.80000", "2006-09-30": "100.10000", "2006-06-30": "100.00000", "2006-03-31": "99.80000", "2005-12-31": "100.10000", "2005-09-30": "100.20000", "2005-06-30": "100.20000", "2005-03-31": "100.10000"}, "Shares Outstanding": {"2020-12-31": "84.10000", "2020-09-30": "84.00000", "2020-06-30": "83.80000", "2020-03-31": "84.10000", "2019-12-31": "85.00000", "2019-09-30": "84.80000", "2019-06-30": "85.10000", "2019-03-31": "84.30000", "2018-12-31": "88.60000", "2018-09-30": "88.50000", "2018-06-30": "89.00000", "2018-03-31": "89.60000", "2017-12-31": "90.10000", "2017-09-30": "89.90000", "2017-06-30": "89.90000", "2017-03-31": "90.00000", "2016-12-31": "90.70000", "2016-09-30": "90.60000", "2016-06-30": "90.70000", "2016-03-31": "91.10000", "2015-12-31": "92.90000", "2015-09-30": "93.20000", "2015-06-30": "93.00000", "2015-03-31": "92.40000", "2014-12-31": "95.70000", "2014-09-30": "95.20000", "2014-06-30": "96.70000", "2014-03-31": "98.00000", "2013-12-31": "100.10000", "2013-09-30": "99.60000", "2013-06-30": "100.80000", "2013-03-31": "101.50000", "2012-12-31": "103.50000", "2012-09-30": "102.20000", "2012-06-30": "104.30000", "2012-03-31": "106.20000", "2011-12-31": "106.80000", "2011-09-30": "106.60000", "2011-06-30": "106.90000", "2011-03-31": "107.00000", "2010-12-31": "107.80000", "2010-09-30": "107.10000", "2010-06-30": "106.80000", "2010-03-31": "106.40000", "2009-12-31": "106.30000", "2009-09-30": "106.00000", "2009-06-30": "105.70000", "2009-03-31": "100.00000", "2008-12-31": "98.70000", "2008-09-30": "98.90000", "2008-06-30": "98.90000", "2008-03-31": "98.60000", "2007-12-31": "98.90000", "2007-09-30": "98.90000", "2007-06-30": "98.70000", "2007-03-31": "98.80000", "2006-12-31": "100.40000", "2006-09-30": "100.50000", "2006-06-30": "100.40000", "2006-03-31": "100.10000", "2005-12-31": "100.50000", "2005-09-30": "100.60000", "2005-06-30": "100.60000", "2005-03-31": "100.70000"}, "Basic EPS": {"2020-12-31": "", "2020-09-30": "1.80000", "2020-06-30": "0.96000", "2020-03-31": "1.61000", "2019-12-31": "1.93000", "2019-09-30": "1.72000", "2019-06-30": "1.70000", "2019-03-31": "-1.74000", "2018-12-31": "1.13000", "2018-09-30": "1.71000", "2018-06-30": "1.09000", "2018-03-31": "1.42000", "2017-12-31": "-0.68000", "2017-09-30": "1.23000", "2017-06-30": "1.37000", "2017-03-31": "1.27000", "2016-12-31": "0.70000", "2016-09-30": "1.00000", "2016-06-30": "0.90000", "2016-03-31": "1.00000", "2015-12-31": "0.63000", "2015-09-30": "0.89000", "2015-06-30": "0.70000", "2015-03-31": "0.79000", "2014-12-31": "0.77000", "2014-09-30": "0.65000", "2014-06-30": "0.45000", "2014-03-31": "0.74000", "2013-12-31": "0.43000", "2013-09-30": "0.47000", "2013-06-30": "0.69000", "2013-03-31": "0.58000", "2012-12-31": "0.48000", "2012-09-30": "0.58000", "2012-06-30": "0.62000", "2012-03-31": "0.42000", "2011-12-31": "0.21000", "2011-09-30": "0.47000", "2011-06-30": "0.69000", "2011-03-31": "0.43000", "2010-12-31": "1.08000", "2010-09-30": "0.61000", "2010-06-30": "0.79000", "2010-03-31": "0.52000", "2009-12-31": "0.81000", "2009-09-30": "0.59000", "2009-06-30": "0.38000", "2009-03-31": "-8.99000", "2008-12-31": "0.42000", "2008-09-30": "0.64000", "2008-06-30": "0.94000", "2008-03-31": "0.70000", "2007-12-31": "0.80000", "2007-09-30": "0.60000", "2007-06-30": "0.88000", "2007-03-31": "0.81000", "2006-12-31": "1.08000", "2006-09-30": "0.85000", "2006-06-30": "1.12000", "2006-03-31": "0.69000", "2005-12-31": "-0.06000", "2005-09-30": "0.86000", "2005-06-30": "0.89000", "2005-03-31": "0.58000"}, "EPS - Earnings Per Share": {"2020-12-31": "2.28000", "2020-09-30": "1.79000", "2020-06-30": "0.95000", "2020-03-31": "1.60000", "2019-12-31": "1.91000", "2019-09-30": "1.71000", "2019-06-30": "1.69000", "2019-03-31": "-1.74000", "2018-12-31": "1.12000", "2018-09-30": "1.69000", "2018-06-30": "1.07000", "2018-03-31": "1.40000", "2017-12-31": "-0.66000", "2017-09-30": "1.20000", "2017-06-30": "1.34000", "2017-03-31": "1.25000", "2016-12-31": "0.70000", "2016-09-30": "0.98000", "2016-06-30": "0.88000", "2016-03-31": "0.98000", "2015-12-31": "0.61000", "2015-09-30": "0.88000", "2015-06-30": "0.68000", "2015-03-31": "0.78000", "2014-12-31": "0.76000", "2014-09-30": "0.63000", "2014-06-30": "0.44000", "2014-03-31": "0.73000", "2013-12-31": "0.41000", "2013-09-30": "0.47000", "2013-06-30": "0.68000", "2013-03-31": "0.57000", "2012-12-31": "0.48000", "2012-09-30": "0.57000", "2012-06-30": "0.62000", "2012-03-31": "0.41000", "2011-12-31": "0.20000", "2011-09-30": "0.47000", "2011-06-30": "0.69000", "2011-03-31": "0.42000", "2010-12-31": "1.06000", "2010-09-30": "0.60000", "2010-06-30": "0.78000", "2010-03-31": "0.51000", "2009-12-31": "0.47000", "2009-09-30": "0.59000", "2009-06-30": "0.38000", "2009-03-31": "-8.99000", "2008-12-31": "0.45000", "2008-09-30": "0.63000", "2008-06-30": "0.93000", "2008-03-31": "0.69000", "2007-12-31": "0.81000", "2007-09-30": "0.59000", "2007-06-30": "0.87000", "2007-03-31": "0.80000", "2006-12-31": "1.06000", "2006-09-30": "0.85000", "2006-06-30": "1.12000", "2006-03-31": "0.69000", "2005-12-31": "-0.06000", "2005-09-30": "0.86000", "2005-06-30": "0.89000", "2005-03-31": "0.57000"}}, "balance sheet": {"Cash On Hand": {"2020-12-31": "252.30000", "2019-12-31": "253.70000", "2018-12-31": "232.00000", "2017-12-31": "224.40000", "2016-12-31": "195.10000", "2015-12-31": "158.80000", "2014-12-31": "207.20000", "2013-12-31": "351.60000", "2012-12-31": "235.40000", "2011-12-31": "178.00000", "2010-12-31": "127.50000", "2009-12-31": "138.10000", "2008-12-31": "105.50000", "2007-12-31": "71.50000", "2006-12-31": "58.50000", "2005-12-31": "98.50000"}, "Receivables": {"2020-12-31": "1235.20000", "2019-12-31": "1212.20000", "2018-12-31": "1189.70000", "2017-12-31": "1180.30000", "2016-12-31": "1001.00000", "2015-12-31": "964.70000", "2014-12-31": "958.10000", "2013-12-31": "1016.50000", "2012-12-31": "972.80000", "2011-12-31": "877.10000", "2010-12-31": "996.10000", "2009-12-31": "918.60000", "2008-12-31": "988.90000", "2007-12-31": "1113.80000", "2006-12-31": "910.20000", "2005-12-31": "863.20000"}, "Inventory": {"2020-12-31": "717.20000", "2019-12-31": "663.00000", "2018-12-31": "651.40000", "2017-12-31": "609.60000", "2016-12-31": "519.10000", "2015-12-31": "478.70000", "2014-12-31": "491.80000", "2013-12-31": "494.10000", "2012-12-31": "473.30000", "2011-12-31": "475.10000", "2010-12-31": "519.90000", "2009-12-31": "477.30000", "2008-12-31": "583.60000", "2007-12-31": "631.00000", "2006-12-31": "496.90000", "2005-12-31": "439.70000"}, "Pre-Paid Expenses": {"2020-12-31": "", "2019-12-31": "", "2018-12-31": "", "2017-12-31": "", "2016-12-31": "", "2015-12-31": "", "2014-12-31": "", "2013-12-31": "", "2012-12-31": "", "2011-12-31": "", "2010-12-31": "", "2009-12-31": "", "2008-12-31": "", "2007-12-31": "", "2006-12-31": "", "2005-12-31": ""}, "Other Current Assets": {"2020-12-31": "211.50000", "2019-12-31": "211.70000", "2018-12-31": "224.90000", "2017-12-31": "194.70000", "2016-12-31": "159.30000", "2015-12-31": "142.30000", "2014-12-31": "156.70000", "2013-12-31": "126.20000", "2012-12-31": "601.10000", "2011-12-31": "571.20000", "2010-12-31": "163.70000", "2009-12-31": "95.70000", "2008-12-31": "136.80000", "2007-12-31": "113.90000", "2006-12-31": "119.70000", "2005-12-31": "78.80000"}, "Total Current Assets": {"2020-12-31": "2416.20000", "2019-12-31": "2340.60000", "2018-12-31": "2298.00000", "2017-12-31": "2237.90000", "2016-12-31": "1904.80000", "2015-12-31": "1775.40000", "2014-12-31": "1921.30000", "2013-12-31": "2091.80000", "2012-12-31": "2411.70000", "2011-12-31": "2218.80000", "2010-12-31": "1951.90000", "2009-12-31": "1733.20000", "2008-12-31": "1930.40000", "2007-12-31": "2058.30000", "2006-12-31": "1686.70000", "2005-12-31": "1558.30000"}, "Property, Plant, And Equipment": {"2020-12-31": "1343.70000", "2019-12-31": "1210.70000", "2018-12-31": "1137.40000", "2017-12-31": "1097.90000", "2016-12-31": "915.20000", "2015-12-31": "847.90000", "2014-12-31": "875.30000", "2013-12-31": "922.50000", "2012-12-31": "1015.50000", "2011-12-31": "1079.40000", "2010-12-31": "1262.90000", "2009-12-31": "1354.70000", "2008-12-31": "1493.00000", "2007-12-31": "1591.40000", "2006-12-31": "1309.40000", "2005-12-31": "1295.70000"}, "Long-Term Investments": {"2020-12-31": "", "2019-12-31": "", "2018-12-31": "", "2017-12-31": "", "2016-12-31": "", "2015-12-31": "", "2014-12-31": "", "2013-12-31": "", "2012-12-31": "", "2011-12-31": "", "2010-12-31": "", "2009-12-31": "", "2008-12-31": "", "2007-12-31": "", "2006-12-31": "", "2005-12-31": ""}, "Goodwill And Intangible Assets": {"2020-12-31": "1361.30000", "2019-12-31": "1057.30000", "2018-12-31": "1085.80000", "2017-12-31": "1151.40000", "2016-12-31": "860.30000", "2015-12-31": "732.00000", "2014-12-31": "789.00000", "2013-12-31": "847.10000", "2012-12-31": "889.40000", "2011-12-31": "920.50000", "2010-12-31": "1169.70000", "2009-12-31": "1213.00000", "2008-12-31": "2020.30000", "2007-12-31": "1997.50000", "2006-12-31": "811.40000", "2005-12-31": "771.80000"}, "Other Long-Term Assets": {"2020-12-31": "765.00000", "2019-12-31": "654.80000", "2018-12-31": "451.00000", "2017-12-31": "453.40000", "2016-12-31": "402.90000", "2015-12-31": "406.20000", "2014-12-31": "458.40000", "2013-12-31": "485.80000", "2012-12-31": "457.10000", "2011-12-31": "431.70000", "2010-12-31": "448.90000", "2009-12-31": "465.30000", "2008-12-31": "423.10000", "2007-12-31": "537.70000", "2006-12-31": "474.70000", "2005-12-31": "538.30000"}, "Total Long-Term Assets": {"2020-12-31": "3682.70000", "2019-12-31": "3148.20000", "2018-12-31": "2879.50000", "2017-12-31": "2899.00000", "2016-12-31": "2491.60000", "2015-12-31": "2358.30000", "2014-12-31": "2435.60000", "2013-12-31": "2518.80000", "2012-12-31": "2693.60000", "2011-12-31": "2753.90000", "2010-12-31": "3147.50000", "2009-12-31": "3269.60000", "2008-12-31": "4105.30000", "2007-12-31": "4186.50000", "2006-12-31": "2638.20000", "2005-12-31": "2645.60000"}, "Total Assets": {"2020-12-31": "6098.90000", "2019-12-31": "5488.80000", "2018-12-31": "5177.50000", "2017-12-31": "5136.90000", "2016-12-31": "4396.40000", "2015-12-31": "4133.70000", "2014-12-31": "4356.90000", "2013-12-31": "4610.60000", "2012-12-31": "5105.30000", "2011-12-31": "4972.70000", "2010-12-31": "5099.40000", "2009-12-31": "5002.80000", "2008-12-31": "6035.70000", "2007-12-31": "6244.80000", "2006-12-31": "4324.90000", "2005-12-31": "4203.90000"}, "Total Current Liabilities": {"2020-12-31": "1926.00000", "2019-12-31": "2253.80000", "2018-12-31": "1994.00000", "2017-12-31": "1971.80000", "2016-12-31": "2004.30000", "2015-12-31": "1459.10000", "2014-12-31": "1593.00000", "2013-12-31": "1554.10000", "2012-12-31": "2074.50000", "2011-12-31": "1647.10000", "2010-12-31": "1831.80000", "2009-12-31": "1867.70000", "2008-12-31": "2058.00000", "2007-12-31": "2477.60000", "2006-12-31": "1698.80000", "2005-12-31": "1525.60000"}, "Long Term Debt": {"2020-12-31": "2052.10000", "2019-12-31": "1499.30000", "2018-12-31": "1771.60000", "2017-12-31": "1316.30000", "2016-12-31": "713.40000", "2015-12-31": "963.60000", "2014-12-31": "940.10000", "2013-12-31": "950.60000", "2012-12-31": "702.20000", "2011-12-31": "954.20000", "2010-12-31": "956.20000", "2009-12-31": "1088.70000", "2008-12-31": "1544.80000", "2007-12-31": "1145.00000", "2006-12-31": "501.60000", "2005-12-31": "723.00000"}, "Other Non-Current Liabilities": {"2020-12-31": "620.90000", "2019-12-31": "", "2018-12-31": "", "2017-12-31": "", "2016-12-31": "", "2015-12-31": "", "2014-12-31": "", "2013-12-31": "", "2012-12-31": "", "2011-12-31": "", "2010-12-31": "", "2009-12-31": "", "2008-12-31": "", "2007-12-31": "", "2006-12-31": "", "2005-12-31": ""}, "Total Long Term Liabilities": {"2020-12-31": "2673.00000", "2019-12-31": "2031.00000", "2018-12-31": "2228.40000", "2017-12-31": "2118.90000", "2016-12-31": "1466.60000", "2015-12-31": "1708.90000", "2014-12-31": "1716.20000", "2013-12-31": "1564.30000", "2012-12-31": "1449.90000", "2011-12-31": "1667.10000", "2010-12-31": "1621.90000", "2009-12-31": "1772.50000", "2008-12-31": "2227.70000", "2007-12-31": "1777.80000", "2006-12-31": "929.90000", "2005-12-31": "1166.40000"}, "Total Liabilities": {"2020-12-31": "4599.00000", "2019-12-31": "4284.80000", "2018-12-31": "4222.40000", "2017-12-31": "4090.70000", "2016-12-31": "3470.90000", "2015-12-31": "3168.00000", "2014-12-31": "3309.20000", "2013-12-31": "3118.40000", "2012-12-31": "3524.40000", "2011-12-31": "3314.20000", "2010-12-31": "3453.70000", "2009-12-31": "3640.20000", "2008-12-31": "4285.70000", "2007-12-31": "4255.40000", "2006-12-31": "2628.70000", "2005-12-31": "2692.00000"}, "Common Stock Net": {"2020-12-31": "124.10000", "2019-12-31": "124.10000", "2018-12-31": "124.10000", "2017-12-31": "124.10000", "2016-12-31": "124.10000", "2015-12-31": "124.10000", "2014-12-31": "124.10000", "2013-12-31": "124.10000", "2012-12-31": "124.10000", "2011-12-31": "124.10000", "2010-12-31": "124.10000", "2009-12-31": "124.10000", "2008-12-31": "124.10000", "2007-12-31": "124.10000", "2006-12-31": "124.10000", "2005-12-31": "124.10000"}, "Retained Earnings (Accumulated Deficit)": {"2020-12-31": "3349.30000", "2019-12-31": "2979.10000", "2018-12-31": "2864.90000", "2017-12-31": "2596.70000", "2016-12-31": "2473.30000", "2015-12-31": "2277.60000", "2014-12-31": "2116.50000", "2013-12-31": "2009.10000", "2012-12-31": "1910.80000", "2011-12-31": "1810.50000", "2010-12-31": "1727.90000", "2009-12-31": "1499.70000", "2008-12-31": "2381.30000", "2007-12-31": "2290.20000", "2006-12-31": "2155.60000", "2005-12-31": "1945.30000"}, "Comprehensive Income": {"2020-12-31": "-334.60000", "2019-12-31": "-348.10000", "2018-12-31": "-682.00000", "2017-12-31": "-680.50000", "2016-12-31": "-751.90000", "2015-12-31": "-683.00000", "2014-12-31": "-545.50000", "2013-12-31": "-281.10000", "2012-12-31": "-278.00000", "2011-12-31": "-263.20000", "2010-12-31": "-142.90000", "2009-12-31": "-145.20000", "2008-12-31": "-282.50000", "2007-12-31": "84.80000", "2006-12-31": "-50.10000", "2005-12-31": "-89.10000"}, "Other Share Holders Equity": {"2020-12-31": "", "2019-12-31": "", "2018-12-31": "", "2017-12-31": "", "2016-12-31": "", "2015-12-31": "", "2014-12-31": "", "2013-12-31": "", "2012-12-31": "", "2011-12-31": "", "2010-12-31": "-73.20000", "2009-12-31": "-243.10000", "2008-12-31": "-248.10000", "2007-12-31": "-432.60000", "2006-12-31": "-608.20000", "2005-12-31": "-559.70000"}, "Share Holder Equity": {"2020-12-31": "1499.90000", "2019-12-31": "1204.00000", "2018-12-31": "955.10000", "2017-12-31": "1046.20000", "2016-12-31": "925.50000", "2015-12-31": "965.70000", "2014-12-31": "1047.70000", "2013-12-31": "1492.20000", "2012-12-31": "1580.90000", "2011-12-31": "1658.50000", "2010-12-31": "1645.70000", "2009-12-31": "1362.60000", "2008-12-31": "1750.00000", "2007-12-31": "1989.40000", "2006-12-31": "1696.20000", "2005-12-31": "1511.90000"}, "Total Liabilities And Share Holders Equity": {"2020-12-31": "6098.90000", "2019-12-31": "5488.80000", "2018-12-31": "5177.50000", "2017-12-31": "5136.90000", "2016-12-31": "4396.40000", "2015-12-31": "4133.70000", "2014-12-31": "4356.90000", "2013-12-31": "4610.60000", "2012-12-31": "5105.30000", "2011-12-31": "4972.70000", "2010-12-31": "5099.40000", "2009-12-31": "5002.80000", "2008-12-31": "6035.70000", "2007-12-31": "6244.80000", "2006-12-31": "4324.90000", "2005-12-31": "4203.90000"}}, "balance sheet, quarterly": {"Cash On Hand": {"2020-12-31": "252.30000", "2020-09-30": "284.70000", "2020-06-30": "262.60000", "2020-03-31": "742.00000", "2019-12-31": "253.70000", "2019-09-30": "224.20000", "2019-06-30": "247.30000", "2019-03-31": "225.70000", "2018-12-31": "232.00000", "2018-09-30": "217.60000", "2018-06-30": "215.80000", "2018-03-31": "187.50000", "2017-12-31": "224.40000", "2017-09-30": "232.30000", "2017-06-30": "209.40000", "2017-03-31": "294.90000", "2016-12-31": "195.10000", "2016-09-30": "189.40000", "2016-06-30": "216.10000", "2016-03-31": "169.60000", "2015-12-31": "158.80000", "2015-09-30": "171.70000", "2015-06-30": "246.00000", "2015-03-31": "212.50000", "2014-12-31": "207.20000", "2014-09-30": "195.60000", "2014-06-30": "221.90000", "2014-03-31": "205.10000", "2013-12-31": "351.60000", "2013-09-30": "309.60000", "2013-06-30": "211.60000", "2013-03-31": "207.70000", "2012-12-31": "235.40000", "2012-09-30": "190.70000", "2012-06-30": "161.40000", "2012-03-31": "190.70000", "2011-12-31": "178.00000", "2011-09-30": "119.70000", "2011-06-30": "125.40000", "2011-03-31": "120.40000", "2010-12-31": "127.50000", "2010-09-30": "157.80000", "2010-06-30": "148.90000", "2010-03-31": "143.60000", "2009-12-31": "138.10000", "2009-09-30": "91.90000", "2009-06-30": "91.90000", "2009-03-31": "83.00000", "2008-12-31": "105.50000", "2008-09-30": "81.30000", "2008-06-30": "87.10000", "2008-03-31": "73.20000", "2007-12-31": "71.50000", "2007-09-30": "77.30000", "2007-06-30": "76.60000", "2007-03-31": "57.90000", "2006-12-31": "58.50000", "2006-09-30": "50.80000", "2006-06-30": "49.10000", "2006-03-31": "39.10000", "2005-12-31": "98.50000", "2005-09-30": "75.50000", "2005-06-30": "31.00000", "2005-03-31": "53.00000"}, "Receivables": {"2020-12-31": "1235.20000", "2020-09-30": "1212.70000", "2020-06-30": "1114.60000", "2020-03-31": "1222.50000", "2019-12-31": "1212.20000", "2019-09-30": "1224.20000", "2019-06-30": "1232.00000", "2019-03-31": "1198.70000", "2018-12-31": "1189.70000", "2018-09-30": "1235.70000", "2018-06-30": "1236.20000", "2018-03-31": "1240.00000", "2017-12-31": "1180.30000", "2017-09-30": "1184.80000", "2017-06-30": "1138.10000", "2017-03-31": "1099.50000", "2016-12-31": "1001.00000", "2016-09-30": "1069.70000", "2016-06-30": "1028.30000", "2016-03-31": "1019.10000", "2015-12-31": "964.70000", "2015-09-30": "999.00000", "2015-06-30": "1011.40000", "2015-03-31": "988.00000", "2014-12-31": "958.10000", "2014-09-30": "1087.60000", "2014-06-30": "1114.60000", "2014-03-31": "1086.20000", "2013-12-31": "1016.50000", "2013-09-30": "1055.50000", "2013-06-30": "1009.50000", "2013-03-31": "988.70000", "2012-12-31": "972.80000", "2012-09-30": "1001.50000", "2012-06-30": "982.00000", "2012-03-31": "961.90000", "2011-12-31": "877.10000", "2011-09-30": "1074.50000", "2011-06-30": "1132.70000", "2011-03-31": "1072.30000", "2010-12-31": "996.10000", "2010-09-30": "1079.20000", "2010-06-30": "1055.80000", "2010-03-31": "963.10000", "2009-12-31": "918.60000", "2009-09-30": "1008.60000", "2009-06-30": "975.60000", "2009-03-31": "864.20000", "2008-12-31": "988.90000", "2008-09-30": "1120.70000", "2008-06-30": "1232.80000", "2008-03-31": "1116.90000", "2007-12-31": "1113.80000", "2007-09-30": "1112.40000", "2007-06-30": "1151.10000", "2007-03-31": "912.00000", "2006-12-31": "910.20000", "2006-09-30": "887.10000", "2006-06-30": "898.20000", "2006-03-31": "836.70000", "2005-12-31": "863.20000", "2005-09-30": "878.80000", "2005-06-30": "899.60000", "2005-03-31": "833.40000"}, "Inventory": {"2020-12-31": "717.20000", "2020-09-30": "662.60000", "2020-06-30": "726.60000", "2020-03-31": "723.30000", "2019-12-31": "663.00000", "2019-09-30": "665.00000", "2019-06-30": "671.00000", "2019-03-31": "688.30000", "2018-12-31": "651.40000", "2018-09-30": "682.50000", "2018-06-30": "660.80000", "2018-03-31": "678.20000", "2017-12-31": "609.60000", "2017-09-30": "620.00000", "2017-06-30": "618.50000", "2017-03-31": "579.90000", "2016-12-31": "519.10000", "2016-09-30": "565.30000", "2016-06-30": "524.10000", "2016-03-31": "519.50000", "2015-12-31": "478.70000", "2015-09-30": "512.40000", "2015-06-30": "512.10000", "2015-03-31": "508.90000", "2014-12-31": "491.80000", "2014-09-30": "547.20000", "2014-06-30": "560.40000", "2014-03-31": "547.60000", "2013-12-31": "494.10000", "2013-09-30": "531.30000", "2013-06-30": "508.00000", "2013-03-31": "516.30000", "2012-12-31": "473.30000", "2012-09-30": "532.70000", "2012-06-30": "521.60000", "2012-03-31": "518.80000", "2011-12-31": "475.10000", "2011-09-30": "571.20000", "2011-06-30": "641.40000", "2011-03-31": "630.60000", "2010-12-31": "519.90000", "2010-09-30": "576.20000", "2010-06-30": "564.10000", "2010-03-31": "519.00000", "2009-12-31": "477.30000", "2009-09-30": "511.80000", "2009-06-30": "518.40000", "2009-03-31": "533.40000", "2008-12-31": "583.60000", "2008-09-30": "648.70000", "2008-06-30": "679.10000", "2008-03-31": "658.30000", "2007-12-31": "631.00000", "2007-09-30": "630.90000", "2007-06-30": "640.60000", "2007-03-31": "494.60000", "2006-12-31": "496.90000", "2006-09-30": "489.90000", "2006-06-30": "479.70000", "2006-03-31": "460.50000", "2005-12-31": "439.70000", "2005-09-30": "439.90000", "2005-06-30": "473.40000", "2005-03-31": "474.50000"}, "Pre-Paid Expenses": {"2020-12-31": "", "2020-09-30": "", "2020-06-30": "", "2020-03-31": "", "2019-12-31": "", "2019-09-30": "", "2019-06-30": "", "2019-03-31": "", "2018-12-31": "", "2018-09-30": "", "2018-06-30": "", "2018-03-31": "", "2017-12-31": "", "2017-09-30": "", "2017-06-30": "", "2017-03-31": "", "2016-12-31": "", "2016-09-30": "", "2016-06-30": "", "2016-03-31": "", "2015-12-31": "", "2015-09-30": "", "2015-06-30": "", "2015-03-31": "", "2014-12-31": "", "2014-09-30": "", "2014-06-30": "", "2014-03-31": "", "2013-12-31": "", "2013-09-30": "", "2013-06-30": "", "2013-03-31": "", "2012-12-31": "", "2012-09-30": "", "2012-06-30": "", "2012-03-31": "", "2011-12-31": "", "2011-09-30": "", "2011-06-30": "", "2011-03-31": "", "2010-12-31": "", "2010-09-30": "", "2010-06-30": "", "2010-03-31": "", "2009-12-31": "", "2009-09-30": "", "2009-06-30": "", "2009-03-31": "", "2008-12-31": "", "2008-09-30": "", "2008-06-30": "", "2008-03-31": "", "2007-12-31": "", "2007-09-30": "", "2007-06-30": "", "2007-03-31": "", "2006-12-31": "", "2006-09-30": "", "2006-06-30": "", "2006-03-31": "", "2005-12-31": "", "2005-09-30": "103.80000", "2005-06-30": "100.20000", "2005-03-31": "109.60000"}, "Other Current Assets": {"2020-12-31": "211.50000", "2020-09-30": "214.50000", "2020-06-30": "220.80000", "2020-03-31": "225.80000", "2019-12-31": "211.70000", "2019-09-30": "220.00000", "2019-06-30": "226.90000", "2019-03-31": "211.00000", "2018-12-31": "224.90000", "2018-09-30": "223.00000", "2018-06-30": "215.30000", "2018-03-31": "226.60000", "2017-12-31": "194.70000", "2017-09-30": "246.20000", "2017-06-30": "243.80000", "2017-03-31": "210.30000", "2016-12-31": "159.30000", "2016-09-30": "189.20000", "2016-06-30": "174.00000", "2016-03-31": "179.20000", "2015-12-31": "142.30000", "2015-09-30": "129.30000", "2015-06-30": "125.70000", "2015-03-31": "151.80000", "2014-12-31": "156.70000", "2014-09-30": "133.80000", "2014-06-30": "129.20000", "2014-03-31": "132.80000", "2013-12-31": "126.20000", "2013-09-30": "141.40000", "2013-06-30": "732.00000", "2013-03-31": "673.70000", "2012-12-31": "601.10000", "2012-09-30": "591.20000", "2012-06-30": "622.70000", "2012-03-31": "547.10000", "2011-12-31": "571.20000", "2011-09-30": "124.50000", "2011-06-30": "162.00000", "2011-03-31": "184.90000", "2010-12-31": "163.70000", "2010-09-30": "155.60000", "2010-06-30": "113.70000", "2010-03-31": "103.00000", "2009-12-31": "95.70000", "2009-09-30": "104.00000", "2009-06-30": "104.70000", "2009-03-31": "110.10000", "2008-12-31": "136.80000", "2008-09-30": "132.40000", "2008-06-30": "139.70000", "2008-03-31": "132.50000", "2007-12-31": "113.90000", "2007-09-30": "", "2007-06-30": "", "2007-03-31": "", "2006-12-31": "119.70000", "2006-09-30": "", "2006-06-30": "", "2006-03-31": "", "2005-12-31": "78.80000", "2005-09-30": "", "2005-06-30": "", "2005-03-31": ""}, "Total Current Assets": {"2020-12-31": "2416.20000", "2020-09-30": "2374.50000", "2020-06-30": "2324.60000", "2020-03-31": "2913.60000", "2019-12-31": "2340.60000", "2019-09-30": "2333.40000", "2019-06-30": "2377.20000", "2019-03-31": "2323.70000", "2018-12-31": "2298.00000", "2018-09-30": "2358.80000", "2018-06-30": "2328.10000", "2018-03-31": "2332.30000", "2017-12-31": "2237.90000", "2017-09-30": "2283.30000", "2017-06-30": "2209.80000", "2017-03-31": "2184.60000", "2016-12-31": "1904.80000", "2016-09-30": "2013.60000", "2016-06-30": "1942.50000", "2016-03-31": "1887.40000", "2015-12-31": "1775.40000", "2015-09-30": "1916.00000", "2015-06-30": "1998.10000", "2015-03-31": "1964.10000", "2014-12-31": "1921.30000", "2014-09-30": "2069.80000", "2014-06-30": "2129.90000", "2014-03-31": "2073.00000", "2013-12-31": "2091.80000", "2013-09-30": "2164.90000", "2013-06-30": "2589.00000", "2013-03-31": "2513.80000", "2012-12-31": "2411.70000", "2012-09-30": "2449.00000", "2012-06-30": "2401.80000", "2012-03-31": "2335.70000", "2011-12-31": "2218.80000", "2011-09-30": "2036.90000", "2011-06-30": "2216.70000", "2011-03-31": "2160.20000", "2010-12-31": "1951.90000", "2010-09-30": "2129.90000", "2010-06-30": "1978.40000", "2010-03-31": "1826.70000", "2009-12-31": "1733.20000", "2009-09-30": "1824.30000", "2009-06-30": "1794.10000", "2009-03-31": "1689.20000", "2008-12-31": "1930.40000", "2008-09-30": "2136.90000", "2008-06-30": "2301.00000", "2008-03-31": "2134.10000", "2007-12-31": "2058.30000", "2007-09-30": "2062.20000", "2007-06-30": "2138.10000", "2007-03-31": "1676.90000", "2006-12-31": "1686.70000", "2006-09-30": "1587.30000", "2006-06-30": "1588.90000", "2006-03-31": "1506.10000", "2005-12-31": "1558.30000", "2005-09-30": "1514.80000", "2005-06-30": "1536.10000", "2005-03-31": "1502.40000"}, "Property, Plant, And Equipment": {"2020-12-31": "1343.70000", "2020-09-30": "1233.90000", "2020-06-30": "1228.80000", "2020-03-31": "1232.00000", "2019-12-31": "1210.70000", "2019-09-30": "1142.10000", "2019-06-30": "1143.80000", "2019-03-31": "1144.90000", "2018-12-31": "1137.40000", "2018-09-30": "1086.90000", "2018-06-30": "1084.50000", "2018-03-31": "1117.60000", "2017-12-31": "1097.90000", "2017-09-30": "1047.00000", "2017-06-30": "1017.80000", "2017-03-31": "940.30000", "2016-12-31": "915.20000", "2016-09-30": "905.40000", "2016-06-30": "838.70000", "2016-03-31": "847.90000", "2015-12-31": "847.90000", "2015-09-30": "840.60000", "2015-06-30": "851.70000", "2015-03-31": "831.20000", "2014-12-31": "875.30000", "2014-09-30": "884.10000", "2014-06-30": "905.30000", "2014-03-31": "919.00000", "2013-12-31": "922.50000", "2013-09-30": "912.60000", "2013-06-30": "922.40000", "2013-03-31": "939.50000", "2012-12-31": "1015.50000", "2012-09-30": "1007.40000", "2012-06-30": "1012.30000", "2012-03-31": "1059.60000", "2011-12-31": "1079.40000", "2011-09-30": "1177.30000", "2011-06-30": "1245.50000", "2011-03-31": "1254.60000", "2010-12-31": "1262.90000", "2010-09-30": "1267.70000", "2010-06-30": "1243.00000", "2010-03-31": "1292.90000", "2009-12-31": "1354.70000", "2009-09-30": "1393.30000", "2009-06-30": "1404.00000", "2009-03-31": "1399.40000", "2008-12-31": "1493.00000", "2008-09-30": "1543.30000", "2008-06-30": "1618.20000", "2008-03-31": "1592.70000", "2007-12-31": "1591.40000", "2007-09-30": "1569.00000", "2007-06-30": "1578.30000", "2007-03-31": "1311.60000", "2006-12-31": "1309.40000", "2006-09-30": "1283.10000", "2006-06-30": "1279.60000", "2006-03-31": "1280.90000", "2005-12-31": "1295.70000", "2005-09-30": "1297.20000", "2005-06-30": "1309.50000", "2005-03-31": "1346.00000"}, "Long-Term Investments": {"2020-12-31": "", "2020-09-30": "", "2020-06-30": "", "2020-03-31": "", "2019-12-31": "", "2019-09-30": "", "2019-06-30": "", "2019-03-31": "", "2018-12-31": "", "2018-09-30": "", "2018-06-30": "", "2018-03-31": "", "2017-12-31": "", "2017-09-30": "", "2017-06-30": "", "2017-03-31": "", "2016-12-31": "", "2016-09-30": "", "2016-06-30": "", "2016-03-31": "", "2015-12-31": "", "2015-09-30": "", "2015-06-30": "", "2015-03-31": "", "2014-12-31": "", "2014-09-30": "", "2014-06-30": "", "2014-03-31": "", "2013-12-31": "", "2013-09-30": "", "2013-06-30": "", "2013-03-31": "", "2012-12-31": "", "2012-09-30": "", "2012-06-30": "", "2012-03-31": "", "2011-12-31": "", "2011-09-30": "", "2011-06-30": "", "2011-03-31": "", "2010-12-31": "", "2010-09-30": "", "2010-06-30": "", "2010-03-31": "", "2009-12-31": "", "2009-09-30": "", "2009-06-30": "", "2009-03-31": "", "2008-12-31": "", "2008-09-30": "", "2008-06-30": "", "2008-03-31": "", "2007-12-31": "", "2007-09-30": "", "2007-06-30": "", "2007-03-31": "", "2006-12-31": "", "2006-09-30": "", "2006-06-30": "", "2006-03-31": "", "2005-12-31": "", "2005-09-30": "", "2005-06-30": "", "2005-03-31": ""}, "Goodwill And Intangible Assets": {"2020-12-31": "1361.30000", "2020-09-30": "1253.40000", "2020-06-30": "1235.30000", "2020-03-31": "1225.70000", "2019-12-31": "1057.30000", "2019-09-30": "1049.50000", "2019-06-30": "1077.10000", "2019-03-31": "1077.80000", "2018-12-31": "1085.80000", "2018-09-30": "1101.70000", "2018-06-30": "1109.70000", "2018-03-31": "1172.30000", "2017-12-31": "1151.40000", "2017-09-30": "1147.20000", "2017-06-30": "1118.50000", "2017-03-31": "909.80000", "2016-12-31": "860.30000", "2016-09-30": "892.50000", "2016-06-30": "727.40000", "2016-03-31": "736.40000", "2015-12-31": "732.00000", "2015-09-30": "741.40000", "2015-06-30": "754.10000", "2015-03-31": "757.90000", "2014-12-31": "789.00000", "2014-09-30": "815.90000", "2014-06-30": "842.00000", "2014-03-31": "849.70000", "2013-12-31": "847.10000", "2013-09-30": "857.50000", "2013-06-30": "856.70000", "2013-03-31": "873.90000", "2012-12-31": "889.40000", "2012-09-30": "901.10000", "2012-06-30": "897.50000", "2012-03-31": "922.90000", "2011-12-31": "920.50000", "2011-09-30": "1137.10000", "2011-06-30": "1177.50000", "2011-03-31": "1180.80000", "2010-12-31": "1169.70000", "2010-09-30": "1178.80000", "2010-06-30": "1147.10000", "2010-03-31": "1180.90000", "2009-12-31": "1213.00000", "2009-09-30": "1233.50000", "2009-06-30": "1217.10000", "2009-03-31": "1182.40000", "2008-12-31": "2020.30000", "2008-09-30": "2073.00000", "2008-06-30": "2138.50000", "2008-03-31": "2058.80000", "2007-12-31": "1997.50000", "2007-09-30": "1959.40000", "2007-06-30": "1919.60000", "2007-03-31": "812.20000", "2006-12-31": "811.40000", "2006-09-30": "800.40000", "2006-06-30": "780.70000", "2006-03-31": "773.40000", "2005-12-31": "771.80000", "2005-09-30": "855.40000", "2005-06-30": "860.60000", "2005-03-31": "879.90000"}, "Other Long-Term Assets": {"2020-12-31": "765.00000", "2020-09-30": "655.70000", "2020-06-30": "651.90000", "2020-03-31": "664.80000", "2019-12-31": "654.80000", "2019-09-30": "617.90000", "2019-06-30": "611.40000", "2019-03-31": "615.80000", "2018-12-31": "451.00000", "2018-09-30": "439.40000", "2018-06-30": "441.80000", "2018-03-31": "442.80000", "2017-12-31": "453.40000", "2017-09-30": "445.10000", "2017-06-30": "420.60000", "2017-03-31": "413.40000", "2016-12-31": "402.90000", "2016-09-30": "398.20000", "2016-06-30": "395.80000", "2016-03-31": "395.90000", "2015-12-31": "406.20000", "2015-09-30": "438.50000", "2015-06-30": "449.40000", "2015-03-31": "453.60000", "2014-12-31": "458.40000", "2014-09-30": "484.90000", "2014-06-30": "488.70000", "2014-03-31": "488.00000", "2013-12-31": "485.80000", "2013-09-30": "475.00000", "2013-06-30": "478.60000", "2013-03-31": "467.00000", "2012-12-31": "457.10000", "2012-09-30": "446.30000", "2012-06-30": "438.80000", "2012-03-31": "435.00000", "2011-12-31": "431.70000", "2011-09-30": "456.80000", "2011-06-30": "458.40000", "2011-03-31": "453.00000", "2010-12-31": "448.90000", "2010-09-30": "447.90000", "2010-06-30": "458.10000", "2010-03-31": "465.00000", "2009-12-31": "465.30000", "2009-09-30": "426.70000", "2009-06-30": "423.40000", "2009-03-31": "407.30000", "2008-12-31": "423.10000", "2008-09-30": "551.70000", "2008-06-30": "557.50000", "2008-03-31": "542.80000", "2007-12-31": "537.70000", "2007-09-30": "530.90000", "2007-06-30": "527.60000", "2007-03-31": "529.10000", "2006-12-31": "474.70000", "2006-09-30": "586.20000", "2006-06-30": "588.10000", "2006-03-31": "582.10000", "2005-12-31": "538.30000", "2005-09-30": "567.60000", "2005-06-30": "564.80000", "2005-03-31": "567.90000"}, "Total Long-Term Assets": {"2020-12-31": "3682.70000", "2020-09-30": "3346.30000", "2020-06-30": "3327.10000", "2020-03-31": "3347.30000", "2019-12-31": "3148.20000", "2019-09-30": "3005.30000", "2019-06-30": "3012.50000", "2019-03-31": "3030.00000", "2018-12-31": "2879.50000", "2018-09-30": "2823.10000", "2018-06-30": "2835.00000", "2018-03-31": "2948.20000", "2017-12-31": "2899.00000", "2017-09-30": "2986.70000", "2017-06-30": "2882.00000", "2017-03-31": "2581.30000", "2016-12-31": "2491.60000", "2016-09-30": "2586.80000", "2016-06-30": "2352.30000", "2016-03-31": "2362.00000", "2015-12-31": "2358.30000", "2015-09-30": "2332.90000", "2015-06-30": "2355.50000", "2015-03-31": "2348.50000", "2014-12-31": "2435.60000", "2014-09-30": "2423.70000", "2014-06-30": "2486.70000", "2014-03-31": "2518.30000", "2013-12-31": "2518.80000", "2013-09-30": "2567.90000", "2013-06-30": "2602.00000", "2013-03-31": "2623.80000", "2012-12-31": "2693.60000", "2012-09-30": "2653.40000", "2012-06-30": "2656.10000", "2012-03-31": "2735.20000", "2011-12-31": "2753.90000", "2011-09-30": "3023.60000", "2011-06-30": "3143.30000", "2011-03-31": "3154.50000", "2010-12-31": "3147.50000", "2010-09-30": "3083.30000", "2010-06-30": "3059.10000", "2010-03-31": "3165.20000", "2009-12-31": "3269.60000", "2009-09-30": "3270.30000", "2009-06-30": "3249.10000", "2009-03-31": "3175.70000", "2008-12-31": "4105.30000", "2008-09-30": "4248.10000", "2008-06-30": "4396.80000", "2008-03-31": "4270.70000", "2007-12-31": "4186.50000", "2007-09-30": "4059.30000", "2007-06-30": "4025.50000", "2007-03-31": "2652.90000", "2006-12-31": "2638.20000", "2006-09-30": "2669.70000", "2006-06-30": "2648.40000", "2006-03-31": "2636.40000", "2005-12-31": "2645.60000", "2005-09-30": "2720.20000", "2005-06-30": "2734.90000", "2005-03-31": "2793.80000"}, "Total Assets": {"2020-12-31": "6098.90000", "2020-09-30": "5720.80000", "2020-06-30": "5651.70000", "2020-03-31": "6260.90000", "2019-12-31": "5488.80000", "2019-09-30": "5338.70000", "2019-06-30": "5389.70000", "2019-03-31": "5353.70000", "2018-12-31": "5177.50000", "2018-09-30": "5181.90000", "2018-06-30": "5163.10000", "2018-03-31": "5280.50000", "2017-12-31": "5136.90000", "2017-09-30": "5270.00000", "2017-06-30": "5091.80000", "2017-03-31": "4765.90000", "2016-12-31": "4396.40000", "2016-09-30": "4600.40000", "2016-06-30": "4294.80000", "2016-03-31": "4249.40000", "2015-12-31": "4133.70000", "2015-09-30": "4248.90000", "2015-06-30": "4353.60000", "2015-03-31": "4312.60000", "2014-12-31": "4356.90000", "2014-09-30": "4493.50000", "2014-06-30": "4616.60000", "2014-03-31": "4591.30000", "2013-12-31": "4610.60000", "2013-09-30": "4732.80000", "2013-06-30": "5191.00000", "2013-03-31": "5137.60000", "2012-12-31": "5105.30000", "2012-09-30": "5102.40000", "2012-06-30": "5057.90000", "2012-03-31": "5070.90000", "2011-12-31": "4972.70000", "2011-09-30": "5060.50000", "2011-06-30": "5360.00000", "2011-03-31": "5314.70000", "2010-12-31": "5099.40000", "2010-09-30": "5213.20000", "2010-06-30": "5037.50000", "2010-03-31": "4991.90000", "2009-12-31": "5002.80000", "2009-09-30": "5094.60000", "2009-06-30": "5043.20000", "2009-03-31": "4864.90000", "2008-12-31": "6035.70000", "2008-09-30": "6385.00000", "2008-06-30": "6697.80000", "2008-03-31": "6404.80000", "2007-12-31": "6244.80000", "2007-09-30": "6121.50000", "2007-06-30": "6163.60000", "2007-03-31": "4329.80000", "2006-12-31": "4324.90000", "2006-09-30": "4257.00000", "2006-06-30": "4237.30000", "2006-03-31": "4142.50000", "2005-12-31": "4203.90000", "2005-09-30": "4235.00000", "2005-06-30": "4271.00000", "2005-03-31": "4296.20000"}, "Total Current Liabilities": {"2020-12-31": "1926.00000", "2020-09-30": "1816.00000", "2020-06-30": "1909.50000", "2020-03-31": "2560.10000", "2019-12-31": "2253.80000", "2019-09-30": "2267.90000", "2019-06-30": "2278.50000", "2019-03-31": "2040.50000", "2018-12-31": "1994.00000", "2018-09-30": "2358.20000", "2018-06-30": "2109.20000", "2018-03-31": "2081.40000", "2017-12-31": "1971.80000", "2017-09-30": "2023.30000", "2017-06-30": "1972.40000", "2017-03-31": "1759.30000", "2016-12-31": "2004.30000", "2016-09-30": "2056.10000", "2016-06-30": "1592.20000", "2016-03-31": "1594.20000", "2015-12-31": "1459.10000", "2015-09-30": "1469.50000", "2015-06-30": "1550.80000", "2015-03-31": "1606.80000", "2014-12-31": "1593.00000", "2014-09-30": "1632.90000", "2014-06-30": "1622.70000", "2014-03-31": "1540.50000", "2013-12-31": "1554.10000", "2013-09-30": "1573.40000", "2013-06-30": "1984.90000", "2013-03-31": "2126.20000", "2012-12-31": "2074.50000", "2012-09-30": "2154.00000", "2012-06-30": "2122.30000", "2012-03-31": "2022.40000", "2011-12-31": "1647.10000", "2011-09-30": "1742.20000", "2011-06-30": "1946.60000", "2011-03-31": "1947.60000", "2010-12-31": "1831.80000", "2010-09-30": "1892.80000", "2010-06-30": "1897.50000", "2010-03-31": "1861.60000", "2009-12-31": "1867.70000", "2009-09-30": "1988.30000", "2009-06-30": "2016.10000", "2009-03-31": "1946.40000", "2008-12-31": "2058.00000", "2008-09-30": "2125.40000", "2008-06-30": "2309.30000", "2008-03-31": "2115.30000", "2007-12-31": "2477.60000", "2007-09-30": "2867.60000", "2007-06-30": "3218.10000", "2007-03-31": "1671.40000", "2006-12-31": "1698.80000", "2006-09-30": "1524.20000", "2006-06-30": "1439.60000", "2006-03-31": "1436.70000", "2005-12-31": "1525.60000", "2005-09-30": "1203.40000", "2005-06-30": "1304.70000", "2005-03-31": "1303.00000"}, "Long Term Debt": {"2020-12-31": "2052.10000", "2020-09-30": "2020.00000", "2020-06-30": "1997.60000", "2020-03-31": "1988.00000", "2019-12-31": "1499.30000", "2019-09-30": "1483.70000", "2019-06-30": "1503.30000", "2019-03-31": "1759.90000", "2018-12-31": "1771.60000", "2018-09-30": "1295.30000", "2018-06-30": "1289.70000", "2018-03-31": "1342.70000", "2017-12-31": "1316.30000", "2017-09-30": "1298.40000", "2017-06-30": "1276.30000", "2017-03-31": "1250.20000", "2016-12-31": "713.40000", "2016-09-30": "713.00000", "2016-06-30": "962.90000", "2016-03-31": "963.30000", "2015-12-31": "963.60000", "2015-09-30": "968.50000", "2015-06-30": "969.50000", "2015-03-31": "945.30000", "2014-12-31": "940.10000", "2014-09-30": "945.10000", "2014-06-30": "945.20000", "2014-03-31": "950.40000", "2013-12-31": "950.60000", "2013-09-30": "950.90000", "2013-06-30": "951.40000", "2013-03-31": "702.00000", "2012-12-31": "702.20000", "2012-09-30": "702.70000", "2012-06-30": "703.20000", "2012-03-31": "703.70000", "2011-12-31": "954.20000", "2011-09-30": "954.50000", "2011-06-30": "954.80000", "2011-03-31": "955.40000", "2010-12-31": "956.20000", "2010-09-30": "1065.80000", "2010-06-30": "1060.50000", "2010-03-31": "1073.70000", "2009-12-31": "1088.70000", "2009-09-30": "1115.70000", "2009-06-30": "1134.90000", "2009-03-31": "1139.20000", "2008-12-31": "1544.80000", "2008-09-30": "1545.20000", "2008-06-30": "1545.40000", "2008-03-31": "1545.10000", "2007-12-31": "1145.00000", "2007-09-30": "755.50000", "2007-06-30": "506.70000", "2007-03-31": "501.60000", "2006-12-31": "501.60000", "2006-09-30": "550.70000", "2006-06-30": "721.10000", "2006-03-31": "720.80000", "2005-12-31": "723.00000", "2005-09-30": "973.80000", "2005-06-30": "976.60000", "2005-03-31": "995.00000"}, "Other Non-Current Liabilities": {"2020-12-31": "620.90000", "2020-09-30": "", "2020-06-30": "", "2020-03-31": "", "2019-12-31": "", "2019-09-30": "", "2019-06-30": "", "2019-03-31": "", "2018-12-31": "", "2018-09-30": "", "2018-06-30": "", "2018-03-31": "", "2017-12-31": "", "2017-09-30": "", "2017-06-30": "", "2017-03-31": "", "2016-12-31": "", "2016-09-30": "", "2016-06-30": "", "2016-03-31": "", "2015-12-31": "", "2015-09-30": "", "2015-06-30": "", "2015-03-31": "", "2014-12-31": "", "2014-09-30": "", "2014-06-30": "", "2014-03-31": "", "2013-12-31": "", "2013-09-30": "", "2013-06-30": "", "2013-03-31": "", "2012-12-31": "", "2012-09-30": "", "2012-06-30": "", "2012-03-31": "", "2011-12-31": "", "2011-09-30": "", "2011-06-30": "", "2011-03-31": "", "2010-12-31": "", "2010-09-30": "", "2010-06-30": "", "2010-03-31": "", "2009-12-31": "", "2009-09-30": "", "2009-06-30": "", "2009-03-31": "", "2008-12-31": "", "2008-09-30": "", "2008-06-30": "", "2008-03-31": "", "2007-12-31": "", "2007-09-30": "", "2007-06-30": "", "2007-03-31": "", "2006-12-31": "", "2006-09-30": "", "2006-06-30": "", "2006-03-31": "", "2005-12-31": "", "2005-09-30": "", "2005-06-30": "", "2005-03-31": ""}, "Total Long Term Liabilities": {"2020-12-31": "2673.00000", "2020-09-30": "2570.20000", "2020-06-30": "2528.30000", "2020-03-31": "2527.40000", "2019-12-31": "2031.00000", "2019-09-30": "2013.40000", "2019-06-30": "2048.70000", "2019-03-31": "2321.30000", "2018-12-31": "2228.40000", "2018-09-30": "1776.60000", "2018-06-30": "2032.00000", "2018-03-31": "2109.40000", "2017-12-31": "2118.90000", "2017-09-30": "2111.80000", "2017-06-30": "2049.60000", "2017-03-31": "1992.00000", "2016-12-31": "1466.60000", "2016-09-30": "1501.90000", "2016-06-30": "1746.10000", "2016-03-31": "1686.90000", "2015-12-31": "1708.90000", "2015-09-30": "1724.10000", "2015-06-30": "1706.10000", "2015-03-31": "1679.80000", "2014-12-31": "1716.20000", "2014-09-30": "1553.80000", "2014-06-30": "1564.80000", "2014-03-31": "1555.80000", "2013-12-31": "1564.30000", "2013-09-30": "1585.50000", "2013-06-30": "1691.50000", "2013-03-31": "1437.70000", "2012-12-31": "1449.90000", "2012-09-30": "1362.90000", "2012-06-30": "1365.10000", "2012-03-31": "1384.30000", "2011-12-31": "1667.10000", "2011-09-30": "1569.20000", "2011-06-30": "1608.80000", "2011-03-31": "1629.90000", "2010-12-31": "1621.90000", "2010-09-30": "1788.40000", "2010-06-30": "1730.60000", "2010-03-31": "1748.90000", "2009-12-31": "1772.50000", "2009-09-30": "1806.30000", "2009-06-30": "1825.80000", "2009-03-31": "1831.30000", "2008-12-31": "2227.70000", "2008-09-30": "2161.00000", "2008-06-30": "2189.40000", "2008-03-31": "2177.90000", "2007-12-31": "1777.80000", "2007-09-30": "1356.20000", "2007-06-30": "1122.20000", "2007-03-31": "938.10000", "2006-12-31": "929.90000", "2006-09-30": "985.60000", "2006-06-30": "1132.90000", "2006-03-31": "1141.30000", "2005-12-31": "1166.40000", "2005-09-30": "1427.30000", "2005-06-30": "1415.10000", "2005-03-31": "1455.70000"}, "Total Liabilities": {"2020-12-31": "4599.00000", "2020-09-30": "4386.20000", "2020-06-30": "4437.80000", "2020-03-31": "5087.50000", "2019-12-31": "4284.80000", "2019-09-30": "4281.30000", "2019-06-30": "4327.20000", "2019-03-31": "4361.80000", "2018-12-31": "4222.40000", "2018-09-30": "4134.80000", "2018-06-30": "4141.20000", "2018-03-31": "4190.80000", "2017-12-31": "4090.70000", "2017-09-30": "4135.10000", "2017-06-30": "4022.00000", "2017-03-31": "3751.30000", "2016-12-31": "3470.90000", "2016-09-30": "3558.00000", "2016-06-30": "3338.30000", "2016-03-31": "3281.10000", "2015-12-31": "3168.00000", "2015-09-30": "3193.60000", "2015-06-30": "3256.90000", "2015-03-31": "3286.60000", "2014-12-31": "3309.20000", "2014-09-30": "3186.70000", "2014-06-30": "3187.50000", "2014-03-31": "3096.30000", "2013-12-31": "3118.40000", "2013-09-30": "3158.90000", "2013-06-30": "3676.40000", "2013-03-31": "3563.90000", "2012-12-31": "3524.40000", "2012-09-30": "3516.90000", "2012-06-30": "3487.40000", "2012-03-31": "3406.70000", "2011-12-31": "3314.20000", "2011-09-30": "3311.40000", "2011-06-30": "3555.40000", "2011-03-31": "3577.50000", "2010-12-31": "3453.70000", "2010-09-30": "3681.20000", "2010-06-30": "3628.10000", "2010-03-31": "3610.50000", "2009-12-31": "3640.20000", "2009-09-30": "3794.60000", "2009-06-30": "3841.90000", "2009-03-31": "3777.70000", "2008-12-31": "4285.70000", "2008-09-30": "4286.40000", "2008-06-30": "4498.70000", "2008-03-31": "4293.20000", "2007-12-31": "4255.40000", "2007-09-30": "4223.80000", "2007-06-30": "4340.30000", "2007-03-31": "2609.50000", "2006-12-31": "2628.70000", "2006-09-30": "2509.80000", "2006-06-30": "2572.50000", "2006-03-31": "2578.00000", "2005-12-31": "2692.00000", "2005-09-30": "2630.70000", "2005-06-30": "2719.80000", "2005-03-31": "2758.70000"}, "Common Stock Net": {"2020-12-31": "124.10000", "2020-09-30": "124.10000", "2020-06-30": "124.10000", "2020-03-31": "124.10000", "2019-12-31": "124.10000", "2019-09-30": "124.10000", "2019-06-30": "124.10000", "2019-03-31": "124.10000", "2018-12-31": "124.10000", "2018-09-30": "124.10000", "2018-06-30": "124.10000", "2018-03-31": "124.10000", "2017-12-31": "124.10000", "2017-09-30": "124.10000", "2017-06-30": "124.10000", "2017-03-31": "124.10000", "2016-12-31": "124.10000", "2016-09-30": "124.10000", "2016-06-30": "124.10000", "2016-03-31": "124.10000", "2015-12-31": "124.10000", "2015-09-30": "124.10000", "2015-06-30": "124.10000", "2015-03-31": "124.10000", "2014-12-31": "124.10000", "2014-09-30": "124.10000", "2014-06-30": "124.10000", "2014-03-31": "124.10000", "2013-12-31": "124.10000", "2013-09-30": "124.10000", "2013-06-30": "124.10000", "2013-03-31": "124.10000", "2012-12-31": "124.10000", "2012-09-30": "124.10000", "2012-06-30": "124.10000", "2012-03-31": "124.10000", "2011-12-31": "124.10000", "2011-09-30": "124.10000", "2011-06-30": "124.10000", "2011-03-31": "124.10000", "2010-12-31": "124.10000", "2010-09-30": "124.10000", "2010-06-30": "124.10000", "2010-03-31": "124.10000", "2009-12-31": "124.10000", "2009-09-30": "124.10000", "2009-06-30": "124.10000", "2009-03-31": "124.10000", "2008-12-31": "124.10000", "2008-09-30": "124.10000", "2008-06-30": "124.10000", "2008-03-31": "124.10000", "2007-12-31": "124.10000", "2007-09-30": "124.10000", "2007-06-30": "124.10000", "2007-03-31": "124.10000", "2006-12-31": "124.10000", "2006-09-30": "124.10000", "2006-06-30": "124.10000", "2006-03-31": "124.10000", "2005-12-31": "124.10000", "2005-09-30": "124.10000", "2005-06-30": "124.10000", "2005-03-31": "124.10000"}, "Retained Earnings (Accumulated Deficit)": {"2020-12-31": "3349.30000", "2020-09-30": "3205.50000", "2020-06-30": "3100.20000", "2020-03-31": "3064.80000", "2019-12-31": "2979.10000", "2019-09-30": "2861.70000", "2019-06-30": "2762.30000", "2019-03-31": "2663.50000", "2018-12-31": "2864.90000", "2018-09-30": "2809.40000", "2018-06-30": "2702.10000", "2018-03-31": "2647.80000", "2017-12-31": "2596.70000", "2017-09-30": "2693.30000", "2017-06-30": "2621.80000", "2017-03-31": "2537.90000", "2016-12-31": "2473.30000", "2016-09-30": "2444.10000", "2016-06-30": "2385.50000", "2016-03-31": "2329.70000", "2015-12-31": "2277.60000", "2015-09-30": "2244.30000", "2015-06-30": "2213.20000", "2015-03-31": "2175.40000", "2014-12-31": "2116.50000", "2014-09-30": "2096.20000", "2014-06-30": "2063.40000", "2014-03-31": "2051.80000", "2013-12-31": "2009.10000", "2013-09-30": "1993.60000", "2013-06-30": "1974.90000", "2013-03-31": "1933.90000", "2012-12-31": "1910.80000", "2012-09-30": "1890.00000", "2012-06-30": "1859.40000", "2012-03-31": "1823.80000", "2011-12-31": "1810.50000", "2011-09-30": "1815.80000", "2011-06-30": "1792.60000", "2011-03-31": "1746.00000", "2010-12-31": "1727.90000", "2010-09-30": "1635.90000", "2010-06-30": "1593.70000", "2010-03-31": "1532.00000", "2009-12-31": "1499.70000", "2009-09-30": "1472.40000", "2009-06-30": "1432.70000", "2009-03-31": "1438.70000", "2008-12-31": "2381.30000", "2008-09-30": "2382.30000", "2008-06-30": "2363.40000", "2008-03-31": "2314.80000", "2007-12-31": "2290.20000", "2007-09-30": "2238.20000", "2007-06-30": "2222.50000", "2007-03-31": "2179.30000", "2006-12-31": "2155.60000", "2006-09-30": "2082.50000", "2006-06-30": "2040.30000", "2006-03-31": "1971.20000", "2005-12-31": "1945.30000", "2005-09-30": "1995.00000", "2005-06-30": "1950.80000", "2005-03-31": "1903.40000"}, "Comprehensive Income": {"2020-12-31": "-334.60000", "2020-09-30": "-393.90000", "2020-06-30": "-403.20000", "2020-03-31": "-412.00000", "2019-12-31": "-348.10000", "2019-09-30": "-399.30000", "2019-06-30": "-369.80000", "2019-03-31": "-359.40000", "2018-12-31": "-682.00000", "2018-09-30": "-740.40000", "2018-06-30": "-719.70000", "2018-03-31": "-639.60000", "2017-12-31": "-680.50000", "2017-09-30": "-699.10000", "2017-06-30": "-716.40000", "2017-03-31": "-712.50000", "2016-12-31": "-751.90000", "2016-09-30": "-669.00000", "2016-06-30": "-688.80000", "2016-03-31": "-661.20000", "2015-12-31": "-683.00000", "2015-09-30": "-655.10000", "2015-06-30": "-603.40000", "2015-03-31": "-613.70000", "2014-12-31": "-545.50000", "2014-09-30": "-353.60000", "2014-06-30": "-278.60000", "2014-03-31": "-277.80000", "2013-12-31": "-281.10000", "2013-09-30": "-227.60000", "2013-06-30": "-325.00000", "2013-03-31": "-291.30000", "2012-12-31": "-278.00000", "2012-09-30": "-240.20000", "2012-06-30": "-293.60000", "2012-03-31": "-217.90000", "2011-12-31": "-263.20000", "2011-09-30": "-164.00000", "2011-06-30": "-69.20000", "2011-03-31": "-73.30000", "2010-12-31": "-142.90000", "2010-09-30": "-151.40000", "2010-06-30": "-217.80000", "2010-03-31": "-171.40000", "2009-12-31": "-145.20000", "2009-09-30": "-170.80000", "2009-06-30": "-219.50000", "2009-03-31": "-325.60000", "2008-12-31": "-282.50000", "2008-09-30": "75.00000", "2008-06-30": "195.30000", "2008-03-31": "168.80000", "2007-12-31": "84.80000", "2007-09-30": "30.50000", "2007-06-30": "-12.80000", "2007-03-31": "-29.00000", "2006-12-31": "-50.10000", "2006-09-30": "-47.50000", "2006-06-30": "-71.10000", "2006-03-31": "-80.60000", "2005-12-31": "-89.10000", "2005-09-30": "-71.70000", "2005-06-30": "-74.90000", "2005-03-31": "-36.40000"}, "Other Share Holders Equity": {"2020-12-31": "", "2020-09-30": "", "2020-06-30": "", "2020-03-31": "", "2019-12-31": "", "2019-09-30": "", "2019-06-30": "", "2019-03-31": "", "2018-12-31": "", "2018-09-30": "", "2018-06-30": "", "2018-03-31": "", "2017-12-31": "", "2017-09-30": "", "2017-06-30": "", "2017-03-31": "", "2016-12-31": "", "2016-09-30": "", "2016-06-30": "", "2016-03-31": "", "2015-12-31": "", "2015-09-30": "", "2015-06-30": "", "2015-03-31": "", "2014-12-31": "", "2014-09-30": "", "2014-06-30": "", "2014-03-31": "", "2013-12-31": "", "2013-09-30": "", "2013-06-30": "", "2013-03-31": "", "2012-12-31": "", "2012-09-30": "", "2012-06-30": "", "2012-03-31": "", "2011-12-31": "", "2011-09-30": "0.00000", "2011-06-30": "-36.70000", "2011-03-31": "-48.80000", "2010-12-31": "-73.20000", "2010-09-30": "-131.00000", "2010-06-30": "-131.40000", "2010-03-31": "-174.10000", "2009-12-31": "-243.10000", "2009-09-30": "-253.30000", "2009-06-30": "-188.30000", "2009-03-31": "-191.50000", "2008-12-31": "-248.10000", "2008-09-30": "-362.50000", "2008-06-30": "-349.20000", "2008-03-31": "-383.40000", "2007-12-31": "-432.60000", "2007-09-30": "-469.20000", "2007-06-30": "-553.20000", "2007-03-31": "-557.30000", "2006-12-31": "-608.20000", "2006-09-30": "-576.70000", "2006-06-30": "-566.40000", "2006-03-31": "-584.70000", "2005-12-31": "-559.70000", "2005-09-30": "-542.70000", "2005-06-30": "-548.90000", "2005-03-31": "-644.80000"}, "Share Holder Equity": {"2020-12-31": "1499.90000", "2020-09-30": "1334.60000", "2020-06-30": "1213.90000", "2020-03-31": "1173.40000", "2019-12-31": "1204.00000", "2019-09-30": "1057.40000", "2019-06-30": "1062.50000", "2019-03-31": "991.90000", "2018-12-31": "955.10000", "2018-09-30": "1047.10000", "2018-06-30": "1021.90000", "2018-03-31": "1089.70000", "2017-12-31": "1046.20000", "2017-09-30": "1134.90000", "2017-06-30": "1069.80000", "2017-03-31": "1014.60000", "2016-12-31": "925.50000", "2016-09-30": "1042.40000", "2016-06-30": "956.50000", "2016-03-31": "968.30000", "2015-12-31": "965.70000", "2015-09-30": "1055.30000", "2015-06-30": "1096.70000", "2015-03-31": "1026.00000", "2014-12-31": "1047.70000", "2014-09-30": "1306.80000", "2014-06-30": "1429.10000", "2014-03-31": "1495.00000", "2013-12-31": "1492.20000", "2013-09-30": "1573.90000", "2013-06-30": "1514.60000", "2013-03-31": "1573.70000", "2012-12-31": "1580.90000", "2012-09-30": "1585.50000", "2012-06-30": "1570.50000", "2012-03-31": "1664.20000", "2011-12-31": "1658.50000", "2011-09-30": "1749.10000", "2011-06-30": "1804.60000", "2011-03-31": "1737.20000", "2010-12-31": "1645.70000", "2010-09-30": "1532.00000", "2010-06-30": "1409.40000", "2010-03-31": "1381.40000", "2009-12-31": "1362.60000", "2009-09-30": "1300.00000", "2009-06-30": "1201.30000", "2009-03-31": "1087.20000", "2008-12-31": "1750.00000", "2008-09-30": "2098.60000", "2008-06-30": "2199.10000", "2008-03-31": "2111.60000", "2007-12-31": "1989.40000", "2007-09-30": "1897.70000", "2007-06-30": "1823.30000", "2007-03-31": "1720.30000", "2006-12-31": "1696.20000", "2006-09-30": "1747.20000", "2006-06-30": "1664.80000", "2006-03-31": "1564.50000", "2005-12-31": "1511.90000", "2005-09-30": "1604.30000", "2005-06-30": "1551.20000", "2005-03-31": "1537.50000"}, "Total Liabilities And Share Holders Equity": {"2020-12-31": "6098.90000", "2020-09-30": "5720.80000", "2020-06-30": "5651.70000", "2020-03-31": "6260.90000", "2019-12-31": "5488.80000", "2019-09-30": "5338.70000", "2019-06-30": "5389.70000", "2019-03-31": "5353.70000", "2018-12-31": "5177.50000", "2018-09-30": "5181.90000", "2018-06-30": "5163.10000", "2018-03-31": "5280.50000", "2017-12-31": "5136.90000", "2017-09-30": "5270.00000", "2017-06-30": "5091.80000", "2017-03-31": "4765.90000", "2016-12-31": "4396.40000", "2016-09-30": "4600.40000", "2016-06-30": "4294.80000", "2016-03-31": "4249.40000", "2015-12-31": "4133.70000", "2015-09-30": "4248.90000", "2015-06-30": "4353.60000", "2015-03-31": "4312.60000", "2014-12-31": "4356.90000", "2014-09-30": "4493.50000", "2014-06-30": "4616.60000", "2014-03-31": "4591.30000", "2013-12-31": "4610.60000", "2013-09-30": "4732.80000", "2013-06-30": "5191.00000", "2013-03-31": "5137.60000", "2012-12-31": "5105.30000", "2012-09-30": "5102.40000", "2012-06-30": "5057.90000", "2012-03-31": "5070.90000", "2011-12-31": "4972.70000", "2011-09-30": "5060.50000", "2011-06-30": "5360.00000", "2011-03-31": "5314.70000", "2010-12-31": "5099.40000", "2010-09-30": "5213.20000", "2010-06-30": "5037.50000", "2010-03-31": "4991.90000", "2009-12-31": "5002.80000", "2009-09-30": "5094.60000", "2009-06-30": "5043.20000", "2009-03-31": "4864.90000", "2008-12-31": "6035.70000", "2008-09-30": "6385.00000", "2008-06-30": "6697.80000", "2008-03-31": "6404.80000", "2007-12-31": "6244.80000", "2007-09-30": "6121.50000", "2007-06-30": "6163.60000", "2007-03-31": "4329.80000", "2006-12-31": "4324.90000", "2006-09-30": "4257.00000", "2006-06-30": "4237.30000", "2006-03-31": "4142.50000", "2005-12-31": "4203.90000", "2005-09-30": "4235.00000", "2005-06-30": "4271.00000", "2005-03-31": "4296.20000"}}, "cash flow statement": {"Net Income/Loss": {"2020-12-31": "555.90000", "2019-12-31": "303.60000", "2018-12-31": "467.40000", "2017-12-31": "281.80000", "2016-12-31": "320.70000", "2015-12-31": "274.30000", "2014-12-31": "245.10000", "2013-12-31": "213.20000", "2012-12-31": "215.40000", "2011-12-31": "190.10000", "2010-12-31": "316.90000", "2009-12-31": "-746.70000", "2008-12-31": "266.10000", "2007-12-31": "303.50000", "2006-12-31": "373.20000", "2005-12-31": "226.80000"}, "Total Depreciation And Amortization - Cash Flow": {"2020-12-31": "205.30000", "2019-12-31": "179.00000", "2018-12-31": "181.00000", "2017-12-31": "178.70000", "2016-12-31": "180.10000", "2015-12-31": "188.30000", "2014-12-31": "201.60000", "2013-12-31": "204.60000", "2012-12-31": "220.60000", "2011-12-31": "246.50000", "2010-12-31": "247.60000", "2009-12-31": "1099.30000", "2008-12-31": "278.40000", "2007-12-31": "237.30000", "2006-12-31": "201.40000", "2005-12-31": "201.50000"}, "Other Non-Cash Items": {"2020-12-31": "142.70000", "2019-12-31": "348.70000", "2018-12-31": "201.30000", "2017-12-31": "272.90000", "2016-12-31": "220.90000", "2015-12-31": "148.00000", "2014-12-31": "116.40000", "2013-12-31": "111.10000", "2012-12-31": "117.60000", "2011-12-31": "102.10000", "2010-12-31": "55.50000", "2009-12-31": "36.60000", "2008-12-31": "-51.80000", "2007-12-31": "45.80000", "2006-12-31": "41.80000", "2005-12-31": "88.30000"}, "Total Non-Cash Items": {"2020-12-31": "348.00000", "2019-12-31": "527.70000", "2018-12-31": "382.30000", "2017-12-31": "451.60000", "2016-12-31": "401.00000", "2015-12-31": "336.30000", "2014-12-31": "318.00000", "2013-12-31": "315.70000", "2012-12-31": "338.20000", "2011-12-31": "348.60000", "2010-12-31": "303.10000", "2009-12-31": "1135.90000", "2008-12-31": "226.60000", "2007-12-31": "283.10000", "2006-12-31": "243.20000", "2005-12-31": "289.80000"}, "Change In Accounts Receivable": {"2020-12-31": "", "2019-12-31": "-42.20000", "2018-12-31": "-62.50000", "2017-12-31": "-141.20000", "2016-12-31": "-88.20000", "2015-12-31": "-135.90000", "2014-12-31": "-65.40000", "2013-12-31": "-136.00000", "2012-12-31": "-106.70000", "2011-12-31": "-43.60000", "2010-12-31": "-87.60000", "2009-12-31": "95.70000", "2008-12-31": "57.70000", "2007-12-31": "-17.70000", "2006-12-31": "-34.10000", "2005-12-31": "-43.90000"}, "Change In Inventories": {"2020-12-31": "", "2019-12-31": "-18.10000", "2018-12-31": "-70.50000", "2017-12-31": "-14.90000", "2016-12-31": "-19.60000", "2015-12-31": "-34.40000", "2014-12-31": "-33.00000", "2013-12-31": "-75.90000", "2012-12-31": "-0.80000", "2011-12-31": "-22.20000", "2010-12-31": "-35.60000", "2009-12-31": "133.30000", "2008-12-31": "16.50000", "2007-12-31": "-5.30000", "2006-12-31": "-24.60000", "2005-12-31": "-12.40000"}, "Change In Accounts Payable": {"2020-12-31": "", "2019-12-31": "46.40000", "2018-12-31": "43.60000", "2017-12-31": "83.40000", "2016-12-31": "31.60000", "2015-12-31": "65.50000", "2014-12-31": "-62.80000", "2013-12-31": "108.20000", "2012-12-31": "", "2011-12-31": "", "2010-12-31": "", "2009-12-31": "", "2008-12-31": "", "2007-12-31": "", "2006-12-31": "", "2005-12-31": ""}, "Change In Assets/Liabilities": {"2020-12-31": "-152.60000", "2019-12-31": "-76.30000", "2018-12-31": "-266.90000", "2017-12-31": "-44.60000", "2016-12-31": "-81.70000", "2015-12-31": "-15.40000", "2014-12-31": "-44.10000", "2013-12-31": "-81.30000", "2012-12-31": "-86.90000", "2011-12-31": "-24.20000", "2010-12-31": "-104.60000", "2009-12-31": "2.90000", "2008-12-31": "-45.70000", "2007-12-31": "16.80000", "2006-12-31": "-68.40000", "2005-12-31": "-17.20000"}, "Total Change In Assets/Liabilities": {"2020-12-31": "-152.60000", "2019-12-31": "-84.80000", "2018-12-31": "-391.80000", "2017-12-31": "-87.70000", "2016-12-31": "-139.60000", "2015-12-31": "-136.90000", "2014-12-31": "-208.20000", "2013-12-31": "-209.30000", "2012-12-31": "-40.20000", "2011-12-31": "-116.00000", "2010-12-31": "-133.30000", "2009-12-31": "179.80000", "2008-12-31": "47.00000", "2007-12-31": "-87.20000", "2006-12-31": "-105.60000", "2005-12-31": "-75.00000"}, "Cash Flow From Operating Activities": {"2020-12-31": "751.30000", "2019-12-31": "746.50000", "2018-12-31": "457.90000", "2017-12-31": "645.70000", "2016-12-31": "582.10000", "2015-12-31": "473.70000", "2014-12-31": "354.90000", "2013-12-31": "319.60000", "2012-12-31": "513.40000", "2011-12-31": "422.70000", "2010-12-31": "486.70000", "2009-12-31": "569.00000", "2008-12-31": "539.70000", "2007-12-31": "499.40000", "2006-12-31": "510.80000", "2005-12-31": "441.60000"}, "Net Change In Property, Plant, And Equipment": {"2020-12-31": "-209.40000", "2019-12-31": "-249.40000", "2018-12-31": "-247.20000", "2017-12-31": "-220.10000", "2016-12-31": "-198.10000", "2015-12-31": "-143.90000", "2014-12-31": "-170.70000", "2013-12-31": "-142.70000", "2012-12-31": "-154.10000", "2011-12-31": "-131.00000", "2010-12-31": "-108.60000", "2009-12-31": "-100.30000", "2008-12-31": "-181.50000", "2007-12-31": "-254.80000", "2006-12-31": "-195.30000", "2005-12-31": "-188.30000"}, "Net Change In Intangible Assets": {"2020-12-31": "", "2019-12-31": "", "2018-12-31": "", "2017-12-31": "", "2016-12-31": "", "2015-12-31": "", "2014-12-31": "", "2013-12-31": "", "2012-12-31": "", "2011-12-31": "", "2010-12-31": "", "2009-12-31": "", "2008-12-31": "", "2007-12-31": "", "2006-12-31": "", "2005-12-31": ""}, "Net Acquisitions/Divestitures": {"2020-12-31": "-350.40000", "2019-12-31": "-6.50000", "2018-12-31": "-3.80000", "2017-12-31": "-319.30000", "2016-12-31": "-237.20000", "2015-12-31": "", "2014-12-31": "", "2013-12-31": "481.20000", "2012-12-31": "", "2011-12-31": "", "2010-12-31": "", "2009-12-31": "", "2008-12-31": "-131.20000", "2007-12-31": "-1291.90000", "2006-12-31": "5.70000", "2005-12-31": "-2.80000"}, "Net Change In Short-term Investments": {"2020-12-31": "", "2019-12-31": "", "2018-12-31": "", "2017-12-31": "", "2016-12-31": "", "2015-12-31": "", "2014-12-31": "", "2013-12-31": "", "2012-12-31": "", "2011-12-31": "", "2010-12-31": "", "2009-12-31": "", "2008-12-31": "", "2007-12-31": "", "2006-12-31": "", "2005-12-31": ""}, "Net Change In Long-Term Investments": {"2020-12-31": "5.60000", "2019-12-31": "4.90000", "2018-12-31": "18.50000", "2017-12-31": "-3.90000", "2016-12-31": "3.10000", "2015-12-31": "-0.50000", "2014-12-31": "0.30000", "2013-12-31": "0.10000", "2012-12-31": "-6.70000", "2011-12-31": "0.30000", "2010-12-31": "0.80000", "2009-12-31": "-0.50000", "2008-12-31": "17.20000", "2007-12-31": "", "2006-12-31": "16.30000", "2005-12-31": ""}, "Net Change In Investments - Total": {"2020-12-31": "5.60000", "2019-12-31": "4.90000", "2018-12-31": "18.50000", "2017-12-31": "-3.90000", "2016-12-31": "3.10000", "2015-12-31": "-0.50000", "2014-12-31": "0.30000", "2013-12-31": "0.10000", "2012-12-31": "-6.70000", "2011-12-31": "0.30000", "2010-12-31": "0.80000", "2009-12-31": "-0.50000", "2008-12-31": "17.20000", "2007-12-31": "", "2006-12-31": "16.30000", "2005-12-31": ""}, "Investing Activities - Other": {"2020-12-31": "", "2019-12-31": "", "2018-12-31": "", "2017-12-31": "", "2016-12-31": "", "2015-12-31": "1.50000", "2014-12-31": "", "2013-12-31": "0.80000", "2012-12-31": "0.80000", "2011-12-31": "26.50000", "2010-12-31": "", "2009-12-31": "-5.00000", "2008-12-31": "2.00000", "2007-12-31": "3.50000", "2006-12-31": "18.40000", "2005-12-31": "23.50000"}, "Cash Flow From Investing Activities": {"2020-12-31": "-554.20000", "2019-12-31": "-251.00000", "2018-12-31": "-232.50000", "2017-12-31": "-543.30000", "2016-12-31": "-432.20000", "2015-12-31": "-142.90000", "2014-12-31": "-170.40000", "2013-12-31": "339.40000", "2012-12-31": "-160.00000", "2011-12-31": "-104.20000", "2010-12-31": "-107.80000", "2009-12-31": "-105.80000", "2008-12-31": "-293.50000", "2007-12-31": "-1543.20000", "2006-12-31": "-154.90000", "2005-12-31": "-167.60000"}, "Net Long-Term Debt": {"2020-12-31": "223.50000", "2019-12-31": "-18.60000", "2018-12-31": "486.90000", "2017-12-31": "289.10000", "2016-12-31": "-2.70000", "2015-12-31": "-7.40000", "2014-12-31": "-1.60000", "2013-12-31": "248.10000", "2012-12-31": "-1.80000", "2011-12-31": "-1.50000", "2010-12-31": "-91.40000", "2009-12-31": "-108.30000", "2008-12-31": "349.40000", "2007-12-31": "466.80000", "2006-12-31": "-2.30000", "2005-12-31": "-138.70000"}, "Net Current Debt": {"2020-12-31": "-110.40000", "2019-12-31": "-5.30000", "2018-12-31": "-77.60000", "2017-12-31": "-89.20000", "2016-12-31": "234.90000", "2015-12-31": "-98.40000", "2014-12-31": "126.50000", "2013-12-31": "-435.30000", "2012-12-31": "42.30000", "2011-12-31": "-146.40000", "2010-12-31": "-98.40000", "2009-12-31": "-192.30000", "2008-12-31": "-390.10000", "2007-12-31": "792.20000", "2006-12-31": "-137.80000", "2005-12-31": "58.20000"}, "Debt Issuance/Retirement Net - Total": {"2020-12-31": "113.10000", "2019-12-31": "-23.90000", "2018-12-31": "409.30000", "2017-12-31": "199.90000", "2016-12-31": "232.20000", "2015-12-31": "-105.80000", "2014-12-31": "124.90000", "2013-12-31": "-187.20000", "2012-12-31": "40.50000", "2011-12-31": "-147.90000", "2010-12-31": "-189.80000", "2009-12-31": "-300.60000", "2008-12-31": "-40.70000", "2007-12-31": "1259.00000", "2006-12-31": "-140.10000", "2005-12-31": "-80.50000"}, "Net Common Equity Issued/Repurchased": {"2020-12-31": "-104.30000", "2019-12-31": "-237.70000", "2018-12-31": "-392.90000", "2017-12-31": "-129.70000", "2016-12-31": "-262.40000", "2015-12-31": "-128.30000", "2014-12-31": "-321.30000", "2013-12-31": "-238.70000", "2012-12-31": "-225.00000", "2011-12-31": "-9.60000", "2010-12-31": "-106.20000", "2009-12-31": "0.60000", "2008-12-31": "-7.10000", "2007-12-31": "-25.10000", "2006-12-31": "-103.60000", "2005-12-31": "-29.80000"}, "Net Total Equity Issued/Repurchased": {"2020-12-31": "-104.30000", "2019-12-31": "-237.70000", "2018-12-31": "-392.90000", "2017-12-31": "-129.70000", "2016-12-31": "-262.40000", "2015-12-31": "-128.30000", "2014-12-31": "-321.30000", "2013-12-31": "-238.70000", "2012-12-31": "-225.00000", "2011-12-31": "-9.60000", "2010-12-31": "-106.20000", "2009-12-31": "0.60000", "2008-12-31": "-7.10000", "2007-12-31": "-25.10000", "2006-12-31": "-103.60000", "2005-12-31": "-29.80000"}, "Total Common And Preferred Stock Dividends Paid": {"2020-12-31": "-196.80000", "2019-12-31": "-189.70000", "2018-12-31": "-175.00000", "2017-12-31": "-155.50000", "2016-12-31": "-142.50000", "2015-12-31": "-133.10000", "2014-12-31": "-125.10000", "2013-12-31": "-112.00000", "2012-12-31": "-110.40000", "2011-12-31": "-106.50000", "2010-12-31": "-88.70000", "2009-12-31": "-134.90000", "2008-12-31": "-175.00000", "2007-12-31": "-171.80000", "2006-12-31": "-171.80000", "2005-12-31": "-168.70000"}, "Financial Activities - Other": {"2020-12-31": "-19.70000", "2019-12-31": "-19.00000", "2018-12-31": "-49.50000", "2017-12-31": "1.40000", "2016-12-31": "66.50000", "2015-12-31": "-0.10000", "2014-12-31": "-2.00000", "2013-12-31": "-8.30000", "2012-12-31": "-2.70000", "2011-12-31": "-7.50000", "2010-12-31": "-6.80000", "2009-12-31": "2.20000", "2008-12-31": "14.30000", "2007-12-31": "-6.70000", "2006-12-31": "17.70000", "2005-12-31": "18.50000"}, "Cash Flow From Financial Activities": {"2020-12-31": "-207.70000", "2019-12-31": "-470.30000", "2018-12-31": "-208.10000", "2017-12-31": "-83.90000", "2016-12-31": "-106.20000", "2015-12-31": "-367.30000", "2014-12-31": "-323.50000", "2013-12-31": "-546.20000", "2012-12-31": "-297.60000", "2011-12-31": "-271.50000", "2010-12-31": "-391.50000", "2009-12-31": "-432.70000", "2008-12-31": "-208.50000", "2007-12-31": "1055.40000", "2006-12-31": "-397.80000", "2005-12-31": "-260.50000"}, "Net Cash Flow": {"2020-12-31": "-1.40000", "2019-12-31": "21.70000", "2018-12-31": "7.60000", "2017-12-31": "29.30000", "2016-12-31": "36.30000", "2015-12-31": "-48.40000", "2014-12-31": "-143.90000", "2013-12-31": "115.70000", "2012-12-31": "57.40000", "2011-12-31": "50.50000", "2010-12-31": "-10.60000", "2009-12-31": "32.60000", "2008-12-31": "34.00000", "2007-12-31": "13.00000", "2006-12-31": "-40.00000", "2005-12-31": "13.70000"}, "Stock-Based Compensation": {"2020-12-31": "24.00000", "2019-12-31": "34.50000", "2018-12-31": "34.30000", "2017-12-31": "30.20000", "2016-12-31": "27.20000", "2015-12-31": "26.30000", "2014-12-31": "28.30000", "2013-12-31": "34.00000", "2012-12-31": "38.90000", "2011-12-31": "39.60000", "2010-12-31": "35.20000", "2009-12-31": "25.80000", "2008-12-31": "29.00000", "2007-12-31": "21.60000", "2006-12-31": "24.10000", "2005-12-31": ""}, "Common Stock Dividends Paid": {"2020-12-31": "-196.80000", "2019-12-31": "-189.70000", "2018-12-31": "-175.00000", "2017-12-31": "-155.50000", "2016-12-31": "-142.50000", "2015-12-31": "-133.10000", "2014-12-31": "-125.10000", "2013-12-31": "-112.00000", "2012-12-31": "-110.40000", "2011-12-31": "-106.50000", "2010-12-31": "-88.70000", "2009-12-31": "-134.90000", "2008-12-31": "-175.00000", "2007-12-31": "-171.80000", "2006-12-31": "-171.80000", "2005-12-31": "-168.70000"}}, "cash flow statement, quarterly": {"Net Income/Loss": {"2020-12-31": 191.5, "2020-09-30": 150.5, "2020-06-30": 79.7, "2020-03-31": "134.20000", "2019-12-31": 162.5, "2019-09-30": 144.6, "2019-06-30": 143.4, "2019-03-31": "-146.90000", "2018-12-31": 97.1, "2018-09-30": 149.5, "2018-06-30": 95.6, "2018-03-31": "125.20000", "2017-12-31": -59.6, "2017-09-30": 108.3, "2017-06-30": 120.9, "2017-03-31": "112.20000", "2016-12-31": 62, "2016-09-30": 89.1, "2016-06-30": 80, "2016-03-31": "89.60000", "2015-12-31": 57, "2015-09-30": 81.7, "2015-06-30": 63.7, "2015-03-31": "71.90000", "2014-12-31": 70.6, "2014-09-30": 60.8, "2014-06-30": 42.5, "2014-03-31": "71.20000", "2013-12-31": 40.1, "2013-09-30": 46.5, "2013-06-30": 68.8, "2013-03-31": "57.80000", "2012-12-31": 49, "2012-09-30": 58.3, "2012-06-30": 64.2, "2012-03-31": "43.90000", "2011-12-31": 22.2, "2011-09-30": 49.8, "2011-06-30": 73.3, "2011-03-31": "44.80000", "2010-12-31": 114.2, "2010-09-30": 64.2, "2010-06-30": 83.8, "2010-03-31": "54.70000", "2009-12-31": 49.9, "2009-09-30": 62.5, "2009-06-30": 39.8, "2009-03-31": "-898.90000", "2008-12-31": 42.6, "2008-09-30": 62.7, "2008-06-30": 92.4, "2008-03-31": "68.40000", "2007-12-31": 79.4, "2007-09-30": 58.8, "2007-06-30": 86.2, "2007-03-31": "79.10000", "2006-12-31": 107.5, "2006-09-30": 85, "2006-06-30": 112, "2006-03-31": "68.70000", "2005-12-31": -6.5, "2005-09-30": 86.2, "2005-06-30": 89.4, "2005-03-31": "57.70000"}, "Total Depreciation And Amortization - Cash Flow": {"2020-12-31": 55.5, "2020-09-30": 52, "2020-06-30": 50.3, "2020-03-31": "47.50000", "2019-12-31": 45.6, "2019-09-30": 44, "2019-06-30": 44.9, "2019-03-31": "44.50000", "2018-12-31": 45, "2018-09-30": 46.7, "2018-06-30": 44.8, "2018-03-31": "44.50000", "2017-12-31": 43.9, "2017-09-30": 44, "2017-06-30": 46.2, "2017-03-31": "44.60000", "2016-12-31": 44.6, "2016-09-30": 46.1, "2016-06-30": 45.1, "2016-03-31": "44.30000", "2015-12-31": 45.5, "2015-09-30": 46.1, "2015-06-30": 47.4, "2015-03-31": "49.30000", "2014-12-31": 53.1, "2014-09-30": 49.1, "2014-06-30": 49.4, "2014-03-31": "50.00000", "2013-12-31": 48.9, "2013-09-30": 52.4, "2013-06-30": 51.8, "2013-03-31": "51.50000", "2012-12-31": 56.5, "2012-09-30": 53.5, "2012-06-30": 51.2, "2012-03-31": "59.40000", "2011-12-31": 61.8, "2011-09-30": 61.4, "2011-06-30": 63, "2011-03-31": "60.30000", "2010-12-31": 59.7, "2010-09-30": 66.3, "2010-06-30": 59.8, "2010-03-31": "61.80000", "2009-12-31": 73.3, "2009-09-30": 61.4, "2009-06-30": 61.4, "2009-03-31": "903.20000", "2008-12-31": 67.9, "2008-09-30": 71.9, "2008-06-30": 68.3, "2008-03-31": "70.30000", "2007-12-31": 65.4, "2007-09-30": 71.1, "2007-06-30": 52.3, "2007-03-31": "48.50000", "2006-12-31": 52.9, "2006-09-30": 49.3, "2006-06-30": 49.5, "2006-03-31": "49.70000", "2005-12-31": 52, "2005-09-30": 49.3, "2005-06-30": 50.4, "2005-03-31": "49.80000"}, "Other Non-Cash Items": {"2020-12-31": 27.8, "2020-09-30": 41.6, "2020-06-30": 25, "2020-03-31": "48.30000", "2019-12-31": -7.2, "2019-09-30": 22, "2019-06-30": 34.1, "2019-03-31": "299.80000", "2018-12-31": 95.2, "2018-09-30": 36.5, "2018-06-30": 32.8, "2018-03-31": "36.80000", "2017-12-31": 188, "2017-09-30": 17.8, "2017-06-30": 31.2, "2017-03-31": "35.90000", "2016-12-31": 87.1, "2016-09-30": 29.7, "2016-06-30": 72, "2016-03-31": "32.10000", "2015-12-31": 43.2, "2015-09-30": 28.9, "2015-06-30": 39, "2015-03-31": "36.90000", "2014-12-31": 20.2, "2014-09-30": 42.2, "2014-06-30": 28.1, "2014-03-31": "25.90000", "2013-12-31": 102.1, "2013-09-30": -37.1, "2013-06-30": 16.3, "2013-03-31": "29.80000", "2012-12-31": 30.3, "2012-09-30": 29.2, "2012-06-30": 24.1, "2012-03-31": "34.00000", "2011-12-31": 18.8, "2011-09-30": 25.2, "2011-06-30": 21.7, "2011-03-31": "36.40000", "2010-12-31": -19.3, "2010-09-30": 21.2, "2010-06-30": 26.8, "2010-03-31": "26.80000", "2009-12-31": -70.6, "2009-09-30": 30.4, "2009-06-30": 13.2, "2009-03-31": "63.60000", "2008-12-31": -93.6, "2008-09-30": 19.5, "2008-06-30": 8.8, "2008-03-31": "13.50000", "2007-12-31": -2.4, "2007-09-30": 21.4, "2007-06-30": 12.2, "2007-03-31": "14.60000", "2006-12-31": 19.9, "2006-09-30": 17.6, "2006-06-30": -0.6, "2006-03-31": "4.90000", "2005-12-31": 67, "2005-09-30": 24.6, "2005-06-30": 1.5, "2005-03-31": "-4.80000"}, "Total Non-Cash Items": {"2020-12-31": 83.3, "2020-09-30": 93.6, "2020-06-30": 75.3, "2020-03-31": "95.80000", "2019-12-31": 38.4, "2019-09-30": 66, "2019-06-30": 79, "2019-03-31": "344.30000", "2018-12-31": 140.2, "2018-09-30": 83.2, "2018-06-30": 77.6, "2018-03-31": "81.30000", "2017-12-31": 231.9, "2017-09-30": 61.8, "2017-06-30": 77.4, "2017-03-31": "80.50000", "2016-12-31": 131.7, "2016-09-30": 75.8, "2016-06-30": 117.1, "2016-03-31": "76.40000", "2015-12-31": 88.7, "2015-09-30": 75, "2015-06-30": 86.4, "2015-03-31": "86.20000", "2014-12-31": 73.3, "2014-09-30": 91.3, "2014-06-30": 77.5, "2014-03-31": "75.90000", "2013-12-31": 151, "2013-09-30": 15.3, "2013-06-30": 68.1, "2013-03-31": "81.30000", "2012-12-31": 86.8, "2012-09-30": 82.7, "2012-06-30": 75.3, "2012-03-31": "93.40000", "2011-12-31": 80.6, "2011-09-30": 86.6, "2011-06-30": 84.7, "2011-03-31": "96.70000", "2010-12-31": 40.4, "2010-09-30": 87.5, "2010-06-30": 86.6, "2010-03-31": "88.60000", "2009-12-31": 2.7, "2009-09-30": 91.8, "2009-06-30": 74.6, "2009-03-31": "966.80000", "2008-12-31": -25.7, "2008-09-30": 91.4, "2008-06-30": 77.1, "2008-03-31": "83.80000", "2007-12-31": 63, "2007-09-30": 92.5, "2007-06-30": 64.5, "2007-03-31": "63.10000", "2006-12-31": 72.8, "2006-09-30": 66.9, "2006-06-30": 48.9, "2006-03-31": "54.60000", "2005-12-31": 119, "2005-09-30": 73.9, "2005-06-30": 51.9, "2005-03-31": "45.00000"}, "Change In Accounts Receivable": {"2020-12-31": 0, "2020-09-30": 0, "2020-06-30": 0, "2020-03-31": "", "2019-12-31": -42.2, "2019-09-30": 0, "2019-06-30": 0, "2019-03-31": "", "2018-12-31": -62.5, "2018-09-30": 0, "2018-06-30": 0, "2018-03-31": "", "2017-12-31": -141.2, "2017-09-30": 0, "2017-06-30": 0, "2017-03-31": "", "2016-12-31": -88.2, "2016-09-30": 0, "2016-06-30": 0, "2016-03-31": "", "2015-12-31": -135.9, "2015-09-30": 0, "2015-06-30": 0, "2015-03-31": "", "2014-12-31": -65.4, "2014-09-30": 0, "2014-06-30": 0, "2014-03-31": "", "2013-12-31": -136, "2013-09-30": 0, "2013-06-30": 0, "2013-03-31": "", "2012-12-31": -106.7, "2012-09-30": 0, "2012-06-30": 0, "2012-03-31": "", "2011-12-31": -43.6, "2011-09-30": 0, "2011-06-30": 0, "2011-03-31": "", "2010-12-31": -87.6, "2010-09-30": 0, "2010-06-30": 0, "2010-03-31": "", "2009-12-31": 95.7, "2009-09-30": 0, "2009-06-30": 0, "2009-03-31": "", "2008-12-31": 57.7, "2008-09-30": 0, "2008-06-30": 0, "2008-03-31": "", "2007-12-31": -17.7, "2007-09-30": 0, "2007-06-30": 0, "2007-03-31": "", "2006-12-31": -34.1, "2006-09-30": 0, "2006-06-30": 0, "2006-03-31": "", "2005-12-31": -43.9, "2005-09-30": 0, "2005-06-30": 0, "2005-03-31": ""}, "Change In Inventories": {"2020-12-31": 0, "2020-09-30": 0, "2020-06-30": 0, "2020-03-31": "", "2019-12-31": -18.1, "2019-09-30": 0, "2019-06-30": 0, "2019-03-31": "", "2018-12-31": -70.5, "2018-09-30": 0, "2018-06-30": 0, "2018-03-31": "", "2017-12-31": -14.9, "2017-09-30": 0, "2017-06-30": 0, "2017-03-31": "", "2016-12-31": -19.6, "2016-09-30": 0, "2016-06-30": 0, "2016-03-31": "", "2015-12-31": -34.4, "2015-09-30": 0, "2015-06-30": 0, "2015-03-31": "", "2014-12-31": -33, "2014-09-30": 0, "2014-06-30": 0, "2014-03-31": "", "2013-12-31": -75.9, "2013-09-30": 0, "2013-06-30": 0, "2013-03-31": "", "2012-12-31": -0.8, "2012-09-30": 0, "2012-06-30": 0, "2012-03-31": "", "2011-12-31": -22.2, "2011-09-30": 0, "2011-06-30": 0, "2011-03-31": "", "2010-12-31": -35.6, "2010-09-30": 0, "2010-06-30": 0, "2010-03-31": "", "2009-12-31": 133.3, "2009-09-30": 0, "2009-06-30": 0, "2009-03-31": "", "2008-12-31": 16.5, "2008-09-30": 0, "2008-06-30": 0, "2008-03-31": "", "2007-12-31": -5.3, "2007-09-30": 0, "2007-06-30": 0, "2007-03-31": "", "2006-12-31": -24.6, "2006-09-30": 0, "2006-06-30": 0, "2006-03-31": "", "2005-12-31": -12.4, "2005-09-30": 0, "2005-06-30": 0, "2005-03-31": ""}, "Change In Accounts Payable": {"2020-12-31": 0, "2020-09-30": 0, "2020-06-30": 0, "2020-03-31": "", "2019-12-31": 46.4, "2019-09-30": 0, "2019-06-30": 0, "2019-03-31": "", "2018-12-31": 43.6, "2018-09-30": 0, "2018-06-30": 0, "2018-03-31": "", "2017-12-31": 83.4, "2017-09-30": 0, "2017-06-30": 0, "2017-03-31": "", "2016-12-31": 31.6, "2016-09-30": 0, "2016-06-30": 0, "2016-03-31": "", "2015-12-31": 65.5, "2015-09-30": 0, "2015-06-30": 0, "2015-03-31": "", "2014-12-31": -62.8, "2014-09-30": 0, "2014-06-30": 0, "2014-03-31": "", "2013-12-31": 108.2, "2013-09-30": 0, "2013-06-30": 0, "2013-03-31": "", "2012-12-31": 0, "2012-09-30": 0, "2012-06-30": 0, "2012-03-31": "", "2011-12-31": 0, "2011-09-30": 0, "2011-06-30": 0, "2011-03-31": "", "2010-12-31": 0, "2010-09-30": 0, "2010-06-30": 0, "2010-03-31": "", "2009-12-31": 0, "2009-09-30": 0, "2009-06-30": 0, "2009-03-31": "", "2008-12-31": 0, "2008-09-30": 0, "2008-06-30": 0, "2008-03-31": "", "2007-12-31": 0, "2007-09-30": 0, "2007-06-30": 0, "2007-03-31": "", "2006-12-31": 0, "2006-09-30": 0, "2006-06-30": 0, "2006-03-31": "", "2005-12-31": 0, "2005-09-30": 0, "2005-06-30": 0, "2005-03-31": ""}, "Change In Assets/Liabilities": {"2020-12-31": 34.7, "2020-09-30": 13.7, "2020-06-30": 24.6, "2020-03-31": "-225.60000", "2019-12-31": 87.1, "2019-09-30": 17.6, "2019-06-30": -19, "2019-03-31": "-162.00000", "2018-12-31": 157.8, "2018-09-30": -254.5, "2018-06-30": 20.3, "2018-03-31": "-190.50000", "2017-12-31": 126.6, "2017-09-30": 44.2, "2017-06-30": -36.6, "2017-03-31": "-178.80000", "2016-12-31": 80.6, "2016-09-30": -15.2, "2016-06-30": 25.2, "2016-03-31": "-172.30000", "2015-12-31": 167.3, "2015-09-30": -44.9, "2015-06-30": 15.7, "2015-03-31": "-153.50000", "2014-12-31": 174.9, "2014-09-30": 38.3, "2014-06-30": -2.2, "2014-03-31": "-255.10000", "2013-12-31": 160.8, "2013-09-30": -12.8, "2013-06-30": -24.5, "2013-03-31": "-204.80000", "2012-12-31": 116.8, "2012-09-30": 32.1, "2012-06-30": -109.2, "2012-03-31": "-126.60000", "2011-12-31": 291.7, "2011-09-30": 78.8, "2011-06-30": -135.7, "2011-03-31": "-259.00000", "2010-12-31": 77.2, "2010-09-30": -11.2, "2010-06-30": 0.6, "2010-03-31": "-171.20000", "2009-12-31": 22.6, "2009-09-30": 29.8, "2009-06-30": 2.4, "2009-03-31": "-51.90000", "2008-12-31": 47.8, "2008-09-30": 39.5, "2008-06-30": -36.8, "2008-03-31": "-96.20000", "2007-12-31": 155.4, "2007-09-30": 23.4, "2007-06-30": -31.7, "2007-03-31": "-130.30000", "2006-12-31": 7.8, "2006-09-30": 75, "2006-06-30": -49.6, "2006-03-31": "-101.60000", "2005-12-31": 98.4, "2005-09-30": 40.3, "2005-06-30": -50.5, "2005-03-31": "-105.40000"}, "Total Change In Assets/Liabilities": {"2020-12-31": 34.7, "2020-09-30": 13.7, "2020-06-30": 24.6, "2020-03-31": "-225.60000", "2019-12-31": 78.6, "2019-09-30": 17.6, "2019-06-30": -19, "2019-03-31": "-162.00000", "2018-12-31": 32.9, "2018-09-30": -254.5, "2018-06-30": 20.3, "2018-03-31": "-190.50000", "2017-12-31": 83.5, "2017-09-30": 44.2, "2017-06-30": -36.6, "2017-03-31": "-178.80000", "2016-12-31": 22.7, "2016-09-30": -15.2, "2016-06-30": 25.2, "2016-03-31": "-172.30000", "2015-12-31": 45.8, "2015-09-30": -44.9, "2015-06-30": 15.7, "2015-03-31": "-153.50000", "2014-12-31": 10.8, "2014-09-30": 38.3, "2014-06-30": -2.2, "2014-03-31": "-255.10000", "2013-12-31": 32.8, "2013-09-30": -12.8, "2013-06-30": -24.5, "2013-03-31": "-204.80000", "2012-12-31": 163.5, "2012-09-30": 32.1, "2012-06-30": -109.2, "2012-03-31": "-126.60000", "2011-12-31": 199.9, "2011-09-30": 78.8, "2011-06-30": -135.7, "2011-03-31": "-259.00000", "2010-12-31": 48.5, "2010-09-30": -11.2, "2010-06-30": 0.6, "2010-03-31": "-171.20000", "2009-12-31": 199.5, "2009-09-30": 29.8, "2009-06-30": 2.4, "2009-03-31": "-51.90000", "2008-12-31": 140.5, "2008-09-30": 39.5, "2008-06-30": -36.8, "2008-03-31": "-96.20000", "2007-12-31": 51.4, "2007-09-30": 23.4, "2007-06-30": -31.7, "2007-03-31": "-130.30000", "2006-12-31": -29.4, "2006-09-30": 75, "2006-06-30": -49.6, "2006-03-31": "-101.60000", "2005-12-31": 40.6, "2005-09-30": 40.3, "2005-06-30": -50.5, "2005-03-31": "-105.40000"}, "Cash Flow From Operating Activities": {"2020-12-31": 309.5, "2020-09-30": 257.8, "2020-06-30": 179.6, "2020-03-31": "4.40000", "2019-12-31": 279.5, "2019-09-30": 228.2, "2019-06-30": 203.4, "2019-03-31": "35.40000", "2018-12-31": 270.2, "2018-09-30": -21.8, "2018-06-30": 193.5, "2018-03-31": "16.00000", "2017-12-31": 255.8, "2017-09-30": 214.3, "2017-06-30": 161.7, "2017-03-31": "13.90000", "2016-12-31": 216.4, "2016-09-30": 149.7, "2016-06-30": 222.3, "2016-03-31": "-6.30000", "2015-12-31": 191.5, "2015-09-30": 111.8, "2015-06-30": 165.8, "2015-03-31": "4.60000", "2014-12-31": 154.7, "2014-09-30": 190.4, "2014-06-30": 117.8, "2014-03-31": "-108.00000", "2013-12-31": 223.9, "2013-09-30": 49, "2013-06-30": 112.4, "2013-03-31": "-65.70000", "2012-12-31": 299.3, "2012-09-30": 173.1, "2012-06-30": 30.3, "2012-03-31": "10.70000", "2011-12-31": 302.7, "2011-09-30": 215.2, "2011-06-30": 22.3, "2011-03-31": "-117.50000", "2010-12-31": 203.1, "2010-09-30": 140.5, "2010-06-30": 171, "2010-03-31": "-27.90000", "2009-12-31": 252.1, "2009-09-30": 184.1, "2009-06-30": 116.8, "2009-03-31": "16.00000", "2008-12-31": 157.4, "2008-09-30": 193.6, "2008-06-30": 132.7, "2008-03-31": "56.00000", "2007-12-31": 193.8, "2007-09-30": 174.7, "2007-06-30": 119, "2007-03-31": "11.90000", "2006-12-31": 150.9, "2006-09-30": 226.9, "2006-06-30": 111.3, "2006-03-31": "21.70000", "2005-12-31": 153.1, "2005-09-30": 200.4, "2005-06-30": 90.8, "2005-03-31": "-2.70000"}, "Net Change In Property, Plant, And Equipment": {"2020-12-31": -104.1, "2020-09-30": -30.5, "2020-06-30": -35.4, "2020-03-31": "-39.40000", "2019-12-31": -96.8, "2019-09-30": -67.2, "2019-06-30": -45.4, "2019-03-31": "-40.00000", "2018-12-31": -102.4, "2018-09-30": -60.7, "2018-06-30": -48.1, "2018-03-31": "-36.00000", "2017-12-31": -88.2, "2017-09-30": -50.7, "2017-06-30": -44, "2017-03-31": "-37.20000", "2016-12-31": -80.9, "2016-09-30": -53, "2016-06-30": -37.1, "2016-03-31": "-27.10000", "2015-12-31": -52.4, "2015-09-30": -33.9, "2015-06-30": -33.7, "2015-03-31": "-23.90000", "2014-12-31": -52, "2014-09-30": -37.4, "2014-06-30": -33.8, "2014-03-31": "-47.50000", "2013-12-31": -59.8, "2013-09-30": -34.2, "2013-06-30": -19.8, "2013-03-31": "-28.90000", "2012-12-31": -61.3, "2012-09-30": -33, "2012-06-30": -23.8, "2012-03-31": "-36.00000", "2011-12-31": -35.8, "2011-09-30": -26, "2011-06-30": -37.5, "2011-03-31": "-31.70000", "2010-12-31": -41.4, "2010-09-30": -29.4, "2010-06-30": -18.6, "2010-03-31": "-19.20000", "2009-12-31": -34.2, "2009-09-30": -21.5, "2009-06-30": -21.4, "2009-03-31": "-23.20000", "2008-12-31": -34.5, "2008-09-30": -44.9, "2008-06-30": -47.2, "2008-03-31": "-54.90000", "2007-12-31": -78.6, "2007-09-30": -52.5, "2007-06-30": -52.3, "2007-03-31": "-71.40000", "2006-12-31": -60.5, "2006-09-30": -38.6, "2006-06-30": -35.9, "2006-03-31": "-60.30000", "2005-12-31": -55.6, "2005-09-30": -45.9, "2005-06-30": -38, "2005-03-31": "-48.80000"}, "Net Change In Intangible Assets": {"2020-12-31": 0, "2020-09-30": 0, "2020-06-30": 0, "2020-03-31": "", "2019-12-31": 0, "2019-09-30": 0, "2019-06-30": 0, "2019-03-31": "", "2018-12-31": 0, "2018-09-30": 0, "2018-06-30": 0, "2018-03-31": "", "2017-12-31": 0, "2017-09-30": 0, "2017-06-30": 0, "2017-03-31": "", "2016-12-31": 0, "2016-09-30": 0, "2016-06-30": 0, "2016-03-31": "", "2015-12-31": 0, "2015-09-30": 0, "2015-06-30": 0, "2015-03-31": "", "2014-12-31": 0, "2014-09-30": 0, "2014-06-30": 0, "2014-03-31": "", "2013-12-31": 0, "2013-09-30": 0, "2013-06-30": 0, "2013-03-31": "", "2012-12-31": 0, "2012-09-30": 0, "2012-06-30": 0, "2012-03-31": "", "2011-12-31": 0, "2011-09-30": 0, "2011-06-30": 0, "2011-03-31": "", "2010-12-31": 0, "2010-09-30": 0, "2010-06-30": 0, "2010-03-31": "", "2009-12-31": 0, "2009-09-30": 0, "2009-06-30": 0, "2009-03-31": "", "2008-12-31": 0, "2008-09-30": 0, "2008-06-30": 0, "2008-03-31": "", "2007-12-31": 0, "2007-09-30": 0, "2007-06-30": 0, "2007-03-31": "", "2006-12-31": 0, "2006-09-30": 0, "2006-06-30": 0, "2006-03-31": "", "2005-12-31": 0, "2005-09-30": 0, "2005-06-30": 0, "2005-03-31": ""}, "Net Acquisitions/Divestitures": {"2020-12-31": -87.6, "2020-09-30": -10, "2020-06-30": -6.9, "2020-03-31": "-245.90000", "2019-12-31": 0, "2019-09-30": 0, "2019-06-30": 0, "2019-03-31": "-6.50000", "2018-12-31": -3.6, "2018-09-30": -0.2, "2018-06-30": 0.1, "2018-03-31": "-0.10000", "2017-12-31": -9.8, "2017-09-30": -8.6, "2017-06-30": -226.3, "2017-03-31": "-74.60000", "2016-12-31": -9.7, "2016-09-30": -227.5, "2016-06-30": 0, "2016-03-31": "", "2015-12-31": 0, "2015-09-30": 0, "2015-06-30": 0, "2015-03-31": "", "2014-12-31": 0, "2014-09-30": 0, "2014-06-30": 0, "2014-03-31": "", "2013-12-31": -2.8, "2013-09-30": 484, "2013-06-30": 0, "2013-03-31": "", "2012-12-31": 0, "2012-09-30": 0, "2012-06-30": 0, "2012-03-31": "", "2011-12-31": 0, "2011-09-30": 0, "2011-06-30": 0, "2011-03-31": "", "2010-12-31": 0, "2010-09-30": 0, "2010-06-30": 0, "2010-03-31": "", "2009-12-31": 0, "2009-09-30": 0, "2009-06-30": 0, "2009-03-31": "", "2008-12-31": -0.6, "2008-09-30": -5.6, "2008-06-30": -125, "2008-03-31": "", "2007-12-31": -6.7, "2007-09-30": -1.1, "2007-06-30": -1284.1, "2007-03-31": "", "2006-12-31": -10.4, "2006-09-30": -13.2, "2006-06-30": 25, "2006-03-31": "4.30000", "2005-12-31": -0.1, "2005-09-30": -2.1, "2005-06-30": -0.6, "2005-03-31": ""}, "Net Change In Short-term Investments": {"2020-12-31": 0, "2020-09-30": 0, "2020-06-30": 0, "2020-03-31": "", "2019-12-31": 0, "2019-09-30": 0, "2019-06-30": 0, "2019-03-31": "", "2018-12-31": 0, "2018-09-30": 0, "2018-06-30": 0, "2018-03-31": "", "2017-12-31": 0, "2017-09-30": 0, "2017-06-30": 0, "2017-03-31": "", "2016-12-31": 0, "2016-09-30": 0, "2016-06-30": 0, "2016-03-31": "", "2015-12-31": 0, "2015-09-30": 0, "2015-06-30": 0, "2015-03-31": "", "2014-12-31": 0, "2014-09-30": 0, "2014-06-30": 0, "2014-03-31": "", "2013-12-31": 0, "2013-09-30": 0, "2013-06-30": 0, "2013-03-31": "", "2012-12-31": 0, "2012-09-30": 0, "2012-06-30": 0, "2012-03-31": "", "2011-12-31": 0, "2011-09-30": 0, "2011-06-30": 0, "2011-03-31": "", "2010-12-31": 0, "2010-09-30": 0, "2010-06-30": 0, "2010-03-31": "", "2009-12-31": 0, "2009-09-30": 0, "2009-06-30": 0, "2009-03-31": "", "2008-12-31": 0, "2008-09-30": 0, "2008-06-30": 0, "2008-03-31": "", "2007-12-31": 0, "2007-09-30": 0, "2007-06-30": 0, "2007-03-31": "", "2006-12-31": 0, "2006-09-30": 0, "2006-06-30": 0, "2006-03-31": "", "2005-12-31": 0, "2005-09-30": 0, "2005-06-30": 0, "2005-03-31": ""}, "Net Change In Long-Term Investments": {"2020-12-31": 0.4, "2020-09-30": 5.6, "2020-06-30": -0.1, "2020-03-31": "-0.30000", "2019-12-31": 1.4, "2019-09-30": -0.8, "2019-06-30": -0.2, "2019-03-31": "4.50000", "2018-12-31": 0.9, "2018-09-30": 15.6, "2018-06-30": 1.7, "2018-03-31": "0.30000", "2017-12-31": -1.9, "2017-09-30": -0.6, "2017-06-30": -2.6, "2017-03-31": "1.20000", "2016-12-31": 3.9, "2016-09-30": -0.8, "2016-06-30": 3.8, "2016-03-31": "-3.80000", "2015-12-31": -0.3, "2015-09-30": 0.1, "2015-06-30": 0.1, "2015-03-31": "-0.40000", "2014-12-31": 0.3, "2014-09-30": -0.1, "2014-06-30": 0, "2014-03-31": "0.10000", "2013-12-31": -0.5, "2013-09-30": 0.5, "2013-06-30": 0, "2013-03-31": "0.10000", "2012-12-31": -11.3, "2012-09-30": 0.4, "2012-06-30": 1.5, "2012-03-31": "2.70000", "2011-12-31": 1.3, "2011-09-30": -0.3, "2011-06-30": 0.1, "2011-03-31": "-0.80000", "2010-12-31": 0.6, "2010-09-30": -0.2, "2010-06-30": 0.1, "2010-03-31": "0.30000", "2009-12-31": -0.8, "2009-09-30": 0.2, "2009-06-30": -0.5, "2009-03-31": "0.60000", "2008-12-31": 1, "2008-09-30": 3.2, "2008-06-30": 13, "2008-03-31": "", "2007-12-31": 0, "2007-09-30": 0, "2007-06-30": 0, "2007-03-31": "", "2006-12-31": 16.3, "2006-09-30": 0, "2006-06-30": 0, "2006-03-31": "", "2005-12-31": 0, "2005-09-30": 0, "2005-06-30": 0, "2005-03-31": ""}, "Net Change In Investments - Total": {"2020-12-31": 0.4, "2020-09-30": 5.6, "2020-06-30": -0.1, "2020-03-31": "-0.30000", "2019-12-31": 1.4, "2019-09-30": -0.8, "2019-06-30": -0.2, "2019-03-31": "4.50000", "2018-12-31": 0.9, "2018-09-30": 15.6, "2018-06-30": 1.7, "2018-03-31": "0.30000", "2017-12-31": -1.9, "2017-09-30": -0.6, "2017-06-30": -2.6, "2017-03-31": "1.20000", "2016-12-31": 3.9, "2016-09-30": -0.8, "2016-06-30": 3.8, "2016-03-31": "-3.80000", "2015-12-31": -0.3, "2015-09-30": 0.1, "2015-06-30": 0.1, "2015-03-31": "-0.40000", "2014-12-31": 0.3, "2014-09-30": -0.1, "2014-06-30": 0, "2014-03-31": "0.10000", "2013-12-31": -0.5, "2013-09-30": 0.5, "2013-06-30": 0, "2013-03-31": "0.10000", "2012-12-31": -11.3, "2012-09-30": 0.4, "2012-06-30": 1.5, "2012-03-31": "2.70000", "2011-12-31": 1.3, "2011-09-30": -0.3, "2011-06-30": 0.1, "2011-03-31": "-0.80000", "2010-12-31": 0.6, "2010-09-30": -0.2, "2010-06-30": 0.1, "2010-03-31": "0.30000", "2009-12-31": -0.8, "2009-09-30": 0.2, "2009-06-30": -0.5, "2009-03-31": "0.60000", "2008-12-31": 1, "2008-09-30": 3.2, "2008-06-30": 13, "2008-03-31": "", "2007-12-31": 0, "2007-09-30": 0, "2007-06-30": 0, "2007-03-31": "", "2006-12-31": 16.3, "2006-09-30": 0, "2006-06-30": 0, "2006-03-31": "", "2005-12-31": 0, "2005-09-30": 0, "2005-06-30": 0, "2005-03-31": ""}, "Investing Activities - Other": {"2020-12-31": 0, "2020-09-30": 0, "2020-06-30": 0, "2020-03-31": "", "2019-12-31": 0, "2019-09-30": 0, "2019-06-30": 0, "2019-03-31": "", "2018-12-31": 0, "2018-09-30": 0, "2018-06-30": 0, "2018-03-31": "", "2017-12-31": 0, "2017-09-30": 0, "2017-06-30": 0, "2017-03-31": "", "2016-12-31": 0, "2016-09-30": 0, "2016-06-30": 0, "2016-03-31": "", "2015-12-31": 0, "2015-09-30": 0, "2015-06-30": 1.5, "2015-03-31": "", "2014-12-31": 0, "2014-09-30": 0, "2014-06-30": 0, "2014-03-31": "", "2013-12-31": 0, "2013-09-30": 0, "2013-06-30": 0.8, "2013-03-31": "", "2012-12-31": 0, "2012-09-30": 0, "2012-06-30": 0.8, "2012-03-31": "", "2011-12-31": 21.5, "2011-09-30": 5, "2011-06-30": 0, "2011-03-31": "", "2010-12-31": 0, "2010-09-30": 0, "2010-06-30": 0, "2010-03-31": "", "2009-12-31": 0, "2009-09-30": 0, "2009-06-30": -5, "2009-03-31": "", "2008-12-31": -5, "2008-09-30": 1.9, "2008-06-30": 4.6, "2008-03-31": "0.50000", "2007-12-31": 0.9, "2007-09-30": 0.2, "2007-06-30": 0.7, "2007-03-31": "1.70000", "2006-12-31": 13.2, "2006-09-30": 5.1, "2006-06-30": 0.2, "2006-03-31": "-0.10000", "2005-12-31": -0.1, "2005-09-30": 3, "2005-06-30": 9.6, "2005-03-31": "11.00000"}, "Cash Flow From Investing Activities": {"2020-12-31": -191.3, "2020-09-30": -34.9, "2020-06-30": -42.4, "2020-03-31": "-285.60000", "2019-12-31": -95.4, "2019-09-30": -68, "2019-06-30": -45.6, "2019-03-31": "-42.00000", "2018-12-31": -105.1, "2018-09-30": -45.3, "2018-06-30": -46.3, "2018-03-31": "-35.80000", "2017-12-31": -99.9, "2017-09-30": -59.9, "2017-06-30": -272.9, "2017-03-31": "-110.60000", "2016-12-31": -86.7, "2016-09-30": -281.3, "2016-06-30": -33.3, "2016-03-31": "-30.90000", "2015-12-31": -52.7, "2015-09-30": -33.8, "2015-06-30": -32.1, "2015-03-31": "-24.30000", "2014-12-31": -51.7, "2014-09-30": -37.5, "2014-06-30": -33.8, "2014-03-31": "-47.40000", "2013-12-31": -63.1, "2013-09-30": 450.3, "2013-06-30": -19, "2013-03-31": "-28.80000", "2012-12-31": -72.6, "2012-09-30": -32.6, "2012-06-30": -21.5, "2012-03-31": "-33.30000", "2011-12-31": -13, "2011-09-30": -21.3, "2011-06-30": -37.4, "2011-03-31": "-32.50000", "2010-12-31": -40.8, "2010-09-30": -29.6, "2010-06-30": -18.5, "2010-03-31": "-18.90000", "2009-12-31": -35, "2009-09-30": -21.3, "2009-06-30": -26.9, "2009-03-31": "-22.60000", "2008-12-31": -39.1, "2008-09-30": -45.4, "2008-06-30": -154.6, "2008-03-31": "-54.40000", "2007-12-31": -84.4, "2007-09-30": -53.4, "2007-06-30": -1335.7, "2007-03-31": "-69.70000", "2006-12-31": -41.4, "2006-09-30": -46.7, "2006-06-30": -10.7, "2006-03-31": "-56.10000", "2005-12-31": -55.8, "2005-09-30": -45, "2005-06-30": -29, "2005-03-31": "-37.80000"}, "Net Long-Term Debt": {"2020-12-31": -1.3, "2020-09-30": -93.8, "2020-06-30": -674.7, "2020-03-31": "993.30000", "2019-12-31": -0.9, "2019-09-30": -114.1, "2019-06-30": 98.2, "2019-03-31": "-1.80000", "2018-12-31": 491.3, "2018-09-30": -110, "2018-06-30": 106.6, "2018-03-31": "-1.00000", "2017-12-31": -235, "2017-09-30": -1, "2017-06-30": -0.8, "2017-03-31": "525.90000", "2016-12-31": -0.8, "2016-09-30": -0.7, "2016-06-30": -0.7, "2016-03-31": "-0.50000", "2015-12-31": 108.6, "2015-09-30": -94.7, "2015-06-30": -21.1, "2015-03-31": "-0.20000", "2014-12-31": -0.5, "2014-09-30": -0.3, "2014-06-30": -0.4, "2014-03-31": "-0.40000", "2013-12-31": -0.5, "2013-09-30": -0.6, "2013-06-30": 249.5, "2013-03-31": "-0.30000", "2012-12-31": -0.4, "2012-09-30": -0.6, "2012-06-30": -0.2, "2012-03-31": "-0.60000", "2011-12-31": -0.2, "2011-09-30": -0.3, "2011-06-30": -0.3, "2011-03-31": "-0.70000", "2010-12-31": -0.5, "2010-09-30": -0.5, "2010-06-30": -165.8, "2010-03-31": "75.40000", "2009-12-31": -15.1, "2009-09-30": -19.8, "2009-06-30": -15.3, "2009-03-31": "-58.10000", "2008-12-31": -50, "2008-09-30": -0.4, "2008-06-30": -0.2, "2008-03-31": "400.00000", "2007-12-31": 399.9, "2007-09-30": 78.6, "2007-06-30": -11.6, "2007-03-31": "-0.10000", "2006-12-31": 0, "2006-09-30": -0.9, "2006-06-30": -0.3, "2006-03-31": "-1.10000", "2005-12-31": -77.4, "2005-09-30": -3.3, "2005-06-30": 1.9, "2005-03-31": "-59.90000"}, "Net Current Debt": {"2020-12-31": -53.3, "2020-09-30": -57.1, "2020-06-30": 106, "2020-03-31": "-106.00000", "2019-12-31": -74.2, "2019-09-30": 68.9, "2019-06-30": -155.4, "2019-03-31": "155.40000", "2018-12-31": -379, "2018-09-30": 301.4, "2018-06-30": -104.3, "2018-03-31": "104.30000", "2017-12-31": 130.9, "2017-09-30": -60.6, "2017-06-30": 97.3, "2017-03-31": "-256.80000", "2016-12-31": -7.1, "2016-09-30": 137.4, "2016-06-30": -64.8, "2016-03-31": "169.40000", "2015-12-31": -98.4, "2015-09-30": 0, "2015-06-30": -64.2, "2015-03-31": "64.20000", "2014-12-31": 40.2, "2014-09-30": -58.7, "2014-06-30": 54.6, "2014-03-31": "90.40000", "2013-12-31": -37, "2013-09-30": -321, "2013-06-30": -212.4, "2013-03-31": "135.10000", "2012-12-31": -153.1, "2012-09-30": 0.2, "2012-06-30": 61.1, "2012-03-31": "134.10000", "2011-12-31": -203.5, "2011-09-30": -173.6, "2011-06-30": 44.8, "2011-03-31": "185.90000", "2010-12-31": -62.7, "2010-09-30": -83.8, "2010-06-30": 48.1, "2010-03-31": "", "2009-12-31": -134.2, "2009-09-30": -123.5, "2009-06-30": -24.4, "2009-03-31": "89.80000", "2008-12-31": -3.8, "2008-09-30": -101.2, "2008-06-30": 75.7, "2008-03-31": "-360.80000", "2007-12-31": -470.9, "2007-09-30": -160.8, "2007-06-30": 1284.8, "2007-03-31": "139.10000", "2006-12-31": 63, "2006-09-30": -145.1, "2006-06-30": -64.2, "2006-03-31": "8.50000", "2005-12-31": 74.3, "2005-09-30": -71.3, "2005-06-30": -48.4, "2005-03-31": "103.60000"}, "Debt Issuance/Retirement Net - Total": {"2020-12-31": -54.6, "2020-09-30": -150.9, "2020-06-30": -568.7, "2020-03-31": "887.30000", "2019-12-31": -75.1, "2019-09-30": -45.2, "2019-06-30": -57.2, "2019-03-31": "153.60000", "2018-12-31": 112.3, "2018-09-30": 191.4, "2018-06-30": 2.3, "2018-03-31": "103.30000", "2017-12-31": -104.1, "2017-09-30": -61.6, "2017-06-30": 96.5, "2017-03-31": "269.10000", "2016-12-31": -7.9, "2016-09-30": 136.7, "2016-06-30": -65.5, "2016-03-31": "168.90000", "2015-12-31": 10.2, "2015-09-30": -94.7, "2015-06-30": -85.3, "2015-03-31": "64.00000", "2014-12-31": 39.7, "2014-09-30": -59, "2014-06-30": 54.2, "2014-03-31": "90.00000", "2013-12-31": -37.5, "2013-09-30": -321.6, "2013-06-30": 37.1, "2013-03-31": "134.80000", "2012-12-31": -153.5, "2012-09-30": -0.4, "2012-06-30": 60.9, "2012-03-31": "133.50000", "2011-12-31": -203.7, "2011-09-30": -173.9, "2011-06-30": 44.5, "2011-03-31": "185.20000", "2010-12-31": -63.2, "2010-09-30": -84.3, "2010-06-30": -117.7, "2010-03-31": "75.40000", "2009-12-31": -149.3, "2009-09-30": -143.3, "2009-06-30": -39.7, "2009-03-31": "31.70000", "2008-12-31": -53.8, "2008-09-30": -101.6, "2008-06-30": 75.5, "2008-03-31": "39.20000", "2007-12-31": -71, "2007-09-30": -82.2, "2007-06-30": 1273.2, "2007-03-31": "139.00000", "2006-12-31": 63, "2006-09-30": -146, "2006-06-30": -64.5, "2006-03-31": "7.40000", "2005-12-31": -3.1, "2005-09-30": -74.6, "2005-06-30": -46.5, "2005-03-31": "43.70000"}, "Net Common Equity Issued/Repurchased": {"2020-12-31": -52.1, "2020-09-30": -7, "2020-06-30": 0, "2020-03-31": "-45.20000", "2019-12-31": -33.4, "2019-09-30": -87.7, "2019-06-30": -27.9, "2019-03-31": "-88.70000", "2018-12-31": -217.8, "2018-09-30": -72.2, "2018-06-30": -51.3, "2018-03-31": "-51.60000", "2017-12-31": -42.6, "2017-09-30": -34.3, "2017-06-30": -34.6, "2017-03-31": "-18.20000", "2016-12-31": -144.3, "2016-09-30": 0.6, "2016-06-30": -39.1, "2016-03-31": "-79.60000", "2015-12-31": -98.2, "2015-09-30": -29.9, "2015-06-30": 17.6, "2015-03-31": "-17.80000", "2014-12-31": -96.6, "2014-09-30": -89.7, "2014-06-30": -88.3, "2014-03-31": "-46.70000", "2013-12-31": -55.1, "2013-09-30": -67.1, "2013-06-30": -81.1, "2013-03-31": "-35.40000", "2012-12-31": -2.4, "2012-09-30": -85.1, "2012-06-30": -69.2, "2012-03-31": "-68.30000", "2011-12-31": 0, "2011-09-30": 0.9, "2011-06-30": 1.1, "2011-03-31": "-11.60000", "2010-12-31": -108.3, "2010-09-30": 0.5, "2010-06-30": 0.6, "2010-03-31": "1.00000", "2009-12-31": 0.6, "2009-09-30": -0.2, "2009-06-30": 0, "2009-03-31": "0.20000", "2008-12-31": 0.4, "2008-09-30": -9.4, "2008-06-30": 0.4, "2008-03-31": "1.50000", "2007-12-31": 3.7, "2007-09-30": 3.9, "2007-06-30": 10.2, "2007-03-31": "-42.90000", "2006-12-31": -128, "2006-09-30": 5.8, "2006-06-30": 12.8, "2006-03-31": "5.80000", "2005-12-31": -34.6, "2005-09-30": 1.7, "2005-06-30": 0.4, "2005-03-31": "2.70000"}, "Net Total Equity Issued/Repurchased": {"2020-12-31": -52.1, "2020-09-30": -7, "2020-06-30": 0, "2020-03-31": "-45.20000", "2019-12-31": -33.4, "2019-09-30": -87.7, "2019-06-30": -27.9, "2019-03-31": "-88.70000", "2018-12-31": -217.8, "2018-09-30": -72.2, "2018-06-30": -51.3, "2018-03-31": "-51.60000", "2017-12-31": -42.6, "2017-09-30": -34.3, "2017-06-30": -34.6, "2017-03-31": "-18.20000", "2016-12-31": -144.3, "2016-09-30": 0.6, "2016-06-30": -39.1, "2016-03-31": "-79.60000", "2015-12-31": -98.2, "2015-09-30": -29.9, "2015-06-30": 17.6, "2015-03-31": "-17.80000", "2014-12-31": -96.6, "2014-09-30": -89.7, "2014-06-30": -88.3, "2014-03-31": "-46.70000", "2013-12-31": -55.1, "2013-09-30": -67.1, "2013-06-30": -81.1, "2013-03-31": "-35.40000", "2012-12-31": -2.4, "2012-09-30": -85.1, "2012-06-30": -69.2, "2012-03-31": "-68.30000", "2011-12-31": 0, "2011-09-30": 0.9, "2011-06-30": 1.1, "2011-03-31": "-11.60000", "2010-12-31": -108.3, "2010-09-30": 0.5, "2010-06-30": 0.6, "2010-03-31": "1.00000", "2009-12-31": 0.6, "2009-09-30": -0.2, "2009-06-30": 0, "2009-03-31": "0.20000", "2008-12-31": 0.4, "2008-09-30": -9.4, "2008-06-30": 0.4, "2008-03-31": "1.50000", "2007-12-31": 3.7, "2007-09-30": 3.9, "2007-06-30": 10.2, "2007-03-31": "-42.90000", "2006-12-31": -128, "2006-09-30": 5.8, "2006-06-30": 12.8, "2006-03-31": "5.80000", "2005-12-31": -34.6, "2005-09-30": 1.7, "2005-06-30": 0.4, "2005-03-31": "2.70000"}, "Total Common And Preferred Stock Dividends Paid": {"2020-12-31": -51.6, "2020-09-30": -48.4, "2020-06-30": -48.4, "2020-03-31": "-48.40000", "2019-12-31": -48.4, "2019-09-30": -48.6, "2019-06-30": -48.8, "2019-03-31": "-43.90000", "2018-12-31": -44.4, "2018-09-30": -45.3, "2018-06-30": -45.7, "2018-03-31": "-39.60000", "2017-12-31": -39.7, "2017-09-30": -39.6, "2017-06-30": -39.8, "2017-03-31": "-36.40000", "2016-12-31": -36.3, "2016-09-30": -36.6, "2016-06-30": -36.6, "2016-03-31": "-33.00000", "2015-12-31": -33.5, "2015-09-30": -33.9, "2015-06-30": -33.9, "2015-03-31": "-31.80000", "2014-12-31": -31.7, "2014-09-30": -32.5, "2014-06-30": -33.1, "2014-03-31": "-27.80000", "2013-12-31": -27.9, "2013-09-30": -28.4, "2013-06-30": -28.6, "2013-03-31": "-27.10000", "2012-12-31": -26.9, "2012-09-30": -27.2, "2012-06-30": -27.9, "2012-03-31": "-28.40000", "2011-12-31": -26.5, "2011-09-30": -26.6, "2011-06-30": -26.7, "2011-03-31": "-26.70000", "2010-12-31": -22.2, "2010-09-30": -22, "2010-06-30": -22.1, "2010-03-31": "-22.40000", "2009-12-31": -22.6, "2009-09-30": -22.7, "2009-06-30": -45.9, "2009-03-31": "-43.70000", "2008-12-31": -43.6, "2008-09-30": -43.8, "2008-06-30": -43.8, "2008-03-31": "-43.80000", "2007-12-31": -43.8, "2007-09-30": -42.6, "2007-06-30": -42.7, "2007-03-31": "-42.70000", "2006-12-31": -43.3, "2006-09-30": -42.8, "2006-06-30": -42.9, "2006-03-31": "-42.80000", "2005-12-31": -42.8, "2005-09-30": -42, "2005-06-30": -42, "2005-03-31": "-41.90000"}, "Financial Activities - Other": {"2020-12-31": 0.3, "2020-09-30": 0.5, "2020-06-30": -0.5, "2020-03-31": "-20.00000", "2019-12-31": 0, "2019-09-30": 3, "2019-06-30": -0.3, "2019-03-31": "-21.70000", "2018-12-31": -0.3, "2018-09-30": 0, "2018-06-30": -15.3, "2018-03-31": "-33.90000", "2017-12-31": 21.7, "2017-09-30": -0.3, "2017-06-30": -0.2, "2017-03-31": "-19.80000", "2016-12-31": 70.9, "2016-09-30": 4, "2016-06-30": 0.8, "2016-03-31": "-9.20000", "2015-12-31": 1.1, "2015-09-30": 2.8, "2015-06-30": 4.4, "2015-03-31": "-8.40000", "2014-12-31": 0.4, "2014-09-30": 0.3, "2014-06-30": 0.5, "2014-03-31": "-3.20000", "2013-12-31": 0.4, "2013-09-30": -0.6, "2013-06-30": -1.9, "2013-03-31": "-6.20000", "2012-12-31": -0.4, "2012-09-30": -0.1, "2012-06-30": 0, "2012-03-31": "-2.20000", "2011-12-31": -1.8, "2011-09-30": -0.3, "2011-06-30": 0, "2011-03-31": "-5.40000", "2010-12-31": 0.5, "2010-09-30": 1.5, "2010-06-30": -7.3, "2010-03-31": "-1.50000", "2009-12-31": 0.2, "2009-09-30": 2, "2009-06-30": 2.9, "2009-03-31": "-2.90000", "2008-12-31": 6.1, "2008-09-30": 2.8, "2008-06-30": 3.1, "2008-03-31": "2.30000", "2007-12-31": -4.2, "2007-09-30": -0.4, "2007-06-30": -6, "2007-03-31": "3.90000", "2006-12-31": 5.5, "2006-09-30": 4.2, "2006-06-30": 4, "2006-03-31": "4.00000", "2005-12-31": 6.1, "2005-09-30": 4, "2005-06-30": 4.4, "2005-03-31": "4.00000"}, "Cash Flow From Financial Activities": {"2020-12-31": -158, "2020-09-30": -205.8, "2020-06-30": -617.6, "2020-03-31": "773.70000", "2019-12-31": -156.9, "2019-09-30": -178.5, "2019-06-30": -134.2, "2019-03-31": "-0.70000", "2018-12-31": -150.2, "2018-09-30": 73.9, "2018-06-30": -110, "2018-03-31": "-21.80000", "2017-12-31": -164.7, "2017-09-30": -135.8, "2017-06-30": 21.9, "2017-03-31": "194.70000", "2016-12-31": -117.6, "2016-09-30": 104.7, "2016-06-30": -140.4, "2016-03-31": "47.10000", "2015-12-31": -120.4, "2015-09-30": -155.7, "2015-06-30": -97.2, "2015-03-31": "6.00000", "2014-12-31": -88.2, "2014-09-30": -180.9, "2014-06-30": -66.7, "2014-03-31": "12.30000", "2013-12-31": -120.1, "2013-09-30": -417.7, "2013-06-30": -74.5, "2013-03-31": "66.10000", "2012-12-31": -183.2, "2012-09-30": -112.8, "2012-06-30": -36.2, "2012-03-31": "34.60000", "2011-12-31": -232, "2011-09-30": -199.9, "2011-06-30": 18.9, "2011-03-31": "141.50000", "2010-12-31": -193.2, "2010-09-30": -104.3, "2010-06-30": -146.5, "2010-03-31": "52.50000", "2009-12-31": -171.1, "2009-09-30": -164.2, "2009-06-30": -82.7, "2009-03-31": "-14.70000", "2008-12-31": -90.9, "2008-09-30": -152, "2008-06-30": 35.2, "2008-03-31": "-0.80000", "2007-12-31": -115.3, "2007-09-30": -121.3, "2007-06-30": 1234.7, "2007-03-31": "57.30000", "2006-12-31": -102.8, "2006-09-30": -178.8, "2006-06-30": -90.6, "2006-03-31": "-25.60000", "2005-12-31": -74.4, "2005-09-30": -110.9, "2005-06-30": -83.7, "2005-03-31": "8.50000"}, "Net Cash Flow": {"2020-12-31": -32.4, "2020-09-30": 22.1, "2020-06-30": -479.4, "2020-03-31": "488.30000", "2019-12-31": 29.5, "2019-09-30": -23.1, "2019-06-30": 21.6, "2019-03-31": "-6.30000", "2018-12-31": 14.4, "2018-09-30": 1.8, "2018-06-30": 28.3, "2018-03-31": "-36.90000", "2017-12-31": -7.9, "2017-09-30": 22.9, "2017-06-30": -85.5, "2017-03-31": "99.80000", "2016-12-31": 5.7, "2016-09-30": -26.7, "2016-06-30": 46.5, "2016-03-31": "10.80000", "2015-12-31": 15, "2015-09-30": -81.9, "2015-06-30": 36.7, "2015-03-31": "-18.20000", "2014-12-31": 12.1, "2014-09-30": -26.3, "2014-06-30": 16.8, "2014-03-31": "-146.50000", "2013-12-31": 41.5, "2013-09-30": 98, "2013-06-30": 3.9, "2013-03-31": "-27.70000", "2012-12-31": 44.7, "2012-09-30": 29.3, "2012-06-30": -29.3, "2012-03-31": "12.70000", "2011-12-31": 58.3, "2011-09-30": -5.7, "2011-06-30": 5, "2011-03-31": "-7.10000", "2010-12-31": -30.3, "2010-09-30": 8.9, "2010-06-30": 5.3, "2010-03-31": "5.50000", "2009-12-31": 46.2, "2009-09-30": 0, "2009-06-30": 8.9, "2009-03-31": "-22.50000", "2008-12-31": 24.2, "2008-09-30": -5.8, "2008-06-30": 13.9, "2008-03-31": "1.70000", "2007-12-31": -5.8, "2007-09-30": 0.7, "2007-06-30": 18.7, "2007-03-31": "-0.60000", "2006-12-31": 7.7, "2006-09-30": 1.7, "2006-06-30": 10, "2006-03-31": "-59.40000", "2005-12-31": 23, "2005-09-30": 44.5, "2005-06-30": -22, "2005-03-31": "-31.80000"}, "Stock-Based Compensation": {"2020-12-31": 11.9, "2020-09-30": 10.7, "2020-06-30": -4.9, "2020-03-31": "6.30000", "2019-12-31": 9, "2019-09-30": 9, "2019-06-30": 8.9, "2019-03-31": "7.60000", "2018-12-31": 9.5, "2018-09-30": 8.4, "2018-06-30": 9, "2018-03-31": "7.40000", "2017-12-31": 8, "2017-09-30": 9, "2017-06-30": 7.6, "2017-03-31": "5.60000", "2016-12-31": 7.1, "2016-09-30": 6, "2016-06-30": 6.6, "2016-03-31": "7.50000", "2015-12-31": 7.9, "2015-09-30": 5.2, "2015-06-30": 5.8, "2015-03-31": "7.40000", "2014-12-31": 6.2, "2014-09-30": 7.6, "2014-06-30": 8.5, "2014-03-31": "6.00000", "2013-12-31": 8.6, "2013-09-30": 7.8, "2013-06-30": 8.4, "2013-03-31": "9.20000", "2012-12-31": 8.2, "2012-09-30": 9.3, "2012-06-30": 9.6, "2012-03-31": "11.80000", "2011-12-31": 9.7, "2011-09-30": 9.2, "2011-06-30": 9, "2011-03-31": "11.70000", "2010-12-31": 9.3, "2010-09-30": 9.7, "2010-06-30": 8.7, "2010-03-31": "7.50000", "2009-12-31": 6, "2009-09-30": 6.6, "2009-06-30": 6.8, "2009-03-31": "6.40000", "2008-12-31": 5, "2008-09-30": 7.1, "2008-06-30": 8.9, "2008-03-31": "8.00000", "2007-12-31": 6.1, "2007-09-30": 5.2, "2007-06-30": 5.2, "2007-03-31": "5.10000", "2006-12-31": 7.6, "2006-09-30": 4.4, "2006-06-30": 4, "2006-03-31": "8.10000", "2005-12-31": 0, "2005-09-30": 0, "2005-06-30": 0, "2005-03-31": ""}, "Common Stock Dividends Paid": {"2020-12-31": -51.6, "2020-09-30": -48.4, "2020-06-30": -48.4, "2020-03-31": "-48.40000", "2019-12-31": -48.4, "2019-09-30": -48.6, "2019-06-30": -48.8, "2019-03-31": "-43.90000", "2018-12-31": -44.4, "2018-09-30": -45.3, "2018-06-30": -45.7, "2018-03-31": "-39.60000", "2017-12-31": -39.7, "2017-09-30": -39.6, "2017-06-30": -39.8, "2017-03-31": "-36.40000", "2016-12-31": -36.3, "2016-09-30": -36.6, "2016-06-30": -36.6, "2016-03-31": "-33.00000", "2015-12-31": -33.5, "2015-09-30": -33.9, "2015-06-30": -33.9, "2015-03-31": "-31.80000", "2014-12-31": -31.7, "2014-09-30": -32.5, "2014-06-30": -33.1, "2014-03-31": "-27.80000", "2013-12-31": -27.9, "2013-09-30": -28.4, "2013-06-30": -28.6, "2013-03-31": "-27.10000", "2012-12-31": -26.9, "2012-09-30": -27.2, "2012-06-30": -27.9, "2012-03-31": "-28.40000", "2011-12-31": -26.5, "2011-09-30": -26.6, "2011-06-30": -26.7, "2011-03-31": "-26.70000", "2010-12-31": -22.2, "2010-09-30": -22, "2010-06-30": -22.1, "2010-03-31": "-22.40000", "2009-12-31": -22.6, "2009-09-30": -22.7, "2009-06-30": -45.9, "2009-03-31": "-43.70000", "2008-12-31": -43.6, "2008-09-30": -43.8, "2008-06-30": -43.8, "2008-03-31": "-43.80000", "2007-12-31": -43.8, "2007-09-30": -42.6, "2007-06-30": -42.7, "2007-03-31": "-42.70000", "2006-12-31": -43.3, "2006-09-30": -42.8, "2006-06-30": -42.9, "2006-03-31": "-42.80000", "2005-12-31": -42.8, "2005-09-30": -42, "2005-06-30": -42, "2005-03-31": "-41.90000"}}, "financial ratios": {"Current Ratio": {"2019-12-31": "1.03850", "2018-12-31": "1.15250", "2017-12-31": "1.13500", "2016-12-31": "0.95040", "2015-12-31": "1.21680", "2014-12-31": "1.20610", "2013-12-31": "1.34600", "2012-12-31": "1.16250", "2011-12-31": "1.34710", "2010-12-31": "1.06560", "2009-12-31": "0.92800", "2008-12-31": "0.93800", "2007-12-31": "0.83080", "2006-12-31": "0.99290", "2005-12-31": "1.02140"}, "Long-term Debt / Capital": {"2019-12-31": "0.55460", "2018-12-31": "0.64970", "2017-12-31": "0.55720", "2016-12-31": "0.43530", "2015-12-31": "0.49950", "2014-12-31": "0.47290", "2013-12-31": "0.38910", "2012-12-31": "0.30760", "2011-12-31": "0.36520", "2010-12-31": "0.36750", "2009-12-31": "0.44410", "2008-12-31": "0.46890", "2007-12-31": "0.36530", "2006-12-31": "0.22820", "2005-12-31": "0.32350"}, "Debt/Equity Ratio": {"2019-12-31": "1.61090", "2018-12-31": "2.05860", "2017-12-31": "1.51190", "2016-12-31": "1.39650", "2015-12-31": "1.09650", "2014-12-31": "1.09230", "2013-12-31": "0.68860", "2012-12-31": "0.77320", "2011-12-31": "0.71230", "2010-12-31": "0.81250", "2009-12-31": "1.19210", "2008-12-31": "1.26270", "2007-12-31": "1.13390", "2006-12-31": "0.57070", "2005-12-31": "0.71940"}, "Gross Margin": {"2019-12-31": "26.93170", "2018-12-31": "26.75650", "2017-12-31": "27.40030", "2016-12-31": "27.92570", "2015-12-31": "27.58220", "2014-12-31": "26.08410", "2013-12-31": "26.67260", "2012-12-31": "26.06290", "2011-12-31": "25.24080", "2010-12-31": "26.18130", "2009-12-31": "24.22580", "2008-12-31": "25.73620", "2007-12-31": "27.30590", "2006-12-31": "27.58300", "2005-12-31": "26.98270"}, "Operating Margin": {"2019-12-31": "10.89800", "2018-12-31": "10.03070", "2017-12-31": "10.13790", "2016-12-31": "9.69690", "2015-12-31": "7.86670", "2014-12-31": "6.69950", "2013-12-31": "6.95280", "2012-12-31": "5.29550", "2011-12-31": "3.64760", "2010-12-31": "4.13350", "2009-12-31": "-0.18700", "2008-12-31": "5.75970", "2007-12-31": "7.61760", "2006-12-31": "8.80040", "2005-12-31": "7.77200"}, "EBIT Margin": {"2019-12-31": "10.89800", "2018-12-31": "10.03070", "2017-12-31": "10.13790", "2016-12-31": "9.69690", "2015-12-31": "7.86670", "2014-12-31": "6.69950", "2013-12-31": "6.95280", "2012-12-31": "5.29550", "2011-12-31": "4.86410", "2010-12-31": "5.45310", "2009-12-31": "-0.18700", "2008-12-31": "5.75970", "2007-12-31": "7.61760", "2006-12-31": "8.80040", "2005-12-31": "7.77200"}, "EBITDA Margin": {"2019-12-31": "13.42980", "2018-12-31": "12.55900", "2017-12-31": "12.83980", "2016-12-31": "12.65590", "2015-12-31": "11.02250", "2014-12-31": "9.88420", "2013-12-31": "10.28500", "2012-12-31": "9.05770", "2011-12-31": "9.08140", "2010-12-31": "9.73540", "2009-12-31": "21.00960", "2008-12-31": "9.90850", "2007-12-31": "11.37960", "2006-12-31": "12.41230", "2005-12-31": "11.45340"}, "Pre-Tax Profit Margin": {"2019-12-31": "3.52890", "2018-12-31": "7.74970", "2017-12-31": "8.91320", "2016-12-31": "7.83870", "2015-12-31": "6.85280", "2014-12-31": "5.69960", "2013-12-31": "5.96090", "2012-12-31": "4.05220", "2011-12-31": "3.64760", "2010-12-31": "4.13350", "2009-12-31": "-17.86660", "2008-12-31": "4.03250", "2007-12-31": "5.94980", "2006-12-31": "7.80500", "2005-12-31": "6.71420"}, "Net Profit Margin": {"2019-12-31": "4.29410", "2018-12-31": "6.52880", "2017-12-31": "4.26080", "2016-12-31": "5.26900", "2015-12-31": "4.59700", "2014-12-31": "3.87190", "2013-12-31": "3.47230", "2012-12-31": "3.67360", "2011-12-31": "3.25240", "2010-12-31": "5.48080", "2009-12-31": "-14.39780", "2008-12-31": "3.96550", "2007-12-31": "4.81150", "2006-12-31": "6.69310", "2005-12-31": "4.14360"}, "Asset Turnover": {"2019-12-31": "1.28810", "2018-12-31": "1.38270", "2017-12-31": "1.28750", "2016-12-31": "1.38440", "2015-12-31": "1.44350", "2014-12-31": "1.45290", "2013-12-31": "1.33170", "2012-12-31": "1.14850", "2011-12-31": "1.17540", "2010-12-31": "1.13390", "2009-12-31": "1.03670", "2008-12-31": "1.11180", "2007-12-31": "1.01010", "2006-12-31": "1.28930", "2005-12-31": "1.30200"}, "Inventory Turnover Ratio": {"2019-12-31": "7.79190", "2018-12-31": "8.04960", "2017-12-31": "7.87660", "2016-12-31": "8.45080", "2015-12-31": "9.02670", "2014-12-31": "9.51420", "2013-12-31": "9.11210", "2012-12-31": "9.15970", "2011-12-31": "9.19720", "2010-12-31": "8.20970", "2009-12-31": "8.23340", "2008-12-31": "8.53910", "2007-12-31": "7.26690", "2006-12-31": "8.12620", "2005-12-31": "9.08940"}, "Receiveable Turnover": {"2019-12-31": "5.83250", "2018-12-31": "6.01750", "2017-12-31": "5.60350", "2016-12-31": "6.08040", "2015-12-31": "6.18520", "2014-12-31": "6.60710", "2013-12-31": "6.04030", "2012-12-31": "6.02740", "2011-12-31": "6.66390", "2010-12-31": "5.80460", "2009-12-31": "5.64580", "2008-12-31": "6.78570", "2007-12-31": "5.66330", "2006-12-31": "6.12600", "2005-12-31": "6.34090"}, "Days Sales In Receivables": {"2019-12-31": "62.58090", "2018-12-31": "60.65660", "2017-12-31": "65.13800", "2016-12-31": "60.02880", "2015-12-31": "59.01150", "2014-12-31": "55.24330", "2013-12-31": "60.42710", "2012-12-31": "60.55630", "2011-12-31": "54.77280", "2010-12-31": "62.88080", "2009-12-31": "64.65020", "2008-12-31": "53.78940", "2007-12-31": "64.44990", "2006-12-31": "59.58200", "2005-12-31": "57.56240"}, "ROE - Return On Equity": {"2019-12-31": "25.21590", "2018-12-31": "48.93730", "2017-12-31": "26.93560", "2016-12-31": "34.65160", "2015-12-31": "28.41460", "2014-12-31": "23.60410", "2013-12-31": "16.19760", "2012-12-31": "9.96900", "2011-12-31": "8.54390", "2010-12-31": "14.69280", "2009-12-31": "-61.25060", "2008-12-31": "15.20570", "2007-12-31": "15.25590", "2006-12-31": "21.13550", "2005-12-31": "19.32670"}, "Return On Tangible Equity": {"2019-12-31": "206.95300", "2018-12-31": "-357.61300", "2017-12-31": "-267.87050", "2016-12-31": "491.87110", "2015-12-31": "117.41540", "2014-12-31": "95.59340", "2013-12-31": "37.46710", "2012-12-31": "22.79100", "2011-12-31": "19.20050", "2010-12-31": "50.79830", "2009-12-31": "-557.88820", "2008-12-31": "-98.44620", "2007-12-31": "-3746.86800", "2006-12-31": "40.51760", "2005-12-31": "39.48120"}, "ROA - Return On Assets": {"2019-12-31": "5.53130", "2018-12-31": "9.02750", "2017-12-31": "5.48580", "2016-12-31": "7.29460", "2015-12-31": "6.63810", "2014-12-31": "5.67610", "2013-12-31": "5.24230", "2012-12-31": "3.08700", "2011-12-31": "2.84960", "2010-12-31": "4.74170", "2009-12-31": "-16.68270", "2008-12-31": "4.40880", "2007-12-31": "4.86000", "2006-12-31": "8.28920", "2005-12-31": "6.95070"}, "ROI - Return On Investment": {"2019-12-31": "11.23070", "2018-12-31": "17.14160", "2017-12-31": "11.92800", "2016-12-31": "19.56800", "2015-12-31": "14.22280", "2014-12-31": "12.44090", "2013-12-31": "9.89440", "2012-12-31": "6.90290", "2011-12-31": "5.42350", "2010-12-31": "9.29320", "2009-12-31": "-34.04720", "2008-12-31": "8.07640", "2007-12-31": "9.68290", "2006-12-31": "16.31180", "2005-12-31": "13.07440"}, "Book Value Per Share": {"2019-12-31": "14.44220", "2018-12-31": "11.27310", "2017-12-31": "11.88700", "2016-12-31": "10.48030", "2015-12-31": "10.73380", "2014-12-31": "11.58200", "2013-12-31": "15.51500", "2012-12-31": "15.82250", "2011-12-31": "15.60660", "2010-12-31": "15.61500", "2009-12-31": "12.94040", "2008-12-31": "17.79050", "2007-12-31": "20.22020", "2006-12-31": "17.25310", "2005-12-31": "15.16040"}, "Operating Cash Flow Per Share": {"2019-12-31": 3.6142, "2018-12-31": -1.9983, "2017-12-31": 0.7486, "2016-12-31": 1.3189, "2015-12-31": 1.3905, "2014-12-31": 0.5157, "2013-12-31": -1.7676, "2012-12-31": 1.0025, "2011-12-31": -0.5992, "2010-12-31": -0.9352, "2009-12-31": 0.0242, "2008-12-31": 0.4186, "2007-12-31": -0.0381, "2006-12-31": 0.6936, "2005-12-31": 4.394}, "Free Cash Flow Per Share": {"2019-12-31": 3.4701, "2018-12-31": -2.3455, "2017-12-31": 0.4899, "2016-12-31": 0.6836, "2015-12-31": 1.6253, "2014-12-31": 0.1576, "2013-12-31": -1.7043, "2012-12-31": 0.7402, "2011-12-31": -0.809, "2010-12-31": -0.9838, "2009-12-31": 0.8949, "2008-12-31": 1.156, "2007-12-31": -0.6692, "2006-12-31": 0.622, "2005-12-31": 2.5204}}, "financial ratios, quarterly": {"Current Ratio": {"2020-09-30": "1.30750", "2020-06-30": "1.21740", "2020-03-31": "1.13810", "2019-12-31": "1.03850", "2019-09-30": "1.02890", "2019-06-30": "1.04330", "2019-03-31": "1.13880", "2018-12-31": "1.15250", "2018-09-30": "1.00030", "2018-06-30": "1.10380", "2018-03-31": "1.12050", "2017-12-31": "1.13500", "2017-09-30": "1.12850", "2017-06-30": "1.12040", "2017-03-31": "1.24170", "2016-12-31": "0.95040", "2016-09-30": "0.97930", "2016-06-30": "1.22000", "2016-03-31": "1.18390", "2015-12-31": "1.21680", "2015-09-30": "1.30380", "2015-06-30": "1.28840", "2015-03-31": "1.22240", "2014-12-31": "1.20610", "2014-09-30": "1.26760", "2014-06-30": "1.31260", "2014-03-31": "1.34570", "2013-12-31": "1.34600", "2013-09-30": "1.37590", "2013-06-30": "1.30430", "2013-03-31": "1.18230", "2012-12-31": "1.16250", "2012-09-30": "1.13700", "2012-06-30": "1.13170", "2012-03-31": "1.15490", "2011-12-31": "1.34710", "2011-09-30": "1.16920", "2011-06-30": "1.13880", "2011-03-31": "1.10920", "2010-12-31": "1.06560", "2010-09-30": "1.12530", "2010-06-30": "1.04260", "2010-03-31": "0.98130", "2009-12-31": "0.92800", "2009-09-30": "0.91750", "2009-06-30": "0.88990", "2009-03-31": "0.86790", "2008-12-31": "0.93800", "2008-09-30": "1.00540", "2008-06-30": "0.99640", "2008-03-31": "1.00890", "2007-12-31": "0.83080", "2007-09-30": "0.71910", "2007-06-30": "0.66440", "2007-03-31": "1.00330", "2006-12-31": "0.99290", "2006-09-30": "1.04140", "2006-06-30": "1.10370", "2006-03-31": "1.04830", "2005-12-31": "1.02140", "2005-09-30": "1.25880", "2005-06-30": "1.17740", "2005-03-31": "1.15300"}, "Long-term Debt / Capital": {"2020-09-30": "0.60220", "2020-06-30": "0.62200", "2020-03-31": "0.62880", "2019-12-31": "0.55460", "2019-09-30": "0.58390", "2019-06-30": "0.58590", "2019-03-31": "0.63950", "2018-12-31": "0.64970", "2018-09-30": "0.55300", "2018-06-30": "0.55790", "2018-03-31": "0.55200", "2017-12-31": "0.55720", "2017-09-30": "0.53360", "2017-06-30": "0.54400", "2017-03-31": "0.55200", "2016-12-31": "0.43530", "2016-09-30": "0.40620", "2016-06-30": "0.50170", "2016-03-31": "0.49870", "2015-12-31": "0.49950", "2015-09-30": "0.47860", "2015-06-30": "0.46920", "2015-03-31": "0.47950", "2014-12-31": "0.47290", "2014-09-30": "0.41970", "2014-06-30": "0.39810", "2014-03-31": "0.38860", "2013-12-31": "0.38910", "2013-09-30": "0.37660", "2013-06-30": "0.38580", "2013-03-31": "0.30850", "2012-12-31": "0.30760", "2012-09-30": "0.30710", "2012-06-30": "0.30930", "2012-03-31": "0.29720", "2011-12-31": "0.36520", "2011-09-30": "0.35300", "2011-06-30": "0.34600", "2011-03-31": "0.35480", "2010-12-31": "0.36750", "2010-09-30": "0.41030", "2010-06-30": "0.42940", "2010-03-31": "0.43730", "2009-12-31": "0.44410", "2009-09-30": "0.46190", "2009-06-30": "0.48580", "2009-03-31": "0.51170", "2008-12-31": "0.46890", "2008-09-30": "0.42410", "2008-06-30": "0.41270", "2008-03-31": "0.42250", "2007-12-31": "0.36530", "2007-09-30": "0.28480", "2007-06-30": "0.21750", "2007-03-31": "0.22580", "2006-12-31": "0.22820", "2006-09-30": "0.23970", "2006-06-30": "0.30220", "2006-03-31": "0.31540", "2005-12-31": "0.32350", "2005-09-30": "0.37770", "2005-06-30": "0.38630", "2005-03-31": "0.39290"}, "Debt/Equity Ratio": {"2020-09-30": "1.60650", "2020-06-30": "1.86690", "2020-03-31": "2.40350", "2019-12-31": "1.61090", "2019-09-30": "1.88940", "2019-06-30": "1.94050", "2019-03-31": "2.12740", "2018-12-31": "2.05860", "2018-09-30": "1.78300", "2018-06-30": "1.63810", "2018-03-31": "1.57200", "2017-12-31": "1.51190", "2017-09-30": "1.48150", "2017-06-30": "1.60810", "2017-03-31": "1.56060", "2016-12-31": "1.39650", "2016-09-30": "1.24770", "2016-06-30": "1.21470", "2016-03-31": "1.26840", "2015-12-31": "1.09650", "2015-09-30": "0.99840", "2015-06-30": "1.05020", "2015-03-31": "1.18030", "2014-12-31": "1.09230", "2014-09-30": "0.85110", "2014-06-30": "0.82060", "2014-03-31": "0.74800", "2013-12-31": "0.68860", "2013-09-30": "0.67710", "2013-06-30": "0.91750", "2013-03-31": "0.86260", "2012-12-31": "0.77320", "2012-09-30": "0.86860", "2012-06-30": "0.87530", "2012-03-31": "0.79130", "2011-12-31": "0.71230", "2011-09-30": "0.79340", "2011-06-30": "0.86810", "2011-03-31": "0.87670", "2010-12-31": "0.81250", "2010-09-30": "0.98520", "2010-06-30": "1.12620", "2010-03-31": "1.23210", "2009-12-31": "1.19210", "2009-09-30": "1.37320", "2009-06-30": "1.60370", "2009-03-31": "1.79510", "2008-12-31": "1.26270", "2008-09-30": "1.08010", "2008-06-30": "1.07830", "2008-03-31": "1.08730", "2007-12-31": "1.13390", "2007-09-30": "1.22660", "2007-06-30": "1.31680", "2007-03-31": "0.65200", "2006-12-31": "0.57070", "2006-09-30": "0.51950", "2006-06-30": "0.62930", "2006-03-31": "0.70130", "2005-12-31": "0.71940", "2005-09-30": "0.68470", "2005-06-30": "0.74720", "2005-03-31": "0.79800"}, "Gross Margin": {"2020-09-30": "28.00300", "2020-06-30": "25.05070", "2020-03-31": "28.15440", "2019-12-31": "27.33940", "2019-09-30": "26.77980", "2019-06-30": "26.85860", "2019-03-31": "26.74560", "2018-12-31": "26.65800", "2018-09-30": "26.09540", "2018-06-30": "27.04130", "2018-03-31": "27.21230", "2017-12-31": "26.83110", "2017-09-30": "26.88900", "2017-06-30": "27.81980", "2017-03-31": "28.14070", "2016-12-31": "27.43100", "2016-09-30": "27.67950", "2016-06-30": "28.16090", "2016-03-31": "28.44830", "2015-12-31": "26.96590", "2015-09-30": "27.64800", "2015-06-30": "27.54620", "2015-03-31": "28.14140", "2014-12-31": "25.86620", "2014-09-30": "25.69250", "2014-06-30": "26.50080", "2014-03-31": "26.26930", "2013-12-31": "26.28320", "2013-09-30": "26.72600", "2013-06-30": "26.89560", "2013-03-31": "26.79970", "2012-12-31": "25.75690", "2012-09-30": "26.33030", "2012-06-30": "26.04000", "2012-03-31": "26.13310", "2011-12-31": "24.54450", "2011-09-30": "24.45350", "2011-06-30": "25.66030", "2011-03-31": "26.17100", "2010-12-31": "24.89400", "2010-09-30": "27.60850", "2010-06-30": "29.18870", "2010-03-31": "28.35270", "2009-12-31": "27.27690", "2009-09-30": "28.14170", "2009-06-30": "26.81740", "2009-03-31": "24.19720", "2008-12-31": "25.03470", "2008-09-30": "25.17970", "2008-06-30": "26.80850", "2008-03-31": "25.77190", "2007-12-31": "28.09220", "2007-09-30": "27.74340", "2007-06-30": "26.93800", "2007-03-31": "26.21050", "2006-12-31": "28.27690", "2006-09-30": "27.56070", "2006-06-30": "27.87830", "2006-03-31": "26.56300", "2005-12-31": "27.80790", "2005-09-30": "26.39120", "2005-06-30": "27.49170", "2005-03-31": "26.20640"}, "Operating Margin": {"2020-09-30": "12.34750", "2020-06-30": "8.07980", "2020-03-31": "11.56120", "2019-12-31": "10.15850", "2019-09-30": "11.33760", "2019-06-30": "11.64450", "2019-03-31": "10.43620", "2018-12-31": "10.96850", "2018-09-30": "10.89390", "2018-06-30": "8.45650", "2018-03-31": "9.88520", "2017-12-31": "10.11360", "2017-09-30": "9.96130", "2017-06-30": "10.54770", "2017-03-31": "9.92940", "2016-12-31": "12.50970", "2016-09-30": "9.45850", "2016-06-30": "7.44080", "2016-03-31": "9.34370", "2015-12-31": "7.33430", "2015-09-30": "8.90950", "2015-06-30": "7.69130", "2015-03-31": "7.54580", "2014-12-31": "7.08500", "2014-09-30": "7.34160", "2014-06-30": "5.73710", "2014-03-31": "6.65760", "2013-12-31": "7.48150", "2013-09-30": "6.03360", "2013-06-30": "8.00750", "2013-03-31": "6.22460", "2012-12-31": "4.39620", "2012-09-30": "5.01040", "2012-06-30": "6.18630", "2012-03-31": "5.58560", "2011-12-31": "-2.80400", "2011-09-30": "4.25220", "2011-06-30": "6.78410", "2011-03-31": "5.26040", "2010-12-31": "4.58770", "2010-09-30": "5.85690", "2010-06-30": "8.74350", "2010-03-31": "6.07190", "2009-12-31": "2.94390", "2009-09-30": "4.99580", "2009-06-30": "4.16380", "2009-03-31": "-3.95460", "2008-12-31": "3.72470", "2008-09-30": "5.58330", "2008-06-30": "7.84620", "2008-03-31": "5.49480", "2007-12-31": "7.71880", "2007-09-30": "6.08190", "2007-06-30": "8.67080", "2007-03-31": "8.19480", "2006-12-31": "9.32410", "2006-09-30": "8.36630", "2006-06-30": "9.76800", "2006-03-31": "7.68770", "2005-12-31": "5.29330", "2005-09-30": "9.40960", "2005-06-30": "9.31500", "2005-03-31": "7.01520"}, "EBIT Margin": {"2020-09-30": "12.34750", "2020-06-30": "8.07980", "2020-03-31": "11.56120", "2019-12-31": "10.15850", "2019-09-30": "11.33760", "2019-06-30": "11.64450", "2019-03-31": "10.43620", "2018-12-31": "10.96850", "2018-09-30": "10.89390", "2018-06-30": "8.45650", "2018-03-31": "9.88520", "2017-12-31": "10.11350", "2017-09-30": "9.96130", "2017-06-30": "10.54770", "2017-03-31": "9.92940", "2016-12-31": "12.50970", "2016-09-30": "9.45850", "2016-06-30": "7.44080", "2016-03-31": "9.34370", "2015-12-31": "7.33430", "2015-09-30": "8.90950", "2015-06-30": "7.69130", "2015-03-31": "7.54580", "2014-12-31": "7.08500", "2014-09-30": "7.34160", "2014-06-30": "5.73710", "2014-03-31": "6.65760", "2013-12-31": "7.48150", "2013-09-30": "6.03360", "2013-06-30": "8.00750", "2013-03-31": "6.22460", "2012-12-31": "4.39620", "2012-09-30": "5.01040", "2012-06-30": "6.18630", "2012-03-31": "5.58560", "2011-12-31": "2.78040", "2011-09-30": "4.25220", "2011-06-30": "6.78410", "2011-03-31": "5.26040", "2010-12-31": "4.58770", "2010-09-30": "5.85690", "2010-06-30": "8.74350", "2010-03-31": "6.07190", "2009-12-31": "2.94390", "2009-09-30": "4.99580", "2009-06-30": "4.16380", "2009-03-31": "-3.95460", "2008-12-31": "3.72470", "2008-09-30": "5.58330", "2008-06-30": "7.84620", "2008-03-31": "5.49480", "2007-12-31": "7.71880", "2007-09-30": "6.08190", "2007-06-30": "8.67080", "2007-03-31": "8.19480", "2006-12-31": "9.32410", "2006-09-30": "8.36630", "2006-06-30": "9.76800", "2006-03-31": "7.68770", "2005-12-31": "5.29330", "2005-09-30": "9.40960", "2005-06-30": "9.31500", "2005-03-31": "7.01520"}, "EBITDA Margin": {"2020-09-30": "", "2020-06-30": "", "2020-03-31": "", "2019-12-31": "", "2019-09-30": "", "2019-06-30": "", "2019-03-31": "", "2018-12-31": "", "2018-09-30": "", "2018-06-30": "", "2018-03-31": "", "2017-12-31": "", "2017-09-30": "", "2017-06-30": "", "2017-03-31": "", "2016-12-31": "", "2016-09-30": "", "2016-06-30": "", "2016-03-31": "", "2015-12-31": "", "2015-09-30": "", "2015-06-30": "", "2015-03-31": "", "2014-12-31": "", "2014-09-30": "", "2014-06-30": "", "2014-03-31": "", "2013-12-31": "", "2013-09-30": "", "2013-06-30": "", "2013-03-31": "", "2012-12-31": "", "2012-09-30": "", "2012-06-30": "", "2012-03-31": "", "2011-12-31": "", "2011-09-30": "", "2011-06-30": "", "2011-03-31": "", "2010-12-31": "", "2010-09-30": "", "2010-06-30": "", "2010-03-31": "", "2009-12-31": "", "2009-09-30": "", "2009-06-30": "", "2009-03-31": "", "2008-12-31": "", "2008-09-30": "", "2008-06-30": "", "2008-03-31": "", "2007-12-31": "", "2007-09-30": "", "2007-06-30": "", "2007-03-31": "", "2006-12-31": "", "2006-09-30": "", "2006-06-30": "", "2006-03-31": "", "2005-12-31": "", "2005-09-30": "", "2005-06-30": "", "2005-03-31": ""}, "Pre-Tax Profit Margin": {"2020-09-30": "11.43950", "2020-06-30": "6.75830", "2020-03-31": "10.49910", "2019-12-31": "9.32370", "2019-09-30": "10.21350", "2019-06-30": "10.50840", "2019-03-31": "-16.34390", "2018-12-31": "4.96410", "2018-09-30": "9.54710", "2018-06-30": "7.54500", "2018-03-31": "8.95630", "2017-12-31": "9.06470", "2017-09-30": "8.74070", "2017-06-30": "9.18930", "2017-03-31": "8.64450", "2016-12-31": "8.14420", "2016-09-30": "8.48410", "2016-06-30": "6.44180", "2016-03-31": "8.31370", "2015-12-31": "6.28950", "2015-09-30": "7.90820", "2015-06-30": "6.68210", "2015-03-31": "6.54450", "2014-12-31": "6.03190", "2014-09-30": "6.35420", "2014-06-30": "4.77160", "2014-03-31": "5.66420", "2013-12-31": "6.35140", "2013-09-30": "4.97040", "2013-06-30": "7.05400", "2013-03-31": "5.41060", "2012-12-31": "3.18250", "2012-09-30": "3.76640", "2012-06-30": "4.93830", "2012-03-31": "4.31740", "2011-12-31": "1.36660", "2011-09-30": "3.07250", "2011-06-30": "5.63830", "2011-03-31": "4.10090", "2010-12-31": "3.30230", "2010-09-30": "4.69280", "2010-06-30": "7.48760", "2010-03-31": "4.94630", "2009-12-31": "1.74140", "2009-09-30": "3.76300", "2009-06-30": "2.76210", "2009-03-31": "-64.21960", "2008-12-31": "1.86570", "2008-09-30": "3.90190", "2008-06-30": "6.24420", "2008-03-31": "3.70170", "2007-12-31": "5.71760", "2007-09-30": "3.95740", "2007-06-30": "7.35150", "2007-03-31": "7.10840", "2006-12-31": "8.38180", "2006-09-30": "7.37160", "2006-06-30": "8.80330", "2006-03-31": "6.60340", "2005-12-31": "4.34020", "2005-09-30": "8.32470", "2005-06-30": "8.20290", "2005-03-31": "5.93540"}, "Net Profit Margin": {"2020-09-30": "8.70400", "2020-06-30": "5.21430", "2020-03-31": "7.78870", "2019-12-31": "9.16580", "2019-09-30": "8.20940", "2019-06-30": "7.98570", "2019-03-31": "-8.44200", "2018-12-31": "5.48990", "2018-09-30": "8.49580", "2018-06-30": "5.15590", "2018-03-31": "7.04800", "2017-12-31": "-3.43460", "2017-09-30": "6.44830", "2017-06-30": "7.43130", "2017-03-31": "7.13700", "2016-12-31": "3.99790", "2016-09-30": "5.90570", "2016-06-30": "5.18980", "2016-03-31": "6.03160", "2015-12-31": "3.91810", "2015-09-30": "5.56500", "2015-06-30": "4.20180", "2015-03-31": "4.70550", "2014-12-31": "4.43670", "2014-09-30": "3.86000", "2014-06-30": "2.63030", "2014-03-31": "4.59330", "2013-12-31": "2.53170", "2013-09-30": "3.08990", "2013-06-30": "4.43210", "2013-03-31": "3.85620", "2012-12-31": "3.30390", "2012-09-30": "4.02900", "2012-06-30": "4.30760", "2012-03-31": "3.04230", "2011-12-31": "1.74360", "2011-09-30": "3.31910", "2011-06-30": "4.74500", "2011-03-31": "2.93480", "2010-12-31": "7.80800", "2010-09-30": "3.91270", "2010-06-30": "4.98780", "2010-03-31": "3.51840", "2009-12-31": "3.27900", "2009-09-30": "4.03410", "2009-06-30": "2.73460", "2009-03-31": "-63.02760", "2008-12-31": "2.81840", "2008-09-30": "3.63520", "2008-06-30": "5.05220", "2008-03-31": "4.15750", "2007-12-31": "4.63240", "2007-09-30": "3.49920", "2007-06-30": "5.65800", "2007-03-31": "5.69110", "2006-12-31": "7.61660", "2006-09-30": "5.99610", "2006-06-30": "7.94500", "2006-03-31": "5.13760", "2005-12-31": "-0.47650", "2005-09-30": "6.36160", "2005-06-30": "6.33280", "2005-03-31": "4.29700"}, "Asset Turnover": {"2020-09-30": "0.30220", "2020-06-30": "0.27040", "2020-03-31": "0.27520", "2019-12-31": "0.32300", "2019-09-30": "0.32990", "2019-06-30": "0.33320", "2019-03-31": "0.32500", "2018-12-31": "0.34160", "2018-09-30": "0.33960", "2018-06-30": "0.35910", "2018-03-31": "0.33640", "2017-12-31": "0.33780", "2017-09-30": "0.31870", "2017-06-30": "0.31950", "2017-03-31": "0.32990", "2016-12-31": "0.35270", "2016-09-30": "0.32790", "2016-06-30": "0.35890", "2016-03-31": "0.34960", "2015-12-31": "0.35190", "2015-09-30": "0.34550", "2015-06-30": "0.34820", "2015-03-31": "0.35430", "2014-12-31": "0.36830", "2014-09-30": "0.34710", "2014-06-30": "0.35000", "2014-03-31": "0.33760", "2013-12-31": "0.34350", "2013-09-30": "0.31800", "2013-06-30": "0.29900", "2013-03-31": "0.29180", "2012-12-31": "0.29050", "2012-09-30": "0.28360", "2012-06-30": "0.29470", "2012-03-31": "0.28460", "2011-12-31": "0.25600", "2011-09-30": "0.29650", "2011-06-30": "0.28820", "2011-03-31": "0.28720", "2010-12-31": "0.28680", "2010-09-30": "0.31470", "2010-06-30": "0.33350", "2010-03-31": "0.31140", "2009-12-31": "0.30420", "2009-09-30": "0.30410", "2009-06-30": "0.28860", "2009-03-31": "0.29320", "2008-12-31": "0.25040", "2008-09-30": "0.27010", "2008-06-30": "0.27310", "2008-03-31": "0.25690", "2007-12-31": "0.27450", "2007-09-30": "0.27450", "2007-06-30": "0.24720", "2007-03-31": "0.32100", "2006-12-31": "0.32630", "2006-09-30": "0.33300", "2006-06-30": "0.33270", "2006-03-31": "0.32280", "2005-12-31": "0.32450", "2005-09-30": "0.32000", "2005-06-30": "0.33050", "2005-03-31": "0.31260"}, "Inventory Turnover Ratio": {"2020-09-30": "1.87880", "2020-06-30": "1.57670", "2020-03-31": "1.71150", "2019-12-31": "1.94300", "2019-09-30": "1.93940", "2019-06-30": "1.95740", "2019-03-31": "1.85200", "2018-12-31": "1.99140", "2018-09-30": "1.90550", "2018-06-30": "2.04720", "2018-03-31": "1.90650", "2017-12-31": "2.08280", "2017-09-30": "1.98050", "2017-06-30": "1.89860", "2017-03-31": "1.94810", "2016-12-31": "2.16800", "2016-09-30": "1.93010", "2016-06-30": "2.11300", "2016-03-31": "2.04600", "2015-12-31": "2.21960", "2015-09-30": "2.07300", "2015-06-30": "2.14490", "2015-03-31": "2.15760", "2014-12-31": "2.41910", "2014-09-30": "2.11790", "2014-06-30": "2.11920", "2014-03-31": "2.08710", "2013-12-31": "2.36310", "2013-09-30": "2.07550", "2013-06-30": "2.23390", "2013-03-31": "2.12510", "2012-12-31": "2.32640", "2012-09-30": "2.00110", "2012-06-30": "2.11330", "2012-03-31": "2.05450", "2011-12-31": "2.02210", "2011-09-30": "1.98440", "2011-06-30": "1.79050", "2011-03-31": "1.78720", "2010-12-31": "2.11290", "2010-09-30": "2.06140", "2010-06-30": "2.10900", "2010-03-31": "2.14620", "2009-12-31": "2.31870", "2009-09-30": "2.17530", "2009-06-30": "2.05460", "2009-03-31": "2.02680", "2008-12-31": "1.94160", "2008-09-30": "1.98940", "2008-06-30": "1.97110", "2008-03-31": "1.85510", "2007-12-31": "1.95320", "2007-09-30": "1.92460", "2007-06-30": "1.73760", "2007-03-31": "2.07360", "2006-12-31": "2.03720", "2006-09-30": "2.09610", "2006-06-30": "2.11950", "2006-03-31": "2.13250", "2005-12-31": "2.23950", "2005-09-30": "2.26730", "2005-06-30": "2.16220", "2005-03-31": "2.08830"}, "Receiveable Turnover": {"2020-09-30": "1.42580", "2020-06-30": "1.37130", "2020-03-31": "1.40940", "2019-12-31": "1.46250", "2019-09-30": "1.43880", "2019-06-30": "1.45750", "2019-03-31": "1.45170", "2018-12-31": "1.48670", "2018-09-30": "1.42410", "2018-06-30": "1.49990", "2018-03-31": "1.43260", "2017-12-31": "1.47020", "2017-09-30": "1.41750", "2017-06-30": "1.42950", "2017-03-31": "1.42980", "2016-12-31": "1.54930", "2016-09-30": "1.41040", "2016-06-30": "1.49910", "2016-03-31": "1.45770", "2015-12-31": "1.50800", "2015-09-30": "1.46960", "2015-06-30": "1.49890", "2015-03-31": "1.54660", "2014-12-31": "1.67500", "2014-09-30": "1.43400", "2014-06-30": "1.44970", "2014-03-31": "1.42710", "2013-12-31": "1.55820", "2013-09-30": "1.42580", "2013-06-30": "1.53770", "2013-03-31": "1.51600", "2012-12-31": "1.52460", "2012-09-30": "1.44480", "2012-06-30": "1.51770", "2012-03-31": "1.50020", "2011-12-31": "1.45160", "2011-09-30": "1.39640", "2011-06-30": "1.36380", "2011-03-31": "1.42360", "2010-12-31": "1.46830", "2010-09-30": "1.52040", "2010-06-30": "1.59130", "2010-03-31": "1.61430", "2009-12-31": "1.65670", "2009-09-30": "1.53610", "2009-06-30": "1.49180", "2009-03-31": "1.65030", "2008-12-31": "1.52850", "2008-09-30": "1.53900", "2008-06-30": "1.48350", "2008-03-31": "1.47300", "2007-12-31": "1.53890", "2007-09-30": "1.51060", "2007-06-30": "1.32350", "2007-03-31": "1.52400", "2006-12-31": "1.55060", "2006-09-30": "1.59800", "2006-06-30": "1.56950", "2006-03-31": "1.59820", "2005-12-31": "1.58020", "2005-09-30": "1.54190", "2005-06-30": "1.56930", "2005-03-31": "1.61120"}, "Days Sales In Receivables": {"2020-09-30": "63.12130", "2020-06-30": "65.62910", "2020-03-31": "63.85670", "2019-12-31": "61.53650", "2019-09-30": "62.55140", "2019-06-30": "61.74750", "2019-03-31": "61.99820", "2018-12-31": "60.53770", "2018-09-30": "63.20000", "2018-06-30": "60.00320", "2018-03-31": "62.82370", "2017-12-31": "61.21540", "2017-09-30": "63.49030", "2017-06-30": "62.95960", "2017-03-31": "62.94450", "2016-12-31": "58.09260", "2016-09-30": "63.81190", "2016-06-30": "60.03700", "2016-03-31": "61.74280", "2015-12-31": "59.68040", "2015-09-30": "61.24240", "2015-06-30": "60.04350", "2015-03-31": "58.19370", "2014-12-31": "53.73190", "2014-09-30": "62.76230", "2014-06-30": "62.08320", "2014-03-31": "63.06560", "2013-12-31": "57.75930", "2013-09-30": "63.12380", "2013-06-30": "58.52930", "2013-03-31": "59.36550", "2012-12-31": "59.03310", "2012-09-30": "62.29090", "2012-06-30": "59.29950", "2012-03-31": "59.99380", "2011-12-31": "62.00050", "2011-09-30": "64.45280", "2011-06-30": "65.99110", "2011-03-31": "63.22110", "2010-12-31": "61.29430", "2010-09-30": "59.19550", "2010-06-30": "56.55740", "2010-03-31": "55.75290", "2009-12-31": "54.32650", "2009-09-30": "58.59030", "2009-06-30": "60.32980", "2009-03-31": "54.53510", "2008-12-31": "58.88260", "2008-09-30": "58.47810", "2008-06-30": "60.66600", "2008-03-31": "61.09960", "2007-12-31": "58.48430", "2007-09-30": "59.57870", "2007-06-30": "68.00070", "2007-03-31": "59.05460", "2006-12-31": "58.04030", "2006-09-30": "56.31980", "2006-06-30": "57.34410", "2006-03-31": "56.31390", "2005-12-31": "56.95600", "2005-09-30": "58.37050", "2005-06-30": "57.35210", "2005-03-31": "55.85790"}, "ROE - Return On Equity": {"2020-09-30": "11.27680", "2020-06-30": "6.56560", "2020-03-31": "11.43690", "2019-12-31": "13.49670", "2019-09-30": "13.67510", "2019-06-30": "13.49650", "2019-03-31": "-14.81000", "2018-12-31": "10.16650", "2018-09-30": "14.27750", "2018-06-30": "9.35510", "2018-03-31": "11.48940", "2017-12-31": "-5.69680", "2017-09-30": "9.54270", "2017-06-30": "11.30120", "2017-03-31": "11.05860", "2016-12-31": "6.69910", "2016-09-30": "8.54760", "2016-06-30": "8.36380", "2016-03-31": "9.25330", "2015-12-31": "5.85070", "2015-09-30": "7.70400", "2015-06-30": "5.89950", "2015-03-31": "7.00780", "2014-12-31": "6.71950", "2014-09-30": "4.66020", "2014-06-30": "3.10690", "2014-03-31": "4.78930", "2013-12-31": "2.82130", "2013-09-30": "3.93930", "2013-06-30": "4.67450", "2013-03-31": "4.24480", "2012-12-31": "1.77110", "2012-09-30": "2.26430", "2012-06-30": "3.12640", "2012-03-31": "2.68000", "2011-12-31": "0.98280", "2011-09-30": "2.02390", "2011-06-30": "2.94250", "2011-03-31": "2.12410", "2010-12-31": "6.07040", "2010-09-30": "4.19060", "2010-06-30": "5.94580", "2010-03-31": "3.95980", "2009-12-31": "3.66210", "2009-09-30": "4.80770", "2009-06-30": "3.31310", "2009-03-31": "-82.68030", "2008-12-31": "2.43430", "2008-09-30": "2.98770", "2008-06-30": "4.20170", "2008-03-31": "3.23930", "2007-12-31": "3.99120", "2007-09-30": "3.09850", "2007-06-30": "4.72770", "2007-03-31": "4.59800", "2006-12-31": "6.36130", "2006-09-30": "4.88210", "2006-06-30": "5.79050", "2006-03-31": "4.40400", "2005-12-31": "3.80320", "2005-09-30": "5.36060", "2005-06-30": "5.77620", "2005-03-31": "3.84390"}, "Return On Tangible Equity": {"2020-09-30": "185.34580", "2020-06-30": "-372.43590", "2020-03-31": "-256.59630", "2019-12-31": "110.77030", "2019-09-30": "1830.28900", "2019-06-30": "-982.19340", "2019-03-31": "171.01350", "2018-12-31": "-74.29230", "2018-09-30": "-273.81030", "2018-06-30": "-108.88380", "2018-03-31": "-151.57440", "2017-12-31": "56.65400", "2017-09-30": "-880.48430", "2017-06-30": "-248.25360", "2017-03-31": "107.06130", "2016-12-31": "95.09200", "2016-09-30": "59.43970", "2016-06-30": "34.91930", "2016-03-31": "38.63740", "2015-12-31": "24.17630", "2015-09-30": "25.90000", "2015-06-30": "18.88500", "2015-03-31": "26.81840", "2014-12-31": "27.21300", "2014-09-30": "12.40580", "2014-06-30": "7.56260", "2014-03-31": "11.09560", "2013-12-31": "6.52610", "2013-09-30": "8.65440", "2013-06-30": "10.76150", "2013-03-31": "9.54560", "2012-12-31": "4.04920", "2012-09-30": "5.24550", "2012-06-30": "7.29570", "2012-03-31": "6.01650", "2011-12-31": "2.20870", "2011-09-30": "5.78430", "2011-06-30": "8.46750", "2011-03-31": "6.63190", "2010-12-31": "20.98740", "2010-09-30": "18.17670", "2010-06-30": "31.94820", "2010-03-31": "27.28180", "2009-12-31": "33.35570", "2009-09-30": "93.98500", "2009-06-30": "-251.90380", "2009-03-31": "944.22320", "2008-12-31": "-15.76030", "2008-09-30": "244.92100", "2008-06-30": "152.47620", "2008-03-31": "129.54650", "2007-12-31": "-980.23500", "2007-09-30": "-95.30030", "2007-06-30": "-89.51220", "2007-03-31": "8.71050", "2006-12-31": "12.19490", "2006-09-30": "9.00930", "2006-06-30": "10.90380", "2006-03-31": "8.70940", "2005-12-31": "7.76920", "2005-09-30": "11.48350", "2005-06-30": "12.97420", "2005-03-31": "8.98720"}, "ROA - Return On Assets": {"2020-09-30": "2.63080", "2020-06-30": "1.41020", "2020-03-31": "2.14350", "2019-12-31": "2.96060", "2019-09-30": "2.70850", "2019-06-30": "2.66060", "2019-03-31": "-2.74390", "2018-12-31": "1.87540", "2018-09-30": "2.88500", "2018-06-30": "1.85160", "2018-03-31": "2.37100", "2017-12-31": "-1.16020", "2017-09-30": "2.05500", "2017-06-30": "2.37440", "2017-03-31": "2.35420", "2016-12-31": "1.41020", "2016-09-30": "1.93680", "2016-06-30": "1.86270", "2016-03-31": "2.10850", "2015-12-31": "1.36680", "2015-09-30": "1.91340", "2015-06-30": "1.48610", "2015-03-31": "1.66720", "2014-12-31": "1.61580", "2014-09-30": "1.35530", "2014-06-30": "0.96170", "2014-03-31": "1.55950", "2013-12-31": "0.91310", "2013-09-30": "1.31000", "2013-06-30": "1.36390", "2013-03-31": "1.30020", "2012-12-31": "0.54840", "2012-09-30": "0.70360", "2012-06-30": "0.97080", "2012-03-31": "0.87950", "2011-12-31": "0.32780", "2011-09-30": "0.69950", "2011-06-30": "0.99070", "2011-03-31": "0.69430", "2010-12-31": "1.95910", "2010-09-30": "1.23150", "2010-06-30": "1.66350", "2010-03-31": "1.09580", "2009-12-31": "0.99740", "2009-09-30": "1.22680", "2009-06-30": "0.78920", "2009-03-31": "-18.47730", "2008-12-31": "0.70580", "2008-09-30": "0.98200", "2008-06-30": "1.37960", "2008-03-31": "1.06790", "2007-12-31": "1.27150", "2007-09-30": "0.96050", "2007-06-30": "1.39850", "2007-03-31": "1.82690", "2006-12-31": "2.49490", "2006-09-30": "2.00380", "2006-06-30": "2.27500", "2006-03-31": "1.66320", "2005-12-31": "1.36780", "2005-09-30": "2.03070", "2005-06-30": "2.09790", "2005-03-31": "1.37560"}, "ROI - Return On Investment": {"2020-09-30": "4.48640", "2020-06-30": "2.48170", "2020-03-31": "4.24500", "2019-12-31": "6.01120", "2019-09-30": "5.69040", "2019-06-30": "5.58890", "2019-03-31": "-5.33830", "2018-12-31": "3.56110", "2018-09-30": "6.38230", "2018-06-30": "4.13570", "2018-03-31": "5.14720", "2017-12-31": "-2.52280", "2017-09-30": "4.45070", "2017-06-30": "5.15320", "2017-03-31": "4.95410", "2016-12-31": "3.78300", "2016-09-30": "5.07580", "2016-06-30": "4.16800", "2016-03-31": "4.63860", "2015-12-31": "2.92850", "2015-09-30": "4.01720", "2015-06-30": "3.13140", "2015-03-31": "3.64730", "2014-12-31": "3.54160", "2014-09-30": "2.70440", "2014-06-30": "1.87000", "2014-03-31": "2.92790", "2013-12-31": "1.72340", "2013-09-30": "2.45560", "2013-06-30": "2.87100", "2013-03-31": "2.93540", "2012-12-31": "1.22640", "2012-09-30": "1.56890", "2012-06-30": "2.15950", "2012-03-31": "1.88350", "2011-12-31": "0.62390", "2011-09-30": "1.30940", "2011-06-30": "1.92430", "2011-03-31": "1.37040", "2010-12-31": "3.83950", "2010-09-30": "2.47130", "2010-06-30": "3.39290", "2010-03-31": "2.22800", "2009-12-31": "2.03570", "2009-09-30": "2.58720", "2009-06-30": "1.70360", "2009-03-31": "-40.37460", "2008-12-31": "1.29290", "2008-09-30": "1.72070", "2008-06-30": "2.46760", "2008-03-31": "1.87050", "2007-12-31": "2.53320", "2007-09-30": "2.21620", "2007-06-30": "3.69960", "2007-03-31": "3.56000", "2006-12-31": "4.90950", "2006-09-30": "3.71210", "2006-06-30": "4.04040", "2006-03-31": "3.01490", "2005-12-31": "2.57280", "2005-09-30": "3.33580", "2005-06-30": "3.54460", "2005-03-31": "2.33370"}, "Book Value Per Share": {"2020-09-30": "15.99260", "2020-06-30": "14.54680", "2020-03-31": "14.08290", "2019-12-31": "14.44220", "2019-09-30": "12.65060", "2019-06-30": "12.61470", "2019-03-31": "11.75250", "2018-12-31": "11.27310", "2018-09-30": "12.03380", "2018-06-30": "11.66370", "2018-03-31": "12.38080", "2017-12-31": "11.88700", "2017-09-30": "12.88470", "2017-06-30": "12.10320", "2017-03-31": "11.43660", "2016-12-31": "10.48030", "2016-09-30": "11.68680", "2016-06-30": "10.75600", "2016-03-31": "10.84610", "2015-12-31": "10.73380", "2015-09-30": "11.55510", "2015-06-30": "11.97620", "2015-03-31": "11.29530", "2014-12-31": "11.58200", "2014-09-30": "14.14420", "2014-06-30": "15.18480", "2014-03-31": "15.61600", "2013-12-31": "15.51500", "2013-09-30": "16.18810", "2013-06-30": "15.37920", "2013-03-31": "15.71530", "2012-12-31": "15.82250", "2012-09-30": "15.89510", "2012-06-30": "15.34590", "2012-03-31": "15.92980", "2011-12-31": "15.60660", "2011-09-30": "16.48430", "2011-06-30": "17.04750", "2011-03-31": "16.44420", "2010-12-31": "15.61500", "2010-09-30": "14.47560", "2010-06-30": "13.33080", "2010-03-31": "13.08670", "2009-12-31": "12.94040", "2009-09-30": "12.35850", "2009-06-30": "11.43060", "2009-03-31": "10.35870", "2008-12-31": "17.79050", "2008-09-30": "21.34260", "2008-06-30": "22.32860", "2008-03-31": "21.44520", "2007-12-31": "20.22020", "2007-09-30": "19.30750", "2007-06-30": "18.57020", "2007-03-31": "17.57060", "2006-12-31": "17.25310", "2006-09-30": "17.43470", "2006-06-30": "16.63250", "2006-03-31": "15.66910", "2005-12-31": "15.16040", "2005-09-30": "16.00440", "2005-06-30": "15.48200", "2005-03-31": "15.34780"}, "Operating Cash Flow Per Share": {"2020-09-30": 3.0638, "2020-06-30": 2.1434, "2020-03-31": "0.05230", "2019-12-31": 3.2753, "2019-09-30": 2.701, "2019-06-30": 2.3862, "2019-03-31": "0.41990", "2018-12-31": 3.0473, "2018-09-30": -0.233, "2018-06-30": 2.1753, "2018-03-31": "0.17860", "2017-12-31": 2.8295, "2017-09-30": 2.3837, "2017-06-30": 1.7989, "2017-03-31": "0.15440", "2016-12-31": 2.3815, "2016-09-30": 1.6549, "2016-06-30": 2.4507, "2016-03-31": "-0.06920", "2015-12-31": 2.0711, "2015-09-30": 1.1956, "2015-06-30": 1.7825, "2015-03-31": "0.04980", "2014-12-31": 1.6056, "2014-09-30": 2.0016, "2014-06-30": 1.2033, "2014-03-31": "-1.10200", "2013-12-31": 2.232, "2013-09-30": 0.4975, "2013-06-30": 1.1106, "2013-03-31": "-0.64730", "2012-12-31": 2.8655, "2012-09-30": 1.7018, "2012-06-30": 0.2923, "2012-03-31": "0.10080", "2011-12-31": 2.8322, "2011-09-30": 2.0163, "2011-06-30": 0.2075, "2011-03-31": "-1.09810", "2010-12-31": 1.8668, "2010-09-30": 1.3081, "2010-06-30": 1.6021, "2010-03-31": "-0.26220", "2009-12-31": 2.3632, "2009-09-30": 1.7332, "2009-06-30": 1.0964, "2009-03-31": "0.16000", "2008-12-31": 1.6026, "2008-09-30": 1.9575, "2008-06-30": 1.34, "2008-03-31": "0.56800", "2007-12-31": 1.9595, "2007-09-30": 1.7638, "2007-06-30": 1.2058, "2007-03-31": "0.12040", "2006-12-31": 1.5065, "2006-09-30": 2.2564, "2006-06-30": 1.1079, "2006-03-31": "0.21680", "2005-12-31": 1.5262, "2005-09-30": 1.9921, "2005-06-30": 0.9025, "2005-03-31": "-0.02680"}, "Free Cash Flow Per Share": {"2020-09-30": 2.7029, "2020-06-30": 1.7193, "2020-03-31": "-0.41620", "2019-12-31": 2.1407, "2019-09-30": 1.9049, "2019-06-30": 1.8572, "2019-03-31": "-0.05460", "2018-12-31": 1.8934, "2018-09-30": -0.9243, "2018-06-30": 1.6322, "2018-03-31": "-0.22320", "2017-12-31": 1.8537, "2017-09-30": 1.8198, "2017-06-30": 1.309, "2017-03-31": "-0.25890", "2016-12-31": 1.4909, "2016-09-30": 1.0692, "2016-06-30": 2.0402, "2016-03-31": "-0.36660", "2015-12-31": 1.504, "2015-09-30": 0.8332, "2015-06-30": 1.4218, "2015-03-31": "-0.20890", "2014-12-31": 1.0687, "2014-09-30": 1.5955, "2014-06-30": 0.8473, "2014-03-31": "-1.58670", "2013-12-31": 1.6387, "2013-09-30": 0.1483, "2013-06-30": 0.9122, "2013-03-31": "-0.93200", "2012-12-31": 2.2846, "2012-09-30": 1.3671, "2012-06-30": 0.058, "2012-03-31": "-0.23820", "2011-12-31": 2.4987, "2011-09-30": 1.7705, "2011-06-30": -0.1435, "2011-03-31": "-1.39440", "2010-12-31": 1.4869, "2010-09-30": 1.0345, "2010-06-30": 1.4287, "2010-03-31": "-0.44270", "2009-12-31": 2.0432, "2009-09-30": 1.5316, "2009-06-30": 0.9064, "2009-03-31": "-0.07200", "2008-12-31": 1.25, "2008-09-30": 1.5036, "2008-06-30": 0.8644, "2008-03-31": "0.01120", "2007-12-31": 1.1648, "2007-09-30": 1.2355, "2007-06-30": 0.6751, "2007-03-31": "-0.60220", "2006-12-31": 0.9026, "2006-09-30": 1.8733, "2006-06-30": 0.7521, "2006-03-31": "-0.38560", "2005-12-31": 0.9717, "2005-09-30": 1.5358, "2005-06-30": 0.5243, "2005-03-31": "-0.51140"}}, "revenue": {"Avery Dennison Annual Revenue (Millions of US $)": {"2020": "$6,972", "2019": "$7,070", "2018": "$7,159", "2017": "$6,614", "2016": "$6,087", "2015": "$5,967", "2014": "$6,330", "2013": "$6,140", "2012": "$5,864", "2011": "$5,845", "2010": "$5,782", "2009": "$5,186", "2008": "$6,710", "2007": "$6,308", "2006": "$5,576", "2005": "$5,474"}, "Avery Dennison Quarterly Revenue (Millions of US $)": {"2020-12-31": "$1,991", "2020-09-30": "$1,729", "2020-06-30": "$1,529", "2020-03-31": "$1,723", "2019-12-31": "$1,773", "2019-09-30": "$1,761", "2019-06-30": "$1,796", "2019-03-31": "$1,740", "2018-12-31": "$1,769", "2018-09-30": "$1,760", "2018-06-30": "$1,854", "2018-03-31": "$1,776", "2017-12-31": "$1,735", "2017-09-30": "$1,680", "2017-06-30": "$1,627", "2017-03-31": "$1,572", "2016-12-31": "$1,551", "2016-09-30": "$1,509", "2016-06-30": "$1,542", "2016-03-31": "$1,486", "2015-12-31": "$1,455", "2015-09-30": "$1,468", "2015-06-30": "$1,516", "2015-03-31": "$1,528", "2014-12-31": "$1,605", "2014-09-30": "$1,560", "2014-06-30": "$1,616", "2014-03-31": "$1,550", "2013-12-31": "$1,584", "2013-09-30": "$1,505", "2013-06-30": "$1,552", "2013-03-31": "$1,499", "2012-12-31": "$1,483", "2012-09-30": "$1,447", "2012-06-30": "$1,490", "2012-03-31": "$1,443", "2011-12-31": "$1,273", "2011-09-30": "$1,500", "2011-06-30": "$1,545", "2011-03-31": "$1,527", "2010-12-31": "$1,463", "2010-09-30": "$1,641", "2010-06-30": "$1,680", "2010-03-31": "$1,555", "2009-12-31": "$1,522", "2009-09-30": "$1,549", "2009-06-30": "$1,455", "2009-03-31": "$1,426", "2008-12-31": "$1,512", "2008-09-30": "$1,725", "2008-06-30": "$1,829", "2008-03-31": "$1,645", "2007-12-31": "$1,714", "2007-09-30": "$1,680", "2007-06-30": "$1,524", "2007-03-31": "$1,390", "2006-12-31": "$1,411", "2006-09-30": "$1,418", "2006-06-30": "$1,410", "2006-03-31": "$1,337", "2005-12-31": "$1,364", "2005-09-30": "$1,355", "2005-06-30": "$1,412", "2005-03-31": "$1,343"}}, "gross-profit": {"Avery Dennison Annual Gross Profit (Millions of US $)": {"2020": "$1,923", "2019": "$1,904", "2018": "$1,916", "2017": "$1,812", "2016": "$1,700", "2015": "$1,646", "2014": "$1,651", "2013": "$1,638", "2012": "$1,528", "2011": "$1,475", "2010": "$1,514", "2009": "$1,256", "2008": "$1,727", "2007": "$1,722", "2006": "$1,538", "2005": "$1,477"}, "Avery Dennison Quarterly Gross Profit (Millions of US $)": {"2020-12-31": "$571", "2020-09-30": "$484", "2020-06-30": "$383", "2020-03-31": "$485", "2019-12-31": "$485", "2019-09-30": "$472", "2019-06-30": "$482", "2019-03-31": "$465", "2018-12-31": "$472", "2018-09-30": "$459", "2018-06-30": "$501", "2018-03-31": "$483", "2017-12-31": "$466", "2017-09-30": "$452", "2017-06-30": "$453", "2017-03-31": "$442", "2016-12-31": "$425", "2016-09-30": "$418", "2016-06-30": "$434", "2016-03-31": "$423", "2015-12-31": "$392", "2015-09-30": "$406", "2015-06-30": "$418", "2015-03-31": "$430", "2014-12-31": "$415", "2014-09-30": "$401", "2014-06-30": "$428", "2014-03-31": "$407", "2013-12-31": "$416", "2013-09-30": "$402", "2013-06-30": "$418", "2013-03-31": "$402", "2012-12-31": "$382", "2012-09-30": "$381", "2012-06-30": "$388", "2012-03-31": "$377", "2011-12-31": "$313", "2011-09-30": "$367", "2011-06-30": "$396", "2011-03-31": "$400", "2010-12-31": "$364", "2010-09-30": "$453", "2010-06-30": "$490", "2010-03-31": "$441", "2009-12-31": "$415", "2009-09-30": "$436", "2009-06-30": "$390", "2009-03-31": "$345", "2008-12-31": "$378", "2008-09-30": "$434", "2008-06-30": "$490", "2008-03-31": "$424", "2007-12-31": "$482", "2007-09-30": "$466", "2007-06-30": "$410", "2007-03-31": "$364", "2006-12-31": "$399", "2006-09-30": "$391", "2006-06-30": "$393", "2006-03-31": "$355", "2005-12-31": "$379", "2005-09-30": "$358", "2005-06-30": "$388", "2005-03-31": "$352"}}, "operating-income": {"Avery Dennison Annual Operating Income (Millions of US $)": {"2020": "$809", "2019": "$771", "2018": "$718", "2017": "$671", "2016": "$590", "2015": "$469", "2014": "$424", "2013": "$427", "2012": "$311", "2011": "$213", "2010": "$239", "2009": "$-10", "2008": "$387", "2007": "$481", "2006": "$491", "2005": "$425"}, "Avery Dennison Quarterly Operating Income (Millions of US $)": {"2020-12-31": "$273", "2020-09-30": "$214", "2020-06-30": "$124", "2020-03-31": "$199", "2019-12-31": "$180", "2019-09-30": "$200", "2019-06-30": "$209", "2019-03-31": "$182", "2018-12-31": "$194", "2018-09-30": "$192", "2018-06-30": "$157", "2018-03-31": "$176", "2017-12-31": "$176", "2017-09-30": "$167", "2017-06-30": "$172", "2017-03-31": "$156", "2016-12-31": "$194", "2016-09-30": "$143", "2016-06-30": "$115", "2016-03-31": "$139", "2015-12-31": "$107", "2015-09-30": "$131", "2015-06-30": "$117", "2015-03-31": "$115", "2014-12-31": "$114", "2014-09-30": "$115", "2014-06-30": "$93", "2014-03-31": "$103", "2013-12-31": "$119", "2013-09-30": "$91", "2013-06-30": "$124", "2013-03-31": "$93", "2012-12-31": "$65", "2012-09-30": "$73", "2012-06-30": "$92", "2012-03-31": "$81", "2011-12-31": "$-36", "2011-09-30": "$64", "2011-06-30": "$105", "2011-03-31": "$80", "2010-12-31": "$67", "2010-09-30": "$96", "2010-06-30": "$147", "2010-03-31": "$94", "2009-12-31": "$45", "2009-09-30": "$77", "2009-06-30": "$61", "2009-03-31": "$-56", "2008-12-31": "$56", "2008-09-30": "$96", "2008-06-30": "$144", "2008-03-31": "$90", "2007-12-31": "$132", "2007-09-30": "$102", "2007-06-30": "$132", "2007-03-31": "$114", "2006-12-31": "$132", "2006-09-30": "$119", "2006-06-30": "$138", "2006-03-31": "$103", "2005-12-31": "$72", "2005-09-30": "$128", "2005-06-30": "$132", "2005-03-31": "$94"}}, "ebitda": {"Avery Dennison Annual EBITDA (Millions of US $)": {"2019": "$950", "2018": "$899", "2017": "$849", "2016": "$770", "2015": "$658", "2014": "$626", "2013": "$632", "2012": "$531", "2011": "$531", "2010": "$563", "2009": "$1,090", "2008": "$665", "2007": "$718", "2006": "$692", "2005": "$627"}, "Avery Dennison Quarterly EBITDA (Millions of US $)": {"2020-09-30": "$266", "2020-06-30": "$174", "2020-03-31": "$247", "2019-12-31": "$226", "2019-09-30": "$244", "2019-06-30": "$254", "2019-03-31": "$226", "2018-12-31": "$239", "2018-09-30": "$238", "2018-06-30": "$202", "2018-03-31": "$220", "2017-12-31": "$219", "2017-09-30": "$211", "2017-06-30": "$218", "2017-03-31": "$201", "2016-12-31": "$239", "2016-09-30": "$189", "2016-06-30": "$160", "2016-03-31": "$183", "2015-12-31": "$152", "2015-09-30": "$177", "2015-06-30": "$164", "2015-03-31": "$165", "2014-12-31": "$167", "2014-09-30": "$164", "2014-06-30": "$142", "2014-03-31": "$153", "2013-12-31": "$167", "2013-09-30": "$143", "2013-06-30": "$176", "2013-03-31": "$145", "2012-12-31": "$122", "2012-09-30": "$126", "2012-06-30": "$143", "2012-03-31": "$140", "2011-12-31": "$26", "2011-09-30": "$125", "2011-06-30": "$168", "2011-03-31": "$141", "2010-12-31": "$127", "2010-09-30": "$162", "2010-06-30": "$207", "2010-03-31": "$156", "2009-12-31": "$118", "2009-09-30": "$139", "2009-06-30": "$122", "2009-03-31": "$847", "2008-12-31": "$124", "2008-09-30": "$168", "2008-06-30": "$212", "2008-03-31": "$161", "2007-12-31": "$198", "2007-09-30": "$173", "2007-06-30": "$184", "2007-03-31": "$162", "2006-12-31": "$185", "2006-09-30": "$168", "2006-06-30": "$187", "2006-03-31": "$153", "2005-12-31": "$124", "2005-09-30": "$177", "2005-06-30": "$182", "2005-03-31": "$144"}}, "net-income": {"Avery Dennison Annual Net Income (Millions of US $)": {"2020": "$556", "2019": "$304", "2018": "$467", "2017": "$282", "2016": "$321", "2015": "$274", "2014": "$245", "2013": "$213", "2012": "$215", "2011": "$190", "2010": "$317", "2009": "$-747", "2008": "$266", "2007": "$304", "2006": "$373", "2005": "$227"}, "Avery Dennison Quarterly Net Income (Millions of US $)": {"2020-12-31": "$192", "2020-09-30": "$151", "2020-06-30": "$80", "2020-03-31": "$134", "2019-12-31": "$163", "2019-09-30": "$145", "2019-06-30": "$143", "2019-03-31": "$-147", "2018-12-31": "$97", "2018-09-30": "$150", "2018-06-30": "$96", "2018-03-31": "$125", "2017-12-31": "$-60", "2017-09-30": "$108", "2017-06-30": "$121", "2017-03-31": "$112", "2016-12-31": "$62", "2016-09-30": "$89", "2016-06-30": "$80", "2016-03-31": "$90", "2015-12-31": "$57", "2015-09-30": "$82", "2015-06-30": "$64", "2015-03-31": "$72", "2014-12-31": "$71", "2014-09-30": "$60", "2014-06-30": "$43", "2014-03-31": "$71", "2013-12-31": "$40", "2013-09-30": "$47", "2013-06-30": "$69", "2013-03-31": "$58", "2012-12-31": "$49", "2012-09-30": "$58", "2012-06-30": "$64", "2012-03-31": "$44", "2011-12-31": "$22", "2011-09-30": "$50", "2011-06-30": "$73", "2011-03-31": "$45", "2010-12-31": "$114", "2010-09-30": "$64", "2010-06-30": "$84", "2010-03-31": "$55", "2009-12-31": "$50", "2009-09-30": "$63", "2009-06-30": "$40", "2009-03-31": "$-899", "2008-12-31": "$43", "2008-09-30": "$63", "2008-06-30": "$92", "2008-03-31": "$68", "2007-12-31": "$79", "2007-09-30": "$59", "2007-06-30": "$86", "2007-03-31": "$79", "2006-12-31": "$108", "2006-09-30": "$85", "2006-06-30": "$112", "2006-03-31": "$69", "2005-12-31": "$-7", "2005-09-30": "$86", "2005-06-30": "$89", "2005-03-31": "$58"}}, "eps-earnings-per-share-diluted": {"Avery Dennison Annual EPS": {"2020": "$6.61", "2019": "$3.57", "2018": "$5.28", "2017": "$3.13", "2016": "$3.54", "2015": "$2.95", "2014": "$2.56", "2013": "$2.13", "2012": "$2.08", "2011": "$1.78", "2010": "$2.97", "2009": "$-7.21", "2008": "$2.70", "2007": "$3.07", "2006": "$3.72", "2005": "$2.26"}, "Avery Dennison Quarterly EPS": {"2020-12-31": "$2.28", "2020-09-30": "$1.79", "2020-06-30": "$0.95", "2020-03-31": "$1.60", "2019-12-31": "$1.91", "2019-09-30": "$1.71", "2019-06-30": "$1.69", "2019-03-31": "$-1.74", "2018-12-31": "$1.12", "2018-09-30": "$1.69", "2018-06-30": "$1.07", "2018-03-31": "$1.40", "2017-12-31": "$-0.66", "2017-09-30": "$1.20", "2017-06-30": "$1.34", "2017-03-31": "$1.25", "2016-12-31": "$0.70", "2016-09-30": "$0.98", "2016-06-30": "$0.88", "2016-03-31": "$0.98", "2015-12-31": "$0.61", "2015-09-30": "$0.88", "2015-06-30": "$0.68", "2015-03-31": "$0.78", "2014-12-31": "$0.76", "2014-09-30": "$0.63", "2014-06-30": "$0.44", "2014-03-31": "$0.73", "2013-12-31": "$0.41", "2013-09-30": "$0.47", "2013-06-30": "$0.68", "2013-03-31": "$0.57", "2012-12-31": "$0.48", "2012-09-30": "$0.57", "2012-06-30": "$0.62", "2012-03-31": "$0.41", "2011-12-31": "$0.20", "2011-09-30": "$0.47", "2011-06-30": "$0.69", "2011-03-31": "$0.42", "2010-12-31": "$1.06", "2010-09-30": "$0.60", "2010-06-30": "$0.78", "2010-03-31": "$0.51", "2009-12-31": "$0.47", "2009-09-30": "$0.59", "2009-06-30": "$0.38", "2009-03-31": "$-8.99", "2008-12-31": "$0.45", "2008-09-30": "$0.63", "2008-06-30": "$0.93", "2008-03-31": "$0.69", "2007-12-31": "$0.81", "2007-09-30": "$0.59", "2007-06-30": "$0.87", "2007-03-31": "$0.80", "2006-12-31": "$1.06", "2006-09-30": "$0.85", "2006-06-30": "$1.12", "2006-03-31": "$0.69", "2005-12-31": "$-0.06", "2005-09-30": "$0.86", "2005-06-30": "$0.89", "2005-03-31": "$0.57"}}, "shares-outstanding": {"Avery Dennison Annual Shares Outstanding (Millions of Shares)": {"2020": "84", "2019": "85", "2018": "89", "2017": "90", "2016": "91", "2015": "93", "2014": "96", "2013": "100", "2012": "104", "2011": "107", "2010": "107", "2009": "104", "2008": "99", "2007": "99", "2006": "100", "2005": "101"}, "Avery Dennison Quarterly Shares Outstanding (Millions of Shares)": {"2020-12-31": "84", "2020-09-30": "84", "2020-06-30": "84", "2020-03-31": "84", "2019-12-31": "85", "2019-09-30": "85", "2019-06-30": "85", "2019-03-31": "84", "2018-12-31": "89", "2018-09-30": "89", "2018-06-30": "89", "2018-03-31": "90", "2017-12-31": "90", "2017-09-30": "90", "2017-06-30": "90", "2017-03-31": "90", "2016-12-31": "91", "2016-09-30": "91", "2016-06-30": "91", "2016-03-31": "91", "2015-12-31": "93", "2015-09-30": "93", "2015-06-30": "93", "2015-03-31": "92", "2014-12-31": "96", "2014-09-30": "95", "2014-06-30": "97", "2014-03-31": "98", "2013-12-31": "100", "2013-09-30": "100", "2013-06-30": "101", "2013-03-31": "102", "2012-12-31": "104", "2012-09-30": "102", "2012-06-30": "104", "2012-03-31": "106", "2011-12-31": "107", "2011-09-30": "107", "2011-06-30": "107", "2011-03-31": "107", "2010-12-31": "108", "2010-09-30": "107", "2010-06-30": "107", "2010-03-31": "106", "2009-12-31": "106", "2009-09-30": "106", "2009-06-30": "106", "2009-03-31": "100", "2008-12-31": "99", "2008-09-30": "99", "2008-06-30": "99", "2008-03-31": "99", "2007-12-31": "99", "2007-09-30": "99", "2007-06-30": "99", "2007-03-31": "99", "2006-12-31": "100", "2006-09-30": "101", "2006-06-30": "100", "2006-03-31": "100", "2005-12-31": "101", "2005-09-30": "101", "2005-06-30": "101", "2005-03-31": "101"}}, "total-assets": {"Avery Dennison Annual Total Assets (Millions of US $)": {"2019": "$5,489", "2018": "$5,178", "2017": "$5,137", "2016": "$4,396", "2015": "$4,134", "2014": "$4,357", "2013": "$4,611", "2012": "$5,105", "2011": "$4,973", "2010": "$5,099", "2009": "$5,003", "2008": "$6,036", "2007": "$6,245", "2006": "$4,325", "2005": "$4,204"}, "Avery Dennison Quarterly Total Assets (Millions of US $)": {"2020-09-30": "$5,721", "2020-06-30": "$5,652", "2020-03-31": "$6,261", "2019-12-31": "$5,489", "2019-09-30": "$5,339", "2019-06-30": "$5,390", "2019-03-31": "$5,354", "2018-12-31": "$5,178", "2018-09-30": "$5,182", "2018-06-30": "$5,163", "2018-03-31": "$5,281", "2017-12-31": "$5,137", "2017-09-30": "$5,270", "2017-06-30": "$5,092", "2017-03-31": "$4,766", "2016-12-31": "$4,396", "2016-09-30": "$4,600", "2016-06-30": "$4,295", "2016-03-31": "$4,249", "2015-12-31": "$4,134", "2015-09-30": "$4,249", "2015-06-30": "$4,354", "2015-03-31": "$4,313", "2014-12-31": "$4,357", "2014-09-30": "$4,494", "2014-06-30": "$4,617", "2014-03-31": "$4,591", "2013-12-31": "$4,611", "2013-09-30": "$4,733", "2013-06-30": "$5,191", "2013-03-31": "$5,138", "2012-12-31": "$5,105", "2012-09-30": "$5,102", "2012-06-30": "$5,058", "2012-03-31": "$5,071", "2011-12-31": "$4,973", "2011-09-30": "$5,061", "2011-06-30": "$5,360", "2011-03-31": "$5,315", "2010-12-31": "$5,099", "2010-09-30": "$5,213", "2010-06-30": "$5,038", "2010-03-31": "$4,992", "2009-12-31": "$5,003", "2009-09-30": "$5,095", "2009-06-30": "$5,043", "2009-03-31": "$4,865", "2008-12-31": "$6,036", "2008-09-30": "$6,385", "2008-06-30": "$6,698", "2008-03-31": "$6,405", "2007-12-31": "$6,245", "2007-09-30": "$6,122", "2007-06-30": "$6,164", "2007-03-31": "$4,330", "2006-12-31": "$4,325", "2006-09-30": "$4,257", "2006-06-30": "$4,237", "2006-03-31": "$4,143", "2005-12-31": "$4,204", "2005-09-30": "$4,235", "2005-06-30": "$4,271", "2005-03-31": "$4,296"}}, "cash-on-hand": {"Avery Dennison Annual Cash on Hand (Millions of US $)": {"2019": "$254", "2018": "$232", "2017": "$224", "2016": "$195", "2015": "$159", "2014": "$207", "2013": "$352", "2012": "$235", "2011": "$178", "2010": "$128", "2009": "$138", "2008": "$106", "2007": "$72", "2006": "$59", "2005": "$99"}, "Avery Dennison Quarterly Cash on Hand (Millions of US $)": {"2020-09-30": "$285", "2020-06-30": "$263", "2020-03-31": "$742", "2019-12-31": "$254", "2019-09-30": "$224", "2019-06-30": "$247", "2019-03-31": "$226", "2018-12-31": "$232", "2018-09-30": "$218", "2018-06-30": "$216", "2018-03-31": "$188", "2017-12-31": "$224", "2017-09-30": "$232", "2017-06-30": "$209", "2017-03-31": "$295", "2016-12-31": "$195", "2016-09-30": "$189", "2016-06-30": "$216", "2016-03-31": "$170", "2015-12-31": "$159", "2015-09-30": "$172", "2015-06-30": "$246", "2015-03-31": "$213", "2014-12-31": "$207", "2014-09-30": "$196", "2014-06-30": "$222", "2014-03-31": "$205", "2013-12-31": "$352", "2013-09-30": "$310", "2013-06-30": "$212", "2013-03-31": "$208", "2012-12-31": "$235", "2012-09-30": "$191", "2012-06-30": "$161", "2012-03-31": "$191", "2011-12-31": "$178", "2011-09-30": "$120", "2011-06-30": "$125", "2011-03-31": "$120", "2010-12-31": "$128", "2010-09-30": "$158", "2010-06-30": "$149", "2010-03-31": "$144", "2009-12-31": "$138", "2009-09-30": "$92", "2009-06-30": "$92", "2009-03-31": "$83", "2008-12-31": "$106", "2008-09-30": "$81", "2008-06-30": "$87", "2008-03-31": "$73", "2007-12-31": "$72", "2007-09-30": "$77", "2007-06-30": "$77", "2007-03-31": "$58", "2006-12-31": "$59", "2006-09-30": "$51", "2006-06-30": "$49", "2006-03-31": "$39", "2005-12-31": "$99", "2005-09-30": "$76", "2005-06-30": "$31", "2005-03-31": "$53"}}, "long-term-debt": {"Avery Dennison Annual Long Term Debt (Millions of US $)": {"2019": "$1,499", "2018": "$1,772", "2017": "$1,316", "2016": "$713", "2015": "$964", "2014": "$940", "2013": "$951", "2012": "$702", "2011": "$954", "2010": "$956", "2009": "$1,089", "2008": "$1,545", "2007": "$1,145", "2006": "$502", "2005": "$723"}, "Avery Dennison Quarterly Long Term Debt (Millions of US $)": {"2020-09-30": "$2,020", "2020-06-30": "$1,998", "2020-03-31": "$1,988", "2019-12-31": "$1,499", "2019-09-30": "$1,484", "2019-06-30": "$1,503", "2019-03-31": "$1,760", "2018-12-31": "$1,772", "2018-09-30": "$1,295", "2018-06-30": "$1,290", "2018-03-31": "$1,343", "2017-12-31": "$1,316", "2017-09-30": "$1,298", "2017-06-30": "$1,276", "2017-03-31": "$1,250", "2016-12-31": "$713", "2016-09-30": "$713", "2016-06-30": "$963", "2016-03-31": "$963", "2015-12-31": "$964", "2015-09-30": "$969", "2015-06-30": "$970", "2015-03-31": "$945", "2014-12-31": "$940", "2014-09-30": "$945", "2014-06-30": "$945", "2014-03-31": "$950", "2013-12-31": "$951", "2013-09-30": "$951", "2013-06-30": "$951", "2013-03-31": "$702", "2012-12-31": "$702", "2012-09-30": "$703", "2012-06-30": "$703", "2012-03-31": "$704", "2011-12-31": "$954", "2011-09-30": "$955", "2011-06-30": "$955", "2011-03-31": "$955", "2010-12-31": "$956", "2010-09-30": "$1,066", "2010-06-30": "$1,061", "2010-03-31": "$1,074", "2009-12-31": "$1,089", "2009-09-30": "$1,116", "2009-06-30": "$1,135", "2009-03-31": "$1,139", "2008-12-31": "$1,545", "2008-09-30": "$1,545", "2008-06-30": "$1,545", "2008-03-31": "$1,545", "2007-12-31": "$1,145", "2007-09-30": "$756", "2007-06-30": "$507", "2007-03-31": "$502", "2006-12-31": "$502", "2006-09-30": "$551", "2006-06-30": "$721", "2006-03-31": "$721", "2005-12-31": "$723", "2005-09-30": "$974", "2005-06-30": "$977", "2005-03-31": "$995"}}, "total-liabilities": {"Avery Dennison Annual Total Liabilities (Millions of US $)": {"2019": "$4,285", "2018": "$4,222", "2017": "$4,091", "2016": "$3,471", "2015": "$3,168", "2014": "$3,309", "2013": "$3,118", "2012": "$3,524", "2011": "$3,314", "2010": "$3,454", "2009": "$3,640", "2008": "$4,286", "2007": "$4,255", "2006": "$2,629", "2005": "$2,692"}, "Avery Dennison Quarterly Total Liabilities (Millions of US $)": {"2020-09-30": "$4,386", "2020-06-30": "$4,438", "2020-03-31": "$5,088", "2019-12-31": "$4,285", "2019-09-30": "$4,281", "2019-06-30": "$4,327", "2019-03-31": "$4,362", "2018-12-31": "$4,222", "2018-09-30": "$4,135", "2018-06-30": "$4,141", "2018-03-31": "$4,191", "2017-12-31": "$4,091", "2017-09-30": "$4,135", "2017-06-30": "$4,022", "2017-03-31": "$3,751", "2016-12-31": "$3,471", "2016-09-30": "$3,558", "2016-06-30": "$3,338", "2016-03-31": "$3,281", "2015-12-31": "$3,168", "2015-09-30": "$3,194", "2015-06-30": "$3,257", "2015-03-31": "$3,287", "2014-12-31": "$3,309", "2014-09-30": "$3,187", "2014-06-30": "$3,188", "2014-03-31": "$3,096", "2013-12-31": "$3,118", "2013-09-30": "$3,159", "2013-06-30": "$3,676", "2013-03-31": "$3,564", "2012-12-31": "$3,524", "2012-09-30": "$3,517", "2012-06-30": "$3,487", "2012-03-31": "$3,407", "2011-12-31": "$3,314", "2011-09-30": "$3,311", "2011-06-30": "$3,555", "2011-03-31": "$3,578", "2010-12-31": "$3,454", "2010-09-30": "$3,681", "2010-06-30": "$3,628", "2010-03-31": "$3,611", "2009-12-31": "$3,640", "2009-09-30": "$3,795", "2009-06-30": "$3,842", "2009-03-31": "$3,778", "2008-12-31": "$4,286", "2008-09-30": "$4,286", "2008-06-30": "$4,499", "2008-03-31": "$4,293", "2007-12-31": "$4,255", "2007-09-30": "$4,224", "2007-06-30": "$4,340", "2007-03-31": "$2,610", "2006-12-31": "$2,629", "2006-09-30": "$2,510", "2006-06-30": "$2,573", "2006-03-31": "$2,578", "2005-12-31": "$2,692", "2005-09-30": "$2,631", "2005-06-30": "$2,720", "2005-03-31": "$2,759"}}, "total-share-holder-equity": {"Avery Dennison Annual Share Holder Equity (Millions of US $)": {"2019": "$1,204", "2018": "$955", "2017": "$1,046", "2016": "$926", "2015": "$966", "2014": "$1,048", "2013": "$1,492", "2012": "$1,581", "2011": "$1,659", "2010": "$1,646", "2009": "$1,363", "2008": "$1,750", "2007": "$1,989", "2006": "$1,696", "2005": "$1,512"}, "Avery Dennison Quarterly Share Holder Equity (Millions of US $)": {"2020-09-30": "$1,335", "2020-06-30": "$1,214", "2020-03-31": "$1,173", "2019-12-31": "$1,204", "2019-09-30": "$1,057", "2019-06-30": "$1,063", "2019-03-31": "$992", "2018-12-31": "$955", "2018-09-30": "$1,047", "2018-06-30": "$1,022", "2018-03-31": "$1,090", "2017-12-31": "$1,046", "2017-09-30": "$1,135", "2017-06-30": "$1,070", "2017-03-31": "$1,015", "2016-12-31": "$926", "2016-09-30": "$1,042", "2016-06-30": "$957", "2016-03-31": "$968", "2015-12-31": "$966", "2015-09-30": "$1,055", "2015-06-30": "$1,097", "2015-03-31": "$1,026", "2014-12-31": "$1,048", "2014-09-30": "$1,307", "2014-06-30": "$1,429", "2014-03-31": "$1,495", "2013-12-31": "$1,492", "2013-09-30": "$1,574", "2013-06-30": "$1,515", "2013-03-31": "$1,574", "2012-12-31": "$1,581", "2012-09-30": "$1,586", "2012-06-30": "$1,571", "2012-03-31": "$1,664", "2011-12-31": "$1,659", "2011-09-30": "$1,749", "2011-06-30": "$1,805", "2011-03-31": "$1,737", "2010-12-31": "$1,646", "2010-09-30": "$1,532", "2010-06-30": "$1,409", "2010-03-31": "$1,381", "2009-12-31": "$1,363", "2009-09-30": "$1,300", "2009-06-30": "$1,201", "2009-03-31": "$1,087", "2008-12-31": "$1,750", "2008-09-30": "$2,099", "2008-06-30": "$2,199", "2008-03-31": "$2,112", "2007-12-31": "$1,989", "2007-09-30": "$1,898", "2007-06-30": "$1,823", "2007-03-31": "$1,720", "2006-12-31": "$1,696", "2006-09-30": "$1,747", "2006-06-30": "$1,665", "2006-03-31": "$1,565", "2005-12-31": "$1,512", "2005-09-30": "$1,604", "2005-06-30": "$1,551", "2005-03-31": "$1,538"}}, "profit-margins": {"current": "7.97%"}, "gross margin": {"2020-12-31": "27.58%", "2020-09-30": "27.20%", "2020-06-30": "26.89%", "2020-03-31": "27.28%", "2019-12-31": "26.93%", "2019-09-30": "26.75%", "2019-06-30": "26.57%", "2019-03-31": "26.62%", "2018-12-31": "26.74%", "2018-09-30": "26.79%", "2018-06-30": "27.00%", "2018-03-31": "27.19%", "2017-12-31": "27.41%", "2017-09-30": "27.56%", "2017-06-30": "27.77%", "2017-03-31": "27.84%", "2016-12-31": "27.92%", "2016-09-30": "27.82%", "2016-06-30": "27.81%", "2016-03-31": "27.66%", "2015-12-31": "27.59%", "2015-09-30": "27.28%", "2015-06-30": "26.80%", "2015-03-31": "26.53%", "2014-12-31": "26.08%", "2014-09-30": "26.18%", "2014-06-30": "26.43%", "2014-03-31": "26.54%", "2013-12-31": "26.68%", "2013-09-30": "26.56%", "2013-06-30": "26.47%", "2013-03-31": "26.24%", "2012-12-31": "26.06%", "2012-09-30": "25.79%", "2012-06-30": "25.31%", "2012-03-31": "25.20%", "2011-12-31": "25.24%", "2011-09-30": "25.30%", "2011-06-30": "26.12%", "2011-03-31": "27.05%", "2010-12-31": "27.58%", "2010-09-30": "28.12%", "2010-06-30": "28.26%", "2010-03-31": "27.66%", "2009-12-31": "26.65%", "2009-09-30": "26.07%", "2009-06-30": "25.29%", "2009-03-31": "25.37%", "2008-12-31": "25.72%", "2008-09-30": "26.46%", "2008-06-30": "27.10%", "2008-03-31": "27.14%", "2007-12-31": "27.28%", "2007-09-30": "27.29%", "2007-06-30": "27.23%", "2007-03-31": "27.48%", "2006-12-31": "27.58%", "2006-09-30": "27.46%", "2006-06-30": "27.17%", "2006-03-31": "27.07%", "2005-12-31": "26.98%"}, "operating margin": {"2020-12-31": "11.62%", "2020-09-30": "10.62%", "2020-06-30": "10.36%", "2020-03-31": "11.17%", "2019-12-31": "10.91%", "2019-09-30": "11.11%", "2019-06-30": "11.00%", "2019-03-31": "10.18%", "2018-12-31": "10.04%", "2018-09-30": "9.84%", "2018-06-30": "9.60%", "2018-03-31": "10.13%", "2017-12-31": "10.15%", "2017-09-30": "10.72%", "2017-06-30": "10.62%", "2017-03-31": "9.85%", "2016-12-31": "9.71%", "2016-09-30": "8.41%", "2016-06-30": "8.27%", "2016-03-31": "8.34%", "2015-12-31": "7.88%", "2015-09-30": "7.80%", "2015-06-30": "7.41%", "2015-03-31": "6.91%", "2014-12-31": "6.70%", "2014-09-30": "6.80%", "2014-06-30": "6.49%", "2014-03-31": "7.06%", "2013-12-31": "6.95%", "2013-09-30": "6.18%", "2013-06-30": "5.94%", "2013-03-31": "5.46%", "2012-12-31": "5.30%", "2012-09-30": "3.71%", "2012-06-30": "3.52%", "2012-03-31": "3.71%", "2011-12-31": "3.64%", "2011-09-30": "5.24%", "2011-06-30": "5.63%", "2011-03-31": "6.18%", "2010-12-31": "6.37%", "2010-09-30": "5.97%", "2010-06-30": "5.76%", "2010-03-31": "4.56%", "2009-12-31": "2.13%", "2009-09-30": "2.32%", "2009-06-30": "2.57%", "2009-03-31": "3.70%", "2008-12-31": "5.75%", "2008-09-30": "6.68%", "2008-06-30": "6.81%", "2008-03-31": "6.95%", "2007-12-31": "7.61%", "2007-09-30": "7.99%", "2007-06-30": "8.65%", "2007-03-31": "8.94%", "2006-12-31": "8.82%", "2006-09-30": "7.81%", "2006-06-30": "8.05%", "2006-03-31": "7.94%", "2005-12-31": "7.76%"}, "ebitda margin": {"2020-09-30": "13.52%", "2020-06-30": "13.13%", "2020-03-31": "13.77%", "2019-12-31": "13.44%", "2019-09-30": "13.63%", "2019-06-30": "13.55%", "2019-03-31": "12.71%", "2018-12-31": "12.56%", "2018-09-30": "12.34%", "2018-06-30": "12.09%", "2018-03-31": "12.73%", "2017-12-31": "12.84%", "2017-09-30": "13.51%", "2017-06-30": "13.53%", "2017-03-31": "12.78%", "2016-12-31": "12.66%", "2016-09-30": "11.42%", "2016-06-30": "11.29%", "2016-03-31": "11.41%", "2015-12-31": "11.03%", "2015-09-30": "11.00%", "2015-06-30": "10.63%", "2015-03-31": "10.11%", "2014-12-31": "9.89%", "2014-09-30": "9.92%", "2014-06-30": "9.67%", "2014-03-31": "10.32%", "2013-12-31": "10.28%", "2013-09-30": "9.70%", "2013-06-30": "9.51%", "2013-03-31": "9.06%", "2012-12-31": "9.06%", "2012-09-30": "7.70%", "2012-06-30": "7.61%", "2012-03-31": "7.97%", "2011-12-31": "7.87%", "2011-09-30": "9.30%", "2011-06-30": "9.68%", "2011-03-31": "10.09%", "2010-12-31": "10.29%", "2010-09-30": "10.05%", "2010-06-30": "9.83%", "2010-03-31": "8.80%", "2009-12-31": "20.60%", "2009-09-30": "20.73%", "2009-06-30": "20.61%", "2009-03-31": "20.81%", "2008-12-31": "9.91%", "2008-09-30": "10.69%", "2008-06-30": "10.83%", "2008-03-31": "10.91%", "2007-12-31": "11.37%", "2007-09-30": "11.71%", "2007-06-30": "12.15%", "2007-03-31": "12.45%", "2006-12-31": "12.39%", "2006-09-30": "11.41%", "2006-06-30": "11.71%", "2006-03-31": "11.61%", "2005-12-31": "11.45%"}, "pre tax profit margin": {"2020-12-31": "10.57%", "2020-09-30": "9.58%", "2020-06-30": "9.27%", "2020-03-31": "10.14%", "2019-12-31": "3.54%", "2019-09-30": "2.45%", "2019-06-30": "2.28%", "2019-03-31": "1.57%", "2018-12-31": "7.75%", "2018-09-30": "8.76%", "2018-06-30": "8.56%", "2018-03-31": "8.99%", "2017-12-31": "8.92%", "2017-09-30": "8.69%", "2017-06-30": "8.63%", "2017-03-31": "7.92%", "2016-12-31": "7.84%", "2016-09-30": "7.39%", "2016-06-30": "7.24%", "2016-03-31": "7.31%", "2015-12-31": "6.85%", "2015-09-30": "6.77%", "2015-06-30": "6.39%", "2015-03-31": "5.91%", "2014-12-31": "5.70%", "2014-09-30": "5.78%", "2014-06-30": "5.45%", "2014-03-31": "6.04%", "2013-12-31": "5.98%", "2013-09-30": "5.18%", "2013-06-30": "4.90%", "2013-03-31": "4.34%", "2012-12-31": "4.06%", "2012-09-30": "3.68%", "2012-06-30": "3.49%", "2012-03-31": "3.68%", "2011-12-31": "3.64%", "2011-09-30": "4.04%", "2011-06-30": "4.45%", "2011-03-31": "4.98%", "2010-12-31": "5.17%", "2010-09-30": "4.80%", "2010-06-30": "4.57%", "2010-03-31": "3.32%", "2009-12-31": "-13.29%", "2009-09-30": "-13.30%", "2009-06-30": "-12.77%", "2009-03-31": "-10.89%", "2008-12-31": "4.02%", "2008-09-30": "4.92%", "2008-06-30": "4.95%", "2008-03-31": "5.15%", "2007-12-31": "5.96%", "2007-09-30": "6.59%", "2007-06-30": "7.56%", "2007-03-31": "7.92%", "2006-12-31": "7.80%", "2006-09-30": "6.80%", "2006-06-30": "7.03%", "2006-03-31": "6.88%", "2005-12-31": "6.72%"}, "net profit margin": {"2020-12-31": "7.99%", "2020-09-30": "7.82%", "2020-06-30": "7.69%", "2020-03-31": "8.29%", "2019-12-31": "4.30%", "2019-09-30": "3.37%", "2019-06-30": "3.44%", "2019-03-31": "2.75%", "2018-12-31": "6.54%", "2018-09-30": "4.36%", "2018-06-30": "3.82%", "2018-03-31": "4.31%", "2017-12-31": "4.25%", "2017-09-30": "6.27%", "2017-06-30": "6.14%", "2017-03-31": "5.56%", "2016-12-31": "5.27%", "2016-09-30": "5.27%", "2016-06-30": "5.19%", "2016-03-31": "4.95%", "2015-12-31": "4.61%", "2015-09-30": "4.72%", "2015-06-30": "4.30%", "2015-03-31": "3.90%", "2014-12-31": "3.87%", "2014-09-30": "3.39%", "2014-06-30": "3.21%", "2014-03-31": "3.67%", "2013-12-31": "3.49%", "2013-09-30": "3.69%", "2013-06-30": "3.91%", "2013-03-31": "3.87%", "2012-12-31": "3.67%", "2012-09-30": "3.33%", "2012-06-30": "3.15%", "2012-03-31": "3.28%", "2011-12-31": "3.25%", "2011-09-30": "4.67%", "2011-06-30": "4.79%", "2011-03-31": "4.86%", "2010-12-31": "5.00%", "2010-09-30": "3.95%", "2010-06-30": "4.00%", "2010-03-31": "3.42%", "2009-12-31": "-12.53%", "2009-09-30": "-12.67%", "2009-06-30": "-12.31%", "2009-03-31": "-10.80%", "2008-12-31": "3.96%", "2008-09-30": "4.37%", "2008-06-30": "4.34%", "2008-03-31": "4.45%", "2007-12-31": "4.80%", "2007-09-30": "5.53%", "2007-06-30": "6.23%", "2007-03-31": "6.82%", "2006-12-31": "6.71%", "2006-09-30": "4.68%", "2006-06-30": "4.76%", "2006-03-31": "4.33%", "2005-12-31": "4.13%"}, "pe ratio": {"current": "24.27", "2021-02-11": "39.94", "2020-12-31": "35.74", "2020-09-30": "20.34", "2020-06-30": "18.30", "2020-03-31": "14.52", "2019-12-31": "35.86", "2019-09-30": "40.05", "2019-06-30": "40.88", "2019-03-31": "51.28", "2018-12-31": "16.48", "2018-09-30": "29.93", "2018-06-30": "32.63", "2018-03-31": "31.01", "2017-12-31": "34.99", "2017-09-30": "20.85", "2017-06-30": "19.61", "2017-03-31": "19.94", "2016-12-31": "18.61", "2016-09-30": "20.91", "2016-06-30": "20.59", "2016-03-31": "21.00", "2015-12-31": "19.44", "2015-09-30": "16.66", "2015-06-30": "19.07", "2015-03-31": "17.95", "2014-12-31": "17.75", "2014-09-30": "17.37", "2014-06-30": "22.90", "2014-03-31": "20.04", "2013-12-31": "21.28", "2013-09-30": "17.91", "2013-06-30": "15.96", "2013-03-31": "16.39", "2012-12-31": "14.22", "2012-09-30": "14.77", "2012-06-30": "13.32", "2012-03-31": "13.96", "2011-12-31": "13.09", "2011-09-30": "7.69", "2011-06-30": "11.19", "2011-03-31": "11.70", "2010-12-31": "11.38", "2010-09-30": "12.40", "2010-06-30": "10.71", "2010-03-31": "14.55", "2009-12-31": "28.83", "2009-09-30": "29.50", "2009-06-30": "20.05", "2009-03-31": "11.01", "2008-12-31": "9.01", "2008-09-30": "10.57", "2008-06-30": "10.49", "2008-03-31": "11.90", "2007-12-31": "12.28", "2007-09-30": "12.27", "2007-06-30": "13.17", "2007-03-31": "11.81", "2006-12-31": "12.78"}, "price sales": {"2021-02-11": "2.09", "2020-12-31": "1.87", "2020-09-30": "1.59", "2020-06-30": "1.41", "2020-03-31": "1.21", "2019-12-31": "1.54", "2019-09-30": "1.35", "2019-06-30": "1.38", "2019-03-31": "1.34", "2018-12-31": "1.08", "2018-09-30": "1.31", "2018-06-30": "1.25", "2018-03-31": "1.34", "2017-12-31": "1.49", "2017-09-30": "1.31", "2017-06-30": "1.21", "2017-03-31": "1.11", "2016-12-31": "0.98", "2016-09-30": "1.10", "2016-06-30": "1.07", "2016-03-31": "1.04", "2015-12-31": "0.89", "2015-09-30": "0.79", "2015-06-30": "0.84", "2015-03-31": "0.72", "2014-12-31": "0.71", "2014-09-30": "0.61", "2014-06-30": "0.71", "2014-03-31": "0.71", "2013-12-31": "0.71", "2013-09-30": "0.63", "2013-06-30": "0.63", "2013-03-31": "0.64", "2012-12-31": "0.52", "2012-09-30": "0.50", "2012-06-30": "0.42", "2012-03-31": "0.46", "2011-12-31": "0.43", "2011-09-30": "0.36", "2011-06-30": "0.54", "2011-03-31": "0.57", "2010-12-31": "0.57", "2010-09-30": "0.49", "2010-06-30": "0.42", "2010-03-31": "0.49", "2009-12-31": "0.50", "2009-09-30": "0.48", "2009-06-30": "0.32", "2009-03-31": "0.26", "2008-12-31": "0.36", "2008-09-30": "0.46", "2008-06-30": "0.46", "2008-03-31": "0.53", "2007-12-31": "0.59", "2007-09-30": "0.66", "2007-06-30": "0.81", "2007-03-31": "0.79", "2006-12-31": "0.84"}, "price book": {"current": "9.60", "2021-02-11": "10.84", "2020-09-30": "7.96", "2020-06-30": "7.77", "2020-03-31": "7.13", "2019-12-31": "8.89", "2019-09-30": "8.77", "2019-06-30": "8.91", "2019-03-31": "9.29", "2018-12-31": "7.70", "2018-09-30": "8.70", "2018-06-30": "8.42", "2018-03-31": "8.21", "2017-12-31": "9.21", "2017-09-30": "7.25", "2017-06-30": "6.90", "2017-03-31": "6.63", "2016-12-31": "6.27", "2016-09-30": "6.19", "2016-06-30": "6.43", "2016-03-31": "6.12", "2015-12-31": "5.34", "2015-09-30": "4.45", "2015-06-30": "4.60", "2015-03-31": "4.21", "2014-12-31": "4.00", "2014-09-30": "2.80", "2014-06-30": "2.97", "2014-03-31": "2.84", "2013-12-31": "2.81", "2013-09-30": "2.32", "2013-06-30": "2.39", "2013-03-31": "2.34", "2012-12-31": "1.87", "2012-09-30": "1.68", "2012-06-30": "1.48", "2012-03-31": "1.56", "2011-12-31": "1.50", "2011-09-30": "1.23", "2011-06-30": "1.82", "2011-03-31": "2.04", "2010-12-31": "2.15", "2010-09-30": "2.02", "2010-06-30": "1.89", "2010-03-31": "2.17", "2009-12-31": "2.18", "2009-09-30": "2.24", "2009-06-30": "1.72", "2009-03-31": "1.63", "2008-12-31": "1.36", "2008-09-30": "1.52", "2008-06-30": "1.42", "2008-03-31": "1.64", "2007-12-31": "1.86", "2007-09-30": "2.08", "2007-06-30": "2.50", "2007-03-31": "2.54", "2006-12-31": "2.72", "2006-09-30": "2.37", "2006-06-30": "2.38", "2006-03-31": "2.53"}, "price fcf": {"2021-02-11": "", "2020-09-30": "$6.15", "2020-06-30": "$5.35", "2020-03-31": "$5.49", "2019-12-31": "$5.85", "2019-09-30": "$5.60", "2019-06-30": "$2.77", "2019-03-31": "$2.55", "2018-12-31": "$2.38", "2018-09-30": "$2.34", "2018-06-30": "$5.08", "2018-03-31": "$4.76", "2017-12-31": "$4.72", "2017-09-30": "$4.36", "2017-06-30": "$3.61", "2017-03-31": "$4.34", "2016-12-31": "$4.23", "2016-09-30": "$4.25", "2016-06-30": "$4.01", "2016-03-31": "$3.39", "2015-12-31": "$3.55", "2015-09-30": "$3.11", "2015-06-30": "$3.88", "2015-03-31": "$3.30", "2014-12-31": "$1.92", "2014-09-30": "$2.49", "2014-06-30": "$1.05", "2014-03-31": "$1.11", "2013-12-31": "$1.77", "2013-09-30": "$2.41", "2013-06-30": "$3.63", "2013-03-31": "$2.78", "2012-12-31": "$3.47", "2012-09-30": "$3.69", "2012-06-30": "$4.09", "2012-03-31": "$3.89", "2011-12-31": "$2.73", "2011-09-30": "$1.72", "2011-06-30": "$0.98", "2011-03-31": "$2.56", "2010-12-31": "$3.51", "2010-09-30": "$4.06", "2010-06-30": "$4.56", "2010-03-31": "$4.04", "2009-12-31": "$4.41", "2009-09-30": "$3.62", "2009-06-30": "$3.59", "2009-03-31": "$3.55", "2008-12-31": "$3.63", "2008-09-30": "$3.54", "2008-06-30": "$3.28", "2008-03-31": "$3.09", "2007-12-31": "$2.47", "2007-09-30": "$2.21", "2007-06-30": "$2.85", "2007-03-31": "$2.93", "2006-12-31": "$3.14"}, "net worth": {"value": "$14.39B"}, "current ratio": {"2020-12-31": "1.26", "2020-09-30": "1.31", "2020-06-30": "1.22", "2020-03-31": "1.14", "2019-12-31": "1.04", "2019-09-30": "1.03", "2019-06-30": "1.04", "2019-03-31": "1.14", "2018-12-31": "1.15", "2018-09-30": "1.00", "2018-06-30": "1.10", "2018-03-31": "1.12", "2017-12-31": "1.14", "2017-09-30": "1.13", "2017-06-30": "1.12", "2017-03-31": "1.24", "2016-12-31": "0.95", "2016-09-30": "0.98", "2016-06-30": "1.22", "2016-03-31": "1.18", "2015-12-31": "1.22", "2015-09-30": "1.30", "2015-06-30": "1.29", "2015-03-31": "1.22", "2014-12-31": "1.21", "2014-09-30": "1.27", "2014-06-30": "1.31", "2014-03-31": "1.35", "2013-12-31": "1.35", "2013-09-30": "1.38", "2013-06-30": "1.30", "2013-03-31": "1.18", "2012-12-31": "1.16", "2012-09-30": "1.14", "2012-06-30": "1.13", "2012-03-31": "1.16", "2011-12-31": "1.35", "2011-09-30": "1.17", "2011-06-30": "1.14", "2011-03-31": "1.11", "2010-12-31": "1.07", "2010-09-30": "1.13", "2010-06-30": "1.04", "2010-03-31": "0.98", "2009-12-31": "0.93", "2009-09-30": "0.92", "2009-06-30": "0.89", "2009-03-31": "0.87", "2008-12-31": "0.94", "2008-09-30": "1.01", "2008-06-30": "1.00", "2008-03-31": "1.01", "2007-12-31": "0.83", "2007-09-30": "0.72", "2007-06-30": "0.66", "2007-03-31": "1.00", "2006-12-31": "0.99", "2006-09-30": "1.04", "2006-06-30": "1.10", "2006-03-31": "1.05", "2005-12-31": "1.02", "2005-09-30": "1.26", "2005-06-30": "1.18", "2005-03-31": "1.15"}, "quick ratio": {"2020-12-31": "0.88", "2020-09-30": "0.94", "2020-06-30": "0.84", "2020-03-31": "0.86", "2019-12-31": "0.74", "2019-09-30": "0.74", "2019-06-30": "0.75", "2019-03-31": "0.80", "2018-12-31": "0.83", "2018-09-30": "0.71", "2018-06-30": "0.79", "2018-03-31": "0.80", "2017-12-31": "0.83", "2017-09-30": "0.82", "2017-06-30": "0.81", "2017-03-31": "0.91", "2016-12-31": "0.69", "2016-09-30": "0.70", "2016-06-30": "0.89", "2016-03-31": "0.86", "2015-12-31": "0.89", "2015-09-30": "0.96", "2015-06-30": "0.96", "2015-03-31": "0.91", "2014-12-31": "0.90", "2014-09-30": "0.93", "2014-06-30": "0.97", "2014-03-31": "0.99", "2013-12-31": "1.03", "2013-09-30": "1.04", "2013-06-30": "1.05", "2013-03-31": "0.94", "2012-12-31": "0.93", "2012-09-30": "0.89", "2012-06-30": "0.89", "2012-03-31": "0.90", "2011-12-31": "1.06", "2011-09-30": "0.84", "2011-06-30": "0.81", "2011-03-31": "0.79", "2010-12-31": "0.78", "2010-09-30": "0.82", "2010-06-30": "0.75", "2010-03-31": "0.70", "2009-12-31": "0.67", "2009-09-30": "0.66", "2009-06-30": "0.63", "2009-03-31": "0.59", "2008-12-31": "0.65", "2008-09-30": "0.70", "2008-06-30": "0.70", "2008-03-31": "0.70", "2007-12-31": "0.58", "2007-09-30": "0.50", "2007-06-30": "0.47", "2007-03-31": "0.71", "2006-12-31": "0.70", "2006-09-30": "0.72", "2006-06-30": "0.77", "2006-03-31": "0.73", "2005-12-31": "0.73", "2005-09-30": "0.89", "2005-06-30": "0.82", "2005-03-31": "0.79"}, "debt equity ratio": {"current": "1.37", "2020-12-31": "3.07", "2020-09-30": "3.29", "2020-06-30": "3.66", "2020-03-31": "4.34", "2019-12-31": "3.56", "2019-09-30": "4.05", "2019-06-30": "4.07", "2019-03-31": "4.40", "2018-12-31": "4.42", "2018-09-30": "3.95", "2018-06-30": "4.05", "2018-03-31": "3.85", "2017-12-31": "3.91", "2017-09-30": "3.64", "2017-06-30": "3.76", "2017-03-31": "3.70", "2016-12-31": "3.75", "2016-09-30": "3.41", "2016-06-30": "3.49", "2016-03-31": "3.39", "2015-12-31": "3.28", "2015-09-30": "3.03", "2015-06-30": "2.97", "2015-03-31": "3.20", "2014-12-31": "3.16", "2014-09-30": "2.44", "2014-06-30": "2.23", "2014-03-31": "2.07", "2013-12-31": "2.09", "2013-09-30": "2.01", "2013-06-30": "2.43", "2013-03-31": "2.27", "2012-12-31": "2.23", "2012-09-30": "2.22", "2012-06-30": "2.22", "2012-03-31": "2.05", "2011-12-31": "2.00", "2011-09-30": "1.89", "2011-06-30": "1.97", "2011-03-31": "2.06", "2010-12-31": "2.10", "2010-09-30": "2.40", "2010-06-30": "2.57", "2010-03-31": "2.61", "2009-12-31": "2.67", "2009-09-30": "2.92", "2009-06-30": "3.20", "2009-03-31": "3.48", "2008-12-31": "2.45", "2008-09-30": "2.04", "2008-06-30": "2.05", "2008-03-31": "2.03", "2007-12-31": "2.14", "2007-09-30": "2.23", "2007-06-30": "2.38", "2007-03-31": "1.52", "2006-12-31": "1.55", "2006-09-30": "1.44", "2006-06-30": "1.55", "2006-03-31": "1.65", "2005-12-31": "1.78", "2005-09-30": "1.64", "2005-06-30": "1.75", "2005-03-31": "1.79"}, "return on equity": {"2020-12-31": "42.67%", "2020-09-30": "42.87%", "2020-06-30": "44.92%", "2020-03-31": "52.03%", "2019-12-31": "28.17%", "2019-09-30": "23.41%", "2019-06-30": "23.96%", "2019-03-31": "19.52%", "2018-12-31": "45.50%", "2018-09-30": "29.58%", "2018-06-30": "25.06%", "2018-03-31": "27.09%", "2017-12-31": "26.35%", "2017-09-30": "38.88%", "2017-06-30": "37.90%", "2017-03-31": "34.82%", "2016-12-31": "32.98%", "2016-09-30": "32.14%", "2016-06-30": "31.32%", "2016-03-31": "28.68%", "2015-12-31": "26.54%", "2015-09-30": "27.35%", "2015-06-30": "23.85%", "2015-03-31": "20.46%", "2014-12-31": "18.56%", "2014-09-30": "14.96%", "2014-06-30": "13.42%", "2014-03-31": "14.94%", "2013-12-31": "13.91%", "2013-09-30": "14.29%", "2013-06-30": "14.96%", "2013-03-31": "14.51%", "2012-12-31": "13.43%", "2012-09-30": "11.60%", "2012-06-30": "10.84%", "2012-03-31": "10.99%", "2011-12-31": "10.94%", "2011-09-30": "16.26%", "2011-06-30": "17.62%", "2011-03-31": "19.42%", "2010-12-31": "21.25%", "2010-09-30": "17.80%", "2010-06-30": "18.49%", "2010-03-31": "15.86%", "2009-12-31": "-60.27%", "2009-09-30": "-56.43%", "2009-06-30": "-49.08%", "2009-03-31": "-39.30%", "2008-12-31": "13.04%", "2008-09-30": "14.38%", "2008-06-30": "14.54%", "2008-03-31": "14.93%", "2007-12-31": "16.31%", "2007-09-30": "18.61%", "2007-06-30": "20.50%", "2007-03-31": "22.50%", "2006-12-31": "22.42%", "2006-09-30": "15.97%", "2006-06-30": "16.39%", "2006-03-31": "15.21%", "2005-12-31": "14.57%"}, "return on assets": {"2020-12-31": "9.39%", "2020-09-30": "9.13%", "2020-06-30": "9.18%", "2020-03-31": "10.41%", "2019-12-31": "5.64%", "2019-09-30": "4.48%", "2019-06-30": "4.61%", "2019-03-31": "3.76%", "2018-12-31": "9.00%", "2018-09-30": "5.99%", "2018-06-30": "5.16%", "2018-03-31": "5.66%", "2017-12-31": "5.55%", "2017-09-30": "8.26%", "2017-06-30": "8.15%", "2017-03-31": "7.60%", "2016-12-31": "7.32%", "2016-09-30": "7.32%", "2016-06-30": "7.30%", "2016-03-31": "6.90%", "2015-12-31": "6.45%", "2015-09-30": "6.69%", "2015-06-30": "6.10%", "2015-03-31": "5.53%", "2014-12-31": "5.43%", "2014-09-30": "4.67%", "2014-06-30": "4.33%", "2014-03-31": "4.75%", "2013-12-31": "4.35%", "2013-09-30": "4.42%", "2013-06-30": "4.56%", "2013-03-31": "4.49%", "2012-12-31": "4.23%", "2012-09-30": "3.72%", "2012-06-30": "3.57%", "2012-03-31": "3.69%", "2011-12-31": "3.67%", "2011-09-30": "5.41%", "2011-06-30": "5.64%", "2011-03-31": "5.94%", "2010-12-31": "6.23%", "2010-09-30": "5.00%", "2010-06-30": "5.01%", "2010-03-31": "4.13%", "2009-12-31": "-14.92%", "2009-09-30": "-14.32%", "2009-06-30": "-13.49%", "2009-03-31": "-11.69%", "2008-12-31": "4.17%", "2008-09-30": "4.69%", "2008-06-30": "4.68%", "2008-03-31": "4.68%", "2007-12-31": "5.30%", "2007-09-30": "6.34%", "2007-06-30": "7.51%", "2007-03-31": "8.96%", "2006-12-31": "8.82%", "2006-09-30": "6.15%", "2006-06-30": "6.18%", "2006-03-31": "5.63%", "2005-12-31": "5.32%"}, "return on investments": {"2020-12-31": "24.40%", "2020-09-30": "23.07%", "2020-06-30": "24.21%", "2020-03-31": "28.73%", "2019-12-31": "29.20%", "2019-09-30": "29.66%", "2019-06-30": "29.92%", "2019-03-31": "28.62%", "2018-12-31": "29.31%", "2018-09-30": "29.68%", "2018-06-30": "28.34%", "2018-03-31": "28.87%", "2017-12-31": "28.53%", "2017-09-30": "31.74%", "2017-06-30": "33.23%", "2017-03-31": "32.09%", "2016-12-31": "32.63%", "2016-09-30": "26.76%", "2016-06-30": "25.22%", "2016-03-31": "24.85%", "2015-12-31": "23.53%", "2015-09-30": "23.70%", "2015-06-30": "22.23%", "2015-03-31": "20.31%", "2014-12-31": "18.72%", "2014-09-30": "18.04%", "2014-06-30": "16.59%", "2014-03-31": "17.69%", "2013-12-31": "17.59%", "2013-09-30": "15.62%", "2013-06-30": "15.25%", "2013-03-31": "14.17%", "2012-12-31": "13.50%", "2012-09-30": "8.80%", "2012-06-30": "8.07%", "2012-03-31": "8.20%", "2011-12-31": "7.91%", "2011-09-30": "11.75%", "2011-06-30": "13.07%", "2011-03-31": "15.05%", "2010-12-31": "15.96%", "2010-09-30": "15.32%", "2010-06-30": "14.83%", "2010-03-31": "11.47%", "2009-12-31": "5.39%", "2009-09-30": "5.37%", "2009-06-30": "5.46%", "2009-03-31": "7.44%", "2008-12-31": "10.77%", "2008-09-30": "13.03%", "2008-06-30": "14.19%", "2008-03-31": "15.49%", "2007-12-31": "18.57%", "2007-09-30": "20.42%", "2007-06-30": "21.97%", "2007-03-31": "22.10%", "2006-12-31": "21.47%", "2006-09-30": "18.77%", "2006-06-30": "18.56%", "2006-03-31": "18.03%", "2005-12-31": "17.22%"}, "return on tangible equity": {"2020-09-30": "1362.58%", "2020-06-30": "2546.34%", "2020-03-31": "2659.09%", "2019-12-31": "2251.85%", "2019-09-30": "-425.00%", "2019-06-30": "-338.68%", "2019-03-31": "-217.78%", "2018-12-31": "-524.37%", "2018-09-30": "-375.83%", "2018-06-30": "-373.61%", "2018-03-31": "-472.29%", "2017-12-31": "-1842.62%", "2017-09-30": "1478.90%", "2017-06-30": "566.79%", "2017-03-31": "249.91%", "2016-12-31": "189.94%", "2016-09-30": "149.59%", "2016-06-30": "122.50%", "2016-03-31": "104.36%", "2015-12-31": "94.91%", "2015-09-30": "97.64%", "2015-06-30": "78.47%", "2015-03-31": "61.31%", "2014-12-31": "49.45%", "2014-09-30": "36.15%", "2014-06-30": "31.01%", "2014-03-31": "34.08%", "2013-12-31": "31.48%", "2013-09-30": "32.26%", "2013-06-30": "34.25%", "2013-03-31": "33.33%", "2012-12-31": "30.84%", "2012-09-30": "26.52%", "2012-06-30": "26.05%", "2012-03-31": "27.81%", "2011-12-31": "30.00%", "2011-09-30": "49.67%", "2011-06-30": "58.85%", "2011-03-31": "74.56%", "2010-12-31": "98.22%", "2010-09-30": "104.87%", "2010-06-30": "148.45%", "2010-03-31": "207.48%", "2009-12-31": "-2815.09%", "2009-09-30": "959.24%", "2009-06-30": "848.45%", "2009-03-31": "1008.63%", "2008-12-31": "-818.46%", "2008-09-30": "915.15%", "2008-06-30": "2709.09%", "2008-03-31": "-1033.63%", "2007-12-31": "163.34%", "2007-09-30": "81.22%", "2007-06-30": "54.16%", "2007-03-31": "42.38%", "2006-12-31": "42.66%", "2006-09-30": "30.81%", "2006-06-30": "32.87%", "2006-03-31": "31.91%", "2005-12-31": "31.85%"}, "dividend yield history": {"last payout": "$2.48", "last yield": "1.44%"}}