{"ticker": "AWK", "price": {"title": "American Water Works Historical Annual Stock Price Data", "value": 164.83, "historical": {"2020": {"Average Stock Price": "137.4325", "Year Open": "120.2000", "Year High": "165.5500", "Year Low": "97.0700", "Year Close": "153.4700", "Annual % Change": "24.92%"}, "2019": {"Average Stock Price": "112.7514", "Year Open": "88.7700", "Year High": "129.5000", "Year Low": "88.7700", "Year Close": "122.8500", "Annual % Change": "35.34%"}, "2018": {"Average Stock Price": "85.9130", "Year Open": "89.0800", "Year High": "97.8000", "Year Low": "76.0600", "Year Close": "90.7700", "Annual % Change": "-0.79%"}, "2017": {"Average Stock Price": "80.5700", "Year Open": "72.2500", "Year High": "92.2500", "Year Low": "70.5700", "Year Close": "91.4900", "Annual % Change": "26.44%"}, "2016": {"Average Stock Price": "72.5885", "Year Open": "60.3200", "Year High": "84.7600", "Year Low": "59.4400", "Year Close": "72.3600", "Annual % Change": "21.10%"}, "2015": {"Average Stock Price": "54.2319", "Year Open": "53.9400", "Year High": "60.6100", "Year Low": "48.6300", "Year Close": "59.7500", "Annual % Change": "12.10%"}, "2014": {"Average Stock Price": "47.7818", "Year Open": "41.5800", "Year High": "55.8600", "Year Low": "41.1600", "Year Close": "53.3000", "Annual % Change": "26.12%"}, "2013": {"Average Stock Price": "40.9493", "Year Open": "38.0000", "Year High": "43.5000", "Year Low": "37.3300", "Year Close": "42.2600", "Annual % Change": "13.82%"}, "2012": {"Average Stock Price": "35.2610", "Year Open": "31.4900", "Year High": "38.3500", "Year Low": "31.3800", "Year Close": "37.1300", "Annual % Change": "16.54%"}, "2011": {"Average Stock Price": "28.8934", "Year Open": "25.5400", "Year High": "32.5500", "Year Low": "25.2300", "Year Close": "31.8600", "Annual % Change": "25.98%"}, "2010": {"Average Stock Price": "22.4006", "Year Open": "22.6500", "Year High": "25.7300", "Year Low": "19.9200", "Year Close": "25.2900", "Annual % Change": "12.85%"}, "2009": {"Average Stock Price": "19.5168", "Year Open": "21.1200", "Year High": "22.6800", "Year Low": "16.5300", "Year Close": "22.4100", "Annual % Change": "7.33%"}, "2008": {"Average Stock Price": "20.6770", "Year Open": "20.6000", "Year High": "23.3700", "Year Low": "17.1600", "Year Close": "20.8800", "Annual % Change": "0.00%"}}}, "market cap": {"value": "$29.63B"}, "income statement": {"Revenue": {"2019-12-31": "3610.00000", "2018-12-31": "3440.00000", "2017-12-31": "3357.00000", "2016-12-31": "3302.00000", "2015-12-31": "3159.00000", "2014-12-31": "3011.00000", "2013-12-31": "2879.00000", "2012-12-31": "2853.92600", "2011-12-31": "2666.23600", "2010-12-31": "2555.03500", "2009-12-31": "2290.44600", "2008-12-31": "2336.92800", "2007-12-31": "2214.21500", "2006-12-31": "2093.06700"}, "Cost Of Goods Sold": {"2019-12-31": "", "2018-12-31": "", "2017-12-31": "", "2016-12-31": "", "2015-12-31": "", "2014-12-31": "", "2013-12-31": "", "2012-12-31": "", "2011-12-31": "", "2010-12-31": "", "2009-12-31": "", "2008-12-31": "", "2007-12-31": "", "2006-12-31": ""}, "Gross Profit": {"2019-12-31": "3610.00000", "2018-12-31": "3440.00000", "2017-12-31": "3357.00000", "2016-12-31": "3302.00000", "2015-12-31": "3159.00000", "2014-12-31": "3011.00000", "2013-12-31": "2879.00000", "2012-12-31": "2853.92600", "2011-12-31": "2666.23600", "2010-12-31": "2555.03500", "2009-12-31": "2290.44600", "2008-12-31": "2336.92800", "2007-12-31": "2214.21500", "2006-12-31": "2093.06700"}, "Research And Development Expenses": {"2019-12-31": "", "2018-12-31": "", "2017-12-31": "", "2016-12-31": "", "2015-12-31": "", "2014-12-31": "", "2013-12-31": "", "2012-12-31": "", "2011-12-31": "", "2010-12-31": "", "2009-12-31": "", "2008-12-31": "", "2007-12-31": "", "2006-12-31": ""}, "SG&A Expenses": {"2019-12-31": "1824.00000", "2018-12-31": "1756.00000", "2017-12-31": "1628.00000", "2016-12-31": "1757.00000", "2015-12-31": "1647.00000", "2014-12-31": "1586.00000", "2013-12-31": "1523.00000", "2012-12-31": "1550.25800", "2011-12-31": "1512.27200", "2010-12-31": "1496.53800", "2009-12-31": "1368.99600", "2008-12-31": "1461.42200", "2007-12-31": "1429.73200", "2006-12-31": "1359.60900"}, "Other Operating Income Or Expenses": {"2019-12-31": "-34.00000", "2018-12-31": "-37.00000", "2017-12-31": "16.00000", "2016-12-31": "10.00000", "2015-12-31": "3.00000", "2014-12-31": "2.00000", "2013-12-31": "-1.00000", "2012-12-31": "0.83800", "2011-12-31": "0.99300", "2010-12-31": "-0.11100", "2009-12-31": "-427.74100", "2008-12-31": "-749.62600", "2007-12-31": "-502.01900", "2006-12-31": "-221.76400"}, "Operating Expenses": {"2019-12-31": "2440.00000", "2018-12-31": "2338.00000", "2017-12-31": "2104.00000", "2016-12-31": "2217.00000", "2015-12-31": "2084.00000", "2014-12-31": "2008.00000", "2013-12-31": "1931.00000", "2012-12-31": "1929.82200", "2011-12-31": "1863.10000", "2010-12-31": "1826.91300", "2009-12-31": "2113.22000", "2008-12-31": "2523.82400", "2007-12-31": "2199.08600", "2006-12-31": "1840.55400"}, "Operating Income": {"2019-12-31": "1170.00000", "2018-12-31": "1102.00000", "2017-12-31": "1253.00000", "2016-12-31": "1085.00000", "2015-12-31": "1075.00000", "2014-12-31": "1003.00000", "2013-12-31": "948.00000", "2012-12-31": "924.10410", "2011-12-31": "803.13610", "2010-12-31": "728.12180", "2009-12-31": "177.22610", "2008-12-31": "-186.89600", "2007-12-31": "15.12920", "2006-12-31": "252.51280"}, "Total Non-Operating Income/Expense": {"2019-12-31": "-337.00000", "2018-12-31": "-315.00000", "2017-12-31": "-341.00000", "2016-12-31": "-315.00000", "2015-12-31": "-293.00000", "2014-12-31": "-293.00000", "2013-12-31": "-340.00000", "2012-12-31": "-293.71500", "2011-12-31": "-299.45600", "2010-12-31": "-298.69800", "2009-12-31": "-283.43200", "2008-12-31": "-263.69800", "2007-12-31": "-270.64800", "2006-12-31": "-361.45100"}, "Pre-Tax Income": {"2019-12-31": "833.00000", "2018-12-31": "787.00000", "2017-12-31": "912.00000", "2016-12-31": "770.00000", "2015-12-31": "782.00000", "2014-12-31": "710.00000", "2013-12-31": "608.00000", "2012-12-31": "630.38900", "2011-12-31": "503.68000", "2010-12-31": "429.42400", "2009-12-31": "-106.20600", "2008-12-31": "-450.59400", "2007-12-31": "-255.51900", "2006-12-31": "-108.93800"}, "Income Taxes": {"2019-12-31": "212.00000", "2018-12-31": "222.00000", "2017-12-31": "486.00000", "2016-12-31": "302.00000", "2015-12-31": "306.00000", "2014-12-31": "280.00000", "2013-12-31": "237.00000", "2012-12-31": "256.78700", "2011-12-31": "198.75100", "2010-12-31": "174.35200", "2009-12-31": "113.79200", "2008-12-31": "111.82700", "2007-12-31": "86.75600", "2006-12-31": "46.91200"}, "Income After Taxes": {"2019-12-31": "621.00000", "2018-12-31": "565.00000", "2017-12-31": "426.00000", "2016-12-31": "468.00000", "2015-12-31": "476.00000", "2014-12-31": "430.00000", "2013-12-31": "371.00000", "2012-12-31": "373.60200", "2011-12-31": "304.92900", "2010-12-31": "255.07200", "2009-12-31": "-219.99800", "2008-12-31": "-562.42100", "2007-12-31": "-342.27500", "2006-12-31": "-155.85000"}, "Other Income": {"2019-12-31": "", "2018-12-31": "", "2017-12-31": "", "2016-12-31": "", "2015-12-31": "", "2014-12-31": "", "2013-12-31": "", "2012-12-31": "", "2011-12-31": "", "2010-12-31": "", "2009-12-31": "", "2008-12-31": "", "2007-12-31": "", "2006-12-31": ""}, "Income From Continuous Operations": {"2019-12-31": "621.00000", "2018-12-31": "565.00000", "2017-12-31": "426.00000", "2016-12-31": "468.00000", "2015-12-31": "476.00000", "2014-12-31": "430.00000", "2013-12-31": "371.00000", "2012-12-31": "373.60200", "2011-12-31": "304.92900", "2010-12-31": "255.07200", "2009-12-31": "-219.99800", "2008-12-31": "-562.42100", "2007-12-31": "-342.27500", "2006-12-31": "-155.85000"}, "Income From Discontinued Operations": {"2019-12-31": "", "2018-12-31": "", "2017-12-31": "", "2016-12-31": "", "2015-12-31": "", "2014-12-31": "-7.00000", "2013-12-31": "-2.00000", "2012-12-31": "-15.53200", "2011-12-31": "4.68400", "2010-12-31": "12.75500", "2009-12-31": "-13.08500", "2008-12-31": "", "2007-12-31": "-0.55100", "2006-12-31": "-6.39300"}, "Net Income": {"2019-12-31": "621.00000", "2018-12-31": "567.00000", "2017-12-31": "426.00000", "2016-12-31": "468.00000", "2015-12-31": "476.00000", "2014-12-31": "423.00000", "2013-12-31": "369.00000", "2012-12-31": "358.07000", "2011-12-31": "309.61300", "2010-12-31": "267.82700", "2009-12-31": "-233.08300", "2008-12-31": "-562.42100", "2007-12-31": "-342.82600", "2006-12-31": "-162.24300"}, "EBITDA": {"2019-12-31": "1752.00000", "2018-12-31": "1647.00000", "2017-12-31": "1745.00000", "2016-12-31": "1555.00000", "2015-12-31": "1515.00000", "2014-12-31": "1427.00000", "2013-12-31": "1355.00000", "2012-12-31": "1304.08900", "2011-12-31": "1154.95700", "2010-12-31": "1058.38600", "2009-12-31": "485.68710", "2008-12-31": "124.54200", "2007-12-31": "319.39610", "2006-12-31": "545.01480"}, "EBIT": {"2019-12-31": "1170.00000", "2018-12-31": "1102.00000", "2017-12-31": "1253.00000", "2016-12-31": "1085.00000", "2015-12-31": "1075.00000", "2014-12-31": "1003.00000", "2013-12-31": "948.00000", "2012-12-31": "924.10410", "2011-12-31": "803.13610", "2010-12-31": "728.12180", "2009-12-31": "177.22610", "2008-12-31": "-186.89600", "2007-12-31": "15.12920", "2006-12-31": "252.51280"}, "Basic Shares Outstanding": {"2019-12-31": "181.00000", "2018-12-31": "180.00000", "2017-12-31": "178.00000", "2016-12-31": "178.00000", "2015-12-31": "179.00000", "2014-12-31": "179.00000", "2013-12-31": "178.00000", "2012-12-31": "176.44500", "2011-12-31": "175.48400", "2010-12-31": "174.83300", "2009-12-31": "168.16400", "2008-12-31": "159.96700", "2007-12-31": "160.00000", "2006-12-31": "160.00000"}, "Shares Outstanding": {"2019-12-31": "181.00000", "2018-12-31": "180.00000", "2017-12-31": "179.00000", "2016-12-31": "179.00000", "2015-12-31": "180.00000", "2014-12-31": "180.00000", "2013-12-31": "179.00000", "2012-12-31": "177.67100", "2011-12-31": "176.53100", "2010-12-31": "175.12400", "2009-12-31": "168.16400", "2008-12-31": "159.96700", "2007-12-31": "160.00000", "2006-12-31": "160.00000"}, "Basic EPS": {"2019-12-31": "3.44000", "2018-12-31": "3.16000", "2017-12-31": "2.39000", "2016-12-31": "2.63000", "2015-12-31": "2.66000", "2014-12-31": "2.36000", "2013-12-31": "2.08000", "2012-12-31": "2.03000", "2011-12-31": "1.76000", "2010-12-31": "1.53000", "2009-12-31": "-1.39000", "2008-12-31": "-3.52000", "2007-12-31": "-2.14000", "2006-12-31": "-1.01000"}, "EPS - Earnings Per Share": {"2019-12-31": "3.43000", "2018-12-31": "3.15000", "2017-12-31": "2.38000", "2016-12-31": "2.62000", "2015-12-31": "2.64000", "2014-12-31": "2.35000", "2013-12-31": "2.06000", "2012-12-31": "2.01000", "2011-12-31": "1.75000", "2010-12-31": "1.53000", "2009-12-31": "-1.39000", "2008-12-31": "-3.52000", "2007-12-31": "-2.14000", "2006-12-31": "-1.01000"}}, "income statement, quarterly": {"Revenue": {"2020-09-30": "1079.00000", "2020-06-30": "931.00000", "2020-03-31": "844.00000", "2019-12-31": "902.00000", "2019-09-30": "1013.00000", "2019-06-30": "882.00000", "2019-03-31": "813.00000", "2018-12-31": "850.00000", "2018-09-30": "976.00000", "2018-06-30": "853.00000", "2018-03-31": "761.00000", "2017-12-31": "821.00000", "2017-09-30": "936.00000", "2017-06-30": "844.00000", "2017-03-31": "756.00000", "2016-12-31": "802.00000", "2016-09-30": "930.00000", "2016-06-30": "827.00000", "2016-03-31": "743.00000", "2015-12-31": "783.00000", "2015-09-30": "896.00000", "2015-06-30": "782.00000", "2015-03-31": "698.00000", "2014-12-31": "731.05000", "2014-09-30": "846.16900", "2014-06-30": "754.77800", "2014-03-31": "679.00300", "2013-12-31": "696.40800", "2013-09-30": "822.19000", "2013-06-30": "724.26500", "2013-03-31": "636.13700", "2012-12-31": "657.95010", "2012-09-30": "831.81500", "2012-06-30": "745.60700", "2012-03-31": "618.55400", "2011-12-31": "639.77910", "2011-09-30": "760.86900", "2011-06-30": "668.87300", "2011-03-31": "596.71500", "2010-12-31": "604.40990", "2010-09-30": "748.95300", "2010-06-30": "634.91000", "2010-03-31": "566.76200", "2009-12-31": "447.58000", "2009-09-30": "679.95600", "2009-06-30": "612.74000", "2009-03-31": "550.17000", "2008-12-31": "568.55100", "2008-09-30": "672.19300", "2008-06-30": "589.36900", "2008-03-31": "506.81500", "2007-12-31": "553.82120", "2007-09-30": "633.11700", "2007-06-30": "558.73300", "2007-03-31": "468.54400"}, "Cost Of Goods Sold": {"2020-09-30": "", "2020-06-30": "", "2020-03-31": "", "2019-12-31": "", "2019-09-30": "", "2019-06-30": "", "2019-03-31": "", "2018-12-31": "", "2018-09-30": "", "2018-06-30": "", "2018-03-31": "", "2017-12-31": "", "2017-09-30": "", "2017-06-30": "", "2017-03-31": "", "2016-12-31": "", "2016-09-30": "", "2016-06-30": "", "2016-03-31": "", "2015-12-31": "", "2015-09-30": "", "2015-06-30": "", "2015-03-31": "", "2014-12-31": "", "2014-09-30": "", "2014-06-30": "", "2014-03-31": "", "2013-12-31": "", "2013-09-30": "", "2013-06-30": "", "2013-03-31": "", "2012-12-31": "", "2012-09-30": "", "2012-06-30": "", "2012-03-31": "", "2011-12-31": "", "2011-09-30": "", "2011-06-30": "", "2011-03-31": "", "2010-12-31": "", "2010-09-30": "", "2010-06-30": "", "2010-03-31": "", "2009-12-31": "", "2009-09-30": "", "2009-06-30": "", "2009-03-31": "", "2008-12-31": "", "2008-09-30": "", "2008-06-30": "", "2008-03-31": "", "2007-12-31": "", "2007-09-30": "", "2007-06-30": "", "2007-03-31": ""}, "Gross Profit": {"2020-09-30": "1079.00000", "2020-06-30": "931.00000", "2020-03-31": "844.00000", "2019-12-31": "902.00000", "2019-09-30": "1013.00000", "2019-06-30": "882.00000", "2019-03-31": "813.00000", "2018-12-31": "850.00000", "2018-09-30": "976.00000", "2018-06-30": "853.00000", "2018-03-31": "761.00000", "2017-12-31": "821.00000", "2017-09-30": "936.00000", "2017-06-30": "844.00000", "2017-03-31": "756.00000", "2016-12-31": "802.00000", "2016-09-30": "930.00000", "2016-06-30": "827.00000", "2016-03-31": "743.00000", "2015-12-31": "783.00000", "2015-09-30": "896.00000", "2015-06-30": "782.00000", "2015-03-31": "698.00000", "2014-12-31": "731.05000", "2014-09-30": "846.16900", "2014-06-30": "754.77800", "2014-03-31": "679.00300", "2013-12-31": "696.40800", "2013-09-30": "822.19000", "2013-06-30": "724.26500", "2013-03-31": "636.13700", "2012-12-31": "657.95010", "2012-09-30": "831.81500", "2012-06-30": "745.60700", "2012-03-31": "618.55400", "2011-12-31": "639.77910", "2011-09-30": "760.86900", "2011-06-30": "668.87300", "2011-03-31": "596.71500", "2010-12-31": "604.40990", "2010-09-30": "748.95300", "2010-06-30": "634.91000", "2010-03-31": "566.76200", "2009-12-31": "447.58000", "2009-09-30": "679.95600", "2009-06-30": "612.74000", "2009-03-31": "550.17000", "2008-12-31": "568.55100", "2008-09-30": "672.19300", "2008-06-30": "589.36900", "2008-03-31": "506.81500", "2007-12-31": "553.82120", "2007-09-30": "633.11700", "2007-06-30": "558.73300", "2007-03-31": "468.54400"}, "Research And Development Expenses": {"2020-09-30": "", "2020-06-30": "", "2020-03-31": "", "2019-12-31": "", "2019-09-30": "", "2019-06-30": "", "2019-03-31": "", "2018-12-31": "", "2018-09-30": "", "2018-06-30": "", "2018-03-31": "", "2017-12-31": "", "2017-09-30": "", "2017-06-30": "", "2017-03-31": "", "2016-12-31": "", "2016-09-30": "", "2016-06-30": "", "2016-03-31": "", "2015-12-31": "", "2015-09-30": "", "2015-06-30": "", "2015-03-31": "", "2014-12-31": "", "2014-09-30": "", "2014-06-30": "", "2014-03-31": "", "2013-12-31": "", "2013-09-30": "", "2013-06-30": "", "2013-03-31": "", "2012-12-31": "", "2012-09-30": "", "2012-06-30": "", "2012-03-31": "", "2011-12-31": "", "2011-09-30": "", "2011-06-30": "", "2011-03-31": "", "2010-12-31": "", "2010-09-30": "", "2010-06-30": "", "2010-03-31": "", "2009-12-31": "", "2009-09-30": "", "2009-06-30": "", "2009-03-31": "", "2008-12-31": "", "2008-09-30": "", "2008-06-30": "", "2008-03-31": "", "2007-12-31": "", "2007-09-30": "", "2007-06-30": "", "2007-03-31": ""}, "SG&A Expenses": {"2020-09-30": "492.00000", "2020-06-30": "466.00000", "2020-03-31": "460.00000", "2019-12-31": "483.00000", "2019-09-30": "463.00000", "2019-06-30": "444.00000", "2019-03-31": "434.00000", "2018-12-31": "461.00000", "2018-09-30": "461.00000", "2018-06-30": "417.00000", "2018-03-31": "417.00000", "2017-12-31": "433.00000", "2017-09-30": "383.00000", "2017-06-30": "410.00000", "2017-03-31": "402.00000", "2016-12-31": "431.00000", "2016-09-30": "497.00000", "2016-06-30": "415.00000", "2016-03-31": "414.00000", "2015-12-31": "439.00000", "2015-09-30": "424.00000", "2015-06-30": "396.00000", "2015-03-31": "388.00000", "2014-12-31": "403.34700", "2014-09-30": "402.15500", "2014-06-30": "394.65100", "2014-03-31": "385.84700", "2013-12-31": "373.76400", "2013-09-30": "395.76100", "2013-06-30": "381.12600", "2013-03-31": "372.34900", "2012-12-31": "392.28700", "2012-09-30": "407.98700", "2012-06-30": "382.85900", "2012-03-31": "367.12500", "2011-12-31": "373.07290", "2011-09-30": "392.77200", "2011-06-30": "380.10800", "2011-03-31": "366.31900", "2010-12-31": "373.29610", "2010-09-30": "398.20900", "2010-06-30": "364.90500", "2010-03-31": "360.12800", "2009-12-31": "228.32100", "2009-09-30": "391.48000", "2009-06-30": "382.29600", "2009-03-31": "366.89900", "2008-12-31": "326.28500", "2008-09-30": "391.60600", "2008-06-30": "380.20400", "2008-03-31": "363.32700", "2007-12-31": "378.51800", "2007-09-30": "375.39600", "2007-06-30": "345.32500", "2007-03-31": "330.49300"}, "Other Operating Income Or Expenses": {"2020-09-30": "", "2020-06-30": "", "2020-03-31": "", "2019-12-31": "-43.00000", "2019-09-30": "", "2019-06-30": "6.00000", "2019-03-31": "3.00000", "2018-12-31": "", "2018-09-30": "-39.00000", "2018-06-30": "", "2018-03-31": "2.00000", "2017-12-31": "7.00000", "2017-09-30": "7.00000", "2017-06-30": "2.00000", "2017-03-31": "", "2016-12-31": "2.00000", "2016-09-30": "5.00000", "2016-06-30": "2.00000", "2016-03-31": "1.00000", "2015-12-31": "1.00000", "2015-09-30": "", "2015-06-30": "1.00000", "2015-03-31": "1.00000", "2014-12-31": "1.38500", "2014-09-30": "0.06000", "2014-06-30": "0.34500", "2014-03-31": "0.21000", "2013-12-31": "-0.44000", "2013-09-30": "-0.76800", "2013-06-30": "0.11400", "2013-03-31": "0.09400", "2012-12-31": "0.18100", "2012-09-30": "0.03100", "2012-06-30": "0.21300", "2012-03-31": "0.41300", "2011-12-31": "-0.34600", "2011-09-30": "1.63500", "2011-06-30": "-0.02800", "2011-03-31": "-0.26800", "2010-12-31": "0.05500", "2010-09-30": "-0.21100", "2010-06-30": "-0.02600", "2010-03-31": "0.07100", "2009-12-31": "21.28300", "2009-09-30": "0.78400", "2009-06-30": "-0.01000", "2009-03-31": "-449.79800", "2008-12-31": "-0.03900", "2008-09-30": "-0.45700", "2008-06-30": "0.80000", "2008-03-31": "-749.93000", "2007-12-31": "-265.49500", "2007-09-30": "-242.63700", "2007-06-30": "6.21900", "2007-03-31": "-0.10600"}, "Operating Expenses": {"2020-09-30": "646.00000", "2020-06-30": "618.00000", "2020-03-31": "605.00000", "2019-12-31": "678.00000", "2019-09-30": "607.00000", "2019-06-30": "580.00000", "2019-03-31": "575.00000", "2018-12-31": "602.00000", "2018-09-30": "641.00000", "2018-06-30": "551.00000", "2018-03-31": "544.00000", "2017-12-31": "540.00000", "2017-09-30": "504.00000", "2017-06-30": "534.00000", "2017-03-31": "526.00000", "2016-12-31": "549.00000", "2016-09-30": "611.00000", "2016-06-30": "528.00000", "2016-03-31": "529.00000", "2015-12-31": "551.00000", "2015-09-30": "535.00000", "2015-06-30": "504.00000", "2015-03-31": "494.00000", "2014-12-31": "507.56400", "2014-09-30": "508.88400", "2014-06-30": "499.99100", "2014-03-31": "491.56100", "2013-12-31": "477.69400", "2013-09-30": "499.02400", "2013-06-30": "482.37800", "2013-03-31": "471.90400", "2012-12-31": "491.85600", "2012-09-30": "504.17500", "2012-06-30": "474.97500", "2012-03-31": "458.81600", "2011-12-31": "462.69700", "2011-09-30": "479.46000", "2011-06-30": "467.47800", "2011-03-31": "453.46500", "2010-12-31": "452.53820", "2010-09-30": "483.70000", "2010-06-30": "447.36100", "2010-03-31": "443.31400", "2009-12-31": "301.42390", "2009-09-30": "467.68500", "2009-06-30": "457.08300", "2009-03-31": "887.02800", "2008-12-31": "435.14100", "2008-09-30": "462.04000", "2008-06-30": "448.15200", "2008-03-31": "1178.49100", "2007-12-31": "705.26090", "2007-09-30": "688.95900", "2007-06-30": "408.42100", "2007-03-31": "396.44500"}, "Operating Income": {"2020-09-30": "433.00000", "2020-06-30": "313.00000", "2020-03-31": "239.00000", "2019-12-31": "224.00000", "2019-09-30": "406.00000", "2019-06-30": "302.00000", "2019-03-31": "238.00000", "2018-12-31": "248.00000", "2018-09-30": "335.00000", "2018-06-30": "302.00000", "2018-03-31": "217.00000", "2017-12-31": "281.00000", "2017-09-30": "432.00000", "2017-06-30": "310.00000", "2017-03-31": "230.00000", "2016-12-31": "253.00000", "2016-09-30": "319.00000", "2016-06-30": "299.00000", "2016-03-31": "214.00000", "2015-12-31": "232.00000", "2015-09-30": "361.00000", "2015-06-30": "278.00000", "2015-03-31": "204.00000", "2014-12-31": "223.48600", "2014-09-30": "337.28500", "2014-06-30": "254.78700", "2014-03-31": "187.44200", "2013-12-31": "218.71410", "2013-09-30": "323.16600", "2013-06-30": "241.88700", "2013-03-31": "164.23300", "2012-12-31": "166.09410", "2012-09-30": "327.64000", "2012-06-30": "270.63200", "2012-03-31": "159.73800", "2011-12-31": "177.08220", "2011-09-30": "281.40910", "2011-06-30": "201.39500", "2011-03-31": "143.25000", "2010-12-31": "151.87160", "2010-09-30": "265.25300", "2010-06-30": "187.54900", "2010-03-31": "123.44810", "2009-12-31": "146.15610", "2009-09-30": "212.27100", "2009-06-30": "155.65700", "2009-03-31": "-336.85800", "2008-12-31": "133.41000", "2008-09-30": "210.15300", "2008-06-30": "141.21700", "2008-03-31": "-671.67600", "2007-12-31": "-151.43980", "2007-09-30": "-55.84200", "2007-06-30": "150.31200", "2007-03-31": "72.09900"}, "Total Non-Operating Income/Expense": {"2020-09-30": "-81.00000", "2020-06-30": "-81.00000", "2020-03-31": "-80.00000", "2019-12-31": "-88.00000", "2019-09-30": "-88.00000", "2019-06-30": "-75.00000", "2019-03-31": "-86.00000", "2018-12-31": "-78.00000", "2018-09-30": "-80.00000", "2018-06-30": "-80.00000", "2018-03-31": "-77.00000", "2017-12-31": "-80.00000", "2017-09-30": "-92.00000", "2017-06-30": "-84.00000", "2017-03-31": "-85.00000", "2016-12-31": "-87.00000", "2016-09-30": "-76.00000", "2016-06-30": "-74.00000", "2016-03-31": "-78.00000", "2015-12-31": "-74.00000", "2015-09-30": "-74.00000", "2015-06-30": "-74.00000", "2015-03-31": "-71.00000", "2014-12-31": "-74.15400", "2014-09-30": "-73.47200", "2014-06-30": "-72.28400", "2014-03-31": "-73.09000", "2013-12-31": "-115.52700", "2013-09-30": "-74.88300", "2013-06-30": "-74.16800", "2013-03-31": "-75.42200", "2012-12-31": "-72.63900", "2012-09-30": "-72.61600", "2012-06-30": "-73.36700", "2012-03-31": "-75.09300", "2011-12-31": "-75.02000", "2011-09-30": "-74.51900", "2011-06-30": "-75.31100", "2011-03-31": "-74.60600", "2010-12-31": "-80.50700", "2010-09-30": "-70.13400", "2010-06-30": "-72.95800", "2010-03-31": "-75.09900", "2009-12-31": "-77.78100", "2009-09-30": "-70.47000", "2009-06-30": "-69.53100", "2009-03-31": "-65.65000", "2008-12-31": "-68.78800", "2008-09-30": "-64.44700", "2008-06-30": "-65.55300", "2008-03-31": "-64.91000", "2007-12-31": "-70.47100", "2007-09-30": "-64.55800", "2007-06-30": "-67.67900", "2007-03-31": "-67.94000"}, "Pre-Tax Income": {"2020-09-30": "352.00000", "2020-06-30": "232.00000", "2020-03-31": "159.00000", "2019-12-31": "136.00000", "2019-09-30": "318.00000", "2019-06-30": "227.00000", "2019-03-31": "152.00000", "2018-12-31": "170.00000", "2018-09-30": "255.00000", "2018-06-30": "222.00000", "2018-03-31": "140.00000", "2017-12-31": "201.00000", "2017-09-30": "340.00000", "2017-06-30": "226.00000", "2017-03-31": "145.00000", "2016-12-31": "166.00000", "2016-09-30": "243.00000", "2016-06-30": "225.00000", "2016-03-31": "136.00000", "2015-12-31": "158.00000", "2015-09-30": "287.00000", "2015-06-30": "204.00000", "2015-03-31": "133.00000", "2014-12-31": "149.33200", "2014-09-30": "263.81300", "2014-06-30": "182.50300", "2014-03-31": "114.35200", "2013-12-31": "103.18700", "2013-09-30": "248.28300", "2013-06-30": "167.71900", "2013-03-31": "88.81100", "2012-12-31": "93.45500", "2012-09-30": "255.02400", "2012-06-30": "197.26500", "2012-03-31": "84.64500", "2011-12-31": "102.06200", "2011-09-30": "206.89000", "2011-06-30": "126.08400", "2011-03-31": "68.64400", "2010-12-31": "71.36500", "2010-09-30": "195.11900", "2010-06-30": "114.59100", "2010-03-31": "48.34900", "2009-12-31": "68.37500", "2009-09-30": "141.80100", "2009-06-30": "86.12600", "2009-03-31": "-402.50800", "2008-12-31": "64.62200", "2008-09-30": "145.70600", "2008-06-30": "75.66400", "2008-03-31": "-736.58600", "2007-12-31": "-221.91100", "2007-09-30": "-120.40000", "2007-06-30": "82.63300", "2007-03-31": "4.15900"}, "Income Taxes": {"2020-09-30": "88.00000", "2020-06-30": "56.00000", "2020-03-31": "35.00000", "2019-12-31": "38.00000", "2019-09-30": "78.00000", "2019-06-30": "57.00000", "2019-03-31": "39.00000", "2018-12-31": "58.00000", "2018-09-30": "70.00000", "2018-06-30": "60.00000", "2018-03-31": "34.00000", "2017-12-31": "202.00000", "2017-09-30": "137.00000", "2017-06-30": "95.00000", "2017-03-31": "52.00000", "2016-12-31": "65.00000", "2016-09-30": "95.00000", "2016-06-30": "88.00000", "2016-03-31": "54.00000", "2015-12-31": "59.00000", "2015-09-30": "113.00000", "2015-06-30": "81.00000", "2015-03-31": "53.00000", "2014-12-31": "55.22700", "2014-09-30": "107.20500", "2014-06-30": "72.32900", "2014-03-31": "45.23900", "2013-12-31": "41.00200", "2013-09-30": "98.37400", "2013-06-30": "66.45600", "2013-03-31": "31.16800", "2012-12-31": "39.87900", "2012-09-30": "100.91300", "2012-06-30": "80.60200", "2012-03-31": "35.39300", "2011-12-31": "41.14400", "2011-09-30": "78.39500", "2011-06-30": "51.26700", "2011-03-31": "27.94500", "2010-12-31": "33.35100", "2010-09-30": "75.76200", "2010-06-30": "46.57000", "2010-03-31": "18.66900", "2009-12-31": "18.91900", "2009-09-30": "50.16500", "2009-06-30": "34.13700", "2009-03-31": "10.57100", "2008-12-31": "28.21500", "2008-09-30": "57.54800", "2008-06-30": "30.16600", "2008-03-31": "-4.10200", "2007-12-31": "12.66100", "2007-09-30": "39.71700", "2007-06-30": "32.64800", "2007-03-31": "1.73000"}, "Income After Taxes": {"2020-09-30": "264.00000", "2020-06-30": "176.00000", "2020-03-31": "124.00000", "2019-12-31": "98.00000", "2019-09-30": "240.00000", "2019-06-30": "170.00000", "2019-03-31": "113.00000", "2018-12-31": "112.00000", "2018-09-30": "185.00000", "2018-06-30": "162.00000", "2018-03-31": "106.00000", "2017-12-31": "-1.00000", "2017-09-30": "203.00000", "2017-06-30": "131.00000", "2017-03-31": "93.00000", "2016-12-31": "101.00000", "2016-09-30": "148.00000", "2016-06-30": "137.00000", "2016-03-31": "82.00000", "2015-12-31": "99.00000", "2015-09-30": "174.00000", "2015-06-30": "123.00000", "2015-03-31": "80.00000", "2014-12-31": "94.10500", "2014-09-30": "156.60800", "2014-06-30": "110.17400", "2014-03-31": "69.11300", "2013-12-31": "62.18500", "2013-09-30": "149.90900", "2013-06-30": "101.26300", "2013-03-31": "57.64300", "2012-12-31": "53.57600", "2012-09-30": "154.11100", "2012-06-30": "116.66300", "2012-03-31": "49.25200", "2011-12-31": "60.91800", "2011-09-30": "128.49500", "2011-06-30": "74.81700", "2011-03-31": "40.69900", "2010-12-31": "38.01400", "2010-09-30": "119.35700", "2010-06-30": "68.02100", "2010-03-31": "29.68000", "2009-12-31": "49.45600", "2009-09-30": "91.63600", "2009-06-30": "51.98900", "2009-03-31": "-413.07900", "2008-12-31": "36.40700", "2008-09-30": "88.15800", "2008-06-30": "45.49800", "2008-03-31": "-732.48400", "2007-12-31": "-234.57200", "2007-09-30": "-160.11700", "2007-06-30": "49.98500", "2007-03-31": "2.42900"}, "Other Income": {"2020-09-30": "", "2020-06-30": "", "2020-03-31": "", "2019-12-31": "", "2019-09-30": "", "2019-06-30": "", "2019-03-31": "", "2018-12-31": "", "2018-09-30": "", "2018-06-30": "", "2018-03-31": "", "2017-12-31": "", "2017-09-30": "", "2017-06-30": "", "2017-03-31": "", "2016-12-31": "", "2016-09-30": "", "2016-06-30": "", "2016-03-31": "", "2015-12-31": "", "2015-09-30": "", "2015-06-30": "", "2015-03-31": "", "2014-12-31": "", "2014-09-30": "", "2014-06-30": "", "2014-03-31": "", "2013-12-31": "", "2013-09-30": "", "2013-06-30": "", "2013-03-31": "", "2012-12-31": "", "2012-09-30": "", "2012-06-30": "", "2012-03-31": "", "2011-12-31": "", "2011-09-30": "", "2011-06-30": "", "2011-03-31": "", "2010-12-31": "", "2010-09-30": "", "2010-06-30": "", "2010-03-31": "", "2009-12-31": "", "2009-09-30": "", "2009-06-30": "", "2009-03-31": "", "2008-12-31": "", "2008-09-30": "", "2008-06-30": "", "2008-03-31": "", "2007-12-31": "", "2007-09-30": "", "2007-06-30": "", "2007-03-31": ""}, "Income From Continuous Operations": {"2020-09-30": "264.00000", "2020-06-30": "176.00000", "2020-03-31": "124.00000", "2019-12-31": "98.00000", "2019-09-30": "240.00000", "2019-06-30": "170.00000", "2019-03-31": "113.00000", "2018-12-31": "112.00000", "2018-09-30": "185.00000", "2018-06-30": "162.00000", "2018-03-31": "106.00000", "2017-12-31": "-1.00000", "2017-09-30": "203.00000", "2017-06-30": "131.00000", "2017-03-31": "93.00000", "2016-12-31": "101.00000", "2016-09-30": "148.00000", "2016-06-30": "137.00000", "2016-03-31": "82.00000", "2015-12-31": "99.00000", "2015-09-30": "174.00000", "2015-06-30": "123.00000", "2015-03-31": "80.00000", "2014-12-31": "94.10500", "2014-09-30": "156.60800", "2014-06-30": "110.17400", "2014-03-31": "69.11300", "2013-12-31": "62.18500", "2013-09-30": "149.90900", "2013-06-30": "101.26300", "2013-03-31": "57.64300", "2012-12-31": "53.57600", "2012-09-30": "154.11100", "2012-06-30": "116.66300", "2012-03-31": "49.25200", "2011-12-31": "60.91800", "2011-09-30": "128.49500", "2011-06-30": "74.81700", "2011-03-31": "40.69900", "2010-12-31": "38.01400", "2010-09-30": "119.35700", "2010-06-30": "68.02100", "2010-03-31": "29.68000", "2009-12-31": "49.45600", "2009-09-30": "91.63600", "2009-06-30": "51.98900", "2009-03-31": "-413.07900", "2008-12-31": "36.40700", "2008-09-30": "88.15800", "2008-06-30": "45.49800", "2008-03-31": "-732.48400", "2007-12-31": "-234.57200", "2007-09-30": "-160.11700", "2007-06-30": "49.98500", "2007-03-31": "2.42900"}, "Income From Discontinued Operations": {"2020-09-30": "", "2020-06-30": "", "2020-03-31": "", "2019-12-31": "", "2019-09-30": "", "2019-06-30": "", "2019-03-31": "", "2018-12-31": "", "2018-09-30": "", "2018-06-30": "", "2018-03-31": "", "2017-12-31": "", "2017-09-30": "", "2017-06-30": "", "2017-03-31": "", "2016-12-31": "", "2016-09-30": "", "2016-06-30": "", "2016-03-31": "", "2015-12-31": "", "2015-09-30": "", "2015-06-30": "", "2015-03-31": "", "2014-12-31": "-0.71200", "2014-09-30": "-4.42300", "2014-06-30": "-0.87500", "2014-03-31": "-0.99000", "2013-12-31": "-2.75600", "2013-09-30": "0.75600", "2013-06-30": "", "2013-03-31": "", "2012-12-31": "1.90200", "2012-09-30": "-0.29900", "2012-06-30": "-9.63700", "2012-03-31": "-7.49800", "2011-12-31": "3.93000", "2011-09-30": "8.92700", "2011-06-30": "6.29300", "2011-03-31": "-14.46600", "2010-12-31": "2.14000", "2010-09-30": "4.75700", "2010-06-30": "4.73000", "2010-03-31": "1.12800", "2009-12-31": "", "2009-09-30": "", "2009-06-30": "", "2009-03-31": "", "2008-12-31": "", "2008-09-30": "", "2008-06-30": "", "2008-03-31": "", "2007-12-31": "0.00000", "2007-09-30": "", "2007-06-30": "-0.80700", "2007-03-31": "0.25600"}, "Net Income": {"2020-09-30": "264.00000", "2020-06-30": "176.00000", "2020-03-31": "124.00000", "2019-12-31": "98.00000", "2019-09-30": "240.00000", "2019-06-30": "170.00000", "2019-03-31": "113.00000", "2018-12-31": "112.00000", "2018-09-30": "187.00000", "2018-06-30": "162.00000", "2018-03-31": "106.00000", "2017-12-31": "-1.00000", "2017-09-30": "203.00000", "2017-06-30": "131.00000", "2017-03-31": "93.00000", "2016-12-31": "101.00000", "2016-09-30": "148.00000", "2016-06-30": "137.00000", "2016-03-31": "82.00000", "2015-12-31": "99.00000", "2015-09-30": "174.00000", "2015-06-30": "123.00000", "2015-03-31": "80.00000", "2014-12-31": "93.39300", "2014-09-30": "152.18500", "2014-06-30": "109.29900", "2014-03-31": "68.12300", "2013-12-31": "59.42900", "2013-09-30": "150.66500", "2013-06-30": "101.26300", "2013-03-31": "57.64300", "2012-12-31": "55.47800", "2012-09-30": "153.81200", "2012-06-30": "107.02600", "2012-03-31": "41.75400", "2011-12-31": "64.84800", "2011-09-30": "137.42200", "2011-06-30": "81.11000", "2011-03-31": "26.23300", "2010-12-31": "40.15400", "2010-09-30": "124.11400", "2010-06-30": "72.75100", "2010-03-31": "30.80800", "2009-12-31": "36.37100", "2009-09-30": "91.63600", "2009-06-30": "51.98900", "2009-03-31": "-413.07900", "2008-12-31": "36.40700", "2008-09-30": "88.15800", "2008-06-30": "45.49800", "2008-03-31": "-732.48400", "2007-12-31": "-234.57200", "2007-09-30": "-160.11700", "2007-06-30": "49.17800", "2007-03-31": "2.68500"}, "EBITDA": {"2020-09-30": "587.00000", "2020-06-30": "465.00000", "2020-03-31": "384.00000", "2019-12-31": "376.00000", "2019-09-30": "550.00000", "2019-06-30": "444.00000", "2019-03-31": "382.00000", "2018-12-31": "389.00000", "2018-09-30": "476.00000", "2018-06-30": "436.00000", "2018-03-31": "346.00000", "2017-12-31": "395.00000", "2017-09-30": "560.00000", "2017-06-30": "436.00000", "2017-03-31": "354.00000", "2016-12-31": "373.00000", "2016-09-30": "438.00000", "2016-06-30": "414.00000", "2016-03-31": "330.00000", "2015-12-31": "345.00000", "2015-09-30": "472.00000", "2015-06-30": "387.00000", "2015-03-31": "311.00000", "2014-12-31": "328.43600", "2014-09-30": "444.39500", "2014-06-30": "360.99800", "2014-03-31": "293.17100", "2013-12-31": "323.83800", "2013-09-30": "424.77800", "2013-06-30": "342.50200", "2013-03-31": "263.88200", "2012-12-31": "265.42710", "2012-09-30": "423.85900", "2012-06-30": "362.96100", "2012-03-31": "251.84200", "2011-12-31": "266.36020", "2011-09-30": "369.73210", "2011-06-30": "288.73700", "2011-03-31": "230.12800", "2010-12-31": "235.37660", "2010-09-30": "349.25800", "2010-06-30": "268.24700", "2010-03-31": "205.50410", "2009-12-31": "207.26110", "2009-09-30": "297.39790", "2009-06-30": "239.03400", "2009-03-31": "-258.00600", "2008-12-31": "213.45200", "2008-09-30": "289.11200", "2008-06-30": "219.18510", "2008-03-31": "-597.20700", "2007-12-31": "-72.21180", "2007-09-30": "20.62200", "2007-06-30": "225.24200", "2007-03-31": "145.74400"}, "EBIT": {"2020-09-30": "433.00000", "2020-06-30": "313.00000", "2020-03-31": "239.00000", "2019-12-31": "224.00000", "2019-09-30": "406.00000", "2019-06-30": "302.00000", "2019-03-31": "238.00000", "2018-12-31": "248.00000", "2018-09-30": "335.00000", "2018-06-30": "302.00000", "2018-03-31": "217.00000", "2017-12-31": "281.00000", "2017-09-30": "432.00000", "2017-06-30": "310.00000", "2017-03-31": "230.00000", "2016-12-31": "253.00000", "2016-09-30": "319.00000", "2016-06-30": "299.00000", "2016-03-31": "214.00000", "2015-12-31": "232.00000", "2015-09-30": "361.00000", "2015-06-30": "278.00000", "2015-03-31": "204.00000", "2014-12-31": "223.48600", "2014-09-30": "337.28500", "2014-06-30": "254.78700", "2014-03-31": "187.44200", "2013-12-31": "218.71390", "2013-09-30": "323.16600", "2013-06-30": "241.88700", "2013-03-31": "164.23300", "2012-12-31": "166.09410", "2012-09-30": "327.64000", "2012-06-30": "270.63200", "2012-03-31": "159.73800", "2011-12-31": "177.08210", "2011-09-30": "281.40910", "2011-06-30": "201.39500", "2011-03-31": "143.25000", "2010-12-31": "151.87180", "2010-09-30": "265.25300", "2010-06-30": "187.54900", "2010-03-31": "123.44810", "2009-12-31": "146.15620", "2009-09-30": "212.27100", "2009-06-30": "155.65700", "2009-03-31": "-336.85800", "2008-12-31": "133.41000", "2008-09-30": "210.15300", "2008-06-30": "141.21700", "2008-03-31": "-671.67600", "2007-12-31": "-151.43980", "2007-09-30": "-55.84200", "2007-06-30": "150.31200", "2007-03-31": "72.09900"}, "Basic Shares Outstanding": {"2020-09-30": "181.00000", "2020-06-30": "181.00000", "2020-03-31": "181.00000", "2019-12-31": "181.00000", "2019-09-30": "181.00000", "2019-06-30": "181.00000", "2019-03-31": "181.00000", "2018-12-31": "180.00000", "2018-09-30": "181.00000", "2018-06-30": "179.00000", "2018-03-31": "178.00000", "2017-12-31": "178.00000", "2017-09-30": "178.00000", "2017-06-30": "178.00000", "2017-03-31": "178.00000", "2016-12-31": "178.00000", "2016-09-30": "178.00000", "2016-06-30": "178.00000", "2016-03-31": "178.00000", "2015-12-31": "179.00000", "2015-09-30": "179.00000", "2015-06-30": "180.00000", "2015-03-31": "179.00000", "2014-12-31": "179.00000", "2014-09-30": "178.99200", "2014-06-30": "178.86300", "2014-03-31": "178.53900", "2013-12-31": "178.00000", "2013-09-30": "177.96500", "2013-06-30": "177.71600", "2013-03-31": "177.32700", "2012-12-31": "176.44500", "2012-09-30": "176.62100", "2012-06-30": "176.33100", "2012-03-31": "175.91400", "2011-12-31": "175.48400", "2011-09-30": "175.54700", "2011-06-30": "175.46900", "2011-03-31": "175.25900", "2010-12-31": "174.83300", "2010-09-30": "174.85900", "2010-06-30": "174.77400", "2010-03-31": "174.72000", "2009-12-31": "168.16400", "2009-09-30": "174.59500", "2009-06-30": "163.22900", "2009-03-31": "160.01100", "2008-12-31": "159.96700", "2008-09-30": "159.94900", "2008-06-30": "159.93200", "2008-03-31": "160.00000", "2007-12-31": "160.00000", "2007-09-30": "160.00000", "2007-06-30": "160.00000", "2007-03-31": "160.00000"}, "Shares Outstanding": {"2020-09-30": "182.00000", "2020-06-30": "181.00000", "2020-03-31": "181.00000", "2019-12-31": "181.00000", "2019-09-30": "181.00000", "2019-06-30": "181.00000", "2019-03-31": "181.00000", "2018-12-31": "180.00000", "2018-09-30": "181.00000", "2018-06-30": "179.00000", "2018-03-31": "179.00000", "2017-12-31": "179.00000", "2017-09-30": "179.00000", "2017-06-30": "179.00000", "2017-03-31": "179.00000", "2016-12-31": "179.00000", "2016-09-30": "178.00000", "2016-06-30": "178.00000", "2016-03-31": "179.00000", "2015-12-31": "180.00000", "2015-09-30": "180.00000", "2015-06-30": "180.00000", "2015-03-31": "180.00000", "2014-12-31": "180.00000", "2014-09-30": "179.94800", "2014-06-30": "179.69300", "2014-03-31": "179.45700", "2013-12-31": "179.00000", "2013-09-30": "179.15400", "2013-06-30": "178.91000", "2013-03-31": "178.46500", "2012-12-31": "177.67100", "2012-09-30": "177.84100", "2012-06-30": "177.49100", "2012-03-31": "177.02800", "2011-12-31": "176.53100", "2011-09-30": "176.59300", "2011-06-30": "176.41900", "2011-03-31": "176.04800", "2010-12-31": "175.12400", "2010-09-30": "175.06200", "2010-06-30": "174.85000", "2010-03-31": "174.79600", "2009-12-31": "168.16400", "2009-09-30": "174.69100", "2009-06-30": "163.30100", "2009-03-31": "160.01100", "2008-12-31": "159.96700", "2008-09-30": "160.00000", "2008-06-30": "159.97600", "2008-03-31": "160.00000", "2007-12-31": "160.00000", "2007-09-30": "160.00000", "2007-06-30": "160.00000", "2007-03-31": "160.00000"}, "Basic EPS": {"2020-09-30": "1.46000", "2020-06-30": "0.97000", "2020-03-31": "0.69000", "2019-12-31": "0.55000", "2019-09-30": "1.33000", "2019-06-30": "0.94000", "2019-03-31": "0.62000", "2018-12-31": "0.62000", "2018-09-30": "1.04000", "2018-06-30": "0.90000", "2018-03-31": "0.60000", "2017-12-31": "-0.01000", "2017-09-30": "1.14000", "2017-06-30": "0.74000", "2017-03-31": "0.52000", "2016-12-31": "0.57000", "2016-09-30": "0.83000", "2016-06-30": "0.77000", "2016-03-31": "0.46000", "2015-12-31": "0.55000", "2015-09-30": "0.97000", "2015-06-30": "0.69000", "2015-03-31": "0.45000", "2014-12-31": "0.52000", "2014-09-30": "0.85000", "2014-06-30": "0.61000", "2014-03-31": "0.38000", "2013-12-31": "0.34000", "2013-09-30": "0.85000", "2013-06-30": "0.57000", "2013-03-31": "0.32000", "2012-12-31": "0.31000", "2012-09-30": "0.87000", "2012-06-30": "0.61000", "2012-03-31": "0.24000", "2011-12-31": "0.37000", "2011-09-30": "0.78000", "2011-06-30": "0.46000", "2011-03-31": "0.15000", "2010-12-31": "0.22000", "2010-09-30": "0.71000", "2010-06-30": "0.42000", "2010-03-31": "0.18000", "2009-12-31": "0.35000", "2009-09-30": "0.52000", "2009-06-30": "0.32000", "2009-03-31": "-2.58000", "2008-12-31": "0.23000", "2008-09-30": "0.55000", "2008-06-30": "0.28000", "2008-03-31": "-4.58000", "2007-12-31": "-1.47000", "2007-09-30": "-1.00000", "2007-06-30": "0.31000", "2007-03-31": "0.02000"}, "EPS - Earnings Per Share": {"2020-09-30": "1.46000", "2020-06-30": "0.97000", "2020-03-31": "0.68000", "2019-12-31": "0.54000", "2019-09-30": "1.33000", "2019-06-30": "0.94000", "2019-03-31": "0.62000", "2018-12-31": "0.62000", "2018-09-30": "1.04000", "2018-06-30": "0.90000", "2018-03-31": "0.59000", "2017-12-31": "0.00000", "2017-09-30": "1.13000", "2017-06-30": "0.73000", "2017-03-31": "0.52000", "2016-12-31": "0.56000", "2016-09-30": "0.83000", "2016-06-30": "0.77000", "2016-03-31": "0.46000", "2015-12-31": "0.56000", "2015-09-30": "0.96000", "2015-06-30": "0.68000", "2015-03-31": "0.44000", "2014-12-31": "0.51000", "2014-09-30": "0.85000", "2014-06-30": "0.61000", "2014-03-31": "0.38000", "2013-12-31": "0.33000", "2013-09-30": "0.84000", "2013-06-30": "0.57000", "2013-03-31": "0.32000", "2012-12-31": "0.31000", "2012-09-30": "0.86000", "2012-06-30": "0.60000", "2012-03-31": "0.24000", "2011-12-31": "0.36000", "2011-09-30": "0.78000", "2011-06-30": "0.46000", "2011-03-31": "0.15000", "2010-12-31": "0.22000", "2010-09-30": "0.71000", "2010-06-30": "0.42000", "2010-03-31": "0.18000", "2009-12-31": "0.35000", "2009-09-30": "0.52000", "2009-06-30": "0.32000", "2009-03-31": "-2.58000", "2008-12-31": "0.23000", "2008-09-30": "0.55000", "2008-06-30": "0.28000", "2008-03-31": "-4.58000", "2007-12-31": "-1.47000", "2007-09-30": "-1.00000", "2007-06-30": "0.31000", "2007-03-31": "0.02000"}}, "balance sheet": {"Cash On Hand": {"2019-12-31": "91.00000", "2018-12-31": "158.00000", "2017-12-31": "82.00000", "2016-12-31": "95.00000", "2015-12-31": "66.00000", "2014-12-31": "23.00000", "2013-12-31": "55.46900", "2012-12-31": "54.18900", "2011-12-31": "46.64500", "2010-12-31": "107.17800", "2009-12-31": "63.27600", "2008-12-31": "9.99600", "2007-12-31": "16.73900", "2006-12-31": ""}, "Receivables": {"2019-12-31": "294.00000", "2018-12-31": "301.00000", "2017-12-31": "272.00000", "2016-12-31": "269.00000", "2015-12-31": "255.00000", "2014-12-31": "232.00000", "2013-12-31": "213.88100", "2012-12-31": "204.37500", "2011-12-31": "189.11900", "2010-12-31": "206.33500", "2009-12-31": "223.38800", "2008-12-31": "199.43100", "2007-12-31": "216.36800", "2006-12-31": ""}, "Inventory": {"2019-12-31": "44.00000", "2018-12-31": "41.00000", "2017-12-31": "41.00000", "2016-12-31": "39.00000", "2015-12-31": "38.00000", "2014-12-31": "37.00000", "2013-12-31": "32.97300", "2012-12-31": "29.77200", "2011-12-31": "28.59800", "2010-12-31": "27.74300", "2009-12-31": "29.52100", "2008-12-31": "28.94800", "2007-12-31": "27.45800", "2006-12-31": ""}, "Pre-Paid Expenses": {"2019-12-31": "", "2018-12-31": "", "2017-12-31": "", "2016-12-31": "", "2015-12-31": "", "2014-12-31": "", "2013-12-31": "", "2012-12-31": "", "2011-12-31": "", "2010-12-31": "", "2009-12-31": "", "2008-12-31": "", "2007-12-31": "", "2006-12-31": ""}, "Other Current Assets": {"2019-12-31": "856.00000", "2018-12-31": "281.00000", "2017-12-31": "325.00000", "2016-12-31": "381.00000", "2015-12-31": "298.00000", "2014-12-31": "283.00000", "2013-12-31": "244.00100", "2012-12-31": "211.11100", "2011-12-31": "203.43900", "2010-12-31": "178.81400", "2009-12-31": "182.94200", "2008-12-31": "179.30000", "2007-12-31": "169.78900", "2006-12-31": ""}, "Total Current Assets": {"2019-12-31": "1285.00000", "2018-12-31": "781.00000", "2017-12-31": "720.00000", "2016-12-31": "784.00000", "2015-12-31": "657.00000", "2014-12-31": "575.00000", "2013-12-31": "571.80700", "2012-12-31": "499.44700", "2011-12-31": "1397.65900", "2010-12-31": "1457.77500", "2009-12-31": "499.12700", "2008-12-31": "417.67500", "2007-12-31": "430.35400", "2006-12-31": ""}, "Property, Plant, And Equipment": {"2019-12-31": "18232.00000", "2018-12-31": "17409.00000", "2017-12-31": "16246.00000", "2016-12-31": "14992.00000", "2015-12-31": "13933.00000", "2014-12-31": "13029.00000", "2013-12-31": "12388.35000", "2012-12-31": "11739.36000", "2011-12-31": "11021.10000", "2010-12-31": "10381.64000", "2009-12-31": "10677.39000", "2008-12-31": "10123.93000", "2007-12-31": "9317.96100", "2006-12-31": ""}, "Long-Term Investments": {"2019-12-31": "", "2018-12-31": "", "2017-12-31": "", "2016-12-31": "", "2015-12-31": "", "2014-12-31": "", "2013-12-31": "", "2012-12-31": "", "2011-12-31": "", "2010-12-31": "", "2009-12-31": "", "2008-12-31": "", "2007-12-31": "", "2006-12-31": ""}, "Goodwill And Intangible Assets": {"2019-12-31": "1568.00000", "2018-12-31": "1659.00000", "2017-12-31": "1388.00000", "2016-12-31": "1345.00000", "2015-12-31": "1302.00000", "2014-12-31": "1208.00000", "2013-12-31": "1207.76400", "2012-12-31": "1207.25000", "2011-12-31": "1195.06900", "2010-12-31": "1195.58500", "2009-12-31": "1250.38100", "2008-12-31": "1699.51700", "2007-12-31": "2456.95200", "2006-12-31": ""}, "Other Long-Term Assets": {"2019-12-31": "207.00000", "2018-12-31": "63.00000", "2017-12-31": "67.00000", "2016-12-31": "72.00000", "2015-12-31": "78.00000", "2014-12-31": "73.00000", "2013-12-31": "61.75200", "2012-12-31": "73.80100", "2011-12-31": "82.90400", "2010-12-31": "75.07200", "2009-12-31": "73.73000", "2008-12-31": "71.04400", "2007-12-31": "85.06800", "2006-12-31": ""}, "Total Long-Term Assets": {"2019-12-31": "21294.00000", "2018-12-31": "20442.00000", "2017-12-31": "18762.00000", "2016-12-31": "17698.00000", "2015-12-31": "16584.00000", "2014-12-31": "15463.00000", "2013-12-31": "14516.33000", "2012-12-31": "14219.53000", "2011-12-31": "13378.73000", "2010-12-31": "12628.47000", "2009-12-31": "12953.52000", "2008-12-31": "12814.14000", "2007-12-31": "12520.97000", "2006-12-31": ""}, "Total Assets": {"2019-12-31": "22682.00000", "2018-12-31": "21223.00000", "2017-12-31": "19482.00000", "2016-12-31": "18482.00000", "2015-12-31": "17241.00000", "2014-12-31": "16038.00000", "2013-12-31": "15088.14000", "2012-12-31": "14718.98000", "2011-12-31": "14776.39000", "2010-12-31": "14086.25000", "2009-12-31": "13452.65000", "2008-12-31": "13231.82000", "2007-12-31": "12951.33000", "2006-12-31": "0.00000"}, "Total Current Liabilities": {"2019-12-31": "2045.00000", "2018-12-31": "2094.00000", "2017-12-31": "2325.00000", "2016-12-31": "2392.00000", "2015-12-31": "1533.00000", "2014-12-31": "1241.00000", "2013-12-31": "1235.53300", "2012-12-31": "994.83200", "2011-12-31": "1489.10500", "2010-12-31": "1106.76400", "2009-12-31": "607.39200", "2008-12-31": "1104.76000", "2007-12-31": "774.48900", "2006-12-31": ""}, "Long Term Debt": {"2019-12-31": "8644.00000", "2018-12-31": "7576.00000", "2017-12-31": "6498.00000", "2016-12-31": "5759.00000", "2015-12-31": "5874.00000", "2014-12-31": "5442.00000", "2013-12-31": "5230.05800", "2012-12-31": "5209.37000", "2011-12-31": "5361.08400", "2010-12-31": "5416.27000", "2009-12-31": "5312.12600", "2008-12-31": "4648.21300", "2007-12-31": "4699.13300", "2006-12-31": ""}, "Other Non-Current Liabilities": {"2019-12-31": "3479.00000", "2018-12-31": "3559.00000", "2017-12-31": "3277.00000", "2016-12-31": "1988.00000", "2015-12-31": "1940.00000", "2014-12-31": "1872.00000", "2013-12-31": "1830.68100", "2012-12-31": "1780.57000", "2011-12-31": "1765.47100", "2010-12-31": "1660.99100", "2009-12-31": "1976.39500", "2008-12-31": "1889.42200", "2007-12-31": "1807.53800", "2006-12-31": ""}, "Total Long Term Liabilities": {"2019-12-31": "14516.00000", "2018-12-31": "13265.00000", "2017-12-31": "11772.00000", "2016-12-31": "10872.00000", "2015-12-31": "10659.00000", "2014-12-31": "9882.00000", "2013-12-31": "9124.80500", "2012-12-31": "9279.15500", "2011-12-31": "9046.90200", "2010-12-31": "8851.75700", "2009-12-31": "8839.84300", "2008-12-31": "8025.05700", "2007-12-31": "7634.79200", "2006-12-31": ""}, "Total Liabilities": {"2019-12-31": "16561.00000", "2018-12-31": "15359.00000", "2017-12-31": "14097.00000", "2016-12-31": "13264.00000", "2015-12-31": "12192.00000", "2014-12-31": "11123.00000", "2013-12-31": "10360.34000", "2012-12-31": "10273.99000", "2011-12-31": "10536.01000", "2010-12-31": "9958.52100", "2009-12-31": "9447.23500", "2008-12-31": "9129.81700", "2007-12-31": "8409.28100", "2006-12-31": ""}, "Common Stock Net": {"2019-12-31": "2.00000", "2018-12-31": "2.00000", "2017-12-31": "2.00000", "2016-12-31": "2.00000", "2015-12-31": "2.00000", "2014-12-31": "2.00000", "2013-12-31": "1.78400", "2012-12-31": "1.77000", "2011-12-31": "1.75700", "2010-12-31": "1.75000", "2009-12-31": "1.74600", "2008-12-31": "1.60000", "2007-12-31": "1.60000", "2006-12-31": ""}, "Retained Earnings (Accumulated Deficit)": {"2019-12-31": "-207.00000", "2018-12-31": "-464.00000", "2017-12-31": "-723.00000", "2016-12-31": "-873.00000", "2015-12-31": "-1073.00000", "2014-12-31": "-1296.00000", "2013-12-31": "-1495.69800", "2012-12-31": "-1664.95500", "2011-12-31": "-1848.80100", "2010-12-31": "-1959.23500", "2009-12-31": "-2076.28700", "2008-12-31": "-1705.59400", "2007-12-31": "-1079.11800", "2006-12-31": ""}, "Comprehensive Income": {"2019-12-31": "-36.00000", "2018-12-31": "-34.00000", "2017-12-31": "-79.00000", "2016-12-31": "-86.00000", "2015-12-31": "-88.00000", "2014-12-31": "-82.00000", "2013-12-31": "-34.63500", "2012-12-31": "-116.19100", "2011-12-31": "-97.67700", "2010-12-31": "-71.44600", "2009-12-31": "-64.67700", "2008-12-31": "-82.25100", "2007-12-31": "-18.38300", "2006-12-31": ""}, "Other Share Holders Equity": {"2019-12-31": "", "2018-12-31": "", "2017-12-31": "", "2016-12-31": "", "2015-12-31": "", "2014-12-31": "", "2013-12-31": "", "2012-12-31": "", "2011-12-31": "", "2010-12-31": "", "2009-12-31": "", "2008-12-31": "", "2007-12-31": "", "2006-12-31": ""}, "Share Holder Equity": {"2019-12-31": "6121.00000", "2018-12-31": "5864.00000", "2017-12-31": "5385.00000", "2016-12-31": "5218.00000", "2015-12-31": "5049.00000", "2014-12-31": "4915.00000", "2013-12-31": "4727.80400", "2012-12-31": "4444.98800", "2011-12-31": "4240.38400", "2010-12-31": "4127.72500", "2009-12-31": "4005.41600", "2008-12-31": "4102.00100", "2007-12-31": "4542.04600", "2006-12-31": ""}, "Total Liabilities And Share Holders Equity": {"2019-12-31": "22682.00000", "2018-12-31": "21223.00000", "2017-12-31": "19482.00000", "2016-12-31": "18482.00000", "2015-12-31": "17241.00000", "2014-12-31": "16038.00000", "2013-12-31": "15088.14000", "2012-12-31": "14718.98000", "2011-12-31": "14776.39000", "2010-12-31": "14086.25000", "2009-12-31": "13452.65000", "2008-12-31": "13231.82000", "2007-12-31": "12951.33000", "2006-12-31": ""}}, "balance sheet, quarterly": {"Cash On Hand": {"2020-09-30": "599.00000", "2020-06-30": "605.00000", "2020-03-31": "589.00000", "2019-12-31": "91.00000", "2019-09-30": "116.00000", "2019-06-30": "64.00000", "2019-03-31": "85.00000", "2018-12-31": "158.00000", "2018-09-30": "115.00000", "2018-06-30": "95.00000", "2018-03-31": "81.00000", "2017-12-31": "82.00000", "2017-09-30": "121.00000", "2017-06-30": "92.00000", "2017-03-31": "101.00000", "2016-12-31": "95.00000", "2016-09-30": "69.00000", "2016-06-30": "75.00000", "2016-03-31": "88.00000", "2015-12-31": "66.00000", "2015-09-30": "98.70400", "2015-06-30": "165.59000", "2015-03-31": "45.32100", "2014-12-31": "23.00000", "2014-09-30": "94.16800", "2014-06-30": "53.67000", "2014-03-31": "59.34000", "2013-12-31": "55.46900", "2013-09-30": "57.88300", "2013-06-30": "40.08600", "2013-03-31": "52.80400", "2012-12-31": "54.18900", "2012-09-30": "106.23600", "2012-06-30": "111.61700", "2012-03-31": "36.92000", "2011-12-31": "46.64500", "2011-09-30": "62.48500", "2011-06-30": "78.52100", "2011-03-31": "93.97100", "2010-12-31": "107.17800", "2010-09-30": "23.50100", "2010-06-30": "20.61000", "2010-03-31": "12.63300", "2009-12-31": "63.27600", "2009-09-30": "7.83100", "2009-06-30": "9.01200", "2009-03-31": "8.51600", "2008-12-31": "9.99600", "2008-09-30": "6.68900", "2008-06-30": "5.91400", "2008-03-31": "9.20200", "2007-12-31": "16.73900", "2007-09-30": "", "2007-06-30": "", "2007-03-31": ""}, "Receivables": {"2020-09-30": "358.00000", "2020-06-30": "298.00000", "2020-03-31": "292.00000", "2019-12-31": "294.00000", "2019-09-30": "335.00000", "2019-06-30": "337.00000", "2019-03-31": "307.00000", "2018-12-31": "301.00000", "2018-09-30": "347.00000", "2018-06-30": "324.00000", "2018-03-31": "273.00000", "2017-12-31": "272.00000", "2017-09-30": "312.00000", "2017-06-30": "288.00000", "2017-03-31": "250.00000", "2016-12-31": "269.00000", "2016-09-30": "302.00000", "2016-06-30": "240.00000", "2016-03-31": "220.00000", "2015-12-31": "255.00000", "2015-09-30": "306.18600", "2015-06-30": "249.14300", "2015-03-31": "239.73300", "2014-12-31": "232.00000", "2014-09-30": "259.30200", "2014-06-30": "246.20200", "2014-03-31": "233.70600", "2013-12-31": "213.88100", "2013-09-30": "271.65400", "2013-06-30": "244.67400", "2013-03-31": "195.98800", "2012-12-31": "204.37500", "2012-09-30": "272.35200", "2012-06-30": "243.61500", "2012-03-31": "194.46500", "2011-12-31": "189.11900", "2011-09-30": "229.87700", "2011-06-30": "225.63700", "2011-03-31": "189.34600", "2010-12-31": "206.33500", "2010-09-30": "268.23700", "2010-06-30": "238.29000", "2010-03-31": "225.03400", "2009-12-31": "223.38800", "2009-09-30": "239.12100", "2009-06-30": "210.36400", "2009-03-31": "191.22300", "2008-12-31": "199.43100", "2008-09-30": "260.50400", "2008-06-30": "227.17800", "2008-03-31": "204.60800", "2007-12-31": "216.36800", "2007-09-30": "", "2007-06-30": "", "2007-03-31": ""}, "Inventory": {"2020-09-30": "49.00000", "2020-06-30": "51.00000", "2020-03-31": "50.00000", "2019-12-31": "44.00000", "2019-09-30": "46.00000", "2019-06-30": "48.00000", "2019-03-31": "44.00000", "2018-12-31": "41.00000", "2018-09-30": "42.00000", "2018-06-30": "42.00000", "2018-03-31": "42.00000", "2017-12-31": "41.00000", "2017-09-30": "42.00000", "2017-06-30": "41.00000", "2017-03-31": "41.00000", "2016-12-31": "39.00000", "2016-09-30": "40.00000", "2016-06-30": "42.00000", "2016-03-31": "41.00000", "2015-12-31": "38.00000", "2015-09-30": "37.96500", "2015-06-30": "38.33200", "2015-03-31": "38.62200", "2014-12-31": "37.00000", "2014-09-30": "37.20300", "2014-06-30": "36.84500", "2014-03-31": "35.24200", "2013-12-31": "32.97300", "2013-09-30": "35.05300", "2013-06-30": "33.81900", "2013-03-31": "31.15000", "2012-12-31": "29.77200", "2012-09-30": "31.92500", "2012-06-30": "31.71200", "2012-03-31": "30.35500", "2011-12-31": "28.59800", "2011-09-30": "30.49100", "2011-06-30": "31.41400", "2011-03-31": "30.60600", "2010-12-31": "27.74300", "2010-09-30": "31.34500", "2010-06-30": "29.90800", "2010-03-31": "30.08900", "2009-12-31": "29.52100", "2009-09-30": "30.83500", "2009-06-30": "32.86900", "2009-03-31": "32.81100", "2008-12-31": "28.94800", "2008-09-30": "32.94900", "2008-06-30": "31.67900", "2008-03-31": "28.96100", "2007-12-31": "27.45800", "2007-09-30": "", "2007-06-30": "", "2007-03-31": ""}, "Pre-Paid Expenses": {"2020-09-30": "", "2020-06-30": "", "2020-03-31": "", "2019-12-31": "", "2019-09-30": "", "2019-06-30": "", "2019-03-31": "", "2018-12-31": "", "2018-09-30": "", "2018-06-30": "", "2018-03-31": "", "2017-12-31": "", "2017-09-30": "", "2017-06-30": "", "2017-03-31": "", "2016-12-31": "", "2016-09-30": "", "2016-06-30": "", "2016-03-31": "", "2015-12-31": "", "2015-09-30": "", "2015-06-30": "", "2015-03-31": "", "2014-12-31": "", "2014-09-30": "", "2014-06-30": "", "2014-03-31": "", "2013-12-31": "", "2013-09-30": "", "2013-06-30": "", "2013-03-31": "", "2012-12-31": "", "2012-09-30": "", "2012-06-30": "", "2012-03-31": "", "2011-12-31": "", "2011-09-30": "", "2011-06-30": "", "2011-03-31": "", "2010-12-31": "", "2010-09-30": "", "2010-06-30": "", "2010-03-31": "", "2009-12-31": "", "2009-09-30": "", "2009-06-30": "", "2009-03-31": "", "2008-12-31": "", "2008-09-30": "", "2008-06-30": "", "2008-03-31": "", "2007-12-31": "", "2007-09-30": "", "2007-06-30": "", "2007-03-31": ""}, "Other Current Assets": {"2020-09-30": "961.00000", "2020-06-30": "942.00000", "2020-03-31": "870.00000", "2019-12-31": "856.00000", "2019-09-30": "302.00000", "2019-06-30": "292.00000", "2019-03-31": "255.00000", "2018-12-31": "281.00000", "2018-09-30": "296.00000", "2018-06-30": "372.00000", "2018-03-31": "333.00000", "2017-12-31": "325.00000", "2017-09-30": "385.00000", "2017-06-30": "387.00000", "2017-03-31": "375.00000", "2016-12-31": "381.00000", "2016-09-30": "390.00000", "2016-06-30": "334.00000", "2016-03-31": "289.00000", "2015-12-31": "298.00000", "2015-09-30": "321.35800", "2015-06-30": "306.85200", "2015-03-31": "285.50400", "2014-12-31": "283.00000", "2014-09-30": "255.78100", "2014-06-30": "251.77400", "2014-03-31": "224.87300", "2013-12-31": "244.00100", "2013-09-30": "248.63000", "2013-06-30": "227.26100", "2013-03-31": "211.90800", "2012-12-31": "211.11100", "2012-09-30": "232.01200", "2012-06-30": "219.43000", "2012-03-31": "189.86400", "2011-12-31": "203.43900", "2011-09-30": "213.45300", "2011-06-30": "220.44000", "2011-03-31": "190.43200", "2010-12-31": "178.81400", "2010-09-30": "304.31600", "2010-06-30": "301.30500", "2010-03-31": "229.47200", "2009-12-31": "182.94200", "2009-09-30": "238.68400", "2009-06-30": "243.46000", "2009-03-31": "188.03800", "2008-12-31": "179.30000", "2008-09-30": "197.08200", "2008-06-30": "193.90100", "2008-03-31": "172.10300", "2007-12-31": "169.78900", "2007-09-30": "", "2007-06-30": "", "2007-03-31": ""}, "Total Current Assets": {"2020-09-30": "1967.00000", "2020-06-30": "1896.00000", "2020-03-31": "1801.00000", "2019-12-31": "1285.00000", "2019-09-30": "799.00000", "2019-06-30": "741.00000", "2019-03-31": "691.00000", "2018-12-31": "781.00000", "2018-09-30": "800.00000", "2018-06-30": "833.00000", "2018-03-31": "729.00000", "2017-12-31": "720.00000", "2017-09-30": "860.00000", "2017-06-30": "808.00000", "2017-03-31": "767.00000", "2016-12-31": "784.00000", "2016-09-30": "801.00000", "2016-06-30": "691.00000", "2016-03-31": "638.00000", "2015-12-31": "657.00000", "2015-09-30": "879.00900", "2015-06-30": "890.08500", "2015-03-31": "729.01900", "2014-12-31": "575.00000", "2014-09-30": "756.96100", "2014-06-30": "707.63500", "2014-03-31": "687.99400", "2013-12-31": "571.80700", "2013-09-30": "613.22000", "2013-06-30": "545.84000", "2013-03-31": "491.85000", "2012-12-31": "499.44700", "2012-09-30": "642.52500", "2012-06-30": "606.37400", "2012-03-31": "589.10900", "2011-12-31": "1397.65900", "2011-09-30": "1479.46100", "2011-06-30": "1493.21400", "2011-03-31": "1305.53900", "2010-12-31": "1457.77500", "2010-09-30": "627.39900", "2010-06-30": "590.11300", "2010-03-31": "497.22800", "2009-12-31": "499.12700", "2009-09-30": "516.47100", "2009-06-30": "495.70500", "2009-03-31": "420.58800", "2008-12-31": "417.67500", "2008-09-30": "497.22400", "2008-06-30": "458.67200", "2008-03-31": "414.87400", "2007-12-31": "430.35400", "2007-09-30": "", "2007-06-30": "", "2007-03-31": ""}, "Property, Plant, And Equipment": {"2020-09-30": "19267.00000", "2020-06-30": "18944.00000", "2020-03-31": "18588.00000", "2019-12-31": "18232.00000", "2019-09-30": "18151.00000", "2019-06-30": "17798.00000", "2019-03-31": "17623.00000", "2018-12-31": "17409.00000", "2018-09-30": "17063.00000", "2018-06-30": "16777.00000", "2018-03-31": "16477.00000", "2017-12-31": "16246.00000", "2017-09-30": "15681.00000", "2017-06-30": "15391.00000", "2017-03-31": "15128.00000", "2016-12-31": "14992.00000", "2016-09-30": "14559.00000", "2016-06-30": "14317.00000", "2016-03-31": "14098.00000", "2015-12-31": "13933.00000", "2015-09-30": "13605.51000", "2015-06-30": "13357.98000", "2015-03-31": "13098.57000", "2014-12-31": "13029.00000", "2014-09-30": "12799.36000", "2014-06-30": "12582.51000", "2014-03-31": "12469.98000", "2013-12-31": "12388.35000", "2013-09-30": "12112.57000", "2013-06-30": "11927.87000", "2013-03-31": "11792.93000", "2012-12-31": "11739.36000", "2012-09-30": "11534.33000", "2012-06-30": "11387.31000", "2012-03-31": "11139.50000", "2011-12-31": "11021.10000", "2011-09-30": "10787.84000", "2011-06-30": "10599.94000", "2011-03-31": "10555.70000", "2010-12-31": "10381.64000", "2010-09-30": "11013.35000", "2010-06-30": "10872.32000", "2010-03-31": "10742.42000", "2009-12-31": "10677.39000", "2009-09-30": "10532.13000", "2009-06-30": "10395.69000", "2009-03-31": "10237.32000", "2008-12-31": "10123.93000", "2008-09-30": "9871.59100", "2008-06-30": "9621.59100", "2008-03-31": "9416.05500", "2007-12-31": "9317.96100", "2007-09-30": "", "2007-06-30": "", "2007-03-31": ""}, "Long-Term Investments": {"2020-09-30": "", "2020-06-30": "", "2020-03-31": "", "2019-12-31": "", "2019-09-30": "", "2019-06-30": "", "2019-03-31": "", "2018-12-31": "", "2018-09-30": "", "2018-06-30": "", "2018-03-31": "", "2017-12-31": "", "2017-09-30": "", "2017-06-30": "", "2017-03-31": "", "2016-12-31": "", "2016-09-30": "", "2016-06-30": "", "2016-03-31": "", "2015-12-31": "", "2015-09-30": "", "2015-06-30": "", "2015-03-31": "", "2014-12-31": "", "2014-09-30": "", "2014-06-30": "", "2014-03-31": "", "2013-12-31": "", "2013-09-30": "", "2013-06-30": "", "2013-03-31": "", "2012-12-31": "", "2012-09-30": "", "2012-06-30": "", "2012-03-31": "", "2011-12-31": "", "2011-09-30": "", "2011-06-30": "", "2011-03-31": "", "2010-12-31": "", "2010-09-30": "", "2010-06-30": "", "2010-03-31": "", "2009-12-31": "", "2009-09-30": "", "2009-06-30": "", "2009-03-31": "", "2008-12-31": "", "2008-09-30": "", "2008-06-30": "", "2008-03-31": "", "2007-12-31": "", "2007-09-30": "", "2007-06-30": "", "2007-03-31": ""}, "Goodwill And Intangible Assets": {"2020-09-30": "1562.00000", "2020-06-30": "1567.00000", "2020-03-31": "1563.00000", "2019-12-31": "1568.00000", "2019-09-30": "1650.00000", "2019-06-30": "1653.00000", "2019-03-31": "1655.00000", "2018-12-31": "1659.00000", "2018-09-30": "1662.00000", "2018-06-30": "1722.00000", "2018-03-31": "1379.00000", "2017-12-31": "1388.00000", "2017-09-30": "1373.00000", "2017-06-30": "1373.00000", "2017-03-31": "1345.00000", "2016-12-31": "1345.00000", "2016-09-30": "1313.00000", "2016-06-30": "1313.00000", "2016-03-31": "1313.00000", "2015-12-31": "1302.00000", "2015-09-30": "1312.88800", "2015-06-30": "1209.84100", "2015-03-31": "1208.04300", "2014-12-31": "1208.00000", "2014-09-30": "1208.06500", "2014-06-30": "1208.06500", "2014-03-31": "1208.06500", "2013-12-31": "1207.76400", "2013-09-30": "1207.74100", "2013-06-30": "1207.33600", "2013-03-31": "1207.16100", "2012-12-31": "1207.25000", "2012-09-30": "1207.57200", "2012-06-30": "1207.57200", "2012-03-31": "1195.06900", "2011-12-31": "1195.06900", "2011-09-30": "1195.51000", "2011-06-30": "1195.51000", "2011-03-31": "1204.22700", "2010-12-31": "1195.58500", "2010-09-30": "1250.69200", "2010-06-30": "1250.69200", "2010-03-31": "1250.41700", "2009-12-31": "1250.38100", "2009-09-30": "1250.06700", "2009-06-30": "1250.06700", "2009-03-31": "1249.83900", "2008-12-31": "1699.51700", "2008-09-30": "1704.31000", "2008-06-30": "1706.67500", "2008-03-31": "1706.95200", "2007-12-31": "2456.95200", "2007-09-30": "", "2007-06-30": "", "2007-03-31": ""}, "Other Long-Term Assets": {"2020-09-30": "202.00000", "2020-06-30": "201.00000", "2020-03-31": "203.00000", "2019-12-31": "207.00000", "2019-09-30": "201.00000", "2019-06-30": "202.00000", "2019-03-31": "57.00000", "2018-12-31": "63.00000", "2018-09-30": "76.00000", "2018-06-30": "70.00000", "2018-03-31": "81.00000", "2017-12-31": "67.00000", "2017-09-30": "73.00000", "2017-06-30": "70.00000", "2017-03-31": "72.00000", "2016-12-31": "72.00000", "2016-09-30": "75.00000", "2016-06-30": "79.00000", "2016-03-31": "79.00000", "2015-12-31": "78.00000", "2015-09-30": "77.13300", "2015-06-30": "79.19400", "2015-03-31": "76.05300", "2014-12-31": "73.00000", "2014-09-30": "76.43500", "2014-06-30": "79.88400", "2014-03-31": "60.99300", "2013-12-31": "61.75200", "2013-09-30": "62.47100", "2013-06-30": "72.83900", "2013-03-31": "69.30300", "2012-12-31": "73.80100", "2012-09-30": "80.85100", "2012-06-30": "72.28100", "2012-03-31": "74.05900", "2011-12-31": "82.90400", "2011-09-30": "78.40700", "2011-06-30": "68.61800", "2011-03-31": "71.54600", "2010-12-31": "75.07200", "2010-09-30": "80.68300", "2010-06-30": "56.61900", "2010-03-31": "62.53700", "2009-12-31": "73.73000", "2009-09-30": "90.69100", "2009-06-30": "103.01300", "2009-03-31": "61.10300", "2008-12-31": "71.04400", "2008-09-30": "79.55700", "2008-06-30": "108.24700", "2008-03-31": "104.03000", "2007-12-31": "85.06800", "2007-09-30": "", "2007-06-30": "", "2007-03-31": ""}, "Total Long-Term Assets": {"2020-09-30": "22330.00000", "2020-06-30": "22014.00000", "2020-03-31": "21644.00000", "2019-12-31": "21294.00000", "2019-09-30": "21330.00000", "2019-06-30": "21001.00000", "2019-03-31": "20657.00000", "2018-12-31": "20442.00000", "2018-09-30": "20080.00000", "2018-06-30": "19638.00000", "2018-03-31": "18999.00000", "2017-12-31": "18762.00000", "2017-09-30": "18501.00000", "2017-06-30": "18158.00000", "2017-03-31": "17843.00000", "2016-12-31": "17698.00000", "2016-09-30": "17170.00000", "2016-06-30": "17015.00000", "2016-03-31": "16779.00000", "2015-12-31": "16584.00000", "2015-09-30": "16226.16000", "2015-06-30": "15842.25000", "2015-03-31": "15534.51000", "2014-12-31": "15463.00000", "2014-09-30": "14958.69000", "2014-06-30": "14718.81000", "2014-03-31": "14586.83000", "2013-12-31": "14516.33000", "2013-09-30": "14615.23000", "2013-06-30": "14431.54000", "2013-03-31": "14277.36000", "2012-12-31": "14219.53000", "2012-09-30": "13957.01000", "2012-06-30": "13806.39000", "2012-03-31": "13498.63000", "2011-12-31": "13378.73000", "2011-09-30": "13059.27000", "2011-06-30": "12854.00000", "2011-03-31": "12823.27000", "2010-12-31": "12628.47000", "2010-09-30": "13356.28000", "2010-06-30": "13183.40000", "2010-03-31": "13043.33000", "2009-12-31": "12953.52000", "2009-09-30": "12829.24000", "2009-06-30": "12694.34000", "2009-03-31": "12486.66000", "2008-12-31": "12814.14000", "2008-09-30": "12283.51000", "2008-06-30": "12068.01000", "2008-03-31": "11853.13000", "2007-12-31": "12520.97000", "2007-09-30": "", "2007-06-30": "", "2007-03-31": ""}, "Total Assets": {"2020-09-30": "24394.00000", "2020-06-30": "24009.00000", "2020-03-31": "23546.00000", "2019-12-31": "22682.00000", "2019-09-30": "22238.00000", "2019-06-30": "21854.00000", "2019-03-31": "21464.00000", "2018-12-31": "21223.00000", "2018-09-30": "20880.00000", "2018-06-30": "20471.00000", "2018-03-31": "19728.00000", "2017-12-31": "19482.00000", "2017-09-30": "19361.00000", "2017-06-30": "18966.00000", "2017-03-31": "18610.00000", "2016-12-31": "18482.00000", "2016-09-30": "17971.00000", "2016-06-30": "17706.00000", "2016-03-31": "17417.00000", "2015-12-31": "17241.00000", "2015-09-30": "17105.17000", "2015-06-30": "16732.33000", "2015-03-31": "16263.53000", "2014-12-31": "16038.00000", "2014-09-30": "15715.65000", "2014-06-30": "15426.45000", "2014-03-31": "15274.82000", "2013-12-31": "15088.14000", "2013-09-30": "15228.45000", "2013-06-30": "14977.38000", "2013-03-31": "14769.22000", "2012-12-31": "14718.98000", "2012-09-30": "14599.54000", "2012-06-30": "14412.76000", "2012-03-31": "14087.74000", "2011-12-31": "14776.39000", "2011-09-30": "14538.73000", "2011-06-30": "14347.22000", "2011-03-31": "14128.81000", "2010-12-31": "14086.25000", "2010-09-30": "13983.67000", "2010-06-30": "13773.52000", "2010-03-31": "13540.56000", "2009-12-31": "13452.65000", "2009-09-30": "13345.71000", "2009-06-30": "13190.05000", "2009-03-31": "12907.24000", "2008-12-31": "13231.82000", "2008-09-30": "12780.73000", "2008-06-30": "12526.68000", "2008-03-31": "12268.00000", "2007-12-31": "12951.33000", "2007-09-30": "0.00000", "2007-06-30": "0.00000", "2007-03-31": "0.00000"}, "Total Current Liabilities": {"2020-09-30": "2260.00000", "2020-06-30": "2113.00000", "2020-03-31": "2767.00000", "2019-12-31": "2045.00000", "2019-09-30": "1488.00000", "2019-06-30": "1317.00000", "2019-03-31": "2156.00000", "2018-12-31": "2094.00000", "2018-09-30": "1748.00000", "2018-06-30": "2951.00000", "2018-03-31": "2539.00000", "2017-12-31": "2325.00000", "2017-09-30": "1747.00000", "2017-06-30": "2661.00000", "2017-03-31": "2418.00000", "2016-12-31": "2392.00000", "2016-09-30": "1928.00000", "2016-06-30": "1740.00000", "2016-03-31": "1614.00000", "2015-12-31": "1533.00000", "2015-09-30": "1165.38700", "2015-06-30": "1512.18800", "2015-03-31": "1227.54800", "2014-12-31": "1241.00000", "2014-09-30": "1058.93500", "2014-06-30": "1234.91100", "2014-03-31": "1197.69900", "2013-12-31": "1235.53300", "2013-09-30": "1141.47300", "2013-06-30": "1049.30600", "2013-03-31": "958.33200", "2012-12-31": "994.83200", "2012-09-30": "1005.87400", "2012-06-30": "1017.96400", "2012-03-31": "743.68900", "2011-12-31": "1489.10500", "2011-09-30": "1380.01400", "2011-06-30": "1327.64600", "2011-03-31": "1134.88000", "2010-12-31": "1106.76400", "2010-09-30": "741.42400", "2010-06-30": "753.43700", "2010-03-31": "661.08900", "2009-12-31": "607.39200", "2009-09-30": "600.63100", "2009-06-30": "792.78700", "2009-03-31": "1169.20800", "2008-12-31": "1104.76000", "2008-09-30": "937.49000", "2008-06-30": "741.23900", "2008-03-31": "871.47400", "2007-12-31": "774.48900", "2007-09-30": "", "2007-06-30": "", "2007-03-31": ""}, "Long Term Debt": {"2020-09-30": "9584.00000", "2020-06-30": "9593.00000", "2020-03-31": "8625.00000", "2019-12-31": "8644.00000", "2019-09-30": "8646.00000", "2019-06-30": "8648.00000", "2019-03-31": "7568.00000", "2018-12-31": "7576.00000", "2018-09-30": "7577.00000", "2018-06-30": "6352.00000", "2018-03-31": "6403.00000", "2017-12-31": "6498.00000", "2017-09-30": "6681.00000", "2017-06-30": "5659.00000", "2017-03-31": "5753.00000", "2016-12-31": "5759.00000", "2016-09-30": "5853.00000", "2016-06-30": "5861.00000", "2016-03-31": "5861.00000", "2015-12-31": "5874.00000", "2015-09-30": "5954.90100", "2015-06-30": "5447.53000", "2015-03-31": "5443.19700", "2014-12-31": "5442.00000", "2014-09-30": "5556.60600", "2014-06-30": "5233.50800", "2014-03-31": "5224.63900", "2013-12-31": "5230.05800", "2013-09-30": "5191.71200", "2013-06-30": "5198.32600", "2013-03-31": "5202.59500", "2012-12-31": "5209.37000", "2012-09-30": "5203.86700", "2012-06-30": "5222.40800", "2012-03-31": "5369.79400", "2011-12-31": "5361.08400", "2011-09-30": "5383.51500", "2011-06-30": "5384.72700", "2011-03-31": "5385.59200", "2010-12-31": "5416.27000", "2010-09-30": "5395.35000", "2010-06-30": "5329.10500", "2010-03-31": "5280.90200", "2009-12-31": "5312.12600", "2009-09-30": "5221.73500", "2009-06-30": "5006.06600", "2009-03-31": "4683.95900", "2008-12-31": "4648.21300", "2008-09-30": "4693.71900", "2008-06-30": "4720.59300", "2008-03-31": "4666.61100", "2007-12-31": "4699.13300", "2007-09-30": "", "2007-06-30": "", "2007-03-31": ""}, "Other Non-Current Liabilities": {"2020-09-30": "3509.00000", "2020-06-30": "3504.00000", "2020-03-31": "3491.00000", "2019-12-31": "3479.00000", "2019-09-30": "3517.00000", "2019-06-30": "3544.00000", "2019-03-31": "3544.00000", "2018-12-31": "3559.00000", "2018-09-30": "3611.00000", "2018-06-30": "3358.00000", "2018-03-31": "3299.00000", "2017-12-31": "3277.00000", "2017-09-30": "2025.00000", "2017-06-30": "2009.00000", "2017-03-31": "1994.00000", "2016-12-31": "1988.00000", "2016-09-30": "1991.00000", "2016-06-30": "1991.00000", "2016-03-31": "1969.00000", "2015-12-31": "1940.00000", "2015-09-30": "1911.95700", "2015-06-30": "1901.68400", "2015-03-31": "1866.35800", "2014-12-31": "1872.00000", "2014-09-30": "1858.22900", "2014-06-30": "1844.67400", "2014-03-31": "1835.93700", "2013-12-31": "1830.68100", "2013-09-30": "1805.54800", "2013-06-30": "1802.76400", "2013-03-31": "1850.80500", "2012-12-31": "1780.57000", "2012-09-30": "1767.88900", "2012-06-30": "1757.70500", "2012-03-31": "1729.69800", "2011-12-31": "1765.47100", "2011-09-30": "1693.33900", "2011-06-30": "1678.28500", "2011-03-31": "1682.90100", "2010-12-31": "1660.99100", "2010-09-30": "2010.35000", "2010-06-30": "1997.15100", "2010-03-31": "1986.69500", "2009-12-31": "1976.39500", "2009-09-30": "1960.86900", "2009-06-30": "1929.63600", "2009-03-31": "1894.40800", "2008-12-31": "1889.42200", "2008-09-30": "1822.74900", "2008-06-30": "1849.98800", "2008-03-31": "1804.91400", "2007-12-31": "1807.53800", "2007-09-30": "", "2007-06-30": "", "2007-03-31": ""}, "Total Long Term Liabilities": {"2020-09-30": "15622.00000", "2020-06-30": "15558.00000", "2020-03-31": "14536.00000", "2019-12-31": "14516.00000", "2019-09-30": "14560.00000", "2019-06-30": "14510.00000", "2019-03-31": "13376.00000", "2018-12-31": "13265.00000", "2018-09-30": "13272.00000", "2018-06-30": "11784.00000", "2018-03-31": "11738.00000", "2017-12-31": "11772.00000", "2017-09-30": "12096.00000", "2017-06-30": "10921.00000", "2017-03-31": "10905.00000", "2016-12-31": "10872.00000", "2016-09-30": "10805.00000", "2016-06-30": "10813.00000", "2016-03-31": "10721.00000", "2015-12-31": "10659.00000", "2015-09-30": "10774.33000", "2015-06-30": "10166.75000", "2015-03-31": "10043.04000", "2014-12-31": "9882.00000", "2014-09-30": "9737.06100", "2014-06-30": "9318.41000", "2014-03-31": "9276.03500", "2013-12-31": "9124.80500", "2013-09-30": "9454.04100", "2013-06-30": "9355.94500", "2013-03-31": "9301.22200", "2012-12-31": "9279.15500", "2012-09-30": "9144.32100", "2012-06-30": "9068.82100", "2012-03-31": "9088.61400", "2011-12-31": "9046.90200", "2011-09-30": "8895.52800", "2011-06-30": "8857.10300", "2011-03-31": "8843.27300", "2010-12-31": "8851.75700", "2010-09-30": "9106.49700", "2010-06-30": "8976.21300", "2010-03-31": "8875.98100", "2009-12-31": "8839.84300", "2009-09-30": "8753.26900", "2009-06-30": "8464.49900", "2009-03-31": "8073.13800", "2008-12-31": "8025.05700", "2008-09-30": "7676.32800", "2008-06-30": "7677.98100", "2008-03-31": "7582.53900", "2007-12-31": "7634.79200", "2007-09-30": "", "2007-06-30": "", "2007-03-31": ""}, "Total Liabilities": {"2020-09-30": "17882.00000", "2020-06-30": "17671.00000", "2020-03-31": "17303.00000", "2019-12-31": "16561.00000", "2019-09-30": "16048.00000", "2019-06-30": "15827.00000", "2019-03-31": "15532.00000", "2018-12-31": "15359.00000", "2018-09-30": "15020.00000", "2018-06-30": "14735.00000", "2018-03-31": "14277.00000", "2017-12-31": "14097.00000", "2017-09-30": "13843.00000", "2017-06-30": "13582.00000", "2017-03-31": "13323.00000", "2016-12-31": "13264.00000", "2016-09-30": "12733.00000", "2016-06-30": "12553.00000", "2016-03-31": "12335.00000", "2015-12-31": "12192.00000", "2015-09-30": "11939.72000", "2015-06-30": "11678.94000", "2015-03-31": "11270.59000", "2014-12-31": "11123.00000", "2014-09-30": "10796.00000", "2014-06-30": "10553.32000", "2014-03-31": "10473.73000", "2013-12-31": "10360.34000", "2013-09-30": "10595.51000", "2013-06-30": "10405.25000", "2013-03-31": "10259.55000", "2012-12-31": "10273.99000", "2012-09-30": "10150.20000", "2012-06-30": "10086.79000", "2012-03-31": "9832.30300", "2011-12-31": "10536.01000", "2011-09-30": "10275.54000", "2011-06-30": "10184.75000", "2011-03-31": "9978.15300", "2010-12-31": "9958.52100", "2010-09-30": "9847.92200", "2010-06-30": "9729.65000", "2010-03-31": "9537.07100", "2009-12-31": "9447.23500", "2009-09-30": "9353.90000", "2009-06-30": "9257.28600", "2009-03-31": "9242.34600", "2008-12-31": "9129.81700", "2008-09-30": "8613.81600", "2008-06-30": "8419.22000", "2008-03-31": "8454.01300", "2007-12-31": "8409.28100", "2007-09-30": "", "2007-06-30": "", "2007-03-31": ""}, "Common Stock Net": {"2020-09-30": "2.00000", "2020-06-30": "2.00000", "2020-03-31": "2.00000", "2019-12-31": "2.00000", "2019-09-30": "2.00000", "2019-06-30": "2.00000", "2019-03-31": "2.00000", "2018-12-31": "2.00000", "2018-09-30": "2.00000", "2018-06-30": "2.00000", "2018-03-31": "2.00000", "2017-12-31": "2.00000", "2017-09-30": "2.00000", "2017-06-30": "2.00000", "2017-03-31": "2.00000", "2016-12-31": "2.00000", "2016-09-30": "2.00000", "2016-06-30": "2.00000", "2016-03-31": "2.00000", "2015-12-31": "2.00000", "2015-09-30": "1.80700", "2015-06-30": "1.80100", "2015-03-31": "1.79900", "2014-12-31": "2.00000", "2014-09-30": "1.79300", "2014-06-30": "1.79100", "2014-03-31": "1.79000", "2013-12-31": "1.78400", "2013-09-30": "1.78100", "2013-06-30": "1.77900", "2013-03-31": "1.77700", "2012-12-31": "1.77000", "2012-09-30": "1.76700", "2012-06-30": "1.76300", "2012-03-31": "1.76200", "2011-12-31": "1.75700", "2011-09-30": "1.75500", "2011-06-30": "1.75400", "2011-03-31": "1.75300", "2010-12-31": "1.75000", "2010-09-30": "1.74900", "2010-06-30": "1.74700", "2010-03-31": "1.74700", "2009-12-31": "1.74600", "2009-09-30": "1.74600", "2009-06-30": "1.74600", "2009-03-31": "1.60000", "2008-12-31": "1.60000", "2008-09-30": "1.60000", "2008-06-30": "1.60000", "2008-03-31": "1.60000", "2007-12-31": "1.60000", "2007-09-30": "", "2007-06-30": "", "2007-03-31": ""}, "Retained Earnings (Accumulated Deficit)": {"2020-09-30": "157.00000", "2020-06-30": "-7.00000", "2020-03-31": "-83.00000", "2019-12-31": "-207.00000", "2019-09-30": "-123.00000", "2019-06-30": "-273.00000", "2019-03-31": "-353.00000", "2018-12-31": "-464.00000", "2018-09-30": "-432.00000", "2018-06-30": "-537.00000", "2018-03-31": "-617.00000", "2017-12-31": "-723.00000", "2017-09-30": "-573.00000", "2017-06-30": "-702.00000", "2017-03-31": "-759.00000", "2016-12-31": "-873.00000", "2016-09-30": "-839.00000", "2016-06-30": "-921.00000", "2016-03-31": "-991.00000", "2015-12-31": "-1073.00000", "2015-09-30": "-1049.66500", "2015-06-30": "-1162.34600", "2015-03-31": "-1224.00800", "2014-12-31": "-1296.00000", "2014-09-30": "-1333.16400", "2014-06-30": "-1374.17400", "2014-03-31": "-1427.80900", "2013-12-31": "-1495.69800", "2013-09-30": "-1505.19100", "2013-06-30": "-1555.99300", "2013-03-31": "-1607.32100", "2012-12-31": "-1664.95500", "2012-09-30": "-1675.67800", "2012-06-30": "-1785.03900", "2012-03-31": "-1847.75000", "2011-12-31": "-1848.80100", "2011-09-30": "-1848.33800", "2011-06-30": "-1945.18500", "2011-03-31": "-1950.57100", "2010-12-31": "-1959.23500", "2010-09-30": "-1960.80600", "2010-06-30": "-2046.32600", "2010-03-31": "-2082.26300", "2009-12-31": "-2076.28700", "2009-09-30": "-2075.92000", "2009-06-30": "-2130.83300", "2009-03-31": "-2150.74500", "2008-12-31": "-1705.59400", "2008-09-30": "-1709.93800", "2008-06-30": "-1766.10400", "2008-03-31": "-1811.60200", "2007-12-31": "-1079.11800", "2007-09-30": "", "2007-06-30": "", "2007-03-31": ""}, "Comprehensive Income": {"2020-09-30": "-38.00000", "2020-06-30": "-39.00000", "2020-03-31": "-41.00000", "2019-12-31": "-36.00000", "2019-09-30": "-46.00000", "2019-06-30": "-47.00000", "2019-03-31": "-47.00000", "2018-12-31": "-34.00000", "2018-09-30": "-60.00000", "2018-06-30": "-69.00000", "2018-03-31": "-75.00000", "2017-12-31": "-79.00000", "2017-09-30": "-87.00000", "2017-06-30": "-85.00000", "2017-03-31": "-82.00000", "2016-12-31": "-86.00000", "2016-09-30": "-99.00000", "2016-06-30": "-96.00000", "2016-03-31": "-87.00000", "2015-12-31": "-88.00000", "2015-09-30": "-79.17500", "2015-06-30": "-80.05300", "2015-03-31": "-81.50300", "2014-12-31": "-82.00000", "2014-09-30": "-35.94200", "2014-06-30": "-34.67100", "2014-03-31": "-35.15100", "2013-12-31": "-34.63500", "2013-09-30": "-109.90100", "2013-06-30": "-112.46800", "2013-03-31": "-114.28600", "2012-12-31": "-116.19100", "2012-09-30": "-91.50700", "2012-06-30": "-93.89000", "2012-03-31": "-95.54900", "2011-12-31": "-97.67700", "2011-09-30": "-68.55500", "2011-06-30": "-68.69600", "2011-03-31": "-69.95800", "2010-12-31": "-71.44600", "2010-09-30": "-61.08600", "2010-06-30": "-62.54600", "2010-03-31": "-63.20300", "2009-12-31": "-64.67700", "2009-09-30": "-76.34400", "2009-06-30": "-78.35700", "2009-03-31": "-81.28100", "2008-12-31": "-82.25100", "2008-09-30": "-16.31400", "2008-06-30": "-18.53300", "2008-03-31": "-18.52200", "2007-12-31": "-18.38300", "2007-09-30": "", "2007-06-30": "", "2007-03-31": ""}, "Other Share Holders Equity": {"2020-09-30": "", "2020-06-30": "", "2020-03-31": "", "2019-12-31": "", "2019-09-30": "", "2019-06-30": "", "2019-03-31": "", "2018-12-31": "", "2018-09-30": "", "2018-06-30": "", "2018-03-31": "", "2017-12-31": "", "2017-09-30": "", "2017-06-30": "", "2017-03-31": "", "2016-12-31": "", "2016-09-30": "", "2016-06-30": "", "2016-03-31": "", "2015-12-31": "", "2015-09-30": "", "2015-06-30": "", "2015-03-31": "", "2014-12-31": "", "2014-09-30": "", "2014-06-30": "", "2014-03-31": "", "2013-12-31": "", "2013-09-30": "", "2013-06-30": "", "2013-03-31": "", "2012-12-31": "", "2012-09-30": "", "2012-06-30": "", "2012-03-31": "", "2011-12-31": "", "2011-09-30": "", "2011-06-30": "", "2011-03-31": "", "2010-12-31": "", "2010-09-30": "", "2010-06-30": "", "2010-03-31": "", "2009-12-31": "", "2009-09-30": "", "2009-06-30": "", "2009-03-31": "", "2008-12-31": "", "2008-09-30": "", "2008-06-30": "", "2008-03-31": "", "2007-12-31": "", "2007-09-30": "", "2007-06-30": "", "2007-03-31": ""}, "Share Holder Equity": {"2020-09-30": "6512.00000", "2020-06-30": "6338.00000", "2020-03-31": "6243.00000", "2019-12-31": "6121.00000", "2019-09-30": "6190.00000", "2019-06-30": "6027.00000", "2019-03-31": "5932.00000", "2018-12-31": "5864.00000", "2018-09-30": "5860.00000", "2018-06-30": "5736.00000", "2018-03-31": "5451.00000", "2017-12-31": "5385.00000", "2017-09-30": "5518.00000", "2017-06-30": "5384.00000", "2017-03-31": "5287.00000", "2016-12-31": "5218.00000", "2016-09-30": "5238.00000", "2016-06-30": "5153.00000", "2016-03-31": "5082.00000", "2015-12-31": "5049.00000", "2015-09-30": "5165.45200", "2015-06-30": "5053.39000", "2015-03-31": "4992.93800", "2014-12-31": "4915.00000", "2014-09-30": "4919.65200", "2014-06-30": "4873.12600", "2014-03-31": "4801.08700", "2013-12-31": "4727.80400", "2013-09-30": "4632.93200", "2013-06-30": "4572.12600", "2013-03-31": "4509.66200", "2012-12-31": "4444.98800", "2012-09-30": "4449.34000", "2012-06-30": "4325.97500", "2012-03-31": "4255.43600", "2011-12-31": "4240.38400", "2011-09-30": "4263.19000", "2011-06-30": "4162.46700", "2011-03-31": "4150.65400", "2010-12-31": "4127.72500", "2010-09-30": "4135.75300", "2010-06-30": "4043.86600", "2010-03-31": "4003.49100", "2009-12-31": "4005.41600", "2009-09-30": "3991.80900", "2009-06-30": "3932.76300", "2009-03-31": "3664.89800", "2008-12-31": "4102.00100", "2008-09-30": "4166.91400", "2008-06-30": "4107.46200", "2008-03-31": "3813.99100", "2007-12-31": "4542.04600", "2007-09-30": "", "2007-06-30": "", "2007-03-31": ""}, "Total Liabilities And Share Holders Equity": {"2020-09-30": "24394.00000", "2020-06-30": "24009.00000", "2020-03-31": "23546.00000", "2019-12-31": "22682.00000", "2019-09-30": "22238.00000", "2019-06-30": "21854.00000", "2019-03-31": "21464.00000", "2018-12-31": "21223.00000", "2018-09-30": "20880.00000", "2018-06-30": "20471.00000", "2018-03-31": "19728.00000", "2017-12-31": "19482.00000", "2017-09-30": "19361.00000", "2017-06-30": "18966.00000", "2017-03-31": "18610.00000", "2016-12-31": "18482.00000", "2016-09-30": "17971.00000", "2016-06-30": "17706.00000", "2016-03-31": "17417.00000", "2015-12-31": "17241.00000", "2015-09-30": "17105.17000", "2015-06-30": "16732.33000", "2015-03-31": "16263.53000", "2014-12-31": "16038.00000", "2014-09-30": "15715.65000", "2014-06-30": "15426.45000", "2014-03-31": "15274.82000", "2013-12-31": "15088.14000", "2013-09-30": "15228.45000", "2013-06-30": "14977.38000", "2013-03-31": "14769.22000", "2012-12-31": "14718.98000", "2012-09-30": "14599.54000", "2012-06-30": "14412.76000", "2012-03-31": "14087.74000", "2011-12-31": "14776.39000", "2011-09-30": "14538.73000", "2011-06-30": "14347.22000", "2011-03-31": "14128.81000", "2010-12-31": "14086.25000", "2010-09-30": "13983.67000", "2010-06-30": "13773.52000", "2010-03-31": "13540.56000", "2009-12-31": "13452.65000", "2009-09-30": "13345.71000", "2009-06-30": "13190.05000", "2009-03-31": "12907.24000", "2008-12-31": "13231.82000", "2008-09-30": "12780.73000", "2008-06-30": "12526.68000", "2008-03-31": "12268.00000", "2007-12-31": "12951.33000", "2007-09-30": "", "2007-06-30": "", "2007-03-31": ""}}, "cash flow statement": {"Net Income/Loss": {"2019-12-31": "621.00000", "2018-12-31": "565.00000", "2017-12-31": "426.00000", "2016-12-31": "468.00000", "2015-12-31": "476.00000", "2014-12-31": "423.00000", "2013-12-31": "369.00000", "2012-12-31": "358.07000", "2011-12-31": "309.61300", "2010-12-31": "267.82700", "2009-12-31": "-233.08300", "2008-12-31": "-562.42100", "2007-12-31": "-342.82600", "2006-12-31": "-162.24300"}, "Total Depreciation And Amortization - Cash Flow": {"2019-12-31": "582.00000", "2018-12-31": "545.00000", "2017-12-31": "492.00000", "2016-12-31": "470.00000", "2015-12-31": "440.00000", "2014-12-31": "424.00000", "2013-12-31": "407.00000", "2012-12-31": "379.98500", "2011-12-31": "351.82100", "2010-12-31": "330.26400", "2009-12-31": "308.46100", "2008-12-31": "311.43800", "2007-12-31": "304.26700", "2006-12-31": "292.50200"}, "Other Non-Cash Items": {"2019-12-31": "246.00000", "2018-12-31": "308.00000", "2017-12-31": "478.00000", "2016-12-31": "330.00000", "2015-12-31": "349.00000", "2014-12-31": "299.00000", "2013-12-31": "355.00000", "2012-12-31": "308.14100", "2011-12-31": "254.30900", "2010-12-31": "179.30000", "2009-12-31": "708.36500", "2008-12-31": "902.68200", "2007-12-31": "576.74600", "2006-12-31": "371.55800"}, "Total Non-Cash Items": {"2019-12-31": "828.00000", "2018-12-31": "853.00000", "2017-12-31": "970.00000", "2016-12-31": "800.00000", "2015-12-31": "789.00000", "2014-12-31": "723.00000", "2013-12-31": "762.00000", "2012-12-31": "688.12600", "2011-12-31": "606.13000", "2010-12-31": "509.56400", "2009-12-31": "1016.82600", "2008-12-31": "1214.12000", "2007-12-31": "881.01300", "2006-12-31": "664.06000"}, "Change In Accounts Receivable": {"2019-12-31": "-25.00000", "2018-12-31": "-17.00000", "2017-12-31": "21.00000", "2016-12-31": "-31.00000", "2015-12-31": "-84.00000", "2014-12-31": "-62.00000", "2013-12-31": "-79.00000", "2012-12-31": "-34.52800", "2011-12-31": "-34.81900", "2010-12-31": "-35.97700", "2009-12-31": "-18.75100", "2008-12-31": "-20.70200", "2007-12-31": "-35.09700", "2006-12-31": "3.09400"}, "Change In Inventories": {"2019-12-31": "", "2018-12-31": "", "2017-12-31": "", "2016-12-31": "", "2015-12-31": "", "2014-12-31": "", "2013-12-31": "", "2012-12-31": "", "2011-12-31": "", "2010-12-31": "", "2009-12-31": "", "2008-12-31": "", "2007-12-31": "", "2006-12-31": ""}, "Change In Accounts Payable": {"2019-12-31": "", "2018-12-31": "", "2017-12-31": "", "2016-12-31": "", "2015-12-31": "", "2014-12-31": "27.00000", "2013-12-31": "15.00000", "2012-12-31": "-10.57200", "2011-12-31": "37.82400", "2010-12-31": "6.48700", "2009-12-31": "0.05200", "2008-12-31": "2.97800", "2007-12-31": "6.86000", "2006-12-31": "7.21400"}, "Change In Assets/Liabilities": {"2019-12-31": "-107.00000", "2018-12-31": "-40.00000", "2017-12-31": "-6.00000", "2016-12-31": "-8.00000", "2015-12-31": "-66.00000", "2014-12-31": "-14.00000", "2013-12-31": "-171.00000", "2012-12-31": "-86.36900", "2011-12-31": "-112.04900", "2010-12-31": "-31.21100", "2009-12-31": "-144.14600", "2008-12-31": "-121.16700", "2007-12-31": "-71.64900", "2006-12-31": "-113.27600"}, "Total Change In Assets/Liabilities": {"2019-12-31": "-66.00000", "2018-12-31": "-32.00000", "2017-12-31": "53.00000", "2016-12-31": "21.00000", "2015-12-31": "-70.00000", "2014-12-31": "-49.00000", "2013-12-31": "-235.00000", "2012-12-31": "-90.59800", "2011-12-31": "-107.38600", "2010-12-31": "-2.45800", "2009-12-31": "-187.58700", "2008-12-31": "-99.53000", "2007-12-31": "-64.47500", "2006-12-31": "-178.06900"}, "Cash Flow From Operating Activities": {"2019-12-31": "1383.00000", "2018-12-31": "1386.00000", "2017-12-31": "1449.00000", "2016-12-31": "1289.00000", "2015-12-31": "1195.00000", "2014-12-31": "1097.00000", "2013-12-31": "896.00000", "2012-12-31": "955.59800", "2011-12-31": "808.35700", "2010-12-31": "774.93300", "2009-12-31": "596.15600", "2008-12-31": "552.16900", "2007-12-31": "473.71200", "2006-12-31": "323.74800"}, "Net Change In Property, Plant, And Equipment": {"2019-12-31": "-1606.00000", "2018-12-31": "-1551.00000", "2017-12-31": "-1419.00000", "2016-12-31": "-1302.00000", "2015-12-31": "-1155.00000", "2014-12-31": "-942.00000", "2013-12-31": "-979.00000", "2012-12-31": "-366.83500", "2011-12-31": "-914.88600", "2010-12-31": "-765.39700", "2009-12-31": "-784.02800", "2008-12-31": "-996.20200", "2007-12-31": "-734.46400", "2006-12-31": "-679.19800"}, "Net Change In Intangible Assets": {"2019-12-31": "", "2018-12-31": "", "2017-12-31": "", "2016-12-31": "", "2015-12-31": "", "2014-12-31": "", "2013-12-31": "", "2012-12-31": "", "2011-12-31": "", "2010-12-31": "", "2009-12-31": "", "2008-12-31": "", "2007-12-31": "", "2006-12-31": ""}, "Net Acquisitions/Divestitures": {"2019-12-31": "-235.00000", "2018-12-31": "-398.00000", "2017-12-31": "-177.00000", "2016-12-31": "-204.00000", "2015-12-31": "-197.00000", "2014-12-31": "-9.00000", "2013-12-31": "-24.00000", "2012-12-31": "-44.56000", "2011-12-31": "-7.22000", "2010-12-31": "-1.64200", "2009-12-31": "-18.14400", "2008-12-31": "-12.51200", "2007-12-31": "-6.21700", "2006-12-31": "17.61700"}, "Net Change In Short-term Investments": {"2019-12-31": "", "2018-12-31": "", "2017-12-31": "", "2016-12-31": "", "2015-12-31": "", "2014-12-31": "", "2013-12-31": "", "2012-12-31": "", "2011-12-31": "", "2010-12-31": "", "2009-12-31": "", "2008-12-31": "", "2007-12-31": "", "2006-12-31": ""}, "Net Change In Long-Term Investments": {"2019-12-31": "", "2018-12-31": "", "2017-12-31": "", "2016-12-31": "", "2015-12-31": "", "2014-12-31": "", "2013-12-31": "", "2012-12-31": "", "2011-12-31": "", "2010-12-31": "", "2009-12-31": "", "2008-12-31": "", "2007-12-31": "", "2006-12-31": ""}, "Net Change In Investments - Total": {"2019-12-31": "", "2018-12-31": "", "2017-12-31": "", "2016-12-31": "", "2015-12-31": "", "2014-12-31": "", "2013-12-31": "", "2012-12-31": "", "2011-12-31": "", "2010-12-31": "", "2009-12-31": "", "2008-12-31": "", "2007-12-31": "", "2006-12-31": ""}, "Investing Activities - Other": {"2019-12-31": "-104.00000", "2018-12-31": "-87.00000", "2017-12-31": "-76.00000", "2016-12-31": "-84.00000", "2015-12-31": "-107.00000", "2014-12-31": "-63.00000", "2013-12-31": "-50.00000", "2012-12-31": "29.03900", "2011-12-31": "9.70900", "2010-12-31": "20.29600", "2009-12-31": "98.56100", "2008-12-31": "-24.95300", "2007-12-31": "-5.89700", "2006-12-31": "-29.85700"}, "Cash Flow From Investing Activities": {"2019-12-31": "-1945.00000", "2018-12-31": "-2036.00000", "2017-12-31": "-1672.00000", "2016-12-31": "-1590.00000", "2015-12-31": "-1459.00000", "2014-12-31": "-1014.00000", "2013-12-31": "-1053.00000", "2012-12-31": "-382.35600", "2011-12-31": "-912.39700", "2010-12-31": "-746.74300", "2009-12-31": "-703.61100", "2008-12-31": "-1033.66700", "2007-12-31": "-746.57800", "2006-12-31": "-691.43800"}, "Net Long-Term Debt": {"2019-12-31": "1035.00000", "2018-12-31": "832.00000", "2017-12-31": "499.00000", "2016-12-31": "409.00000", "2015-12-31": "433.00000", "2014-12-31": "261.00000", "2013-12-31": "-92.00000", "2012-12-31": "-156.52400", "2011-12-31": "-57.53500", "2010-12-31": "-4.14100", "2009-12-31": "364.79500", "2008-12-31": "38.44100", "2007-12-31": "1518.38400", "2006-12-31": "-54.98100"}, "Net Current Debt": {"2019-12-31": "-178.00000", "2018-12-31": "60.00000", "2017-12-31": "55.00000", "2016-12-31": "221.00000", "2015-12-31": "180.00000", "2014-12-31": "-180.00000", "2013-12-31": "360.00000", "2012-12-31": "-245.87600", "2011-12-31": "286.16200", "2010-12-31": "110.20200", "2009-12-31": "-359.51300", "2008-12-31": "258.49600", "2007-12-31": "-499.42500", "2006-12-31": "345.68200"}, "Debt Issuance/Retirement Net - Total": {"2019-12-31": "857.00000", "2018-12-31": "892.00000", "2017-12-31": "554.00000", "2016-12-31": "630.00000", "2015-12-31": "613.00000", "2014-12-31": "81.00000", "2013-12-31": "268.00000", "2012-12-31": "-402.40000", "2011-12-31": "228.62700", "2010-12-31": "106.06100", "2009-12-31": "5.28200", "2008-12-31": "296.93700", "2007-12-31": "1018.95900", "2006-12-31": "290.70100"}, "Net Common Equity Issued/Repurchased": {"2019-12-31": "-21.00000", "2018-12-31": "154.00000", "2017-12-31": "-39.00000", "2016-12-31": "-52.00000", "2015-12-31": "-87.00000", "2014-12-31": "21.00000", "2013-12-31": "26.00000", "2012-12-31": "27.86000", "2011-12-31": "13.86600", "2010-12-31": "6.71100", "2009-12-31": "244.39000", "2008-12-31": "245.83600", "2007-12-31": "967.09200", "2006-12-31": ""}, "Net Total Equity Issued/Repurchased": {"2019-12-31": "-21.00000", "2018-12-31": "154.00000", "2017-12-31": "-39.00000", "2016-12-31": "-52.00000", "2015-12-31": "-87.00000", "2014-12-31": "21.00000", "2013-12-31": "26.00000", "2012-12-31": "23.48400", "2011-12-31": "11.97800", "2010-12-31": "6.48300", "2009-12-31": "244.17200", "2008-12-31": "245.60700", "2007-12-31": "-783.29600", "2006-12-31": "-0.54100"}, "Total Common And Preferred Stock Dividends Paid": {"2019-12-31": "-353.00000", "2018-12-31": "-319.00000", "2017-12-31": "-289.00000", "2016-12-31": "-261.00000", "2015-12-31": "-239.00000", "2014-12-31": "-216.00000", "2013-12-31": "-149.00000", "2012-12-31": "-213.45900", "2011-12-31": "-157.85500", "2010-12-31": "-150.30100", "2009-12-31": "-137.33100", "2008-12-31": "-64.05500", "2007-12-31": "", "2006-12-31": ""}, "Financial Activities - Other": {"2019-12-31": "11.00000", "2018-12-31": "-1.00000", "2017-12-31": "-19.00000", "2016-12-31": "11.00000", "2015-12-31": "3.00000", "2014-12-31": "27.00000", "2013-12-31": "15.00000", "2012-12-31": "29.35900", "2011-12-31": "22.38500", "2010-12-31": "0.42300", "2009-12-31": "8.04600", "2008-12-31": "-0.93000", "2007-12-31": "20.93000", "2006-12-31": "42.20700"}, "Cash Flow From Financial Activities": {"2019-12-31": "494.00000", "2018-12-31": "726.00000", "2017-12-31": "207.00000", "2016-12-31": "328.00000", "2015-12-31": "290.00000", "2014-12-31": "-87.00000", "2013-12-31": "160.00000", "2012-12-31": "-563.01600", "2011-12-31": "105.13500", "2010-12-31": "-37.33400", "2009-12-31": "120.16900", "2008-12-31": "477.55900", "2007-12-31": "256.59300", "2006-12-31": "332.36700"}, "Net Cash Flow": {"2019-12-31": "-68.00000", "2018-12-31": "76.00000", "2017-12-31": "-16.00000", "2016-12-31": "27.00000", "2015-12-31": "26.00000", "2014-12-31": "-4.00000", "2013-12-31": "3.00000", "2012-12-31": "10.22600", "2011-12-31": "1.09500", "2010-12-31": "-9.14400", "2009-12-31": "12.71400", "2008-12-31": "-3.93900", "2007-12-31": "-16.27300", "2006-12-31": "-35.32300"}, "Stock-Based Compensation": {"2019-12-31": "", "2018-12-31": "", "2017-12-31": "", "2016-12-31": "", "2015-12-31": "", "2014-12-31": "", "2013-12-31": "", "2012-12-31": "11.47000", "2011-12-31": "10.00800", "2010-12-31": "10.33400", "2009-12-31": "7.60200", "2008-12-31": "4.53400", "2007-12-31": "", "2006-12-31": ""}, "Common Stock Dividends Paid": {"2019-12-31": "-353.00000", "2018-12-31": "-319.00000", "2017-12-31": "-289.00000", "2016-12-31": "-261.00000", "2015-12-31": "-239.00000", "2014-12-31": "-216.00000", "2013-12-31": "-149.00000", "2012-12-31": "-213.45900", "2011-12-31": "-157.85500", "2010-12-31": "-150.30100", "2009-12-31": "-137.33100", "2008-12-31": "-64.05500", "2007-12-31": "", "2006-12-31": ""}}, "cash flow statement, quarterly": {"Net Income/Loss": {"2020-09-30": 264, "2020-06-30": 176, "2020-03-31": "124.00000", "2019-12-31": 98, "2019-09-30": 240, "2019-06-30": 170, "2019-03-31": "113.00000", "2018-12-31": 112, "2018-09-30": 185, "2018-06-30": 162, "2018-03-31": "106.00000", "2017-12-31": -1, "2017-09-30": 203, "2017-06-30": 131, "2017-03-31": "93.00000", "2016-12-31": 101, "2016-09-30": 148, "2016-06-30": 137, "2016-03-31": "82.00000", "2015-12-31": 99, "2015-09-30": 174, "2015-06-30": 123, "2015-03-31": "80.00000", "2014-12-31": 93.393, "2014-09-30": 152.185, "2014-06-30": 109.299, "2014-03-31": "68.12300", "2013-12-31": 59.429, "2013-09-30": 150.665, "2013-06-30": 101.263, "2013-03-31": "57.64300", "2012-12-31": 55.478, "2012-09-30": 153.812, "2012-06-30": 107.026, "2012-03-31": "41.75400", "2011-12-31": 64.848, "2011-09-30": 137.422, "2011-06-30": 81.11, "2011-03-31": "26.23300", "2010-12-31": 40.154, "2010-09-30": 124.114, "2010-06-30": 72.751, "2010-03-31": "30.80800", "2009-12-31": 36.371, "2009-09-30": 91.636, "2009-06-30": 51.989, "2009-03-31": "-413.07900", "2008-12-31": 36.407, "2008-09-30": 88.158, "2008-06-30": 45.498, "2008-03-31": "-732.48400", "2007-12-31": -234.572, "2007-09-30": -160.117, "2007-06-30": 49.178, "2007-03-31": "2.68500"}, "Total Depreciation And Amortization - Cash Flow": {"2020-09-30": 154, "2020-06-30": 152, "2020-03-31": "145.00000", "2019-12-31": 152, "2019-09-30": 144, "2019-06-30": 142, "2019-03-31": "144.00000", "2018-12-31": 141, "2018-09-30": 141, "2018-06-30": 134, "2018-03-31": "129.00000", "2017-12-31": 114, "2017-09-30": 128, "2017-06-30": 126, "2017-03-31": "124.00000", "2016-12-31": 120, "2016-09-30": 119, "2016-06-30": 115, "2016-03-31": "116.00000", "2015-12-31": 113, "2015-09-30": 111, "2015-06-30": 109, "2015-03-31": "107.00000", "2014-12-31": 104.95, "2014-09-30": 107.11, "2014-06-30": 106.211, "2014-03-31": "105.72900", "2013-12-31": 105.124, "2013-09-30": 101.612, "2013-06-30": 100.615, "2013-03-31": "99.64900", "2012-12-31": 99.333, "2012-09-30": 96.219, "2012-06-30": 92.329, "2012-03-31": "92.10400", "2011-12-31": 89.278, "2011-09-30": 88.323, "2011-06-30": 87.342, "2011-03-31": "86.87800", "2010-12-31": 83.505, "2010-09-30": 84.005, "2010-06-30": 80.698, "2010-03-31": "82.05600", "2009-12-31": 61.105, "2009-09-30": 85.127, "2009-06-30": 83.377, "2009-03-31": "78.85200", "2008-12-31": 80.042, "2008-09-30": 78.959, "2008-06-30": 77.968, "2008-03-31": "74.46900", "2007-12-31": 79.228, "2007-09-30": 76.464, "2007-06-30": 74.93, "2007-03-31": "73.64500"}, "Other Non-Cash Items": {"2020-09-30": 93, "2020-06-30": 41, "2020-03-31": "25.00000", "2019-12-31": 125, "2019-09-30": 72, "2019-06-30": 36, "2019-03-31": "13.00000", "2018-12-31": 91, "2018-09-30": 111, "2018-06-30": 74, "2018-03-31": "32.00000", "2017-12-31": 241, "2017-09-30": 112, "2017-06-30": 60, "2017-03-31": "65.00000", "2016-12-31": 82, "2016-09-30": 91, "2016-06-30": 96, "2016-03-31": "61.00000", "2015-12-31": 87, "2015-09-30": 109, "2015-06-30": 110, "2015-03-31": "43.00000", "2014-12-31": 41.11, "2014-09-30": 98.785, "2014-06-30": 90.724, "2014-03-31": "68.38100", "2013-12-31": 95.464, "2013-09-30": 130.208, "2013-06-30": 106.825, "2013-03-31": "22.50300", "2012-12-31": 116.903, "2012-09-30": 110.888, "2012-06-30": 46.86, "2012-03-31": "33.49000", "2011-12-31": 75.533, "2011-09-30": 81.786, "2011-06-30": 47.602, "2011-03-31": "49.38800", "2010-12-31": -5.843, "2010-09-30": 101.341, "2010-06-30": 39.862, "2010-03-31": "43.94000", "2009-12-31": 165.614, "2009-09-30": 52.913, "2009-06-30": 9.908, "2009-03-31": "479.93000", "2008-12-31": 76.654, "2008-09-30": 79.239, "2008-06-30": -5.311, "2008-03-31": "752.10000", "2007-12-31": 372.554, "2007-09-30": 209.145, "2007-06-30": 12.255, "2007-03-31": "-17.20800"}, "Total Non-Cash Items": {"2020-09-30": 247, "2020-06-30": 193, "2020-03-31": "170.00000", "2019-12-31": 277, "2019-09-30": 216, "2019-06-30": 178, "2019-03-31": "157.00000", "2018-12-31": 232, "2018-09-30": 252, "2018-06-30": 208, "2018-03-31": "161.00000", "2017-12-31": 355, "2017-09-30": 240, "2017-06-30": 186, "2017-03-31": "189.00000", "2016-12-31": 202, "2016-09-30": 210, "2016-06-30": 211, "2016-03-31": "177.00000", "2015-12-31": 200, "2015-09-30": 220, "2015-06-30": 219, "2015-03-31": "150.00000", "2014-12-31": 146.0601, "2014-09-30": 205.8949, "2014-06-30": 196.935, "2014-03-31": "174.11000", "2013-12-31": 200.588, "2013-09-30": 231.82, "2013-06-30": 207.44, "2013-03-31": "122.15200", "2012-12-31": 216.236, "2012-09-30": 207.107, "2012-06-30": 139.189, "2012-03-31": "125.59400", "2011-12-31": 164.811, "2011-09-30": 170.109, "2011-06-30": 134.944, "2011-03-31": "136.26600", "2010-12-31": 77.662, "2010-09-30": 185.346, "2010-06-30": 120.56, "2010-03-31": "125.99600", "2009-12-31": 226.7191, "2009-09-30": 138.0399, "2009-06-30": 93.285, "2009-03-31": "558.78200", "2008-12-31": 156.696, "2008-09-30": 158.198, "2008-06-30": 72.657, "2008-03-31": "826.56900", "2007-12-31": 451.782, "2007-09-30": 285.609, "2007-06-30": 87.185, "2007-03-31": "56.43700"}, "Change In Accounts Receivable": {"2020-09-30": -67, "2020-06-30": -50, "2020-03-31": "-4.00000", "2019-12-31": 29, "2019-09-30": -14, "2019-06-30": -45, "2019-03-31": "5.00000", "2018-12-31": 53, "2018-09-30": -29, "2018-06-30": -61, "2018-03-31": "20.00000", "2017-12-31": 55, "2017-09-30": -31, "2017-06-30": -54, "2017-03-31": "51.00000", "2016-12-31": 52, "2016-09-30": -70, "2016-06-30": -62, "2016-03-31": "49.00000", "2015-12-31": 63, "2015-09-30": -75, "2015-06-30": -63, "2015-03-31": "-9.00000", "2014-12-31": 15.281, "2014-09-30": -23.536, "2014-06-30": -57.052, "2014-03-31": "3.30700", "2013-12-31": 29.062, "2013-09-30": -43.387, "2013-06-30": -83.45, "2013-03-31": "18.77500", "2012-12-31": 72.383, "2012-09-30": -33.54, "2012-06-30": -86.021, "2012-03-31": "12.65000", "2011-12-31": 20.828, "2011-09-30": -10.942, "2011-06-30": -70.775, "2011-03-31": "26.07000", "2010-12-31": 57.281, "2010-09-30": -33.891, "2010-06-30": -73.403, "2010-03-31": "14.03600", "2009-12-31": 34.047, "2009-09-30": -17.939, "2009-06-30": -43.188, "2009-03-31": "8.32900", "2008-12-31": 43.951, "2008-09-30": -41.555, "2008-06-30": -45.917, "2008-03-31": "22.81900", "2007-12-31": 50.874, "2007-09-30": -40.536, "2007-06-30": -64.385, "2007-03-31": "18.95000"}, "Change In Inventories": {"2020-09-30": 0, "2020-06-30": 0, "2020-03-31": "", "2019-12-31": 0, "2019-09-30": 0, "2019-06-30": 0, "2019-03-31": "", "2018-12-31": 0, "2018-09-30": 0, "2018-06-30": 0, "2018-03-31": "", "2017-12-31": 0, "2017-09-30": 0, "2017-06-30": 0, "2017-03-31": "", "2016-12-31": 0, "2016-09-30": 0, "2016-06-30": 0, "2016-03-31": "", "2015-12-31": 0, "2015-09-30": 0, "2015-06-30": 0, "2015-03-31": "", "2014-12-31": 0, "2014-09-30": 0, "2014-06-30": 0, "2014-03-31": "", "2013-12-31": 0, "2013-09-30": 0, "2013-06-30": 0, "2013-03-31": "", "2012-12-31": 0, "2012-09-30": 0, "2012-06-30": 0, "2012-03-31": "", "2011-12-31": 0, "2011-09-30": 0, "2011-06-30": 0, "2011-03-31": "", "2010-12-31": 0, "2010-09-30": 0, "2010-06-30": 0, "2010-03-31": "", "2009-12-31": 0, "2009-09-30": 0, "2009-06-30": 0, "2009-03-31": "", "2008-12-31": 0, "2008-09-30": 0, "2008-06-30": 0, "2008-03-31": "", "2007-12-31": 0, "2007-09-30": 0, "2007-06-30": 0, "2007-03-31": ""}, "Change In Accounts Payable": {"2020-09-30": -17, "2020-06-30": 0, "2020-03-31": "", "2019-12-31": 16, "2019-09-30": -16, "2019-06-30": 0, "2019-03-31": "", "2018-12-31": 0, "2018-09-30": 0, "2018-06-30": 0, "2018-03-31": "", "2017-12-31": 0, "2017-09-30": 0, "2017-06-30": 0, "2017-03-31": "", "2016-12-31": 0, "2016-09-30": 0, "2016-06-30": 0, "2016-03-31": "", "2015-12-31": 0, "2015-09-30": 50, "2015-06-30": -50, "2015-03-31": "", "2014-12-31": 27, "2014-09-30": 0, "2014-06-30": 59.14, "2014-03-31": "-59.14000", "2013-12-31": 43.577, "2013-09-30": 3.666, "2013-06-30": 5.035, "2013-03-31": "-37.27800", "2012-12-31": 36.549, "2012-09-30": -3.869, "2012-06-30": 2.432, "2012-03-31": "-45.68400", "2011-12-31": 52.209, "2011-09-30": 0.343, "2011-06-30": 11.516, "2011-03-31": "-26.24400", "2010-12-31": 13.035, "2010-09-30": -8.442, "2010-06-30": 20.162, "2010-03-31": "-18.26800", "2009-12-31": 9.175, "2009-09-30": -3.351, "2009-06-30": 6.721, "2009-03-31": "-12.49300", "2008-12-31": -3.386, "2008-09-30": 10.36, "2008-06-30": 9.599, "2008-03-31": "-13.59500", "2007-12-31": 23.38, "2007-09-30": 15.06, "2007-06-30": -14.458, "2007-03-31": "-17.12200"}, "Change In Assets/Liabilities": {"2020-09-30": 2, "2020-06-30": -31, "2020-03-31": "-19.00000", "2019-12-31": -48, "2019-09-30": -8, "2019-06-30": -31, "2019-03-31": "-20.00000", "2018-12-31": -51, "2018-09-30": 28, "2018-06-30": -22, "2018-03-31": "5.00000", "2017-12-31": -40, "2017-09-30": 60, "2017-06-30": -42, "2017-03-31": "16.00000", "2016-12-31": 113, "2016-09-30": -41, "2016-06-30": -17, "2016-03-31": "-63.00000", "2015-12-31": -34, "2015-09-30": 0, "2015-06-30": -7, "2015-03-31": "-25.00000", "2014-12-31": -0.982, "2014-09-30": -16.412, "2014-06-30": 3.895, "2014-03-31": "-0.50100", "2013-12-31": -73.3, "2013-09-30": 6.052, "2013-06-30": -32.74, "2013-03-31": "-71.01200", "2012-12-31": -120.738, "2012-09-30": 38.181, "2012-06-30": 50.646, "2012-03-31": "-54.45800", "2011-12-31": -12.26, "2011-09-30": -32.234, "2011-06-30": -8.057, "2011-03-31": "-59.49800", "2010-12-31": 1.764, "2010-09-30": -15.826, "2010-06-30": 9.423, "2010-03-31": "-26.57200", "2009-12-31": -98.862, "2009-09-30": -9.987, "2009-06-30": 0.854, "2009-03-31": "-36.15100", "2008-12-31": -60.825, "2008-09-30": -11.446, "2008-06-30": 3.888, "2008-03-31": "-52.78400", "2007-12-31": -80.636, "2007-09-30": 24.08, "2007-06-30": 8.06, "2007-03-31": "-23.15300"}, "Total Change In Assets/Liabilities": {"2020-09-30": -54, "2020-06-30": -18, "2020-03-31": "-114.00000", "2019-12-31": 63, "2019-09-30": 9, "2019-06-30": -36, "2019-03-31": "-102.00000", "2018-12-31": 50, "2018-09-30": 30, "2018-06-30": -64, "2018-03-31": "-48.00000", "2017-12-31": 75, "2017-09-30": 53, "2017-06-30": -70, "2017-03-31": "-5.00000", "2016-12-31": 41, "2016-09-30": 51, "2016-06-30": -72, "2016-03-31": "1.00000", "2015-12-31": 40, "2015-09-30": 44, "2015-06-30": -122, "2015-03-31": "-32.00000", "2014-12-31": 17.285, "2014-09-30": 31.567, "2014-06-30": -100.493, "2014-03-31": "2.64100", "2013-12-31": -52.693, "2013-09-30": 15.994, "2013-06-30": -168.131, "2013-03-31": "-30.17000", "2012-12-31": -51.13, "2012-09-30": 57.224, "2012-06-30": -77.443, "2012-03-31": "-19.24900", "2011-12-31": 2.654, "2011-09-30": 6.117, "2011-06-30": -115.184, "2011-03-31": "-0.97300", "2010-12-31": 70.09, "2010-09-30": -19.942, "2010-06-30": -71.792, "2010-03-31": "19.18600", "2009-12-31": -138.485, "2009-09-30": 13.167, "2009-06-30": -59.065, "2009-03-31": "-3.20400", "2008-12-31": -33.847, "2008-09-30": 5.282, "2008-06-30": -62.271, "2008-03-31": "-8.69400", "2007-12-31": -73.411, "2007-09-30": 68.24, "2007-06-30": -54.393, "2007-03-31": "-4.91100"}, "Cash Flow From Operating Activities": {"2020-09-30": 457, "2020-06-30": 351, "2020-03-31": "180.00000", "2019-12-31": 438, "2019-09-30": 465, "2019-06-30": 312, "2019-03-31": "168.00000", "2018-12-31": 394, "2018-09-30": 467, "2018-06-30": 306, "2018-03-31": "219.00000", "2017-12-31": 429, "2017-09-30": 496, "2017-06-30": 247, "2017-03-31": "277.00000", "2016-12-31": 344, "2016-09-30": 409, "2016-06-30": 276, "2016-03-31": "260.00000", "2015-12-31": 339, "2015-09-30": 438, "2015-06-30": 220, "2015-03-31": "198.00000", "2014-12-31": 256.738, "2014-09-30": 389.647, "2014-06-30": 205.741, "2014-03-31": "244.87400", "2013-12-31": 207.324, "2013-09-30": 398.479, "2013-06-30": 140.572, "2013-03-31": "149.62500", "2012-12-31": 220.584, "2012-09-30": 418.143, "2012-06-30": 168.772, "2012-03-31": "148.09900", "2011-12-31": 232.313, "2011-09-30": 313.648, "2011-06-30": 100.87, "2011-03-31": "161.52600", "2010-12-31": 187.906, "2010-09-30": 289.518, "2010-06-30": 121.519, "2010-03-31": "175.99000", "2009-12-31": 124.605, "2009-09-30": 242.843, "2009-06-30": 86.209, "2009-03-31": "142.49900", "2008-12-31": 159.256, "2008-09-30": 251.638, "2008-06-30": 55.884, "2008-03-31": "85.39100", "2007-12-31": 143.799, "2007-09-30": 193.732, "2007-06-30": 81.97, "2007-03-31": "54.21100"}, "Net Change In Property, Plant, And Equipment": {"2020-09-30": -444, "2020-06-30": -462, "2020-03-31": "-406.00000", "2019-12-31": -508, "2019-09-30": -402, "2019-06-30": -385, "2019-03-31": "-311.00000", "2018-12-31": -448, "2018-09-30": -371, "2018-06-30": -374, "2018-03-31": "-358.00000", "2017-12-31": -464, "2017-09-30": -357, "2017-06-30": -328, "2017-03-31": "-270.00000", "2016-12-31": -379, "2016-09-30": -328, "2016-06-30": -312, "2016-03-31": "-283.00000", "2015-12-31": -369, "2015-09-30": -312, "2015-06-30": -249, "2015-03-31": "-225.00000", "2014-12-31": -277.129, "2014-09-30": -263.755, "2014-06-30": -208.893, "2014-03-31": "-192.22300", "2013-12-31": -314.774, "2013-09-30": -234.976, "2013-06-30": -216.444, "2013-03-31": "-212.80600", "2012-12-31": -246.573, "2012-09-30": -203.972, "2012-06-30": -144.299, "2012-03-31": "228.00900", "2011-12-31": -299.99, "2011-09-30": -229.761, "2011-06-30": -208.882, "2011-03-31": "-176.25300", "2010-12-31": -243.457, "2010-09-30": -194.76, "2010-06-30": -184.585, "2010-03-31": "-142.59500", "2009-12-31": -192.261, "2009-09-30": -191.814, "2009-06-30": -203.979, "2009-03-31": "-195.97400", "2008-12-31": -293.802, "2008-09-30": -277.238, "2008-06-30": -236.807, "2008-03-31": "-188.35500", "2007-12-31": -242.815, "2007-09-30": -202.292, "2007-06-30": -124.387, "2007-03-31": "-164.97000"}, "Net Change In Intangible Assets": {"2020-09-30": 0, "2020-06-30": 0, "2020-03-31": "", "2019-12-31": 0, "2019-09-30": 0, "2019-06-30": 0, "2019-03-31": "", "2018-12-31": 0, "2018-09-30": 0, "2018-06-30": 0, "2018-03-31": "", "2017-12-31": 0, "2017-09-30": 0, "2017-06-30": 0, "2017-03-31": "", "2016-12-31": 0, "2016-09-30": 0, "2016-06-30": 0, "2016-03-31": "", "2015-12-31": 0, "2015-09-30": 0, "2015-06-30": 0, "2015-03-31": "", "2014-12-31": 0, "2014-09-30": 0, "2014-06-30": 0, "2014-03-31": "", "2013-12-31": 0, "2013-09-30": 0, "2013-06-30": 0, "2013-03-31": "", "2012-12-31": 0, "2012-09-30": 0, "2012-06-30": 0, "2012-03-31": "", "2011-12-31": 0, "2011-09-30": 0, "2011-06-30": 0, "2011-03-31": "", "2010-12-31": 0, "2010-09-30": 0, "2010-06-30": 0, "2010-03-31": "", "2009-12-31": 0, "2009-09-30": 0, "2009-06-30": 0, "2009-03-31": "", "2008-12-31": 0, "2008-09-30": 0, "2008-06-30": 0, "2008-03-31": "", "2007-12-31": 0, "2007-09-30": 0, "2007-06-30": 0, "2007-03-31": ""}, "Net Acquisitions/Divestitures": {"2020-09-30": -19, "2020-06-30": -19, "2020-03-31": "-21.00000", "2019-12-31": -150, "2019-09-30": -5, "2019-06-30": -58, "2019-03-31": "-22.00000", "2018-12-31": -17, "2018-09-30": -4, "2018-06-30": -369, "2018-03-31": "-8.00000", "2017-12-31": -167, "2017-09-30": -1, "2017-06-30": -7, "2017-03-31": "-2.00000", "2016-12-31": -175, "2016-09-30": -5, "2016-06-30": -2, "2016-03-31": "-22.00000", "2015-12-31": -21, "2015-09-30": -135, "2015-06-30": -41, "2015-03-31": "", "2014-12-31": -3.751, "2014-09-30": -2.38, "2014-06-30": -0.59, "2014-03-31": "-2.27900", "2013-12-31": -7.159, "2013-09-30": -12.239, "2013-06-30": -1.766, "2013-03-31": "-2.83600", "2012-12-31": -0.227, "2012-09-30": -0.04, "2012-06-30": -44.189, "2012-03-31": "-0.10400", "2011-12-31": -0.839, "2011-09-30": -1.612, "2011-06-30": -3.324, "2011-03-31": "-1.44500", "2010-12-31": 0.028, "2010-09-30": -0.098, "2010-06-30": -1.044, "2010-03-31": "-0.52800", "2009-12-31": -17.494, "2009-09-30": -0.65, "2009-06-30": 0, "2009-03-31": "", "2008-12-31": -4.491, "2008-09-30": -7.773, "2008-06-30": -0.248, "2008-03-31": "", "2007-12-31": -14.933, "2007-09-30": -0.727, "2007-06-30": 9.443, "2007-03-31": ""}, "Net Change In Short-term Investments": {"2020-09-30": 0, "2020-06-30": 0, "2020-03-31": "", "2019-12-31": 0, "2019-09-30": 0, "2019-06-30": 0, "2019-03-31": "", "2018-12-31": 0, "2018-09-30": 0, "2018-06-30": 0, "2018-03-31": "", "2017-12-31": 0, "2017-09-30": 0, "2017-06-30": 0, "2017-03-31": "", "2016-12-31": 0, "2016-09-30": 0, "2016-06-30": 0, "2016-03-31": "", "2015-12-31": 0, "2015-09-30": 0, "2015-06-30": 0, "2015-03-31": "", "2014-12-31": 0, "2014-09-30": 0, "2014-06-30": 0, "2014-03-31": "", "2013-12-31": 0, "2013-09-30": 0, "2013-06-30": 0, "2013-03-31": "", "2012-12-31": 0, "2012-09-30": 0, "2012-06-30": 0, "2012-03-31": "", "2011-12-31": 0, "2011-09-30": 0, "2011-06-30": 0, "2011-03-31": "", "2010-12-31": 0, "2010-09-30": 0, "2010-06-30": 0, "2010-03-31": "", "2009-12-31": 0, "2009-09-30": 0, "2009-06-30": 0, "2009-03-31": "", "2008-12-31": 0, "2008-09-30": 0, "2008-06-30": 0, "2008-03-31": "", "2007-12-31": 0, "2007-09-30": 0, "2007-06-30": 0, "2007-03-31": ""}, "Net Change In Long-Term Investments": {"2020-09-30": 0, "2020-06-30": 0, "2020-03-31": "", "2019-12-31": 0, "2019-09-30": 0, "2019-06-30": 0, "2019-03-31": "", "2018-12-31": 0, "2018-09-30": 0, "2018-06-30": 0, "2018-03-31": "", "2017-12-31": 0, "2017-09-30": 0, "2017-06-30": 0, "2017-03-31": "", "2016-12-31": 0, "2016-09-30": 0, "2016-06-30": 0, "2016-03-31": "", "2015-12-31": 0, "2015-09-30": 0, "2015-06-30": 0, "2015-03-31": "", "2014-12-31": 0, "2014-09-30": 0, "2014-06-30": 0, "2014-03-31": "", "2013-12-31": 0, "2013-09-30": 0, "2013-06-30": 0, "2013-03-31": "", "2012-12-31": 0, "2012-09-30": 0, "2012-06-30": 0, "2012-03-31": "", "2011-12-31": 0, "2011-09-30": 0, "2011-06-30": 0, "2011-03-31": "", "2010-12-31": 0, "2010-09-30": 0, "2010-06-30": 0, "2010-03-31": "", "2009-12-31": 0, "2009-09-30": 0, "2009-06-30": 0, "2009-03-31": "", "2008-12-31": 0, "2008-09-30": 0, "2008-06-30": 0, "2008-03-31": "", "2007-12-31": 0, "2007-09-30": 0, "2007-06-30": 0, "2007-03-31": ""}, "Net Change In Investments - Total": {"2020-09-30": 0, "2020-06-30": 0, "2020-03-31": "", "2019-12-31": 0, "2019-09-30": 0, "2019-06-30": 0, "2019-03-31": "", "2018-12-31": 0, "2018-09-30": 0, "2018-06-30": 0, "2018-03-31": "", "2017-12-31": 0, "2017-09-30": 0, "2017-06-30": 0, "2017-03-31": "", "2016-12-31": 0, "2016-09-30": 0, "2016-06-30": 0, "2016-03-31": "", "2015-12-31": 0, "2015-09-30": 0, "2015-06-30": 0, "2015-03-31": "", "2014-12-31": 0, "2014-09-30": 0, "2014-06-30": 0, "2014-03-31": "", "2013-12-31": 0, "2013-09-30": 0, "2013-06-30": 0, "2013-03-31": "", "2012-12-31": 0, "2012-09-30": 0, "2012-06-30": 0, "2012-03-31": "", "2011-12-31": 0, "2011-09-30": 0, "2011-06-30": 0, "2011-03-31": "", "2010-12-31": 0, "2010-09-30": 0, "2010-06-30": 0, "2010-03-31": "", "2009-12-31": 0, "2009-09-30": 0, "2009-06-30": 0, "2009-03-31": "", "2008-12-31": 0, "2008-09-30": 0, "2008-06-30": 0, "2008-03-31": "", "2007-12-31": 0, "2007-09-30": 0, "2007-06-30": 0, "2007-03-31": ""}, "Investing Activities - Other": {"2020-09-30": -25, "2020-06-30": -27, "2020-03-31": "-23.00000", "2019-12-31": -33, "2019-09-30": -30, "2019-06-30": -23, "2019-03-31": "-18.00000", "2018-12-31": -26, "2018-09-30": -21, "2018-06-30": -20, "2018-03-31": "-20.00000", "2017-12-31": -25, "2017-09-30": -23, "2017-06-30": -15, "2017-03-31": "-13.00000", "2016-12-31": -22, "2016-09-30": -16, "2016-06-30": -28, "2016-03-31": "-18.00000", "2015-12-31": -24, "2015-09-30": -31, "2015-06-30": -31, "2015-03-31": "-21.00000", "2014-12-31": -11.779, "2014-09-30": -17.032, "2014-06-30": -23.491, "2014-03-31": "-10.69800", "2013-12-31": -11.7, "2013-09-30": -12.765, "2013-06-30": -13.467, "2013-03-31": "-12.06800", "2012-12-31": 49.8, "2012-09-30": -11.013, "2012-06-30": -11.448, "2012-03-31": "1.70000", "2011-12-31": -5.567, "2011-09-30": 0.797, "2011-06-30": 2.969, "2011-03-31": "11.51000", "2010-12-31": 2.638, "2010-09-30": 20.132, "2010-06-30": -7.815, "2010-03-31": "5.34100", "2009-12-31": 32.355, "2009-09-30": 23.358, "2009-06-30": 49.155, "2009-03-31": "-6.30700", "2008-12-31": -11.8, "2008-09-30": -10.949, "2008-06-30": -2.854, "2008-03-31": "0.65000", "2007-12-31": -5.88, "2007-09-30": -0.49, "2007-06-30": 0.72, "2007-03-31": "-0.24700"}, "Cash Flow From Investing Activities": {"2020-09-30": -488, "2020-06-30": -508, "2020-03-31": "-450.00000", "2019-12-31": -691, "2019-09-30": -437, "2019-06-30": -466, "2019-03-31": "-351.00000", "2018-12-31": -491, "2018-09-30": -396, "2018-06-30": -763, "2018-03-31": "-386.00000", "2017-12-31": -656, "2017-09-30": -381, "2017-06-30": -350, "2017-03-31": "-285.00000", "2016-12-31": -576, "2016-09-30": -349, "2016-06-30": -342, "2016-03-31": "-323.00000", "2015-12-31": -414, "2015-09-30": -478, "2015-06-30": -321, "2015-03-31": "-246.00000", "2014-12-31": -292.659, "2014-09-30": -283.167, "2014-06-30": -232.974, "2014-03-31": "-205.20000", "2013-12-31": -333.633, "2013-09-30": -259.98, "2013-06-30": -231.677, "2013-03-31": "-227.71000", "2012-12-31": -197, "2012-09-30": -215.025, "2012-06-30": -199.936, "2012-03-31": "229.60500", "2011-12-31": -306.396, "2011-09-30": -230.576, "2011-06-30": -209.237, "2011-03-31": "-166.18800", "2010-12-31": -240.791, "2010-09-30": -174.726, "2010-06-30": -193.444, "2010-03-31": "-137.78200", "2009-12-31": -177.4, "2009-09-30": -169.106, "2009-06-30": -154.824, "2009-03-31": "-202.28100", "2008-12-31": -310.093, "2008-09-30": -295.96, "2008-06-30": -239.909, "2008-03-31": "-187.70500", "2007-12-31": -263.628, "2007-09-30": -203.509, "2007-06-30": -114.224, "2007-03-31": "-165.21700"}, "Net Long-Term Debt": {"2020-09-30": -13, "2020-06-30": 780, "2020-03-31": "717.00000", "2019-12-31": -3, "2019-09-30": 0, "2019-06-30": 1048, "2019-03-31": "-10.00000", "2018-12-31": -183, "2018-09-30": 1119, "2018-06-30": -108, "2018-03-31": "4.00000", "2017-12-31": -515, "2017-09-30": 1000, "2017-06-30": 18, "2017-03-31": "-4.00000", "2016-12-31": 427, "2016-09-30": -7, "2016-06-30": 0, "2016-03-31": "-11.00000", "2015-12-31": -43, "2015-09-30": 474, "2015-06-30": 6, "2015-03-31": "-4.00000", "2014-12-31": -101.558, "2014-09-30": 367.123, "2014-06-30": -2.373, "2014-03-31": "-2.19200", "2013-12-31": -81.588, "2013-09-30": -6.081, "2013-06-30": -3.317, "2013-03-31": "-1.01400", "2012-12-31": 90.055, "2012-09-30": -103.121, "2012-06-30": -151.601, "2012-03-31": "8.14300", "2011-12-31": -1.196, "2011-09-30": -4.406, "2011-06-30": 10.406, "2011-03-31": "-62.33900", "2010-12-31": 29.767, "2010-09-30": 7.576, "2010-06-30": -4.584, "2010-03-31": "-36.90000", "2009-12-31": 203.833, "2009-09-30": 3.425, "2009-06-30": 232.988, "2009-03-31": "-75.45100", "2008-12-31": 36.267, "2008-09-30": -7.853, "2008-06-30": 45.942, "2008-03-31": "-35.91500", "2007-12-31": -356.987, "2007-09-30": 1695.804, "2007-06-30": -171.133, "2007-03-31": "350.70000"}, "Net Current Debt": {"2020-09-30": 125, "2020-06-30": -506, "2020-03-31": "139.00000", "2019-12-31": 313, "2019-09-30": 77, "2019-06-30": -805, "2019-03-31": "237.00000", "2018-12-31": 401, "2018-09-30": -1087, "2018-06-30": 468, "2018-03-31": "278.00000", "2017-12-31": 801, "2017-09-30": -1014, "2017-06-30": 137, "2017-03-31": "131.00000", "2016-12-31": -101, "2016-09-30": 1, "2016-06-30": 110, "2016-03-31": "211.00000", "2015-12-31": 250, "2015-09-30": -441, "2015-06-30": 276, "2015-03-31": "95.00000", "2014-12-31": 136.328, "2014-09-30": -388.459, "2014-06-30": 64.211, "2014-03-31": "7.92000", "2013-12-31": 240.55, "2013-09-30": -77.027, "2013-06-30": 132.676, "2013-03-31": "63.80100", "2012-12-31": -27.874, "2012-09-30": -64.113, "2012-06-30": 214.632, "2012-03-31": "-368.52100", "2011-12-31": 105.73, "2011-09-30": -42.103, "2011-06-30": 127.846, "2011-03-31": "94.68900", "2010-12-31": 47.858, "2010-09-30": -83.966, "2010-06-30": 117.914, "2010-03-31": "28.39600", "2009-12-31": -101.784, "2009-09-30": -47.47, "2009-06-30": -376.341, "2009-03-31": "166.08200", "2008-12-31": 151.825, "2008-09-30": 83.767, "2008-06-30": -124.719, "2008-03-31": "147.62300", "2007-12-31": 74.32, "2007-09-30": 4.833, "2007-06-30": -23, "2007-03-31": "-555.57800"}, "Debt Issuance/Retirement Net - Total": {"2020-09-30": 112, "2020-06-30": 274, "2020-03-31": "856.00000", "2019-12-31": 310, "2019-09-30": 77, "2019-06-30": 243, "2019-03-31": "227.00000", "2018-12-31": 218, "2018-09-30": 32, "2018-06-30": 360, "2018-03-31": "282.00000", "2017-12-31": 286, "2017-09-30": -14, "2017-06-30": 155, "2017-03-31": "127.00000", "2016-12-31": 326, "2016-09-30": -6, "2016-06-30": 110, "2016-03-31": "200.00000", "2015-12-31": 207, "2015-09-30": 33, "2015-06-30": 282, "2015-03-31": "91.00000", "2014-12-31": 34.77, "2014-09-30": -21.336, "2014-06-30": 61.838, "2014-03-31": "5.72800", "2013-12-31": 158.962, "2013-09-30": -83.108, "2013-06-30": 129.359, "2013-03-31": "62.78700", "2012-12-31": 62.181, "2012-09-30": -167.234, "2012-06-30": 63.031, "2012-03-31": "-360.37800", "2011-12-31": 104.534, "2011-09-30": -46.509, "2011-06-30": 138.252, "2011-03-31": "32.35000", "2010-12-31": 77.625, "2010-09-30": -76.39, "2010-06-30": 113.33, "2010-03-31": "-8.50400", "2009-12-31": 102.049, "2009-09-30": -44.045, "2009-06-30": -143.353, "2009-03-31": "90.63100", "2008-12-31": 188.092, "2008-09-30": 75.914, "2008-06-30": -78.777, "2008-03-31": "111.70800", "2007-12-31": -282.667, "2007-09-30": 1700.637, "2007-06-30": -194.133, "2007-03-31": "-204.87800"}, "Net Common Equity Issued/Repurchased": {"2020-09-30": 4, "2020-06-30": 7, "2020-03-31": "-5.00000", "2019-12-31": 2, "2019-09-30": 7, "2019-06-30": 7, "2019-03-31": "-37.00000", "2018-12-31": 8, "2018-09-30": 2, "2018-06-30": 190, "2018-03-31": "-46.00000", "2017-12-31": -6, "2017-09-30": 5, "2017-06-30": 6, "2017-03-31": "-44.00000", "2016-12-31": -9, "2016-09-30": 4, "2016-06-30": 5, "2016-03-31": "-52.00000", "2015-12-31": -80, "2015-09-30": -7, "2015-06-30": -6, "2015-03-31": "6.00000", "2014-12-31": 5.554, "2014-09-30": 3.277, "2014-06-30": 3.97, "2014-03-31": "8.19900", "2013-12-31": 6.212, "2013-09-30": 5.008, "2013-06-30": 6.639, "2013-03-31": "8.14100", "2012-12-31": 5.798, "2012-09-30": 9.468, "2012-06-30": 2.96, "2012-03-31": "9.63400", "2011-12-31": 3.503, "2011-09-30": 1.511, "2011-06-30": 2.158, "2011-03-31": "6.69400", "2010-12-31": 2.888, "2010-09-30": 1.958, "2010-06-30": 1.064, "2010-03-31": "0.80100", "2009-12-31": 0.506, "2009-09-30": 0.573, "2009-06-30": 242.785, "2009-03-31": "0.52600", "2008-12-31": 0.836, "2008-09-30": 0, "2008-06-30": 245, "2008-03-31": "", "2007-12-31": 266, "2007-09-30": 150, "2007-06-30": 1.092, "2007-03-31": "550.00000"}, "Net Total Equity Issued/Repurchased": {"2020-09-30": 4, "2020-06-30": 7, "2020-03-31": "-5.00000", "2019-12-31": 2, "2019-09-30": 7, "2019-06-30": 7, "2019-03-31": "-37.00000", "2018-12-31": 8, "2018-09-30": 2, "2018-06-30": 190, "2018-03-31": "-46.00000", "2017-12-31": -6, "2017-09-30": 5, "2017-06-30": 6, "2017-03-31": "-44.00000", "2016-12-31": -9, "2016-09-30": 4, "2016-06-30": 5, "2016-03-31": "-52.00000", "2015-12-31": -80, "2015-09-30": -7, "2015-06-30": -6, "2015-03-31": "6.00000", "2014-12-31": 5.554, "2014-09-30": 3.277, "2014-06-30": 5.17, "2014-03-31": "6.99900", "2013-12-31": 9.132, "2013-09-30": 5.008, "2013-06-30": 4.919, "2013-03-31": "6.94100", "2012-12-31": 5.349, "2012-09-30": 6.641, "2012-06-30": 2.96, "2012-03-31": "8.53400", "2011-12-31": 1.755, "2011-09-30": 1.377, "2011-06-30": 2.152, "2011-03-31": "6.69400", "2010-12-31": 2.81, "2010-09-30": 1.824, "2010-06-30": 1.058, "2010-03-31": "0.79100", "2009-12-31": 0.428, "2009-09-30": 0.439, "2009-06-30": 242.779, "2009-03-31": "0.52600", "2008-12-31": 0.758, "2008-09-30": -0.137, "2008-06-30": 244.986, "2008-03-31": "", "2007-12-31": 265.922, "2007-09-30": -1600.134, "2007-06-30": 1.066, "2007-03-31": "549.85000"}, "Total Common And Preferred Stock Dividends Paid": {"2020-09-30": -100, "2020-06-30": -100, "2020-03-31": "-90.00000", "2019-12-31": -90, "2019-09-30": -90, "2019-06-30": -91, "2019-03-31": "-82.00000", "2018-12-31": -82, "2018-09-30": -82, "2018-06-30": -81, "2018-03-31": "-74.00000", "2017-12-31": -74, "2017-09-30": -74, "2017-06-30": -74, "2017-03-31": "-67.00000", "2016-12-31": -67, "2016-09-30": -67, "2016-06-30": -66, "2016-03-31": "-61.00000", "2015-12-31": -61, "2015-09-30": -61, "2015-06-30": -61, "2015-03-31": "-56.00000", "2014-12-31": -55.152, "2014-09-30": -55.458, "2014-06-30": -55.422, "2014-03-31": "-49.96800", "2013-12-31": -49.446, "2013-09-30": -49.81, "2013-06-30": -49.744, "2013-03-31": "", "2012-12-31": -88.436, "2012-09-30": -44.08, "2012-06-30": -40.529, "2012-03-31": "-40.41400", "2011-12-31": -40.392, "2011-09-30": -40.358, "2011-06-30": -38.58, "2011-03-31": "-38.52500", "2010-12-31": -38.476, "2010-09-30": -38.457, "2010-06-30": -36.689, "2010-03-31": "-36.67900", "2009-12-31": -36.667, "2009-09-30": -36.658, "2009-06-30": -31.934, "2009-03-31": "-32.07200", "2008-12-31": -32.063, "2008-09-30": -31.992, "2008-06-30": 0, "2008-03-31": "", "2007-12-31": 0, "2007-09-30": 0, "2007-06-30": 0, "2007-03-31": ""}, "Financial Activities - Other": {"2020-09-30": 9, "2020-06-30": -8, "2020-03-31": "7.00000", "2019-12-31": 6, "2019-09-30": 7, "2019-06-30": -4, "2019-03-31": "2.00000", "2018-12-31": -4, "2018-09-30": -4, "2018-06-30": 3, "2018-03-31": "4.00000", "2017-12-31": -18, "2017-09-30": -3, "2017-06-30": 4, "2017-03-31": "-2.00000", "2016-12-31": 8, "2016-09-30": 3, "2016-06-30": 3, "2016-03-31": "-3.00000", "2015-12-31": -17, "2015-09-30": 5, "2015-06-30": 7, "2015-03-31": "8.00000", "2014-12-31": -0.415, "2014-09-30": 9.032, "2014-06-30": 17.025, "2014-03-31": "1.35800", "2013-12-31": 2.64, "2013-09-30": 1.499, "2013-06-30": 5.756, "2013-03-31": "5.10500", "2012-12-31": 3.224, "2012-09-30": 7.167, "2012-06-30": 9.119, "2012-03-31": "9.84900", "2011-12-31": 6.772, "2011-09-30": 4.573, "2011-06-30": 6.481, "2011-03-31": "4.55900", "2010-12-31": 0.537, "2010-09-30": 1.122, "2010-06-30": 2.203, "2010-03-31": "-3.43900", "2009-12-31": 1.41, "2009-09-30": 5.346, "2009-06-30": 1.619, "2009-03-31": "-0.32900", "2008-12-31": -3.097, "2008-09-30": 1.312, "2008-06-30": 14.528, "2008-03-31": "-13.67300", "2007-12-31": -1.204, "2007-09-30": 9.088, "2007-06-30": 3.003, "2007-03-31": "10.04300"}, "Cash Flow From Financial Activities": {"2020-09-30": 25, "2020-06-30": 173, "2020-03-31": "768.00000", "2019-12-31": 228, "2019-09-30": 1, "2019-06-30": 155, "2019-03-31": "110.00000", "2018-12-31": 140, "2018-09-30": -52, "2018-06-30": 472, "2018-03-31": "166.00000", "2017-12-31": 188, "2017-09-30": -86, "2017-06-30": 91, "2017-03-31": "14.00000", "2016-12-31": 258, "2016-09-30": -66, "2016-06-30": 52, "2016-03-31": "84.00000", "2015-12-31": 49, "2015-09-30": -30, "2015-06-30": 222, "2015-03-31": "49.00000", "2014-12-31": -15.243, "2014-09-30": -64.485, "2014-06-30": 28.611, "2014-03-31": "-35.88300", "2013-12-31": 121.288, "2013-09-30": -126.411, "2013-06-30": 90.29, "2013-03-31": "74.83300", "2012-12-31": -17.682, "2012-09-30": -197.506, "2012-06-30": 34.581, "2012-03-31": "-382.40900", "2011-12-31": 72.669, "2011-09-30": -80.917, "2011-06-30": 108.305, "2011-03-31": "5.07800", "2010-12-31": 42.496, "2010-09-30": -111.901, "2010-06-30": 79.902, "2010-03-31": "-47.83100", "2009-12-31": 67.22, "2009-09-30": -74.918, "2009-06-30": 69.111, "2009-03-31": "58.75600", "2008-12-31": 153.69, "2008-09-30": 45.097, "2008-06-30": 180.737, "2008-03-31": "98.03500", "2007-12-31": -17.949, "2007-09-30": 109.591, "2007-06-30": -190.064, "2007-03-31": "355.01500"}, "Net Cash Flow": {"2020-09-30": -6, "2020-06-30": 16, "2020-03-31": "498.00000", "2019-12-31": -25, "2019-09-30": 29, "2019-06-30": 1, "2019-03-31": "-73.00000", "2018-12-31": 43, "2018-09-30": 19, "2018-06-30": 15, "2018-03-31": "-1.00000", "2017-12-31": -39, "2017-09-30": 29, "2017-06-30": -12, "2017-03-31": "6.00000", "2016-12-31": 26, "2016-09-30": -6, "2016-06-30": -14, "2016-03-31": "21.00000", "2015-12-31": -26, "2015-09-30": -70, "2015-06-30": 121, "2015-03-31": "1.00000", "2014-12-31": -51.164, "2014-09-30": 41.995, "2014-06-30": 1.378, "2014-03-31": "3.79100", "2013-12-31": -5.021, "2013-09-30": 12.088, "2013-06-30": -0.815, "2013-03-31": "-3.25200", "2012-12-31": 5.902, "2012-09-30": 5.612, "2012-06-30": 3.417, "2012-03-31": "-4.70500", "2011-12-31": -1.414, "2011-09-30": 2.155, "2011-06-30": -0.062, "2011-03-31": "0.41600", "2010-12-31": -10.389, "2010-09-30": 2.891, "2010-06-30": 7.977, "2010-03-31": "-9.62300", "2009-12-31": 14.425, "2009-09-30": -1.181, "2009-06-30": 0.496, "2009-03-31": "-1.02600", "2008-12-31": 2.853, "2008-09-30": 0.775, "2008-06-30": -3.288, "2008-03-31": "-4.27900", "2007-12-31": -137.778, "2007-09-30": 99.814, "2007-06-30": -222.318, "2007-03-31": "244.00900"}, "Stock-Based Compensation": {"2020-09-30": 0, "2020-06-30": 0, "2020-03-31": "", "2019-12-31": 0, "2019-09-30": 0, "2019-06-30": 0, "2019-03-31": "", "2018-12-31": 0, "2018-09-30": 0, "2018-06-30": 0, "2018-03-31": "", "2017-12-31": 0, "2017-09-30": 0, "2017-06-30": 0, "2017-03-31": "", "2016-12-31": 0, "2016-09-30": 0, "2016-06-30": 0, "2016-03-31": "", "2015-12-31": 0, "2015-09-30": 0, "2015-06-30": 0, "2015-03-31": "", "2014-12-31": 0, "2014-09-30": 0, "2014-06-30": -2.711, "2014-03-31": "2.71100", "2013-12-31": -8.916, "2013-09-30": 2.454, "2013-06-30": 4.42, "2013-03-31": "2.04200", "2012-12-31": 2.921, "2012-09-30": 3.286, "2012-06-30": 2.995, "2012-03-31": "2.26800", "2011-12-31": 10.008, "2011-09-30": 0, "2011-06-30": 0, "2011-03-31": "", "2010-12-31": 10.334, "2010-09-30": 0, "2010-06-30": 0, "2010-03-31": "", "2009-12-31": 7.602, "2009-09-30": 0, "2009-06-30": 0, "2009-03-31": "", "2008-12-31": 4.534, "2008-09-30": 0, "2008-06-30": 0, "2008-03-31": "", "2007-12-31": 0, "2007-09-30": 0, "2007-06-30": 0, "2007-03-31": ""}, "Common Stock Dividends Paid": {"2020-09-30": -100, "2020-06-30": -100, "2020-03-31": "-90.00000", "2019-12-31": -90, "2019-09-30": -90, "2019-06-30": -91, "2019-03-31": "-82.00000", "2018-12-31": -82, "2018-09-30": -82, "2018-06-30": -81, "2018-03-31": "-74.00000", "2017-12-31": -74, "2017-09-30": -74, "2017-06-30": -74, "2017-03-31": "-67.00000", "2016-12-31": -67, "2016-09-30": -67, "2016-06-30": -66, "2016-03-31": "-61.00000", "2015-12-31": -61, "2015-09-30": -61, "2015-06-30": -61, "2015-03-31": "-56.00000", "2014-12-31": -55.152, "2014-09-30": -55.458, "2014-06-30": -55.422, "2014-03-31": "-49.96800", "2013-12-31": -49.446, "2013-09-30": -49.81, "2013-06-30": -49.744, "2013-03-31": "0.00000", "2012-12-31": -88.436, "2012-09-30": -44.08, "2012-06-30": -40.529, "2012-03-31": "-40.41400", "2011-12-31": -40.392, "2011-09-30": -40.358, "2011-06-30": -38.58, "2011-03-31": "-38.52500", "2010-12-31": -38.476, "2010-09-30": -38.457, "2010-06-30": -36.689, "2010-03-31": "-36.67900", "2009-12-31": -36.667, "2009-09-30": -36.658, "2009-06-30": -31.934, "2009-03-31": "-32.07200", "2008-12-31": -32.063, "2008-09-30": -31.992, "2008-06-30": 0, "2008-03-31": "", "2007-12-31": 0, "2007-09-30": 0, "2007-06-30": 0, "2007-03-31": ""}}, "financial ratios": {"Current Ratio": {"2019-12-31": "0.62840", "2018-12-31": "0.37300", "2017-12-31": "0.30970", "2016-12-31": "0.32780", "2015-12-31": "0.42860", "2014-12-31": "0.46330", "2013-12-31": "0.46280", "2012-12-31": "0.50200", "2011-12-31": "0.93860", "2010-12-31": "1.31720", "2009-12-31": "0.82180", "2008-12-31": "0.37810", "2007-12-31": "0.55570", "2006-12-31": ""}, "Long-term Debt / Capital": {"2019-12-31": "0.58540", "2018-12-31": "0.56370", "2017-12-31": "0.54680", "2016-12-31": "0.52460", "2015-12-31": "0.53780", "2014-12-31": "0.52540", "2013-12-31": "0.52520", "2012-12-31": "0.53960", "2011-12-31": "0.55840", "2010-12-31": "0.56750", "2009-12-31": "0.57010", "2008-12-31": "0.53120", "2007-12-31": "0.50850", "2006-12-31": ""}, "Debt/Equity Ratio": {"2019-12-31": "1.54520", "2018-12-31": "1.46850", "2017-12-31": "1.43450", "2016-12-31": "1.37640", "2015-12-31": "1.29850", "2014-12-31": "1.21120", "2013-12-31": "1.24260", "2012-12-31": "1.25880", "2011-12-31": "1.39260", "2010-12-31": "1.37640", "2009-12-31": "1.36960", "2008-12-31": "1.29280", "2007-12-31": "1.10440", "2006-12-31": ""}, "Gross Margin": {"2019-12-31": "100.00000", "2018-12-31": "100.00000", "2017-12-31": "100.00000", "2016-12-31": "100.00000", "2015-12-31": "100.00000", "2014-12-31": "100.00000", "2013-12-31": "100.00000", "2012-12-31": "100.00000", "2011-12-31": "100.00000", "2010-12-31": "100.00000", "2009-12-31": "100.00000", "2008-12-31": "100.00000", "2007-12-31": "100.00000", "2006-12-31": "100.00000"}, "Operating Margin": {"2019-12-31": "32.41000", "2018-12-31": "32.03490", "2017-12-31": "37.32500", "2016-12-31": "32.85890", "2015-12-31": "34.02980", "2014-12-31": "33.31120", "2013-12-31": "32.92810", "2012-12-31": "32.38010", "2011-12-31": "30.12250", "2010-12-31": "28.49750", "2009-12-31": "7.73760", "2008-12-31": "-7.99750", "2007-12-31": "0.68330", "2006-12-31": "12.06430"}, "EBIT Margin": {"2019-12-31": "32.41000", "2018-12-31": "32.03490", "2017-12-31": "37.32500", "2016-12-31": "32.85890", "2015-12-31": "34.02980", "2014-12-31": "33.31120", "2013-12-31": "32.92810", "2012-12-31": "32.38010", "2011-12-31": "30.12250", "2010-12-31": "28.49750", "2009-12-31": "7.73760", "2008-12-31": "-7.99750", "2007-12-31": "0.68330", "2006-12-31": "12.06430"}, "EBITDA Margin": {"2019-12-31": "48.53190", "2018-12-31": "47.87790", "2017-12-31": "51.98090", "2016-12-31": "47.09270", "2015-12-31": "47.95820", "2014-12-31": "47.39290", "2013-12-31": "47.06500", "2012-12-31": "45.69460", "2011-12-31": "43.31790", "2010-12-31": "41.42350", "2009-12-31": "21.20490", "2008-12-31": "5.32930", "2007-12-31": "14.42480", "2006-12-31": "26.03910"}, "Pre-Tax Profit Margin": {"2019-12-31": "23.07480", "2018-12-31": "22.87790", "2017-12-31": "27.16710", "2016-12-31": "23.31920", "2015-12-31": "24.75470", "2014-12-31": "23.58020", "2013-12-31": "21.11840", "2012-12-31": "22.08850", "2011-12-31": "18.89110", "2010-12-31": "16.80700", "2009-12-31": "-4.63690", "2008-12-31": "-19.28150", "2007-12-31": "-11.53990", "2006-12-31": "-5.20470"}, "Net Profit Margin": {"2019-12-31": "17.20220", "2018-12-31": "16.48260", "2017-12-31": "12.68990", "2016-12-31": "14.17320", "2015-12-31": "15.06810", "2014-12-31": "14.04850", "2013-12-31": "12.81700", "2012-12-31": "12.54660", "2011-12-31": "11.61240", "2010-12-31": "10.48230", "2009-12-31": "-10.17630", "2008-12-31": "-24.06670", "2007-12-31": "-15.48300", "2006-12-31": "-7.75140"}, "Asset Turnover": {"2019-12-31": "0.15920", "2018-12-31": "0.16210", "2017-12-31": "0.17230", "2016-12-31": "0.17870", "2015-12-31": "0.18320", "2014-12-31": "0.18770", "2013-12-31": "0.19080", "2012-12-31": "0.19390", "2011-12-31": "0.18040", "2010-12-31": "0.18140", "2009-12-31": "0.17030", "2008-12-31": "0.17660", "2007-12-31": "0.17100", "2006-12-31": ""}, "Inventory Turnover Ratio": {"2019-12-31": "", "2018-12-31": "", "2017-12-31": "", "2016-12-31": "", "2015-12-31": "", "2014-12-31": "", "2013-12-31": "", "2012-12-31": "", "2011-12-31": "", "2010-12-31": "", "2009-12-31": "", "2008-12-31": "", "2007-12-31": "", "2006-12-31": ""}, "Receiveable Turnover": {"2019-12-31": "12.27890", "2018-12-31": "11.42860", "2017-12-31": "12.34190", "2016-12-31": "12.27510", "2015-12-31": "12.38820", "2014-12-31": "12.97850", "2013-12-31": "13.46080", "2012-12-31": "13.96420", "2011-12-31": "14.09820", "2010-12-31": "12.38290", "2009-12-31": "10.25320", "2008-12-31": "11.71800", "2007-12-31": "10.23360", "2006-12-31": ""}, "Days Sales In Receivables": {"2019-12-31": "29.72580", "2018-12-31": "31.93750", "2017-12-31": "29.57400", "2016-12-31": "29.73500", "2015-12-31": "29.46340", "2014-12-31": "28.12360", "2013-12-31": "27.11590", "2012-12-31": "26.13830", "2011-12-31": "25.88980", "2010-12-31": "29.47600", "2009-12-31": "35.59860", "2008-12-31": "31.14870", "2007-12-31": "35.66700", "2006-12-31": ""}, "ROE - Return On Equity": {"2019-12-31": "10.14540", "2018-12-31": "9.63510", "2017-12-31": "7.91090", "2016-12-31": "8.96900", "2015-12-31": "9.42760", "2014-12-31": "8.74870", "2013-12-31": "7.84720", "2012-12-31": "8.40830", "2011-12-31": "7.19880", "2010-12-31": "6.17950", "2009-12-31": "-5.49880", "2008-12-31": "-13.71090", "2007-12-31": "-7.53570", "2006-12-31": ""}, "Return On Tangible Equity": {"2019-12-31": "13.63940", "2018-12-31": "13.43640", "2017-12-31": "10.65800", "2016-12-31": "12.08370", "2015-12-31": "12.70350", "2014-12-31": "11.59970", "2013-12-31": "10.53970", "2012-12-31": "11.53900", "2011-12-31": "10.01310", "2010-12-31": "8.69920", "2009-12-31": "-7.98530", "2008-12-31": "-23.41000", "2007-12-31": "-16.41530", "2006-12-31": ""}, "ROA - Return On Assets": {"2019-12-31": "2.73790", "2018-12-31": "2.66220", "2017-12-31": "2.18660", "2016-12-31": "2.53220", "2015-12-31": "2.76090", "2014-12-31": "2.68110", "2013-12-31": "2.45890", "2012-12-31": "2.53820", "2011-12-31": "2.06360", "2010-12-31": "1.81080", "2009-12-31": "-1.63540", "2008-12-31": "-4.25050", "2007-12-31": "-2.64280", "2006-12-31": ""}, "ROI - Return On Investment": {"2019-12-31": "4.20590", "2018-12-31": "4.20390", "2017-12-31": "3.58500", "2016-12-31": "4.26350", "2015-12-31": "4.35780", "2014-12-31": "4.15180", "2013-12-31": "3.72570", "2012-12-31": "3.86980", "2011-12-31": "3.17590", "2010-12-31": "2.67260", "2009-12-31": "-2.36110", "2008-12-31": "-6.42750", "2007-12-31": "-3.70380", "2006-12-31": ""}, "Book Value Per Share": {"2019-12-31": "33.85270", "2018-12-31": "32.45450", "2017-12-31": "30.17740", "2016-12-31": "29.29860", "2015-12-31": "28.32030", "2014-12-31": "27.42730", "2013-12-31": "26.50430", "2012-12-31": "25.11460", "2011-12-31": "24.13920", "2010-12-31": "23.58750", "2009-12-31": "22.93660", "2008-12-31": "25.63750", "2007-12-31": "28.38780", "2006-12-31": ""}, "Operating Cash Flow Per Share": {"2019-12-31": -0.0591, "2018-12-31": -0.395, "2017-12-31": 0.8939, "2016-12-31": 0.5622, "2015-12-31": 0.5445, "2014-12-31": 1.0888, "2013-12-31": -0.3729, "2012-12-31": 0.7994, "2011-12-31": 0.154, "2010-12-31": 0.88, "2009-12-31": 0.0933, "2008-12-31": 0.4911, "2007-12-31": 0.9373, "2006-12-31": 2.0234}, "Free Cash Flow Per Share": {"2019-12-31": -0.3153, "2018-12-31": -1.0843, "2017-12-31": 0.2402, "2016-12-31": -0.2948, "2015-12-31": -0.6389, "2014-12-31": 1.3248, "2013-12-31": -3.7775, "2012-12-31": 3.9173, "2011-12-31": -0.658, "2010-12-31": 1.1717, "2009-12-31": 1.6586, "2008-12-31": -1.1461, "2007-12-31": 0.5919, "2006-12-31": -2.2216}}, "financial ratios, quarterly": {"Current Ratio": {"2020-09-30": "0.87040", "2020-06-30": "0.89730", "2020-03-31": "0.65090", "2019-12-31": "0.62840", "2019-09-30": "0.53700", "2019-06-30": "0.56260", "2019-03-31": "0.32050", "2018-12-31": "0.37300", "2018-09-30": "0.45770", "2018-06-30": "0.28230", "2018-03-31": "0.28710", "2017-12-31": "0.30970", "2017-09-30": "0.49230", "2017-06-30": "0.30360", "2017-03-31": "0.31720", "2016-12-31": "0.32780", "2016-09-30": "0.41550", "2016-06-30": "0.39710", "2016-03-31": "0.39530", "2015-12-31": "0.42860", "2015-09-30": "0.75430", "2015-06-30": "0.58860", "2015-03-31": "0.59390", "2014-12-31": "0.46330", "2014-09-30": "0.71480", "2014-06-30": "0.57300", "2014-03-31": "0.57440", "2013-12-31": "0.46280", "2013-09-30": "0.53720", "2013-06-30": "0.52020", "2013-03-31": "0.51320", "2012-12-31": "0.50200", "2012-09-30": "0.63880", "2012-06-30": "0.59570", "2012-03-31": "0.79210", "2011-12-31": "0.93860", "2011-09-30": "1.07210", "2011-06-30": "1.12470", "2011-03-31": "1.15040", "2010-12-31": "1.31720", "2010-09-30": "0.84620", "2010-06-30": "0.78320", "2010-03-31": "0.75210", "2009-12-31": "0.82180", "2009-09-30": "0.85990", "2009-06-30": "0.62530", "2009-03-31": "0.35970", "2008-12-31": "0.37810", "2008-09-30": "0.53040", "2008-06-30": "0.61880", "2008-03-31": "0.47610", "2007-12-31": "0.55570", "2007-09-30": "", "2007-06-30": "", "2007-03-31": ""}, "Long-term Debt / Capital": {"2020-09-30": "0.59540", "2020-06-30": "0.60220", "2020-03-31": "0.58010", "2019-12-31": "0.58540", "2019-09-30": "0.58280", "2019-06-30": "0.58930", "2019-03-31": "0.56060", "2018-12-31": "0.56370", "2018-09-30": "0.56390", "2018-06-30": "0.52550", "2018-03-31": "0.54020", "2017-12-31": "0.54680", "2017-09-30": "0.54770", "2017-06-30": "0.51250", "2017-03-31": "0.52110", "2016-12-31": "0.52460", "2016-09-30": "0.52770", "2016-06-30": "0.53210", "2016-03-31": "0.53560", "2015-12-31": "0.53780", "2015-09-30": "0.53550", "2015-06-30": "0.51880", "2015-03-31": "0.52160", "2014-12-31": "0.52540", "2014-09-30": "0.53040", "2014-06-30": "0.51780", "2014-03-31": "0.52110", "2013-12-31": "0.52520", "2013-09-30": "0.52840", "2013-06-30": "0.53200", "2013-03-31": "0.53570", "2012-12-31": "0.53960", "2012-09-30": "0.53910", "2012-06-30": "0.54690", "2012-03-31": "0.55790", "2011-12-31": "0.55840", "2011-09-30": "0.55810", "2011-06-30": "0.56400", "2011-03-31": "0.56470", "2010-12-31": "0.56750", "2010-09-30": "0.56610", "2010-06-30": "0.56860", "2010-03-31": "0.56880", "2009-12-31": "0.57010", "2009-09-30": "0.56670", "2009-06-30": "0.56000", "2009-03-31": "0.56100", "2008-12-31": "0.53120", "2008-09-30": "0.52970", "2008-06-30": "0.53470", "2008-03-31": "0.55030", "2007-12-31": "0.50850", "2007-09-30": "", "2007-06-30": "", "2007-03-31": ""}, "Debt/Equity Ratio": {"2020-09-30": "1.64240", "2020-06-30": "1.66960", "2020-03-31": "1.65230", "2019-12-31": "1.54520", "2019-09-30": "1.47800", "2019-06-30": "1.50490", "2019-03-31": "1.48970", "2018-12-31": "1.46850", "2018-09-30": "1.43410", "2018-06-30": "1.45830", "2018-03-31": "1.46890", "2017-12-31": "1.43450", "2017-09-30": "1.35390", "2017-06-30": "1.38600", "2017-03-31": "1.38210", "2016-12-31": "1.37640", "2016-09-30": "1.30910", "2016-06-30": "1.33220", "2016-03-31": "1.32900", "2015-12-31": "1.29850", "2015-09-30": "1.23070", "2015-06-30": "1.25270", "2015-03-31": "1.21150", "2014-12-31": "1.21120", "2014-09-30": "1.20460", "2014-06-30": "1.22120", "2014-03-31": "1.22430", "2013-12-31": "1.24260", "2013-09-30": "1.22920", "2013-06-30": "1.26390", "2013-03-31": "1.25340", "2012-12-31": "1.25880", "2012-09-30": "1.24440", "2012-06-30": "1.31870", "2012-03-31": "1.30350", "2011-12-31": "1.39260", "2011-09-30": "1.36080", "2011-06-30": "1.40380", "2011-03-31": "1.37840", "2010-12-31": "1.37640", "2010-09-30": "1.35920", "2010-06-30": "1.39440", "2010-03-31": "1.36780", "2009-12-31": "1.36960", "2009-09-30": "1.34090", "2009-06-30": "1.36600", "2009-03-31": "1.47110", "2008-12-31": "1.29280", "2008-09-30": "1.22790", "2008-06-30": "1.22810", "2008-03-31": "1.34370", "2007-12-31": "1.10440", "2007-09-30": "", "2007-06-30": "", "2007-03-31": ""}, "Gross Margin": {"2020-09-30": "100.00000", "2020-06-30": "100.00000", "2020-03-31": "100.00000", "2019-12-31": "100.00000", "2019-09-30": "100.00000", "2019-06-30": "100.00000", "2019-03-31": "100.00000", "2018-12-31": "100.00000", "2018-09-30": "100.00000", "2018-06-30": "100.00000", "2018-03-31": "100.00000", "2017-12-31": "100.00000", "2017-09-30": "100.00000", "2017-06-30": "100.00000", "2017-03-31": "100.00000", "2016-12-31": "100.00000", "2016-09-30": "100.00000", "2016-06-30": "100.00000", "2016-03-31": "100.00000", "2015-12-31": "100.00000", "2015-09-30": "100.00000", "2015-06-30": "100.00000", "2015-03-31": "100.00000", "2014-12-31": "100.00000", "2014-09-30": "100.00000", "2014-06-30": "100.00000", "2014-03-31": "100.00000", "2013-12-31": "100.00000", "2013-09-30": "100.00000", "2013-06-30": "100.00000", "2013-03-31": "100.00000", "2012-12-31": "100.00000", "2012-09-30": "100.00000", "2012-06-30": "100.00000", "2012-03-31": "100.00000", "2011-12-31": "100.00000", "2011-09-30": "100.00000", "2011-06-30": "100.00000", "2011-03-31": "100.00000", "2010-12-31": "100.00000", "2010-09-30": "100.00000", "2010-06-30": "100.00000", "2010-03-31": "100.00000", "2009-12-31": "100.00000", "2009-09-30": "100.00000", "2009-06-30": "100.00000", "2009-03-31": "100.00000", "2008-12-31": "100.00000", "2008-09-30": "100.00000", "2008-06-30": "100.00000", "2008-03-31": "100.00000", "2007-12-31": "100.00000", "2007-09-30": "100.00000", "2007-06-30": "100.00000", "2007-03-31": "100.00000"}, "Operating Margin": {"2020-09-30": "40.12980", "2020-06-30": "33.61980", "2020-03-31": "28.31750", "2019-12-31": "24.83370", "2019-09-30": "40.07900", "2019-06-30": "34.24040", "2019-03-31": "29.27430", "2018-12-31": "29.17650", "2018-09-30": "34.32380", "2018-06-30": "35.40450", "2018-03-31": "28.51510", "2017-12-31": "34.22660", "2017-09-30": "46.15390", "2017-06-30": "36.72990", "2017-03-31": "30.42330", "2016-12-31": "31.54610", "2016-09-30": "34.30110", "2016-06-30": "36.15480", "2016-03-31": "28.80220", "2015-12-31": "29.62960", "2015-09-30": "40.29020", "2015-06-30": "35.54990", "2015-03-31": "29.22640", "2014-12-31": "30.57060", "2014-09-30": "39.86020", "2014-06-30": "33.75660", "2014-03-31": "27.60550", "2013-12-31": "31.40600", "2013-09-30": "39.30550", "2013-06-30": "33.39760", "2013-03-31": "25.81720", "2012-12-31": "25.24420", "2012-09-30": "39.38860", "2012-06-30": "36.29690", "2012-03-31": "25.82440", "2011-12-31": "27.67860", "2011-09-30": "36.98520", "2011-06-30": "30.10960", "2011-03-31": "24.00640", "2010-12-31": "25.12730", "2010-09-30": "35.41650", "2010-06-30": "29.53950", "2010-03-31": "21.78130", "2009-12-31": "32.65480", "2009-09-30": "31.21830", "2009-06-30": "25.40340", "2009-03-31": "-61.22800", "2008-12-31": "23.46490", "2008-09-30": "31.26380", "2008-06-30": "23.96070", "2008-03-31": "-132.52880", "2007-12-31": "-27.34450", "2007-09-30": "-8.82020", "2007-06-30": "26.90230", "2007-03-31": "15.38790"}, "EBIT Margin": {"2020-09-30": "40.12980", "2020-06-30": "33.61980", "2020-03-31": "28.31750", "2019-12-31": "24.83370", "2019-09-30": "40.07900", "2019-06-30": "34.24040", "2019-03-31": "29.27430", "2018-12-31": "29.17650", "2018-09-30": "34.32380", "2018-06-30": "35.40450", "2018-03-31": "28.51510", "2017-12-31": "34.22660", "2017-09-30": "46.15390", "2017-06-30": "36.72990", "2017-03-31": "30.42330", "2016-12-31": "31.54610", "2016-09-30": "34.30110", "2016-06-30": "36.15480", "2016-03-31": "28.80220", "2015-12-31": "29.62960", "2015-09-30": "40.29020", "2015-06-30": "35.54990", "2015-03-31": "29.22640", "2014-12-31": "30.57060", "2014-09-30": "39.86020", "2014-06-30": "33.75660", "2014-03-31": "27.60550", "2013-12-31": "31.40600", "2013-09-30": "39.30550", "2013-06-30": "33.39760", "2013-03-31": "25.81720", "2012-12-31": "25.24420", "2012-09-30": "39.38860", "2012-06-30": "36.29690", "2012-03-31": "25.82440", "2011-12-31": "27.67860", "2011-09-30": "36.98520", "2011-06-30": "30.10960", "2011-03-31": "24.00640", "2010-12-31": "25.12730", "2010-09-30": "35.41650", "2010-06-30": "29.53950", "2010-03-31": "21.78130", "2009-12-31": "32.65480", "2009-09-30": "31.21830", "2009-06-30": "25.40340", "2009-03-31": "-61.22800", "2008-12-31": "23.46490", "2008-09-30": "31.26380", "2008-06-30": "23.96070", "2008-03-31": "-132.52880", "2007-12-31": "-27.34450", "2007-09-30": "-8.82020", "2007-06-30": "26.90230", "2007-03-31": "15.38790"}, "EBITDA Margin": {"2020-09-30": "", "2020-06-30": "", "2020-03-31": "", "2019-12-31": "", "2019-09-30": "", "2019-06-30": "", "2019-03-31": "", "2018-12-31": "", "2018-09-30": "", "2018-06-30": "", "2018-03-31": "", "2017-12-31": "", "2017-09-30": "", "2017-06-30": "", "2017-03-31": "", "2016-12-31": "", "2016-09-30": "", "2016-06-30": "", "2016-03-31": "", "2015-12-31": "", "2015-09-30": "", "2015-06-30": "", "2015-03-31": "", "2014-12-31": "", "2014-09-30": "", "2014-06-30": "", "2014-03-31": "", "2013-12-31": "", "2013-09-30": "", "2013-06-30": "", "2013-03-31": "", "2012-12-31": "", "2012-09-30": "", "2012-06-30": "", "2012-03-31": "", "2011-12-31": "", "2011-09-30": "", "2011-06-30": "", "2011-03-31": "", "2010-12-31": "", "2010-09-30": "", "2010-06-30": "", "2010-03-31": "", "2009-12-31": "", "2009-09-30": "", "2009-06-30": "", "2009-03-31": "", "2008-12-31": "", "2008-09-30": "", "2008-06-30": "", "2008-03-31": "", "2007-12-31": "", "2007-09-30": "", "2007-06-30": "", "2007-03-31": ""}, "Pre-Tax Profit Margin": {"2020-09-30": "32.62280", "2020-06-30": "24.91940", "2020-03-31": "18.83890", "2019-12-31": "15.07760", "2019-09-30": "31.39190", "2019-06-30": "25.73700", "2019-03-31": "18.69620", "2018-12-31": "20.00000", "2018-09-30": "26.12710", "2018-06-30": "26.02580", "2018-03-31": "18.39690", "2017-12-31": "24.48230", "2017-09-30": "36.32480", "2017-06-30": "26.77730", "2017-03-31": "19.17990", "2016-12-31": "20.69830", "2016-09-30": "26.12900", "2016-06-30": "27.20680", "2016-03-31": "18.30420", "2015-12-31": "20.17880", "2015-09-30": "32.03130", "2015-06-30": "26.08700", "2015-03-31": "19.05440", "2014-12-31": "20.42710", "2014-09-30": "31.17730", "2014-06-30": "24.17970", "2014-03-31": "16.84120", "2013-12-31": "14.81700", "2013-09-30": "30.19780", "2013-06-30": "23.15710", "2013-03-31": "13.96100", "2012-12-31": "14.20400", "2012-09-30": "30.65870", "2012-06-30": "26.45700", "2012-03-31": "13.68430", "2011-12-31": "15.95270", "2011-09-30": "27.19130", "2011-06-30": "18.85020", "2011-03-31": "11.50370", "2010-12-31": "11.80740", "2010-09-30": "26.05220", "2010-06-30": "18.04840", "2010-03-31": "8.53070", "2009-12-31": "15.27660", "2009-09-30": "20.85440", "2009-06-30": "14.05590", "2009-03-31": "-73.16070", "2008-12-31": "11.36610", "2008-09-30": "21.67620", "2008-06-30": "12.83810", "2008-03-31": "-145.33630", "2007-12-31": "-40.06910", "2007-09-30": "-19.01700", "2007-06-30": "14.78940", "2007-03-31": "0.88760"}, "Net Profit Margin": {"2020-09-30": "24.46710", "2020-06-30": "18.90440", "2020-03-31": "14.69190", "2019-12-31": "10.86480", "2019-09-30": "23.69200", "2019-06-30": "19.27440", "2019-03-31": "13.89910", "2018-12-31": "13.17650", "2018-09-30": "19.15980", "2018-06-30": "18.99180", "2018-03-31": "13.92900", "2017-12-31": "-0.12180", "2017-09-30": "21.68800", "2017-06-30": "15.52130", "2017-03-31": "12.30160", "2016-12-31": "12.59350", "2016-09-30": "15.91400", "2016-06-30": "16.56590", "2016-03-31": "11.03630", "2015-12-31": "12.64370", "2015-09-30": "19.41960", "2015-06-30": "15.72890", "2015-03-31": "11.46130", "2014-12-31": "12.77520", "2014-09-30": "17.98520", "2014-06-30": "14.48100", "2014-03-31": "10.03280", "2013-12-31": "8.53360", "2013-09-30": "18.32480", "2013-06-30": "13.98150", "2013-03-31": "9.06140", "2012-12-31": "8.43190", "2012-09-30": "18.49110", "2012-06-30": "14.35420", "2012-03-31": "6.75030", "2011-12-31": "10.13600", "2011-09-30": "18.06120", "2011-06-30": "12.12640", "2011-03-31": "4.39620", "2010-12-31": "6.64350", "2010-09-30": "16.57170", "2010-06-30": "11.45850", "2010-03-31": "5.43580", "2009-12-31": "8.12610", "2009-09-30": "13.47680", "2009-06-30": "8.48470", "2009-03-31": "-75.08210", "2008-12-31": "6.40350", "2008-09-30": "13.11500", "2008-06-30": "7.71980", "2008-03-31": "-144.52690", "2007-12-31": "-42.35520", "2007-09-30": "-25.29030", "2007-06-30": "8.80170", "2007-03-31": "0.57310"}, "Asset Turnover": {"2020-09-30": "0.04420", "2020-06-30": "0.03880", "2020-03-31": "0.03580", "2019-12-31": "0.03980", "2019-09-30": "0.04560", "2019-06-30": "0.04040", "2019-03-31": "0.03790", "2018-12-31": "0.04010", "2018-09-30": "0.04670", "2018-06-30": "0.04170", "2018-03-31": "0.03860", "2017-12-31": "0.04210", "2017-09-30": "0.04830", "2017-06-30": "0.04450", "2017-03-31": "0.04060", "2016-12-31": "0.04340", "2016-09-30": "0.05180", "2016-06-30": "0.04670", "2016-03-31": "0.04270", "2015-12-31": "0.04540", "2015-09-30": "0.05240", "2015-06-30": "0.04670", "2015-03-31": "0.04290", "2014-12-31": "0.04560", "2014-09-30": "0.05380", "2014-06-30": "0.04890", "2014-03-31": "0.04450", "2013-12-31": "0.04620", "2013-09-30": "0.05400", "2013-06-30": "0.04840", "2013-03-31": "0.04310", "2012-12-31": "0.04470", "2012-09-30": "0.05700", "2012-06-30": "0.05170", "2012-03-31": "0.04390", "2011-12-31": "0.04330", "2011-09-30": "0.05230", "2011-06-30": "0.04660", "2011-03-31": "0.04220", "2010-12-31": "0.04290", "2010-09-30": "0.05360", "2010-06-30": "0.04610", "2010-03-31": "0.04190", "2009-12-31": "0.03330", "2009-09-30": "0.05090", "2009-06-30": "0.04650", "2009-03-31": "0.04260", "2008-12-31": "0.04300", "2008-09-30": "0.05260", "2008-06-30": "0.04700", "2008-03-31": "0.04130", "2007-12-31": "0.04280", "2007-09-30": "", "2007-06-30": "", "2007-03-31": ""}, "Inventory Turnover Ratio": {"2020-09-30": "", "2020-06-30": "", "2020-03-31": "", "2019-12-31": "", "2019-09-30": "", "2019-06-30": "", "2019-03-31": "", "2018-12-31": "", "2018-09-30": "", "2018-06-30": "", "2018-03-31": "", "2017-12-31": "", "2017-09-30": "", "2017-06-30": "", "2017-03-31": "", "2016-12-31": "", "2016-09-30": "", "2016-06-30": "", "2016-03-31": "", "2015-12-31": "", "2015-09-30": "", "2015-06-30": "", "2015-03-31": "", "2014-12-31": "", "2014-09-30": "", "2014-06-30": "", "2014-03-31": "", "2013-12-31": "", "2013-09-30": "", "2013-06-30": "", "2013-03-31": "", "2012-12-31": "", "2012-09-30": "", "2012-06-30": "", "2012-03-31": "", "2011-12-31": "", "2011-09-30": "", "2011-06-30": "", "2011-03-31": "", "2010-12-31": "", "2010-09-30": "", "2010-06-30": "", "2010-03-31": "", "2009-12-31": "", "2009-09-30": "", "2009-06-30": "", "2009-03-31": "", "2008-12-31": "", "2008-09-30": "", "2008-06-30": "", "2008-03-31": "", "2007-12-31": "", "2007-09-30": "", "2007-06-30": "", "2007-03-31": ""}, "Receiveable Turnover": {"2020-09-30": "3.01400", "2020-06-30": "3.12420", "2020-03-31": "2.89040", "2019-12-31": "3.06800", "2019-09-30": "3.02390", "2019-06-30": "2.61720", "2019-03-31": "2.64820", "2018-12-31": "2.82390", "2018-09-30": "2.81270", "2018-06-30": "2.63270", "2018-03-31": "2.78750", "2017-12-31": "3.01840", "2017-09-30": "3.00000", "2017-06-30": "2.93060", "2017-03-31": "3.02400", "2016-12-31": "2.98140", "2016-09-30": "3.07950", "2016-06-30": "3.44580", "2016-03-31": "3.37730", "2015-12-31": "3.07060", "2015-09-30": "2.92630", "2015-06-30": "3.13880", "2015-03-31": "2.91160", "2014-12-31": "3.15110", "2014-09-30": "3.26330", "2014-06-30": "3.06570", "2014-03-31": "2.90540", "2013-12-31": "3.25610", "2013-09-30": "3.02660", "2013-06-30": "2.96010", "2013-03-31": "3.24580", "2012-12-31": "3.21930", "2012-09-30": "3.05420", "2012-06-30": "3.06060", "2012-03-31": "3.18080", "2011-12-31": "3.38290", "2011-09-30": "3.30990", "2011-06-30": "2.96440", "2011-03-31": "3.15150", "2010-12-31": "2.92930", "2010-09-30": "2.79210", "2010-06-30": "2.66440", "2010-03-31": "2.51860", "2009-12-31": "2.00360", "2009-09-30": "2.84360", "2009-06-30": "2.91280", "2009-03-31": "2.87710", "2008-12-31": "2.85090", "2008-09-30": "2.58040", "2008-06-30": "2.59430", "2008-03-31": "2.47700", "2007-12-31": "2.55960", "2007-09-30": "", "2007-06-30": "", "2007-03-31": ""}, "Days Sales In Receivables": {"2020-09-30": "29.86100", "2020-06-30": "28.80770", "2020-03-31": "31.13740", "2019-12-31": "29.33480", "2019-09-30": "29.76310", "2019-06-30": "34.38780", "2019-03-31": "33.98520", "2018-12-31": "31.87060", "2018-09-30": "31.99800", "2018-06-30": "34.18520", "2018-03-31": "32.28650", "2017-12-31": "29.81730", "2017-09-30": "30.00000", "2017-06-30": "30.71090", "2017-03-31": "29.76190", "2016-12-31": "30.18700", "2016-09-30": "29.22580", "2016-06-30": "26.11850", "2016-03-31": "26.64870", "2015-12-31": "29.31030", "2015-09-30": "30.75530", "2015-06-30": "28.67380", "2015-03-31": "30.91110", "2014-12-31": "28.56170", "2014-09-30": "27.57980", "2014-06-30": "29.35720", "2014-03-31": "30.97710", "2013-12-31": "27.64080", "2013-09-30": "29.73630", "2013-06-30": "30.40420", "2013-03-31": "27.72820", "2012-12-31": "27.95620", "2012-09-30": "29.46770", "2012-06-30": "29.40600", "2012-03-31": "28.29480", "2011-12-31": "26.60400", "2011-09-30": "27.19120", "2011-06-30": "30.36050", "2011-03-31": "28.55830", "2010-12-31": "30.72440", "2010-09-30": "32.23340", "2010-06-30": "33.77820", "2010-03-31": "35.73470", "2009-12-31": "44.91920", "2009-09-30": "31.65040", "2009-06-30": "30.89850", "2009-03-31": "31.28140", "2008-12-31": "31.56940", "2008-09-30": "34.87890", "2008-06-30": "34.69140", "2008-03-31": "36.33420", "2007-12-31": "35.16140", "2007-09-30": "", "2007-06-30": "", "2007-03-31": ""}, "ROE - Return On Equity": {"2020-09-30": "4.05410", "2020-06-30": "2.77690", "2020-03-31": "1.98620", "2019-12-31": "1.60100", "2019-09-30": "3.87720", "2019-06-30": "2.82060", "2019-03-31": "1.90490", "2018-12-31": "1.91000", "2018-09-30": "3.15700", "2018-06-30": "2.82430", "2018-03-31": "1.94460", "2017-12-31": "-0.01860", "2017-09-30": "3.67890", "2017-06-30": "2.43310", "2017-03-31": "1.75900", "2016-12-31": "1.93560", "2016-09-30": "2.82550", "2016-06-30": "2.65860", "2016-03-31": "1.61350", "2015-12-31": "1.96080", "2015-09-30": "3.36850", "2015-06-30": "2.43400", "2015-03-31": "1.60230", "2014-12-31": "1.91460", "2014-09-30": "3.18330", "2014-06-30": "2.26080", "2014-03-31": "1.43950", "2013-12-31": "1.31530", "2013-09-30": "3.23570", "2013-06-30": "2.21480", "2013-03-31": "1.27870", "2012-12-31": "1.20580", "2012-09-30": "3.46500", "2012-06-30": "2.69960", "2012-03-31": "1.15860", "2011-12-31": "1.43820", "2011-09-30": "3.01730", "2011-06-30": "1.79940", "2011-03-31": "0.98160", "2010-12-31": "0.92090", "2010-09-30": "2.88920", "2010-06-30": "1.68400", "2010-03-31": "0.74220", "2009-12-31": "1.23610", "2009-09-30": "2.29820", "2009-06-30": "1.32350", "2009-03-31": "-11.28530", "2008-12-31": "0.88750", "2008-09-30": "2.11800", "2008-06-30": "1.10890", "2008-03-31": "-19.22820", "2007-12-31": "-5.16450", "2007-09-30": "", "2007-06-30": "", "2007-03-31": ""}, "Return On Tangible Equity": {"2020-09-30": "5.33330", "2020-06-30": "3.68900", "2020-03-31": "2.64960", "2019-12-31": "2.15240", "2019-09-30": "5.28630", "2019-06-30": "3.88660", "2019-03-31": "2.64200", "2018-12-31": "2.66350", "2018-09-30": "4.40690", "2018-06-30": "4.03590", "2018-03-31": "2.60310", "2017-12-31": "-0.02500", "2017-09-30": "4.89750", "2017-06-30": "3.26600", "2017-03-31": "2.35920", "2016-12-31": "2.60780", "2016-09-30": "3.77070", "2016-06-30": "3.56770", "2016-03-31": "2.17560", "2015-12-31": "2.64210", "2015-09-30": "4.51650", "2015-06-30": "3.20020", "2015-03-31": "2.11370", "2014-12-31": "2.53860", "2014-09-30": "4.21940", "2014-06-30": "3.00610", "2014-03-31": "1.92350", "2013-12-31": "1.76660", "2013-09-30": "4.37670", "2013-06-30": "3.00950", "2013-03-31": "1.74540", "2012-12-31": "1.65470", "2012-09-30": "4.75390", "2012-06-30": "3.74110", "2012-03-31": "1.60930", "2011-12-31": "2.00040", "2011-09-30": "4.18870", "2011-06-30": "2.52170", "2011-03-31": "1.38130", "2010-12-31": "1.29650", "2010-09-30": "4.13710", "2010-06-30": "2.43530", "2010-03-31": "1.07810", "2009-12-31": "1.79510", "2009-09-30": "3.34230", "2009-06-30": "1.93790", "2009-03-31": "-17.10430", "2008-12-31": "1.51540", "2008-09-30": "3.57990", "2008-06-30": "1.89510", "2008-03-31": "-34.76370", "2007-12-31": "-11.25000", "2007-09-30": "", "2007-06-30": "", "2007-03-31": ""}, "ROA - Return On Assets": {"2020-09-30": "1.08220", "2020-06-30": "0.73310", "2020-03-31": "0.52660", "2019-12-31": "0.43210", "2019-09-30": "1.07920", "2019-06-30": "0.77790", "2019-03-31": "0.52650", "2018-12-31": "0.52770", "2018-09-30": "0.88600", "2018-06-30": "0.79140", "2018-03-31": "0.53730", "2017-12-31": "-0.00510", "2017-09-30": "1.04850", "2017-06-30": "0.69070", "2017-03-31": "0.49970", "2016-12-31": "0.54650", "2016-09-30": "0.82350", "2016-06-30": "0.77370", "2016-03-31": "0.47080", "2015-12-31": "0.57420", "2015-09-30": "1.01720", "2015-06-30": "0.73510", "2015-03-31": "0.49190", "2014-12-31": "0.58680", "2014-09-30": "0.99650", "2014-06-30": "0.71420", "2014-03-31": "0.45250", "2013-12-31": "0.41210", "2013-09-30": "0.98440", "2013-06-30": "0.67610", "2013-03-31": "0.39030", "2012-12-31": "0.36400", "2012-09-30": "1.05560", "2012-06-30": "0.80940", "2012-03-31": "0.34960", "2011-12-31": "0.41230", "2011-09-30": "0.88380", "2011-06-30": "0.52150", "2011-03-31": "0.28810", "2010-12-31": "0.26990", "2010-09-30": "0.85350", "2010-06-30": "0.49390", "2010-03-31": "0.21920", "2009-12-31": "0.36760", "2009-09-30": "0.68660", "2009-06-30": "0.39420", "2009-03-31": "-3.20040", "2008-12-31": "0.27510", "2008-09-30": "0.68980", "2008-06-30": "0.36320", "2008-03-31": "-5.97070", "2007-12-31": "-1.81120", "2007-09-30": "", "2007-06-30": "", "2007-03-31": ""}, "ROI - Return On Investment": {"2020-09-30": "1.64020", "2020-06-30": "1.10480", "2020-03-31": "0.83400", "2019-12-31": "0.66370", "2019-09-30": "1.61770", "2019-06-30": "1.15840", "2019-03-31": "0.83700", "2018-12-31": "0.83330", "2018-09-30": "1.37680", "2018-06-30": "1.34020", "2018-03-31": "0.89420", "2017-12-31": "-0.00840", "2017-09-30": "1.66410", "2017-06-30": "1.18630", "2017-03-31": "0.84240", "2016-12-31": "0.92010", "2016-09-30": "1.33440", "2016-06-30": "1.24390", "2016-03-31": "0.74930", "2015-12-31": "0.90630", "2015-09-30": "1.56470", "2015-06-30": "1.17130", "2015-03-31": "0.76660", "2014-12-31": "0.90860", "2014-09-30": "1.49490", "2014-06-30": "1.09010", "2014-03-31": "0.68940", "2013-12-31": "0.62450", "2013-09-30": "1.52580", "2013-06-30": "1.03640", "2013-03-31": "0.59350", "2012-12-31": "0.55490", "2012-09-30": "1.59650", "2012-06-30": "1.22180", "2012-03-31": "0.51170", "2011-12-31": "0.63450", "2011-09-30": "1.33200", "2011-06-30": "0.78370", "2011-03-31": "0.42680", "2010-12-31": "0.39830", "2010-09-30": "1.25230", "2010-06-30": "0.72570", "2010-03-31": "0.31970", "2009-12-31": "0.53080", "2009-09-30": "0.99460", "2009-06-30": "0.58160", "2009-03-31": "-4.94770", "2008-12-31": "0.41610", "2008-09-30": "0.99490", "2008-06-30": "0.51540", "2008-03-31": "-8.63720", "2007-12-31": "-2.53830", "2007-09-30": "", "2007-06-30": "", "2007-03-31": ""}, "Book Value Per Share": {"2020-09-30": "35.92430", "2020-06-30": "34.97770", "2020-03-31": "34.48770", "2019-12-31": "33.85270", "2019-09-30": "34.24240", "2019-06-30": "33.36250", "2019-03-31": "32.86190", "2018-12-31": "32.45450", "2018-09-30": "32.44810", "2018-06-30": "31.78020", "2018-03-31": "30.61670", "2017-12-31": "30.17740", "2017-09-30": "30.93500", "2017-06-30": "30.19990", "2017-03-31": "29.74750", "2016-12-31": "29.29860", "2016-09-30": "29.42710", "2016-06-30": "28.96590", "2016-03-31": "28.59310", "2015-12-31": "28.32030", "2015-09-30": "28.76860", "2015-06-30": "28.05690", "2015-03-31": "27.75070", "2014-12-31": "27.42730", "2014-09-30": "27.44350", "2014-06-30": "27.20270", "2014-03-31": "26.82530", "2013-12-31": "26.50430", "2013-09-30": "26.01000", "2013-06-30": "25.69430", "2013-03-31": "25.38170", "2012-12-31": "25.11460", "2012-09-30": "25.17340", "2012-06-30": "24.53520", "2012-03-31": "24.15120", "2011-12-31": "24.13920", "2011-09-30": "24.29060", "2011-06-30": "23.72610", "2011-03-31": "23.67110", "2010-12-31": "23.58750", "2010-09-30": "23.65180", "2010-06-30": "23.13640", "2010-03-31": "22.91730", "2009-12-31": "22.93660", "2009-09-30": "22.86260", "2009-06-30": "22.52930", "2009-03-31": "22.90120", "2008-12-31": "25.63750", "2008-09-30": "26.04320", "2008-06-30": "25.67160", "2008-03-31": "23.83740", "2007-12-31": "28.38780", "2007-09-30": "", "2007-06-30": "", "2007-03-31": ""}, "Operating Cash Flow Per Share": {"2020-09-30": 2.4949, "2020-06-30": 1.9392, "2020-03-31": "0.99450", "2019-12-31": 2.4199, "2019-09-30": 2.5691, "2019-06-30": 1.7237, "2019-03-31": "0.92820", "2018-12-31": 2.2193, "2018-09-30": 2.5477, "2018-06-30": 1.7095, "2018-03-31": "1.22350", "2017-12-31": 2.3967, "2017-09-30": 2.7709, "2017-06-30": 1.3799, "2017-03-31": "1.54750", "2016-12-31": 1.8921, "2016-09-30": 2.2978, "2016-06-30": 1.5587, "2016-03-31": "1.45250", "2015-12-31": 1.8833, "2015-09-30": 2.4334, "2015-06-30": 1.2222, "2015-03-31": "1.10000", "2014-12-31": 1.4249, "2014-09-30": 2.1618, "2014-06-30": 1.1432, "2014-03-31": "1.36450", "2013-12-31": 1.1616, "2013-09-30": 2.222, "2013-06-30": 0.7836, "2013-03-31": "0.83840", "2012-12-31": 1.2455, "2012-09-30": 2.3477, "2012-06-30": 0.9487, "2012-03-31": "0.83660", "2011-12-31": 1.3171, "2011-09-30": 1.7747, "2011-06-30": 0.5698, "2011-03-31": "0.91750", "2010-12-31": 1.0718, "2010-09-30": 1.6518, "2010-06-30": 0.6947, "2010-03-31": "1.00680", "2009-12-31": 0.8458, "2009-09-30": 1.2988, "2009-06-30": 0.5099, "2009-03-31": "0.89060", "2008-12-31": 0.9961, "2008-09-30": 1.5726, "2008-06-30": 0.3494, "2008-03-31": "0.53370", "2007-12-31": 0.8987, "2007-09-30": 1.2109, "2007-06-30": 0.5123, "2007-03-31": "0.33880"}, "Free Cash Flow Per Share": {"2020-09-30": 0.0817, "2020-06-30": -0.6133, "2020-03-31": "-1.24860", "2019-12-31": -0.3867, "2019-09-30": 0.3481, "2019-06-30": -0.4033, "2019-03-31": "-0.79010", "2018-12-31": -0.3034, "2018-09-30": 0.5431, "2018-06-30": -0.3799, "2018-03-31": "-0.77650", "2017-12-31": -0.1955, "2017-09-30": 0.7765, "2017-06-30": -0.4525, "2017-03-31": "0.03910", "2016-12-31": -0.1962, "2016-09-30": 0.4551, "2016-06-30": -0.203, "2016-03-31": "-0.12850", "2015-12-31": -0.1667, "2015-09-30": 0.7, "2015-06-30": -0.1611, "2015-03-31": "-0.15000", "2014-12-31": -0.1136, "2014-09-30": 0.6992, "2014-06-30": -0.0179, "2014-03-31": "0.29340", "2013-12-31": -0.6002, "2013-09-30": 0.9137, "2013-06-30": -0.4232, "2013-03-31": "-0.35400", "2012-12-31": -0.143, "2012-09-30": 1.1999, "2012-06-30": 0.1323, "2012-03-31": "2.12460", "2011-12-31": -0.3835, "2011-09-30": 0.4757, "2011-06-30": -0.612, "2011-03-31": "-0.08370", "2010-12-31": -0.3173, "2010-09-30": 0.5415, "2010-06-30": -0.3608, "2010-03-31": "0.19110", "2009-12-31": -0.429, "2009-09-30": 0.3604, "2009-06-30": -0.7144, "2009-03-31": "-0.33420", "2008-12-31": -0.8415, "2008-09-30": -0.1597, "2008-06-30": -1.1311, "2008-03-31": "-0.64350", "2007-12-31": -0.6188, "2007-09-30": -0.0535, "2007-06-30": -0.2652, "2007-03-31": "-0.69220"}}, "revenue": {"American Water Works Annual Revenue (Millions of US $)": {"2019": "$3,610", "2018": "$3,440", "2017": "$3,357", "2016": "$3,302", "2015": "$3,159", "2014": "$3,011", "2013": "$2,879", "2012": "$2,854", "2011": "$2,666", "2010": "$2,555", "2009": "$2,290", "2008": "$2,337", "2007": "$2,214", "2006": "$2,093"}, "American Water Works Quarterly Revenue (Millions of US $)": {"2020-09-30": "$1,079", "2020-06-30": "$931", "2020-03-31": "$844", "2019-12-31": "$902", "2019-09-30": "$1,013", "2019-06-30": "$882", "2019-03-31": "$813", "2018-12-31": "$850", "2018-09-30": "$976", "2018-06-30": "$853", "2018-03-31": "$761", "2017-12-31": "$821", "2017-09-30": "$936", "2017-06-30": "$844", "2017-03-31": "$756", "2016-12-31": "$802", "2016-09-30": "$930", "2016-06-30": "$827", "2016-03-31": "$743", "2015-12-31": "$783", "2015-09-30": "$896", "2015-06-30": "$782", "2015-03-31": "$698", "2014-12-31": "$731", "2014-09-30": "$846", "2014-06-30": "$755", "2014-03-31": "$679", "2013-12-31": "$696", "2013-09-30": "$822", "2013-06-30": "$724", "2013-03-31": "$636", "2012-12-31": "$658", "2012-09-30": "$832", "2012-06-30": "$746", "2012-03-31": "$619", "2011-12-31": "$640", "2011-09-30": "$761", "2011-06-30": "$669", "2011-03-31": "$597", "2010-12-31": "$604", "2010-09-30": "$749", "2010-06-30": "$635", "2010-03-31": "$567", "2009-12-31": "$448", "2009-09-30": "$680", "2009-06-30": "$613", "2009-03-31": "$550", "2008-12-31": "$569", "2008-09-30": "$672", "2008-06-30": "$589", "2008-03-31": "$507", "2007-12-31": "$554", "2007-09-30": "$633", "2007-06-30": "$559", "2007-03-31": "$469"}}, "gross-profit": {"American Water Works Annual Gross Profit (Millions of US $)": {"2019": "$3,610", "2018": "$3,440", "2017": "$3,357", "2016": "$3,302", "2015": "$3,159", "2014": "$3,011", "2013": "$2,879", "2012": "$2,854", "2011": "$2,666", "2010": "$2,555", "2009": "$2,290", "2008": "$2,337", "2007": "$2,214", "2006": "$2,093"}, "American Water Works Quarterly Gross Profit (Millions of US $)": {"2020-09-30": "$1,079", "2020-06-30": "$931", "2020-03-31": "$844", "2019-12-31": "$902", "2019-09-30": "$1,013", "2019-06-30": "$882", "2019-03-31": "$813", "2018-12-31": "$850", "2018-09-30": "$976", "2018-06-30": "$853", "2018-03-31": "$761", "2017-12-31": "$821", "2017-09-30": "$936", "2017-06-30": "$844", "2017-03-31": "$756", "2016-12-31": "$802", "2016-09-30": "$930", "2016-06-30": "$827", "2016-03-31": "$743", "2015-12-31": "$783", "2015-09-30": "$896", "2015-06-30": "$782", "2015-03-31": "$698", "2014-12-31": "$731", "2014-09-30": "$846", "2014-06-30": "$755", "2014-03-31": "$679", "2013-12-31": "$696", "2013-09-30": "$822", "2013-06-30": "$724", "2013-03-31": "$636", "2012-12-31": "$658", "2012-09-30": "$832", "2012-06-30": "$746", "2012-03-31": "$619", "2011-12-31": "$640", "2011-09-30": "$761", "2011-06-30": "$669", "2011-03-31": "$597", "2010-12-31": "$604", "2010-09-30": "$749", "2010-06-30": "$635", "2010-03-31": "$567", "2009-12-31": "$448", "2009-09-30": "$680", "2009-06-30": "$613", "2009-03-31": "$550", "2008-12-31": "$569", "2008-09-30": "$672", "2008-06-30": "$589", "2008-03-31": "$507", "2007-12-31": "$554", "2007-09-30": "$633", "2007-06-30": "$559", "2007-03-31": "$469"}}, "operating-income": {"American Water Works Annual Operating Income (Millions of US $)": {"2019": "$1,170", "2018": "$1,102", "2017": "$1,253", "2016": "$1,085", "2015": "$1,075", "2014": "$1,003", "2013": "$948", "2012": "$924", "2011": "$803", "2010": "$728", "2009": "$177", "2008": "$-187", "2007": "$15", "2006": "$253"}, "American Water Works Quarterly Operating Income (Millions of US $)": {"2020-09-30": "$433", "2020-06-30": "$313", "2020-03-31": "$239", "2019-12-31": "$224", "2019-09-30": "$406", "2019-06-30": "$302", "2019-03-31": "$238", "2018-12-31": "$248", "2018-09-30": "$335", "2018-06-30": "$302", "2018-03-31": "$217", "2017-12-31": "$281", "2017-09-30": "$432", "2017-06-30": "$310", "2017-03-31": "$230", "2016-12-31": "$253", "2016-09-30": "$319", "2016-06-30": "$299", "2016-03-31": "$214", "2015-12-31": "$232", "2015-09-30": "$361", "2015-06-30": "$278", "2015-03-31": "$204", "2014-12-31": "$223", "2014-09-30": "$337", "2014-06-30": "$255", "2014-03-31": "$187", "2013-12-31": "$219", "2013-09-30": "$323", "2013-06-30": "$242", "2013-03-31": "$164", "2012-12-31": "$166", "2012-09-30": "$328", "2012-06-30": "$271", "2012-03-31": "$160", "2011-12-31": "$177", "2011-09-30": "$281", "2011-06-30": "$201", "2011-03-31": "$143", "2010-12-31": "$152", "2010-09-30": "$265", "2010-06-30": "$188", "2010-03-31": "$123", "2009-12-31": "$146", "2009-09-30": "$212", "2009-06-30": "$156", "2009-03-31": "$-337", "2008-12-31": "$133", "2008-09-30": "$210", "2008-06-30": "$141", "2008-03-31": "$-672", "2007-12-31": "$-151", "2007-09-30": "$-56", "2007-06-30": "$150", "2007-03-31": "$72"}}, "ebitda": {"American Water Works Annual EBITDA (Millions of US $)": {"2019": "$1,752", "2018": "$1,647", "2017": "$1,745", "2016": "$1,555", "2015": "$1,515", "2014": "$1,427", "2013": "$1,355", "2012": "$1,304", "2011": "$1,155", "2010": "$1,058", "2009": "$486", "2008": "$125", "2007": "$319", "2006": "$545"}, "American Water Works Quarterly EBITDA (Millions of US $)": {"2020-09-30": "$587", "2020-06-30": "$465", "2020-03-31": "$384", "2019-12-31": "$376", "2019-09-30": "$550", "2019-06-30": "$444", "2019-03-31": "$382", "2018-12-31": "$389", "2018-09-30": "$476", "2018-06-30": "$436", "2018-03-31": "$346", "2017-12-31": "$395", "2017-09-30": "$560", "2017-06-30": "$436", "2017-03-31": "$354", "2016-12-31": "$373", "2016-09-30": "$438", "2016-06-30": "$414", "2016-03-31": "$330", "2015-12-31": "$345", "2015-09-30": "$472", "2015-06-30": "$387", "2015-03-31": "$311", "2014-12-31": "$328", "2014-09-30": "$444", "2014-06-30": "$361", "2014-03-31": "$293", "2013-12-31": "$324", "2013-09-30": "$425", "2013-06-30": "$343", "2013-03-31": "$264", "2012-12-31": "$265", "2012-09-30": "$424", "2012-06-30": "$363", "2012-03-31": "$252", "2011-12-31": "$266", "2011-09-30": "$370", "2011-06-30": "$289", "2011-03-31": "$230", "2010-12-31": "$235", "2010-09-30": "$349", "2010-06-30": "$268", "2010-03-31": "$206", "2009-12-31": "$207", "2009-09-30": "$297", "2009-06-30": "$239", "2009-03-31": "$-258", "2008-12-31": "$213", "2008-09-30": "$289", "2008-06-30": "$219", "2008-03-31": "$-597", "2007-12-31": "$-72", "2007-09-30": "$21", "2007-06-30": "$225", "2007-03-31": "$146"}}, "net-income": {"American Water Works Annual Net Income (Millions of US $)": {"2019": "$621", "2018": "$567", "2017": "$426", "2016": "$468", "2015": "$476", "2014": "$423", "2013": "$369", "2012": "$358", "2011": "$310", "2010": "$268", "2009": "$-233", "2008": "$-562", "2007": "$-343", "2006": "$-162"}, "American Water Works Quarterly Net Income (Millions of US $)": {"2020-09-30": "$264", "2020-06-30": "$176", "2020-03-31": "$124", "2019-12-31": "$98", "2019-09-30": "$240", "2019-06-30": "$170", "2019-03-31": "$113", "2018-12-31": "$112", "2018-09-30": "$187", "2018-06-30": "$162", "2018-03-31": "$106", "2017-12-31": "$-1", "2017-09-30": "$203", "2017-06-30": "$131", "2017-03-31": "$93", "2016-12-31": "$101", "2016-09-30": "$148", "2016-06-30": "$137", "2016-03-31": "$82", "2015-12-31": "$99", "2015-09-30": "$174", "2015-06-30": "$123", "2015-03-31": "$80", "2014-12-31": "$93", "2014-09-30": "$152", "2014-06-30": "$109", "2014-03-31": "$68", "2013-12-31": "$59", "2013-09-30": "$151", "2013-06-30": "$101", "2013-03-31": "$58", "2012-12-31": "$55", "2012-09-30": "$154", "2012-06-30": "$107", "2012-03-31": "$42", "2011-12-31": "$65", "2011-09-30": "$137", "2011-06-30": "$81", "2011-03-31": "$26", "2010-12-31": "$40", "2010-09-30": "$124", "2010-06-30": "$73", "2010-03-31": "$31", "2009-12-31": "$36", "2009-09-30": "$92", "2009-06-30": "$52", "2009-03-31": "$-413", "2008-12-31": "$36", "2008-09-30": "$88", "2008-06-30": "$45", "2008-03-31": "$-732", "2007-12-31": "$-235", "2007-09-30": "$-160", "2007-06-30": "$49", "2007-03-31": "$3"}}, "eps-earnings-per-share-diluted": {"American Water Works Annual EPS": {"2019": "$3.43", "2018": "$3.15", "2017": "$2.38", "2016": "$2.62", "2015": "$2.64", "2014": "$2.35", "2013": "$2.06", "2012": "$2.01", "2011": "$1.75", "2010": "$1.53", "2009": "$-1.39", "2008": "$-3.52", "2007": "$-2.14", "2006": "$-1.01"}, "American Water Works Quarterly EPS": {"2020-09-30": "$1.46", "2020-06-30": "$0.97", "2020-03-31": "$0.68", "2019-12-31": "$0.54", "2019-09-30": "$1.33", "2019-06-30": "$0.94", "2019-03-31": "$0.62", "2018-12-31": "$0.62", "2018-09-30": "$1.04", "2018-06-30": "$0.90", "2018-03-31": "$0.59", "2017-12-31": "$0.00", "2017-09-30": "$1.13", "2017-06-30": "$0.73", "2017-03-31": "$0.52", "2016-12-31": "$0.56", "2016-09-30": "$0.83", "2016-06-30": "$0.77", "2016-03-31": "$0.46", "2015-12-31": "$0.56", "2015-09-30": "$0.96", "2015-06-30": "$0.68", "2015-03-31": "$0.44", "2014-12-31": "$0.51", "2014-09-30": "$0.85", "2014-06-30": "$0.61", "2014-03-31": "$0.38", "2013-12-31": "$0.33", "2013-09-30": "$0.84", "2013-06-30": "$0.57", "2013-03-31": "$0.32", "2012-12-31": "$0.31", "2012-09-30": "$0.86", "2012-06-30": "$0.60", "2012-03-31": "$0.24", "2011-12-31": "$0.36", "2011-09-30": "$0.78", "2011-06-30": "$0.46", "2011-03-31": "$0.15", "2010-12-31": "$0.22", "2010-09-30": "$0.71", "2010-06-30": "$0.42", "2010-03-31": "$0.18", "2009-12-31": "$0.35", "2009-09-30": "$0.52", "2009-06-30": "$0.32", "2009-03-31": "$-2.58", "2008-12-31": "$0.23", "2008-09-30": "$0.55", "2008-06-30": "$0.28", "2008-03-31": "$-4.58", "2007-12-31": "$-1.47", "2007-09-30": "$-1.00", "2007-06-30": "$0.31", "2007-03-31": "$0.02"}}, "shares-outstanding": {"American Water Works Annual Shares Outstanding (Millions of Shares)": {"2019": "181", "2018": "180", "2017": "179", "2016": "179", "2015": "180", "2014": "180", "2013": "179", "2012": "178", "2011": "177", "2010": "175", "2009": "168", "2008": "160", "2007": "160", "2006": "160"}, "American Water Works Quarterly Shares Outstanding (Millions of Shares)": {"2020-09-30": "182", "2020-06-30": "181", "2020-03-31": "181", "2019-12-31": "181", "2019-09-30": "181", "2019-06-30": "181", "2019-03-31": "181", "2018-12-31": "180", "2018-09-30": "181", "2018-06-30": "179", "2018-03-31": "179", "2017-12-31": "179", "2017-09-30": "179", "2017-06-30": "179", "2017-03-31": "179", "2016-12-31": "179", "2016-09-30": "178", "2016-06-30": "178", "2016-03-31": "179", "2015-12-31": "180", "2015-09-30": "180", "2015-06-30": "180", "2015-03-31": "180", "2014-12-31": "180", "2014-09-30": "180", "2014-06-30": "180", "2014-03-31": "179", "2013-12-31": "179", "2013-09-30": "179", "2013-06-30": "179", "2013-03-31": "178", "2012-12-31": "178", "2012-09-30": "178", "2012-06-30": "177", "2012-03-31": "177", "2011-12-31": "177", "2011-09-30": "177", "2011-06-30": "176", "2011-03-31": "176", "2010-12-31": "175", "2010-09-30": "175", "2010-06-30": "175", "2010-03-31": "175", "2009-12-31": "168", "2009-09-30": "175", "2009-06-30": "163", "2009-03-31": "160", "2008-12-31": "160", "2008-09-30": "160", "2008-06-30": "160", "2008-03-31": "160", "2007-12-31": "160", "2007-09-30": "160", "2007-06-30": "160", "2007-03-31": "160"}}, "total-assets": {"American Water Works Annual Total Assets (Millions of US $)": {"2019": "$22,682", "2018": "$21,223", "2017": "$19,482", "2016": "$18,482", "2015": "$17,241", "2014": "$16,038", "2013": "$15,088", "2012": "$14,719", "2011": "$14,776", "2010": "$14,086", "2009": "$13,453", "2008": "$13,232", "2007": "$12,951", "2006": "$0"}, "American Water Works Quarterly Total Assets (Millions of US $)": {"2020-09-30": "$24,394", "2020-06-30": "$24,009", "2020-03-31": "$23,546", "2019-12-31": "$22,682", "2019-09-30": "$22,238", "2019-06-30": "$21,854", "2019-03-31": "$21,464", "2018-12-31": "$21,223", "2018-09-30": "$20,880", "2018-06-30": "$20,471", "2018-03-31": "$19,728", "2017-12-31": "$19,482", "2017-09-30": "$19,361", "2017-06-30": "$18,966", "2017-03-31": "$18,610", "2016-12-31": "$18,482", "2016-09-30": "$17,971", "2016-06-30": "$17,706", "2016-03-31": "$17,417", "2015-12-31": "$17,241", "2015-09-30": "$17,105", "2015-06-30": "$16,732", "2015-03-31": "$16,264", "2014-12-31": "$16,038", "2014-09-30": "$15,716", "2014-06-30": "$15,426", "2014-03-31": "$15,275", "2013-12-31": "$15,088", "2013-09-30": "$15,228", "2013-06-30": "$14,977", "2013-03-31": "$14,769", "2012-12-31": "$14,719", "2012-09-30": "$14,600", "2012-06-30": "$14,413", "2012-03-31": "$14,088", "2011-12-31": "$14,776", "2011-09-30": "$14,539", "2011-06-30": "$14,347", "2011-03-31": "$14,129", "2010-12-31": "$14,086", "2010-09-30": "$13,984", "2010-06-30": "$13,774", "2010-03-31": "$13,541", "2009-12-31": "$13,453", "2009-09-30": "$13,346", "2009-06-30": "$13,190", "2009-03-31": "$12,907", "2008-12-31": "$13,232", "2008-09-30": "$12,781", "2008-06-30": "$12,527", "2008-03-31": "$12,268", "2007-12-31": "$12,951", "2007-09-30": "$0", "2007-06-30": "$0", "2007-03-31": "$0"}}, "cash-on-hand": {"American Water Works Annual Cash on Hand (Millions of US $)": {"2019": "$91", "2018": "$158", "2017": "$82", "2016": "$95", "2015": "$66", "2014": "$23", "2013": "$55", "2012": "$54", "2011": "$47", "2010": "$107", "2009": "$63", "2008": "$10", "2007": "$17", "2006": "$"}, "American Water Works Quarterly Cash on Hand (Millions of US $)": {"2020-09-30": "$599", "2020-06-30": "$605", "2020-03-31": "$589", "2019-12-31": "$91", "2019-09-30": "$116", "2019-06-30": "$64", "2019-03-31": "$85", "2018-12-31": "$158", "2018-09-30": "$115", "2018-06-30": "$95", "2018-03-31": "$81", "2017-12-31": "$82", "2017-09-30": "$121", "2017-06-30": "$92", "2017-03-31": "$101", "2016-12-31": "$95", "2016-09-30": "$69", "2016-06-30": "$75", "2016-03-31": "$88", "2015-12-31": "$66", "2015-09-30": "$99", "2015-06-30": "$166", "2015-03-31": "$45", "2014-12-31": "$23", "2014-09-30": "$94", "2014-06-30": "$54", "2014-03-31": "$59", "2013-12-31": "$55", "2013-09-30": "$58", "2013-06-30": "$40", "2013-03-31": "$53", "2012-12-31": "$54", "2012-09-30": "$106", "2012-06-30": "$112", "2012-03-31": "$37", "2011-12-31": "$47", "2011-09-30": "$62", "2011-06-30": "$79", "2011-03-31": "$94", "2010-12-31": "$107", "2010-09-30": "$24", "2010-06-30": "$21", "2010-03-31": "$13", "2009-12-31": "$63", "2009-09-30": "$8", "2009-06-30": "$9", "2009-03-31": "$9", "2008-12-31": "$10", "2008-09-30": "$7", "2008-06-30": "$6", "2008-03-31": "$9", "2007-12-31": "$17", "2007-09-30": "", "2007-06-30": "", "2007-03-31": ""}}, "long-term-debt": {"American Water Works Annual Long Term Debt (Millions of US $)": {"2019": "$8,644", "2018": "$7,576", "2017": "$6,498", "2016": "$5,759", "2015": "$5,874", "2014": "$5,442", "2013": "$5,230", "2012": "$5,209", "2011": "$5,361", "2010": "$5,416", "2009": "$5,312", "2008": "$4,648", "2007": "$4,699", "2006": "$"}, "American Water Works Quarterly Long Term Debt (Millions of US $)": {"2020-09-30": "$9,584", "2020-06-30": "$9,593", "2020-03-31": "$8,625", "2019-12-31": "$8,644", "2019-09-30": "$8,646", "2019-06-30": "$8,648", "2019-03-31": "$7,568", "2018-12-31": "$7,576", "2018-09-30": "$7,577", "2018-06-30": "$6,352", "2018-03-31": "$6,403", "2017-12-31": "$6,498", "2017-09-30": "$6,681", "2017-06-30": "$5,659", "2017-03-31": "$5,753", "2016-12-31": "$5,759", "2016-09-30": "$5,853", "2016-06-30": "$5,861", "2016-03-31": "$5,861", "2015-12-31": "$5,874", "2015-09-30": "$5,955", "2015-06-30": "$5,448", "2015-03-31": "$5,443", "2014-12-31": "$5,442", "2014-09-30": "$5,557", "2014-06-30": "$5,234", "2014-03-31": "$5,225", "2013-12-31": "$5,230", "2013-09-30": "$5,192", "2013-06-30": "$5,198", "2013-03-31": "$5,203", "2012-12-31": "$5,209", "2012-09-30": "$5,204", "2012-06-30": "$5,222", "2012-03-31": "$5,370", "2011-12-31": "$5,361", "2011-09-30": "$5,384", "2011-06-30": "$5,385", "2011-03-31": "$5,386", "2010-12-31": "$5,416", "2010-09-30": "$5,395", "2010-06-30": "$5,329", "2010-03-31": "$5,281", "2009-12-31": "$5,312", "2009-09-30": "$5,222", "2009-06-30": "$5,006", "2009-03-31": "$4,684", "2008-12-31": "$4,648", "2008-09-30": "$4,694", "2008-06-30": "$4,721", "2008-03-31": "$4,667", "2007-12-31": "$4,699", "2007-09-30": "", "2007-06-30": "", "2007-03-31": ""}}, "total-liabilities": {"American Water Works Annual Total Liabilities (Millions of US $)": {"2019": "$16,561", "2018": "$15,359", "2017": "$14,097", "2016": "$13,264", "2015": "$12,192", "2014": "$11,123", "2013": "$10,360", "2012": "$10,274", "2011": "$10,536", "2010": "$9,959", "2009": "$9,447", "2008": "$9,130", "2007": "$8,409", "2006": "$"}, "American Water Works Quarterly Total Liabilities (Millions of US $)": {"2020-09-30": "$17,882", "2020-06-30": "$17,671", "2020-03-31": "$17,303", "2019-12-31": "$16,561", "2019-09-30": "$16,048", "2019-06-30": "$15,827", "2019-03-31": "$15,532", "2018-12-31": "$15,359", "2018-09-30": "$15,020", "2018-06-30": "$14,735", "2018-03-31": "$14,277", "2017-12-31": "$14,097", "2017-09-30": "$13,843", "2017-06-30": "$13,582", "2017-03-31": "$13,323", "2016-12-31": "$13,264", "2016-09-30": "$12,733", "2016-06-30": "$12,553", "2016-03-31": "$12,335", "2015-12-31": "$12,192", "2015-09-30": "$11,940", "2015-06-30": "$11,679", "2015-03-31": "$11,271", "2014-12-31": "$11,123", "2014-09-30": "$10,796", "2014-06-30": "$10,553", "2014-03-31": "$10,474", "2013-12-31": "$10,360", "2013-09-30": "$10,596", "2013-06-30": "$10,405", "2013-03-31": "$10,260", "2012-12-31": "$10,274", "2012-09-30": "$10,150", "2012-06-30": "$10,087", "2012-03-31": "$9,832", "2011-12-31": "$10,536", "2011-09-30": "$10,276", "2011-06-30": "$10,185", "2011-03-31": "$9,978", "2010-12-31": "$9,959", "2010-09-30": "$9,848", "2010-06-30": "$9,730", "2010-03-31": "$9,537", "2009-12-31": "$9,447", "2009-09-30": "$9,354", "2009-06-30": "$9,257", "2009-03-31": "$9,242", "2008-12-31": "$9,130", "2008-09-30": "$8,614", "2008-06-30": "$8,419", "2008-03-31": "$8,454", "2007-12-31": "$8,409", "2007-09-30": "", "2007-06-30": "", "2007-03-31": ""}}, "total-share-holder-equity": {"American Water Works Annual Share Holder Equity (Millions of US $)": {"2019": "$6,121", "2018": "$5,864", "2017": "$5,385", "2016": "$5,218", "2015": "$5,049", "2014": "$4,915", "2013": "$4,728", "2012": "$4,445", "2011": "$4,240", "2010": "$4,128", "2009": "$4,005", "2008": "$4,102", "2007": "$4,542", "2006": "$"}, "American Water Works Quarterly Share Holder Equity (Millions of US $)": {"2020-09-30": "$6,512", "2020-06-30": "$6,338", "2020-03-31": "$6,243", "2019-12-31": "$6,121", "2019-09-30": "$6,190", "2019-06-30": "$6,027", "2019-03-31": "$5,932", "2018-12-31": "$5,864", "2018-09-30": "$5,860", "2018-06-30": "$5,736", "2018-03-31": "$5,451", "2017-12-31": "$5,385", "2017-09-30": "$5,518", "2017-06-30": "$5,384", "2017-03-31": "$5,287", "2016-12-31": "$5,218", "2016-09-30": "$5,238", "2016-06-30": "$5,153", "2016-03-31": "$5,082", "2015-12-31": "$5,049", "2015-09-30": "$5,165", "2015-06-30": "$5,053", "2015-03-31": "$4,993", "2014-12-31": "$4,915", "2014-09-30": "$4,920", "2014-06-30": "$4,873", "2014-03-31": "$4,801", "2013-12-31": "$4,728", "2013-09-30": "$4,633", "2013-06-30": "$4,572", "2013-03-31": "$4,510", "2012-12-31": "$4,445", "2012-09-30": "$4,449", "2012-06-30": "$4,326", "2012-03-31": "$4,255", "2011-12-31": "$4,240", "2011-09-30": "$4,263", "2011-06-30": "$4,162", "2011-03-31": "$4,151", "2010-12-31": "$4,128", "2010-09-30": "$4,136", "2010-06-30": "$4,044", "2010-03-31": "$4,003", "2009-12-31": "$4,005", "2009-09-30": "$3,992", "2009-06-30": "$3,933", "2009-03-31": "$3,665", "2008-12-31": "$4,102", "2008-09-30": "$4,167", "2008-06-30": "$4,107", "2008-03-31": "$3,814", "2007-12-31": "$4,542", "2007-09-30": "", "2007-06-30": "", "2007-03-31": ""}}, "profit-margins": {"current": "17.63%"}, "gross margin": {"2020-09-30": "100.00%", "2020-06-30": "100.00%", "2020-03-31": "100.00%", "2019-12-31": "100.00%", "2019-09-30": "100.00%", "2019-06-30": "100.00%", "2019-03-31": "100.00%", "2018-12-31": "100.00%", "2018-09-30": "100.00%", "2018-06-30": "100.00%", "2018-03-31": "100.00%", "2017-12-31": "100.00%", "2017-09-30": "100.00%", "2017-06-30": "100.00%", "2017-03-31": "100.00%", "2016-12-31": "100.00%", "2016-09-30": "100.00%", "2016-06-30": "100.00%", "2016-03-31": "100.00%", "2015-12-31": "100.00%", "2015-09-30": "100.00%", "2015-06-30": "100.00%", "2015-03-31": "100.00%", "2014-12-31": "100.00%", "2014-09-30": "100.00%", "2014-06-30": "100.00%", "2014-03-31": "100.00%", "2013-12-31": "100.00%", "2013-09-30": "100.00%", "2013-06-30": "100.00%", "2013-03-31": "100.00%", "2012-12-31": "100.00%", "2012-09-30": "100.00%", "2012-06-30": "100.00%", "2012-03-31": "100.00%", "2011-12-31": "100.00%", "2011-09-30": "100.00%", "2011-06-30": "100.00%", "2011-03-31": "100.00%", "2010-12-31": "100.00%", "2010-09-30": "100.00%", "2010-06-30": "100.00%", "2010-03-31": "100.00%", "2009-12-31": "100.00%", "2009-09-30": "100.00%", "2009-06-30": "100.00%", "2009-03-31": "100.00%", "2008-12-31": "100.00%", "2008-09-30": "100.00%", "2008-06-30": "100.00%", "2008-03-31": "100.00%", "2007-12-31": "100.00%"}, "operating margin": {"2020-09-30": "32.19%", "2020-06-30": "32.03%", "2020-03-31": "32.16%", "2019-12-31": "32.41%", "2019-09-30": "33.56%", "2019-06-30": "31.89%", "2019-03-31": "32.16%", "2018-12-31": "32.03%", "2018-09-30": "33.27%", "2018-06-30": "36.55%", "2018-03-31": "36.88%", "2017-12-31": "37.32%", "2017-09-30": "36.70%", "2017-06-30": "33.37%", "2017-03-31": "33.21%", "2016-12-31": "32.86%", "2016-09-30": "32.41%", "2016-06-30": "34.04%", "2016-03-31": "33.86%", "2015-12-31": "34.03%", "2015-09-30": "34.31%", "2015-06-30": "34.09%", "2015-03-31": "33.63%", "2014-12-31": "33.28%", "2014-09-30": "33.53%", "2014-06-30": "33.33%", "2014-03-31": "33.24%", "2013-12-31": "32.94%", "2013-09-30": "31.51%", "2013-06-30": "31.58%", "2013-03-31": "32.35%", "2012-12-31": "32.40%", "2012-09-30": "32.99%", "2012-06-30": "32.14%", "2012-03-31": "30.46%", "2011-12-31": "30.07%", "2011-09-30": "29.53%", "2011-06-30": "29.06%", "2011-03-31": "28.94%", "2010-12-31": "28.49%", "2010-09-30": "30.10%", "2010-06-30": "28.71%", "2010-03-31": "27.60%", "2009-12-31": "7.73%", "2009-09-30": "6.80%", "2009-06-30": "6.74%", "2009-03-31": "6.18%", "2008-12-31": "-8.04%", "2008-09-30": "-20.33%", "2008-06-30": "-32.33%", "2008-03-31": "-32.36%", "2007-12-31": "0.68%"}, "ebitda margin": {"2020-09-30": "48.24%", "2020-06-30": "48.10%", "2020-03-31": "48.17%", "2019-12-31": "48.53%", "2019-09-30": "49.61%", "2019-06-30": "48.03%", "2019-03-31": "48.20%", "2018-12-31": "47.88%", "2018-09-30": "48.46%", "2018-06-30": "51.53%", "2018-03-31": "51.67%", "2017-12-31": "51.98%", "2017-09-30": "51.62%", "2017-06-30": "48.05%", "2017-03-31": "47.63%", "2016-12-31": "47.09%", "2016-09-30": "46.51%", "2016-06-30": "48.05%", "2016-03-31": "47.88%", "2015-12-31": "47.96%", "2015-09-30": "48.21%", "2015-06-30": "48.09%", "2015-03-31": "47.66%", "2014-12-31": "47.36%", "2014-09-30": "47.78%", "2014-06-30": "47.53%", "2014-03-31": "47.42%", "2013-12-31": "47.12%", "2013-09-30": "45.67%", "2013-06-30": "45.47%", "2013-03-31": "45.82%", "2012-12-31": "45.67%", "2012-09-30": "46.00%", "2012-06-30": "45.23%", "2012-03-31": "43.77%", "2011-12-31": "43.31%", "2011-09-30": "42.72%", "2011-06-30": "42.12%", "2011-03-31": "41.86%", "2010-12-31": "41.41%", "2010-09-30": "42.93%", "2010-06-30": "41.97%", "2010-03-31": "41.12%", "2009-12-31": "21.17%", "2009-09-30": "20.36%", "2009-06-30": "20.09%", "2009-03-31": "19.45%", "2008-12-31": "5.31%", "2008-09-30": "-6.93%", "2008-06-30": "-18.79%", "2008-03-31": "-18.77%", "2007-12-31": "14.45%"}, "pre tax profit margin": {"2020-09-30": "23.40%", "2020-06-30": "22.90%", "2020-03-31": "23.07%", "2019-12-31": "23.07%", "2019-09-30": "24.37%", "2019-06-30": "22.83%", "2019-03-31": "22.88%", "2018-12-31": "22.88%", "2018-09-30": "23.98%", "2018-06-30": "26.79%", "2018-03-31": "26.98%", "2017-12-31": "27.17%", "2017-09-30": "26.27%", "2017-06-30": "23.41%", "2017-03-31": "23.50%", "2016-12-31": "23.32%", "2016-09-30": "23.21%", "2016-06-30": "24.81%", "2016-03-31": "24.50%", "2015-12-31": "24.75%", "2015-09-30": "24.88%", "2015-06-30": "24.53%", "2015-03-31": "24.06%", "2014-12-31": "23.58%", "2014-09-30": "22.31%", "2014-06-30": "21.95%", "2014-03-31": "21.67%", "2013-12-31": "21.13%", "2013-09-30": "21.06%", "2013-06-30": "21.23%", "2013-03-31": "22.08%", "2012-12-31": "22.07%", "2012-09-30": "22.52%", "2012-06-30": "21.37%", "2012-03-31": "19.34%", "2011-12-31": "18.90%", "2011-09-30": "17.98%", "2011-06-30": "17.60%", "2011-03-31": "17.41%", "2010-12-31": "16.79%", "2010-09-30": "17.76%", "2010-06-30": "16.01%", "2010-03-31": "14.90%", "2009-12-31": "-4.67%", "2009-09-30": "-4.56%", "2009-06-30": "-4.41%", "2009-03-31": "-4.87%", "2008-12-31": "-19.26%", "2008-09-30": "-31.74%", "2008-06-30": "-43.93%", "2008-03-31": "-44.21%", "2007-12-31": "-11.51%"}, "net profit margin": {"2020-09-30": "17.63%", "2020-06-30": "17.29%", "2020-03-31": "17.36%", "2019-12-31": "17.20%", "2019-09-30": "17.85%", "2019-06-30": "16.53%", "2019-03-31": "16.44%", "2018-12-31": "16.48%", "2018-09-30": "13.31%", "2018-06-30": "13.94%", "2018-03-31": "13.06%", "2017-12-31": "12.69%", "2017-09-30": "15.82%", "2017-06-30": "14.20%", "2017-03-31": "14.45%", "2016-12-31": "14.17%", "2016-09-30": "14.19%", "2016-06-30": "15.14%", "2016-03-31": "14.92%", "2015-12-31": "15.07%", "2015-09-30": "15.13%", "2015-06-30": "14.65%", "2015-03-31": "14.32%", "2014-12-31": "14.02%", "2014-09-30": "13.04%", "2014-06-30": "13.11%", "2014-03-31": "12.98%", "2013-12-31": "12.82%", "2013-09-30": "12.85%", "2013-06-30": "12.91%", "2013-03-31": "13.02%", "2012-12-31": "12.54%", "2012-09-30": "12.97%", "2012-06-30": "12.69%", "2012-03-31": "12.09%", "2011-12-31": "11.59%", "2011-09-30": "10.79%", "2011-06-30": "10.35%", "2011-03-31": "10.17%", "2010-12-31": "10.49%", "2010-09-30": "11.00%", "2010-06-30": "9.96%", "2010-03-31": "9.14%", "2009-12-31": "-10.17%", "2009-09-30": "-9.66%", "2009-06-30": "-9.86%", "2009-03-31": "-10.25%", "2008-12-31": "-24.09%", "2008-09-30": "-35.92%", "2008-06-30": "-47.39%", "2008-03-31": "-47.85%", "2007-12-31": "-15.49%"}, "pe ratio": {"current": "42.67", "2021-02-11": "45.16", "2020-09-30": "39.43", "2020-06-30": "36.17", "2020-03-31": "33.74", "2019-12-31": "35.15", "2019-09-30": "34.58", "2019-06-30": "35.05", "2019-03-31": "31.66", "2018-12-31": "27.69", "2018-09-30": "33.35", "2018-06-30": "31.09", "2018-03-31": "31.94", "2017-12-31": "36.44", "2017-09-30": "25.77", "2017-06-30": "27.50", "2017-03-31": "26.88", "2016-12-31": "25.45", "2016-09-30": "26.39", "2016-06-30": "28.25", "2016-03-31": "23.71", "2015-12-31": "20.59", "2015-09-30": "19.09", "2015-06-30": "17.49", "2015-03-31": "19.93", "2014-12-31": "19.98", "2014-09-30": "19.55", "2014-06-30": "20.00", "2014-03-31": "18.59", "2013-12-31": "17.69", "2013-09-30": "17.33", "2013-06-30": "17.03", "2013-03-31": "16.76", "2012-12-31": "15.61", "2012-09-30": "14.93", "2012-06-30": "14.26", "2012-03-31": "14.96", "2011-12-31": "13.70", "2011-09-30": "13.90", "2011-06-30": "14.01", "2011-03-31": "13.73", "2010-12-31": "12.99", "2010-09-30": "12.00", "2010-06-30": "12.02", "2010-03-31": "13.60", "2009-12-31": "0.00", "2009-09-30": "0.00", "2009-06-30": "0.00", "2009-03-31": "0.00"}, "price sales": {"2021-02-11": "7.96", "2020-09-30": "6.95", "2020-06-30": "6.24", "2020-03-31": "5.85", "2019-12-31": "6.04", "2019-09-30": "6.17", "2019-06-30": "5.79", "2019-03-31": "5.21", "2018-12-31": "4.57", "2018-09-30": "4.44", "2018-06-30": "4.33", "2018-03-31": "4.15", "2017-12-31": "4.61", "2017-09-30": "4.08", "2017-06-30": "3.91", "2017-03-31": "3.89", "2016-12-31": "3.62", "2016-09-30": "3.75", "2016-06-30": "4.27", "2016-03-31": "3.52", "2015-12-31": "3.09", "2015-09-30": "2.88", "2015-06-30": "2.56", "2015-03-31": "2.86", "2014-12-31": "2.82", "2014-09-30": "2.56", "2014-06-30": "2.62", "2014-03-31": "2.42", "2013-12-31": "2.26", "2013-09-30": "2.22", "2013-06-30": "2.19", "2013-03-31": "2.17", "2012-12-31": "1.95", "2012-09-30": "1.93", "2012-06-30": "1.82", "2012-03-31": "1.84", "2011-12-31": "1.72", "2011-09-30": "1.64", "2011-06-30": "1.59", "2011-03-31": "1.52", "2010-12-31": "1.37", "2010-09-30": "1.32", "2010-06-30": "1.19", "2010-03-31": "1.23", "2009-12-31": "1.24", "2009-09-30": "1.03", "2009-06-30": "0.95", "2009-03-31": "0.95"}, "price book": {"current": "4.55", "2021-02-11": "4.59", "2020-09-30": "4.01", "2020-06-30": "3.64", "2020-03-31": "3.41", "2019-12-31": "3.56", "2019-09-30": "3.54", "2019-06-30": "3.38", "2019-03-31": "3.07", "2018-12-31": "2.70", "2018-09-30": "2.60", "2018-06-30": "2.56", "2018-03-31": "2.55", "2017-12-31": "2.86", "2017-09-30": "2.46", "2017-06-30": "2.41", "2017-03-31": "2.43", "2016-12-31": "2.28", "2016-09-30": "2.34", "2016-06-30": "2.67", "2016-03-31": "2.20", "2015-12-31": "1.91", "2015-09-30": "1.73", "2015-06-30": "1.55", "2015-03-31": "1.74", "2014-12-31": "1.72", "2014-09-30": "1.55", "2014-06-30": "1.59", "2014-03-31": "1.47", "2013-12-31": "1.37", "2013-09-30": "1.36", "2013-06-30": "1.37", "2013-03-31": "1.38", "2012-12-31": "1.25", "2012-09-30": "1.23", "2012-06-30": "1.16", "2012-03-31": "1.16", "2011-12-31": "1.08", "2011-09-30": "1.01", "2011-06-30": "1.00", "2011-03-31": "0.95", "2010-12-31": "0.85", "2010-09-30": "0.77", "2010-06-30": "0.69", "2010-03-31": "0.73", "2009-12-31": "0.74", "2009-09-30": "0.66", "2009-06-30": "0.63", "2009-03-31": "0.62", "2008-12-31": "0.59", "2008-09-30": "0.60", "2008-06-30": "0.62"}, "price fcf": {"2021-02-11": "", "2020-09-30": "$-2.17", "2020-06-30": "$-1.90", "2020-03-31": "$-1.69", "2019-12-31": "$-1.23", "2019-09-30": "$-1.15", "2019-06-30": "$-0.95", "2019-03-31": "$-0.93", "2018-12-31": "$-0.92", "2018-09-30": "$-0.81", "2018-06-30": "$-0.58", "2018-03-31": "$-0.65", "2017-12-31": "$0.17", "2017-09-30": "$0.17", "2017-06-30": "$-0.15", "2017-03-31": "$0.10", "2016-12-31": "$-0.07", "2016-09-30": "$-0.04", "2016-06-30": "$0.20", "2016-03-31": "$0.24", "2015-12-31": "$0.22", "2015-09-30": "$0.28", "2015-06-30": "$0.27", "2015-03-31": "$0.42", "2014-12-31": "$0.86", "2014-09-30": "$0.37", "2014-06-30": "$0.59", "2014-03-31": "$0.18", "2013-12-31": "$-0.46", "2013-09-30": "$-0.01", "2013-06-30": "$0.28", "2013-03-31": "$0.84", "2012-12-31": "$3.31", "2012-09-30": "$3.07", "2012-06-30": "$2.35", "2012-03-31": "$1.60", "2011-12-31": "$-0.60", "2011-09-30": "$-0.54", "2011-06-30": "$-0.47", "2011-03-31": "$-0.22", "2010-12-31": "$0.05", "2010-09-30": "$-0.06", "2010-06-30": "$-0.24", "2010-03-31": "$-0.59", "2009-12-31": "$-1.12", "2009-09-30": "$-1.53", "2009-06-30": "$-2.05", "2009-03-31": "$-3.11"}, "net worth": {"value": "$29.63B"}, "current ratio": {"current": "0.87", "2020-09-30": "0.87", "2020-06-30": "0.90", "2020-03-31": "0.65", "2019-12-31": "0.63", "2019-09-30": "0.54", "2019-06-30": "0.56", "2019-03-31": "0.32", "2018-12-31": "0.37", "2018-09-30": "0.46", "2018-06-30": "0.28", "2018-03-31": "0.29", "2017-12-31": "0.31", "2017-09-30": "0.49", "2017-06-30": "0.30", "2017-03-31": "0.32", "2016-12-31": "0.33", "2016-09-30": "0.42", "2016-06-30": "0.40", "2016-03-31": "0.40", "2015-12-31": "0.43", "2015-09-30": "0.75", "2015-06-30": "0.59", "2015-03-31": "0.59", "2014-12-31": "0.46", "2014-09-30": "0.72", "2014-06-30": "0.57", "2014-03-31": "0.57", "2013-12-31": "0.46", "2013-09-30": "0.54", "2013-06-30": "0.52", "2013-03-31": "0.51", "2012-12-31": "0.50", "2012-09-30": "0.64", "2012-06-30": "0.60", "2012-03-31": "0.79", "2011-12-31": "0.94", "2011-09-30": "1.07", "2011-06-30": "1.13", "2011-03-31": "1.15", "2010-12-31": "1.32", "2010-09-30": "0.85", "2010-06-30": "0.78", "2010-03-31": "0.75", "2009-12-31": "0.82", "2009-09-30": "0.86", "2009-06-30": "0.63", "2009-03-31": "0.36", "2008-12-31": "0.38", "2008-09-30": "0.53", "2008-06-30": "0.62", "2008-03-31": "0.48", "2007-12-31": "0.56", "2007-09-30": "0.00", "2007-06-30": "0.00", "2007-03-31": "0.00"}, "quick ratio": {"2020-09-30": "0.85", "2020-06-30": "0.87", "2020-03-31": "0.63", "2019-12-31": "0.61", "2019-09-30": "0.51", "2019-06-30": "0.53", "2019-03-31": "0.30", "2018-12-31": "0.35", "2018-09-30": "0.43", "2018-06-30": "0.27", "2018-03-31": "0.27", "2017-12-31": "0.29", "2017-09-30": "0.47", "2017-06-30": "0.29", "2017-03-31": "0.30", "2016-12-31": "0.31", "2016-09-30": "0.40", "2016-06-30": "0.37", "2016-03-31": "0.37", "2015-12-31": "0.40", "2015-09-30": "0.72", "2015-06-30": "0.56", "2015-03-31": "0.56", "2014-12-31": "0.43", "2014-09-30": "0.68", "2014-06-30": "0.54", "2014-03-31": "0.55", "2013-12-31": "0.44", "2013-09-30": "0.51", "2013-06-30": "0.49", "2013-03-31": "0.48", "2012-12-31": "0.47", "2012-09-30": "0.61", "2012-06-30": "0.57", "2012-03-31": "0.75", "2011-12-31": "0.92", "2011-09-30": "1.05", "2011-06-30": "1.10", "2011-03-31": "1.12", "2010-12-31": "1.29", "2010-09-30": "0.80", "2010-06-30": "0.74", "2010-03-31": "0.71", "2009-12-31": "0.77", "2009-09-30": "0.81", "2009-06-30": "0.58", "2009-03-31": "0.33", "2008-12-31": "0.35", "2008-09-30": "0.50", "2008-06-30": "0.58", "2008-03-31": "0.44", "2007-12-31": "0.52", "2007-09-30": "0.00", "2007-06-30": "0.00", "2007-03-31": "0.00"}, "debt equity ratio": {"current": "1.47", "2020-09-30": "2.75", "2020-06-30": "2.79", "2020-03-31": "2.77", "2019-12-31": "2.71", "2019-09-30": "2.59", "2019-06-30": "2.63", "2019-03-31": "2.62", "2018-12-31": "2.62", "2018-09-30": "2.56", "2018-06-30": "2.57", "2018-03-31": "2.62", "2017-12-31": "2.62", "2017-09-30": "2.51", "2017-06-30": "2.52", "2017-03-31": "2.52", "2016-12-31": "2.54", "2016-09-30": "2.43", "2016-06-30": "2.44", "2016-03-31": "2.43", "2015-12-31": "2.42", "2015-09-30": "2.31", "2015-06-30": "2.31", "2015-03-31": "2.26", "2014-12-31": "2.26", "2014-09-30": "2.19", "2014-06-30": "2.17", "2014-03-31": "2.18", "2013-12-31": "2.19", "2013-09-30": "2.29", "2013-06-30": "2.28", "2013-03-31": "2.28", "2012-12-31": "2.31", "2012-09-30": "2.28", "2012-06-30": "2.33", "2012-03-31": "2.31", "2011-12-31": "2.49", "2011-09-30": "2.41", "2011-06-30": "2.45", "2011-03-31": "2.40", "2010-12-31": "2.41", "2010-09-30": "2.38", "2010-06-30": "2.41", "2010-03-31": "2.38", "2009-12-31": "2.36", "2009-09-30": "2.34", "2009-06-30": "2.35", "2009-03-31": "2.52", "2008-12-31": "2.23", "2008-09-30": "2.07", "2008-06-30": "2.05", "2008-03-31": "2.22", "2007-12-31": "1.85", "2007-09-30": "0.00", "2007-06-30": "0.00", "2007-03-31": "0.00"}, "return on equity": {"2020-09-30": "10.50%", "2020-06-30": "10.25%", "2020-03-31": "10.28%", "2019-12-31": "10.23%", "2019-09-30": "10.58%", "2019-06-30": "9.83%", "2019-03-31": "9.82%", "2018-12-31": "9.90%", "2018-09-30": "8.10%", "2018-06-30": "8.51%", "2018-03-31": "8.08%", "2017-12-31": "7.90%", "2017-09-30": "9.87%", "2017-06-30": "8.96%", "2017-03-31": "9.17%", "2016-12-31": "9.05%", "2016-09-30": "9.08%", "2016-06-30": "9.62%", "2016-03-31": "9.40%", "2015-12-31": "9.40%", "2015-09-30": "9.34%", "2015-06-30": "9.01%", "2015-03-31": "8.81%", "2014-12-31": "8.65%", "2014-09-30": "8.03%", "2014-06-30": "8.13%", "2014-03-31": "8.09%", "2013-12-31": "8.00%", "2013-09-30": "8.04%", "2013-06-30": "8.19%", "2013-03-31": "8.44%", "2012-12-31": "8.19%", "2012-09-30": "8.52%", "2012-06-30": "8.22%", "2012-03-31": "7.68%", "2011-12-31": "7.35%", "2011-09-30": "6.80%", "2011-06-30": "6.54%", "2011-03-31": "6.39%", "2010-12-31": "6.57%", "2010-09-30": "6.52%", "2010-06-30": "5.78%", "2010-03-31": "5.30%", "2009-12-31": "-5.98%", "2009-09-30": "-5.94%", "2009-06-30": "-5.97%", "2009-03-31": "-6.08%", "2008-12-31": "-13.91%", "2008-09-30": "-20.06%", "2008-06-30": "-34.73%", "2008-03-31": "-51.60%", "2007-12-31": "-30.21%"}, "return on assets": {"2020-09-30": "2.80%", "2020-06-30": "2.76%", "2020-03-31": "2.80%", "2019-12-31": "2.82%", "2019-09-30": "2.93%", "2019-06-30": "2.73%", "2019-03-31": "2.73%", "2018-12-31": "2.76%", "2018-09-30": "2.25%", "2018-06-30": "2.38%", "2018-03-31": "2.26%", "2017-12-31": "2.23%", "2017-09-30": "2.80%", "2017-06-30": "2.56%", "2017-03-31": "2.63%", "2016-12-31": "2.62%", "2016-09-30": "2.65%", "2016-06-30": "2.83%", "2016-03-31": "2.79%", "2015-12-31": "2.83%", "2015-09-30": "2.84%", "2015-06-30": "2.77%", "2015-03-31": "2.74%", "2014-12-31": "2.70%", "2014-09-30": "2.52%", "2014-06-30": "2.54%", "2014-03-31": "2.50%", "2013-12-31": "2.46%", "2013-09-30": "2.45%", "2013-06-30": "2.49%", "2013-03-31": "2.56%", "2012-12-31": "2.48%", "2012-09-30": "2.54%", "2012-06-30": "2.43%", "2012-03-31": "2.25%", "2011-12-31": "2.14%", "2011-09-30": "1.99%", "2011-06-30": "1.92%", "2011-03-31": "1.88%", "2010-12-31": "1.94%", "2010-09-30": "1.93%", "2010-06-30": "1.71%", "2010-03-31": "1.58%", "2009-12-31": "-1.76%", "2009-09-30": "-1.77%", "2009-06-30": "-1.82%", "2009-03-31": "-1.90%", "2008-12-31": "-4.43%", "2008-09-30": "-6.60%", "2008-06-30": "-11.47%", "2008-03-31": "-17.10%", "2007-12-31": "-10.59%"}, "return on investments": {"2020-09-30": "7.84%", "2020-06-30": "7.83%", "2020-03-31": "7.92%", "2019-12-31": "8.10%", "2019-09-30": "8.46%", "2019-06-30": "8.16%", "2019-03-31": "8.56%", "2018-12-31": "8.67%", "2018-09-30": "9.22%", "2018-06-30": "10.26%", "2018-03-31": "10.56%", "2017-12-31": "10.86%", "2017-09-30": "10.83%", "2017-06-30": "10.07%", "2017-03-31": "9.98%", "2016-12-31": "9.86%", "2016-09-30": "9.68%", "2016-06-30": "10.05%", "2016-03-31": "9.98%", "2015-12-31": "10.00%", "2015-09-30": "10.05%", "2015-06-30": "9.98%", "2015-03-31": "9.85%", "2014-12-31": "9.78%", "2014-09-30": "9.84%", "2014-06-30": "9.86%", "2014-03-31": "9.81%", "2013-12-31": "9.66%", "2013-09-30": "9.19%", "2013-06-30": "9.28%", "2013-03-31": "9.64%", "2012-12-31": "9.62%", "2012-09-30": "9.74%", "2012-06-30": "9.26%", "2012-03-31": "8.53%", "2011-12-31": "8.37%", "2011-09-30": "8.12%", "2011-06-30": "7.98%", "2011-03-31": "7.88%", "2010-12-31": "7.72%", "2010-09-30": "7.70%", "2010-06-30": "7.20%", "2010-03-31": "6.93%", "2009-12-31": "1.98%", "2009-09-30": "1.86%", "2009-06-30": "1.86%", "2009-03-31": "1.69%", "2008-12-31": "-2.15%", "2008-09-30": "-5.33%", "2008-06-30": "-11.12%", "2008-03-31": "-16.45%", "2007-12-31": "0.65%"}, "return on tangible equity": {"2020-09-30": "13.97%", "2020-06-30": "13.76%", "2020-03-31": "13.93%", "2019-12-31": "14.00%", "2019-09-30": "14.60%", "2019-06-30": "13.65%", "2019-03-31": "13.75%", "2018-12-31": "13.75%", "2018-09-30": "11.15%", "2018-06-30": "11.58%", "2018-03-31": "10.82%", "2017-12-31": "10.59%", "2017-09-30": "13.22%", "2017-06-30": "12.01%", "2017-03-31": "12.30%", "2016-12-31": "12.15%", "2016-09-30": "12.20%", "2016-06-30": "12.94%", "2016-03-31": "12.57%", "2015-12-31": "12.50%", "2015-09-30": "12.38%", "2015-06-30": "11.91%", "2015-03-31": "11.68%", "2014-12-31": "11.50%", "2014-09-30": "10.71%", "2014-06-30": "10.90%", "2014-03-31": "10.90%", "2013-12-31": "10.84%", "2013-09-30": "10.95%", "2013-06-30": "11.20%", "2013-03-31": "11.60%", "2012-12-31": "11.31%", "2012-09-30": "11.81%", "2012-06-30": "11.42%", "2012-03-31": "10.71%", "2011-12-31": "10.28%", "2011-09-30": "9.54%", "2011-06-30": "9.24%", "2011-03-31": "9.10%", "2010-12-31": "9.43%", "2010-09-30": "9.44%", "2010-06-30": "8.40%", "2010-03-31": "7.72%", "2009-12-31": "-8.80%", "2009-09-30": "-9.10%", "2009-06-30": "-9.52%", "2009-03-31": "-10.08%", "2008-12-31": "-24.03%", "2008-09-30": "-36.84%", "2008-06-30": "-65.65%", "2008-03-31": "-102.86%", "2007-12-31": "-65.80%"}, "dividend yield history": {"last payout": "$2.20", "last yield": "1.35%"}}