{"ticker": "AXTA", "price": {"title": "Axalta Coating Systems Historical Annual Stock Price Data", "value": 27.74, "historical": {"2020": {"Average Stock Price": "24.1162", "Year Open": "30.6500", "Year High": "31.2200", "Year Low": "13.6700", "Year Close": "28.5500", "Annual % Change": "-6.09%"}, "2019": {"Average Stock Price": "27.8391", "Year Open": "23.6200", "Year High": "31.7300", "Year Low": "22.9300", "Year Close": "30.4000", "Annual % Change": "29.80%"}, "2018": {"Average Stock Price": "29.3559", "Year Open": "32.0400", "Year High": "32.9100", "Year Low": "21.7800", "Year Close": "23.4200", "Annual % Change": "-27.63%"}, "2017": {"Average Stock Price": "30.8899", "Year Open": "27.6500", "Year High": "37.5500", "Year Low": "27.2800", "Year Close": "32.3600", "Annual % Change": "18.97%"}, "2016": {"Average Stock Price": "27.0387", "Year Open": "25.8400", "Year High": "30.3300", "Year Low": "21.0500", "Year Close": "27.2000", "Annual % Change": "2.06%"}, "2015": {"Average Stock Price": "29.4218", "Year Open": "26.2400", "Year High": "36.3700", "Year Low": "24.4900", "Year Close": "26.6500", "Annual % Change": "2.42%"}, "2014": {"Average Stock Price": "24.6288", "Year Open": "20.7500", "Year High": "27.4500", "Year Low": "20.7500", "Year Close": "26.0200", "Annual % Change": "0.00%"}}}, "market cap": {"value": "$6.53B"}, "income statement": {"Revenue": {"2019-12-31": "4482.20000", "2018-12-31": "4696.00000", "2017-12-31": "4377.00000", "2016-12-31": "4092.70000", "2015-12-31": "4110.00000", "2014-12-31": "4391.50000", "2013-12-31": "3986.80000", "2012-12-31": "4256.80000", "2011-12-31": "4315.80000"}, "Cost Of Goods Sold": {"2019-12-31": "2917.90000", "2018-12-31": "3106.30000", "2017-12-31": "2780.50000", "2016-12-31": "2528.80000", "2015-12-31": "2597.30000", "2014-12-31": "2897.20000", "2013-12-31": "2772.80000", "2012-12-31": "2932.60000", "2011-12-31": "3074.50000"}, "Gross Profit": {"2019-12-31": "1564.30000", "2018-12-31": "1589.70000", "2017-12-31": "1596.50000", "2016-12-31": "1563.90000", "2015-12-31": "1512.70000", "2014-12-31": "1494.30000", "2013-12-31": "1214.00000", "2012-12-31": "1324.20000", "2011-12-31": "1241.30000"}, "Research And Development Expenses": {"2019-12-31": "70.20000", "2018-12-31": "73.10000", "2017-12-31": "65.30000", "2016-12-31": "57.70000", "2015-12-31": "51.60000", "2014-12-31": "49.50000", "2013-12-31": "40.50000", "2012-12-31": "41.50000", "2011-12-31": "49.60000"}, "SG&A Expenses": {"2019-12-31": "822.10000", "2018-12-31": "876.40000", "2017-12-31": "934.70000", "2016-12-31": "959.80000", "2015-12-31": "914.80000", "2014-12-31": "991.50000", "2013-12-31": "1040.60000", "2012-12-31": "873.40000", "2011-12-31": "869.10000"}, "Other Operating Income Or Expenses": {"2019-12-31": "-70.70000", "2018-12-31": "-82.70000", "2017-12-31": "-131.60000", "2016-12-31": "", "2015-12-31": "", "2014-12-31": "", "2013-12-31": "", "2012-12-31": "", "2011-12-31": ""}, "Operating Expenses": {"2019-12-31": "3994.00000", "2018-12-31": "4253.90000", "2017-12-31": "4013.30000", "2016-12-31": "3687.60000", "2015-12-31": "3644.40000", "2014-12-31": "4022.00000", "2013-12-31": "3961.90000", "2012-12-31": "3847.50000", "2011-12-31": "3993.20000"}, "Operating Income": {"2019-12-31": "488.20040", "2018-12-31": "442.09960", "2017-12-31": "363.70000", "2016-12-31": "405.10010", "2015-12-31": "465.59990", "2014-12-31": "369.50000", "2013-12-31": "24.90020", "2012-12-31": "409.29980", "2011-12-31": "322.59960"}, "Total Non-Operating Income/Expense": {"2019-12-31": "-158.20000", "2018-12-31": "-174.60000", "2017-12-31": "-174.10000", "2016-12-31": "-322.40000", "2015-12-31": "-307.70000", "2014-12-31": "-332.70000", "2013-12-31": "-288.60000", "2012-12-31": "-16.30000", "2011-12-31": "-20.40000"}, "Pre-Tax Income": {"2019-12-31": "330.00000", "2018-12-31": "267.50000", "2017-12-31": "189.60000", "2016-12-31": "82.70000", "2015-12-31": "157.90000", "2014-12-31": "36.80000", "2013-12-31": "-263.70000", "2012-12-31": "393.00000", "2011-12-31": "302.20000"}, "Income Taxes": {"2019-12-31": "77.40000", "2018-12-31": "54.20000", "2017-12-31": "141.90000", "2016-12-31": "38.10000", "2015-12-31": "62.10000", "2014-12-31": "2.10000", "2013-12-31": "-44.80000", "2012-12-31": "145.20000", "2011-12-31": "120.70000"}, "Income After Taxes": {"2019-12-31": "252.60000", "2018-12-31": "213.30000", "2017-12-31": "47.70000", "2016-12-31": "44.60000", "2015-12-31": "95.80000", "2014-12-31": "34.70000", "2013-12-31": "-218.90000", "2012-12-31": "247.80000", "2011-12-31": "181.50000"}, "Other Income": {"2019-12-31": "", "2018-12-31": "", "2017-12-31": "", "2016-12-31": "", "2015-12-31": "", "2014-12-31": "", "2013-12-31": "", "2012-12-31": "", "2011-12-31": ""}, "Income From Continuous Operations": {"2019-12-31": "252.60000", "2018-12-31": "213.30000", "2017-12-31": "47.70000", "2016-12-31": "44.60000", "2015-12-31": "95.80000", "2014-12-31": "34.70000", "2013-12-31": "-218.90000", "2012-12-31": "247.80000", "2011-12-31": "181.50000"}, "Income From Discontinued Operations": {"2019-12-31": "", "2018-12-31": "", "2017-12-31": "", "2016-12-31": "", "2015-12-31": "", "2014-12-31": "", "2013-12-31": "", "2012-12-31": "", "2011-12-31": ""}, "Net Income": {"2019-12-31": "249.00000", "2018-12-31": "207.10000", "2017-12-31": "36.70000", "2016-12-31": "38.80000", "2015-12-31": "91.60000", "2014-12-31": "27.40000", "2013-12-31": "-224.90000", "2012-12-31": "243.30000", "2011-12-31": "179.40000"}, "EBITDA": {"2019-12-31": "850.00040", "2018-12-31": "819.19960", "2017-12-31": "719.20000", "2016-12-31": "745.00010", "2015-12-31": "793.89990", "2014-12-31": "699.20000", "2013-12-31": "344.00020", "2012-12-31": "519.99980", "2011-12-31": "431.29960"}, "EBIT": {"2019-12-31": "488.20040", "2018-12-31": "442.09960", "2017-12-31": "363.70000", "2016-12-31": "405.10010", "2015-12-31": "465.59990", "2014-12-31": "369.50000", "2013-12-31": "24.90020", "2012-12-31": "409.29980", "2011-12-31": "322.59960"}, "Basic Shares Outstanding": {"2019-12-31": "233.90000", "2018-12-31": "239.00000", "2017-12-31": "240.40000", "2016-12-31": "238.10000", "2015-12-31": "233.80000", "2014-12-31": "229.30000", "2013-12-31": "228.30000", "2012-12-31": "", "2011-12-31": ""}, "Shares Outstanding": {"2019-12-31": "235.80000", "2018-12-31": "242.90000", "2017-12-31": "246.10000", "2016-12-31": "244.40000", "2015-12-31": "239.70000", "2014-12-31": "230.30000", "2013-12-31": "228.30000", "2012-12-31": "", "2011-12-31": ""}, "Basic EPS": {"2019-12-31": "1.06000", "2018-12-31": "0.87000", "2017-12-31": "0.15000", "2016-12-31": "0.16000", "2015-12-31": "0.39000", "2014-12-31": "0.12000", "2013-12-31": "-0.97000", "2012-12-31": "", "2011-12-31": ""}, "EPS - Earnings Per Share": {"2019-12-31": "1.06000", "2018-12-31": "0.85000", "2017-12-31": "0.15000", "2016-12-31": "0.16000", "2015-12-31": "0.38000", "2014-12-31": "0.12000", "2013-12-31": "-0.97000", "2012-12-31": "0.00000", "2011-12-31": "0.00000"}}, "income statement, quarterly": {"Revenue": {"2020-09-30": "1026.90000", "2020-06-30": "652.70000", "2020-03-31": "983.50000", "2019-12-31": "1098.40000", "2019-09-30": "1107.00000", "2019-06-30": "1157.50000", "2019-03-31": "1119.30000", "2018-12-31": "1165.80000", "2018-09-30": "1146.00000", "2018-06-30": "1212.20000", "2018-03-31": "1172.00000", "2017-12-31": "1172.40000", "2017-09-30": "1096.30000", "2017-06-30": "1094.60000", "2017-03-31": "1013.70000", "2016-12-31": "1034.20000", "2016-09-30": "1026.30000", "2016-06-30": "1070.60000", "2016-03-31": "961.60000", "2015-12-31": "1006.30000", "2015-09-30": "1005.10000", "2015-06-30": "1101.10000", "2015-03-31": "997.50000", "2014-12-31": "1087.00000", "2014-09-30": "1115.80000", "2014-06-30": "1134.30000", "2014-03-31": "1054.40000", "2013-12-31": "", "2013-09-30": "1082.80000", "2012-12-31": "", "2011-12-31": ""}, "Cost Of Goods Sold": {"2020-09-30": "634.10000", "2020-06-30": "499.20000", "2020-03-31": "646.80000", "2019-12-31": "710.80000", "2019-09-30": "707.40000", "2019-06-30": "748.40000", "2019-03-31": "751.30000", "2018-12-31": "777.40010", "2018-09-30": "759.10000", "2018-06-30": "793.80000", "2018-03-31": "776.00000", "2017-12-31": "746.60000", "2017-09-30": "702.50000", "2017-06-30": "690.00000", "2017-03-31": "641.40000", "2016-12-31": "643.00000", "2016-09-30": "630.40000", "2016-06-30": "649.00000", "2016-03-31": "606.40000", "2015-12-31": "639.20000", "2015-09-30": "628.60000", "2015-06-30": "679.70000", "2015-03-31": "649.80000", "2014-12-31": "723.10010", "2014-09-30": "728.10000", "2014-06-30": "742.50000", "2014-03-31": "703.50000", "2013-12-31": "", "2013-09-30": "739.10000", "2012-12-31": "", "2011-12-31": ""}, "Gross Profit": {"2020-09-30": "392.80000", "2020-06-30": "153.50000", "2020-03-31": "336.70000", "2019-12-31": "387.60020", "2019-09-30": "399.60000", "2019-06-30": "409.10000", "2019-03-31": "368.00010", "2018-12-31": "388.39990", "2018-09-30": "386.90000", "2018-06-30": "418.40000", "2018-03-31": "396.00000", "2017-12-31": "425.80020", "2017-09-30": "393.80000", "2017-06-30": "404.60000", "2017-03-31": "372.30000", "2016-12-31": "391.20000", "2016-09-30": "395.90000", "2016-06-30": "421.60000", "2016-03-31": "355.20000", "2015-12-31": "367.09990", "2015-09-30": "376.50000", "2015-06-30": "421.40000", "2015-03-31": "347.70000", "2014-12-31": "363.89980", "2014-09-30": "387.70010", "2014-06-30": "391.80000", "2014-03-31": "350.90000", "2013-12-31": "", "2013-09-30": "343.70010", "2012-12-31": "", "2011-12-31": ""}, "Research And Development Expenses": {"2020-09-30": "13.40000", "2020-06-30": "11.20000", "2020-03-31": "16.60000", "2019-12-31": "16.70000", "2019-09-30": "17.40000", "2019-06-30": "17.90000", "2019-03-31": "18.20000", "2018-12-31": "18.80000", "2018-09-30": "17.00000", "2018-06-30": "18.00000", "2018-03-31": "19.30000", "2017-12-31": "16.70000", "2017-09-30": "16.60000", "2017-06-30": "16.40000", "2017-03-31": "15.60000", "2016-12-31": "16.10000", "2016-09-30": "14.90000", "2016-06-30": "14.10000", "2016-03-31": "12.60000", "2015-12-31": "12.90000", "2015-09-30": "13.00000", "2015-06-30": "12.80000", "2015-03-31": "12.90000", "2014-12-31": "12.70000", "2014-09-30": "13.40000", "2014-06-30": "12.10000", "2014-03-31": "11.30000", "2013-12-31": "", "2013-09-30": "12.50000", "2012-12-31": "", "2011-12-31": ""}, "SG&A Expenses": {"2020-09-30": "166.50000", "2020-06-30": "154.20000", "2020-03-31": "195.40000", "2019-12-31": "204.90000", "2019-09-30": "199.20000", "2019-06-30": "202.40000", "2019-03-31": "215.60000", "2018-12-31": "130.60000", "2018-09-30": "293.40000", "2018-06-30": "224.60000", "2018-03-31": "227.80000", "2017-12-31": "217.60000", "2017-09-30": "246.50000", "2017-06-30": "246.00000", "2017-03-31": "224.60000", "2016-12-31": "260.70000", "2016-09-30": "242.30000", "2016-06-30": "237.70000", "2016-03-31": "219.10000", "2015-12-31": "237.10000", "2015-09-30": "219.20000", "2015-06-30": "245.50000", "2015-03-31": "213.00000", "2014-12-31": "244.80000", "2014-09-30": "249.40000", "2014-06-30": "250.60000", "2014-03-31": "246.70000", "2013-12-31": "", "2013-09-30": "276.70000", "2012-12-31": "", "2011-12-31": ""}, "Other Operating Income Or Expenses": {"2020-09-30": "-42.60000", "2020-06-30": "-24.70000", "2020-03-31": "-31.60000", "2019-12-31": "-29.30000", "2019-09-30": "-31.80000", "2019-06-30": "-2.50000", "2019-03-31": "-7.10000", "2018-12-31": "", "2018-09-30": "", "2018-06-30": "", "2018-03-31": "", "2017-12-31": "", "2017-09-30": "", "2017-06-30": "", "2017-03-31": "", "2016-12-31": "", "2016-09-30": "", "2016-06-30": "", "2016-03-31": "", "2015-12-31": "", "2015-09-30": "", "2015-06-30": "", "2015-03-31": "", "2014-12-31": "", "2014-09-30": "", "2014-06-30": "", "2014-03-31": "", "2013-12-31": "", "2013-09-30": "", "2012-12-31": "", "2011-12-31": ""}, "Operating Expenses": {"2020-09-30": "885.20000", "2020-06-30": "717.20010", "2020-03-31": "918.39990", "2019-12-31": "989.69970", "2019-09-30": "984.00010", "2019-06-30": "999.60010", "2019-03-31": "1020.70000", "2018-12-31": "1038.00000", "2018-09-30": "1098.20000", "2018-06-30": "1065.70000", "2018-03-31": "1052.00000", "2017-12-31": "1070.50000", "2017-09-30": "992.40000", "2017-06-30": "1047.10000", "2017-03-31": "903.30000", "2016-12-31": "999.29970", "2016-09-30": "908.90000", "2016-06-30": "921.10000", "2016-03-31": "858.30000", "2015-12-31": "909.40020", "2015-09-30": "881.20000", "2015-06-30": "958.10000", "2015-03-31": "895.70000", "2014-12-31": "1001.10000", "2014-09-30": "1011.80000", "2014-06-30": "1026.50000", "2014-03-31": "982.60000", "2013-12-31": "", "2013-09-30": "1049.30000", "2012-12-31": "", "2011-12-31": ""}, "Operating Income": {"2020-09-30": "141.70010", "2020-06-30": "-64.50010", "2020-03-31": "65.10010", "2019-12-31": "108.70040", "2019-09-30": "122.99990", "2019-06-30": "157.89990", "2019-03-31": "98.60010", "2018-12-31": "127.79960", "2018-09-30": "47.80010", "2018-06-30": "146.50000", "2018-03-31": "120.00000", "2017-12-31": "101.90000", "2017-09-30": "103.90010", "2017-06-30": "47.50000", "2017-03-31": "110.40000", "2016-12-31": "34.90030", "2016-09-30": "117.40000", "2016-06-30": "149.50000", "2016-03-31": "103.29990", "2015-12-31": "96.89970", "2015-09-30": "123.90000", "2015-06-30": "143.00000", "2015-03-31": "101.80000", "2014-12-31": "85.89990", "2014-09-30": "104.00000", "2014-06-30": "107.80000", "2014-03-31": "71.80010", "2013-12-31": "", "2013-09-30": "33.50000", "2012-12-31": "", "2011-12-31": ""}, "Total Non-Operating Income/Expense": {"2020-09-30": "-42.10000", "2020-06-30": "-33.90000", "2020-03-31": "-37.30000", "2019-12-31": "-39.50000", "2019-09-30": "-38.30000", "2019-06-30": "-40.10000", "2019-03-31": "-40.30000", "2018-12-31": "-44.70000", "2018-09-30": "-45.30000", "2018-06-30": "-47.40000", "2018-03-31": "-37.20000", "2017-12-31": "-37.10000", "2017-09-30": "-45.50000", "2017-06-30": "-56.90000", "2017-03-31": "-34.60000", "2016-12-31": "-53.40000", "2016-09-30": "-130.30000", "2016-06-30": "-80.60000", "2016-03-31": "-58.10000", "2015-12-31": "-46.30000", "2015-09-30": "-69.70000", "2015-06-30": "-137.80000", "2015-03-31": "-53.90000", "2014-12-31": "-101.10000", "2014-09-30": "-114.80000", "2014-06-30": "-53.30000", "2014-03-31": "-63.50000", "2013-12-31": "", "2013-09-30": "-53.40000", "2012-12-31": "", "2011-12-31": ""}, "Pre-Tax Income": {"2020-09-30": "99.60000", "2020-06-30": "-98.40000", "2020-03-31": "27.80000", "2019-12-31": "69.20000", "2019-09-30": "84.70000", "2019-06-30": "117.80000", "2019-03-31": "58.30000", "2018-12-31": "83.10000", "2018-09-30": "2.50000", "2018-06-30": "99.10000", "2018-03-31": "82.80000", "2017-12-31": "64.80000", "2017-09-30": "58.40000", "2017-06-30": "-9.40000", "2017-03-31": "75.80000", "2016-12-31": "-18.50000", "2016-09-30": "-12.90000", "2016-06-30": "68.90000", "2016-03-31": "45.20000", "2015-12-31": "50.60000", "2015-09-30": "54.20000", "2015-06-30": "5.20000", "2015-03-31": "47.90000", "2014-12-31": "-15.20000", "2014-09-30": "-10.80000", "2014-06-30": "54.50000", "2014-03-31": "8.30000", "2013-12-31": "", "2013-09-30": "-19.90000", "2012-12-31": "", "2011-12-31": ""}, "Income Taxes": {"2020-09-30": "17.10000", "2020-06-30": "-15.20000", "2020-03-31": "-24.60000", "2019-12-31": "27.00000", "2019-09-30": "18.30000", "2019-06-30": "17.90000", "2019-03-31": "14.20000", "2018-12-31": "6.30000", "2018-09-30": "14.10000", "2018-06-30": "22.00000", "2018-03-31": "11.80000", "2017-12-31": "120.40000", "2017-09-30": "2.10000", "2017-06-30": "9.50000", "2017-03-31": "9.90000", "2016-12-31": "15.60000", "2016-09-30": "-7.50000", "2016-06-30": "16.60000", "2016-03-31": "13.40000", "2015-12-31": "13.60000", "2015-09-30": "17.80000", "2015-06-30": "29.50000", "2015-03-31": "1.20000", "2014-12-31": "-16.10000", "2014-09-30": "7.50000", "2014-06-30": "-1.30000", "2014-03-31": "12.00000", "2013-12-31": "", "2013-09-30": "-26.30000", "2012-12-31": "", "2011-12-31": ""}, "Income After Taxes": {"2020-09-30": "82.50000", "2020-06-30": "-83.20000", "2020-03-31": "52.40000", "2019-12-31": "42.20000", "2019-09-30": "66.40000", "2019-06-30": "99.90000", "2019-03-31": "44.10000", "2018-12-31": "76.80000", "2018-09-30": "-11.60000", "2018-06-30": "77.10000", "2018-03-31": "71.00000", "2017-12-31": "-55.60000", "2017-09-30": "56.30000", "2017-06-30": "-18.90000", "2017-03-31": "65.90000", "2016-12-31": "-34.10000", "2016-09-30": "-5.40000", "2016-06-30": "52.30000", "2016-03-31": "31.80000", "2015-12-31": "37.00000", "2015-09-30": "36.40000", "2015-06-30": "-24.30000", "2015-03-31": "46.70000", "2014-12-31": "0.90000", "2014-09-30": "-18.30000", "2014-06-30": "55.80000", "2014-03-31": "-3.70000", "2013-12-31": "", "2013-09-30": "6.40000", "2012-12-31": "", "2011-12-31": ""}, "Other Income": {"2020-09-30": "", "2020-06-30": "", "2020-03-31": "", "2019-12-31": "", "2019-09-30": "", "2019-06-30": "", "2019-03-31": "", "2018-12-31": "", "2018-09-30": "", "2018-06-30": "", "2018-03-31": "", "2017-12-31": "", "2017-09-30": "", "2017-06-30": "", "2017-03-31": "", "2016-12-31": "", "2016-09-30": "", "2016-06-30": "", "2016-03-31": "", "2015-12-31": "", "2015-09-30": "", "2015-06-30": "", "2015-03-31": "", "2014-12-31": "", "2014-09-30": "", "2014-06-30": "", "2014-03-31": "", "2013-12-31": "", "2013-09-30": "", "2012-12-31": "", "2011-12-31": ""}, "Income From Continuous Operations": {"2020-09-30": "82.50000", "2020-06-30": "-83.20000", "2020-03-31": "52.40000", "2019-12-31": "42.20000", "2019-09-30": "66.40000", "2019-06-30": "99.90000", "2019-03-31": "44.10000", "2018-12-31": "76.80000", "2018-09-30": "-11.60000", "2018-06-30": "77.10000", "2018-03-31": "71.00000", "2017-12-31": "-55.60000", "2017-09-30": "56.30000", "2017-06-30": "-18.90000", "2017-03-31": "65.90000", "2016-12-31": "-34.10000", "2016-09-30": "-5.40000", "2016-06-30": "52.30000", "2016-03-31": "31.80000", "2015-12-31": "37.00000", "2015-09-30": "36.40000", "2015-06-30": "-24.30000", "2015-03-31": "46.70000", "2014-12-31": "0.90000", "2014-09-30": "-18.30000", "2014-06-30": "55.80000", "2014-03-31": "-3.70000", "2013-12-31": "", "2013-09-30": "6.40000", "2012-12-31": "", "2011-12-31": ""}, "Income From Discontinued Operations": {"2020-09-30": "", "2020-06-30": "", "2020-03-31": "", "2019-12-31": "", "2019-09-30": "", "2019-06-30": "", "2019-03-31": "", "2018-12-31": "", "2018-09-30": "", "2018-06-30": "", "2018-03-31": "", "2017-12-31": "", "2017-09-30": "", "2017-06-30": "", "2017-03-31": "", "2016-12-31": "", "2016-09-30": "", "2016-06-30": "", "2016-03-31": "", "2015-12-31": "", "2015-09-30": "", "2015-06-30": "", "2015-03-31": "", "2014-12-31": "", "2014-09-30": "", "2014-06-30": "", "2014-03-31": "", "2013-12-31": "", "2013-09-30": "", "2012-12-31": "", "2011-12-31": ""}, "Net Income": {"2020-09-30": "82.50000", "2020-06-30": "-82.80000", "2020-03-31": "52.20000", "2019-12-31": "41.70000", "2019-09-30": "65.50000", "2019-06-30": "98.40000", "2019-03-31": "43.40000", "2018-12-31": "75.40000", "2018-09-30": "-13.10000", "2018-06-30": "74.90000", "2018-03-31": "69.90000", "2017-12-31": "-61.50000", "2017-09-30": "54.90000", "2017-06-30": "-20.80000", "2017-03-31": "64.10000", "2016-12-31": "-36.20000", "2016-09-30": "-6.60000", "2016-06-30": "50.70000", "2016-03-31": "30.90000", "2015-12-31": "36.50000", "2015-09-30": "35.10000", "2015-06-30": "-25.10000", "2015-03-31": "45.10000", "2014-12-31": "-2.20000", "2014-09-30": "-19.90000", "2014-06-30": "53.80000", "2014-03-31": "-4.30000", "2013-12-31": "", "2013-09-30": "5.00000", "2012-12-31": "", "2011-12-31": ""}, "EBITDA": {"2020-09-30": "224.80010", "2020-06-30": "14.00000", "2020-03-31": "153.90010", "2019-12-31": "196.50040", "2019-09-30": "212.29990", "2019-06-30": "248.79990", "2019-03-31": "192.40010", "2018-12-31": "224.19960", "2018-09-30": "142.50000", "2018-06-30": "238.70000", "2018-03-31": "213.80000", "2017-12-31": "195.40000", "2017-09-30": "194.40010", "2017-06-30": "134.50000", "2017-03-31": "194.90000", "2016-12-31": "124.40030", "2016-09-30": "203.10000", "2016-06-30": "233.10000", "2016-03-31": "184.39990", "2015-12-31": "184.19970", "2015-09-30": "204.60000", "2015-06-30": "225.70000", "2015-03-31": "179.40000", "2014-12-31": "170.79990", "2014-09-30": "185.60000", "2014-06-30": "184.70000", "2014-03-31": "158.10000", "2013-12-31": "", "2013-09-30": "33.50000", "2012-12-31": "", "2011-12-31": ""}, "EBIT": {"2020-09-30": "141.70010", "2020-06-30": "-64.50010", "2020-03-31": "65.10010", "2019-12-31": "108.70050", "2019-09-30": "122.99990", "2019-06-30": "157.89990", "2019-03-31": "98.60010", "2018-12-31": "127.79960", "2018-09-30": "47.80010", "2018-06-30": "146.50000", "2018-03-31": "120.00000", "2017-12-31": "101.89990", "2017-09-30": "103.90010", "2017-06-30": "47.50000", "2017-03-31": "110.40000", "2016-12-31": "34.90020", "2016-09-30": "117.40000", "2016-06-30": "149.50000", "2016-03-31": "103.29990", "2015-12-31": "96.89990", "2015-09-30": "123.90000", "2015-06-30": "143.00000", "2015-03-31": "101.80000", "2014-12-31": "85.89990", "2014-09-30": "104.00000", "2014-06-30": "107.80000", "2014-03-31": "71.80010", "2013-12-31": "", "2013-09-30": "33.50000", "2012-12-31": "", "2011-12-31": ""}, "Basic Shares Outstanding": {"2020-09-30": "235.30000", "2020-06-30": "235.20000", "2020-03-31": "234.90000", "2019-12-31": "233.90000", "2019-09-30": "233.90000", "2019-06-30": "233.30000", "2019-03-31": "234.10000", "2018-12-31": "239.00000", "2018-09-30": "238.70000", "2018-06-30": "240.30000", "2018-03-31": "240.90000", "2017-12-31": "240.40000", "2017-09-30": "240.70000", "2017-06-30": "240.90000", "2017-03-31": "239.80000", "2016-12-31": "238.10000", "2016-09-30": "238.50000", "2016-06-30": "237.70000", "2016-03-31": "237.10000", "2015-12-31": "233.80000", "2015-09-30": "235.90000", "2015-06-30": "232.30000", "2015-03-31": "229.80000", "2014-12-31": "229.30000", "2014-09-30": "229.50000", "2014-06-30": "229.10000", "2014-03-31": "229.10000", "2013-12-31": "", "2013-09-30": "228.10000", "2012-12-31": "", "2011-12-31": ""}, "Shares Outstanding": {"2020-09-30": "236.00000", "2020-06-30": "235.20000", "2020-03-31": "235.90000", "2019-12-31": "235.80000", "2019-09-30": "235.50000", "2019-06-30": "235.40000", "2019-03-31": "236.60000", "2018-12-31": "242.90000", "2018-09-30": "238.70000", "2018-06-30": "244.60000", "2018-03-31": "245.80000", "2017-12-31": "246.10000", "2017-09-30": "245.80000", "2017-06-30": "240.90000", "2017-03-31": "246.10000", "2016-12-31": "244.40000", "2016-09-30": "238.50000", "2016-06-30": "244.30000", "2016-03-31": "243.40000", "2015-12-31": "239.70000", "2015-09-30": "240.90000", "2015-06-30": "232.30000", "2015-03-31": "237.00000", "2014-12-31": "230.30000", "2014-09-30": "229.50000", "2014-06-30": "229.30000", "2014-03-31": "229.10000", "2013-12-31": "", "2013-09-30": "228.10000", "2012-12-31": "", "2011-12-31": ""}, "Basic EPS": {"2020-09-30": "0.35000", "2020-06-30": "-0.35000", "2020-03-31": "0.22000", "2019-12-31": "0.17000", "2019-09-30": "0.28000", "2019-06-30": "0.42000", "2019-03-31": "0.19000", "2018-12-31": "0.32000", "2018-09-30": "-0.05000", "2018-06-30": "0.31000", "2018-03-31": "0.29000", "2017-12-31": "-0.26000", "2017-09-30": "0.23000", "2017-06-30": "-0.09000", "2017-03-31": "0.27000", "2016-12-31": "-0.15000", "2016-09-30": "-0.03000", "2016-06-30": "0.21000", "2016-03-31": "0.13000", "2015-12-31": "0.15000", "2015-09-30": "0.15000", "2015-06-30": "-0.11000", "2015-03-31": "0.20000", "2014-12-31": "0.00000", "2014-09-30": "-0.09000", "2014-06-30": "0.23000", "2014-03-31": "-0.02000", "2013-12-31": "", "2013-09-30": "0.02000", "2012-12-31": "", "2011-12-31": ""}, "EPS - Earnings Per Share": {"2020-09-30": "0.35000", "2020-06-30": "-0.35000", "2020-03-31": "0.22000", "2019-12-31": "0.18000", "2019-09-30": "0.28000", "2019-06-30": "0.42000", "2019-03-31": "0.18000", "2018-12-31": "0.31000", "2018-09-30": "-0.05000", "2018-06-30": "0.31000", "2018-03-31": "0.28000", "2017-12-31": "-0.24000", "2017-09-30": "0.22000", "2017-06-30": "-0.09000", "2017-03-31": "0.26000", "2016-12-31": "-0.15000", "2016-09-30": "-0.03000", "2016-06-30": "0.21000", "2016-03-31": "0.13000", "2015-12-31": "0.15000", "2015-09-30": "0.15000", "2015-06-30": "-0.11000", "2015-03-31": "0.19000", "2014-12-31": "0.00000", "2014-09-30": "-0.09000", "2014-06-30": "0.23000", "2014-03-31": "-0.02000", "2013-12-31": "0.00000", "2013-09-30": "0.02000", "2012-12-31": "0.00000", "2011-12-31": "0.00000"}}, "balance sheet": {"Cash On Hand": {"2019-12-31": "1020.50000", "2018-12-31": "696.40000", "2017-12-31": "772.90000", "2016-12-31": "538.10000", "2015-12-31": "487.70000", "2014-12-31": "386.80000", "2013-12-31": "459.30000", "2012-12-31": "28.70000", "2011-12-31": ""}, "Receivables": {"2019-12-31": "830.10000", "2018-12-31": "860.80000", "2017-12-31": "870.20000", "2016-12-31": "801.90000", "2015-12-31": "765.80000", "2014-12-31": "820.40000", "2013-12-31": "865.90000", "2012-12-31": "807.30000", "2011-12-31": ""}, "Inventory": {"2019-12-31": "591.60000", "2018-12-31": "613.00000", "2017-12-31": "608.60000", "2016-12-31": "529.70000", "2015-12-31": "530.70000", "2014-12-31": "538.30000", "2013-12-31": "550.20000", "2012-12-31": "471.00000", "2011-12-31": ""}, "Pre-Paid Expenses": {"2019-12-31": "131.20000", "2018-12-31": "139.40000", "2017-12-31": "63.90000", "2016-12-31": "50.30000", "2015-12-31": "63.60000", "2014-12-31": "62.90000", "2013-12-31": "50.20000", "2012-12-31": "23.50000", "2011-12-31": ""}, "Other Current Assets": {"2019-12-31": "", "2018-12-31": "", "2017-12-31": "", "2016-12-31": "", "2015-12-31": "", "2014-12-31": "", "2013-12-31": "", "2012-12-31": "", "2011-12-31": ""}, "Total Current Assets": {"2019-12-31": "2573.40000", "2018-12-31": "2309.60000", "2017-12-31": "2315.60000", "2016-12-31": "1920.00000", "2015-12-31": "1847.80000", "2014-12-31": "1872.90000", "2013-12-31": "1955.60000", "2012-12-31": "1354.50000", "2011-12-31": ""}, "Property, Plant, And Equipment": {"2019-12-31": "1223.00000", "2018-12-31": "1298.20000", "2017-12-31": "1388.60000", "2016-12-31": "1315.70000", "2015-12-31": "1382.90000", "2014-12-31": "1514.10000", "2013-12-31": "1622.60000", "2012-12-31": "708.80000", "2011-12-31": ""}, "Long-Term Investments": {"2019-12-31": "", "2018-12-31": "", "2017-12-31": "", "2016-12-31": "", "2015-12-31": "", "2014-12-31": "", "2013-12-31": "", "2012-12-31": "7.90000", "2011-12-31": ""}, "Goodwill And Intangible Assets": {"2019-12-31": "2432.80000", "2018-12-31": "2578.80000", "2017-12-31": "2699.40000", "2016-12-31": "2094.40000", "2015-12-31": "2119.80000", "2014-12-31": "2301.10000", "2013-12-31": "2553.20000", "2012-12-31": "655.70000", "2011-12-31": "0.00000"}, "Other Long-Term Assets": {"2019-12-31": "588.80000", "2018-12-31": "489.10000", "2017-12-31": "428.60000", "2016-12-31": "536.10000", "2015-12-31": "479.60000", "2014-12-31": "482.60000", "2013-12-31": "495.10000", "2012-12-31": "151.70000", "2011-12-31": ""}, "Total Long-Term Assets": {"2019-12-31": "4244.60000", "2018-12-31": "4366.10000", "2017-12-31": "4516.60000", "2016-12-31": "3946.20000", "2015-12-31": "3982.30000", "2014-12-31": "4297.80000", "2013-12-31": "4781.50000", "2012-12-31": "1524.10000", "2011-12-31": ""}, "Total Assets": {"2019-12-31": "6818.00000", "2018-12-31": "6675.70000", "2017-12-31": "6832.20000", "2016-12-31": "5866.20000", "2015-12-31": "5830.10000", "2014-12-31": "6170.70000", "2013-12-31": "6737.10000", "2012-12-31": "2878.60000", "2011-12-31": "0.00000"}, "Total Current Liabilities": {"2019-12-31": "1072.90000", "2018-12-31": "1040.60000", "2017-12-31": "1082.20000", "2016-12-31": "942.10000", "2015-12-31": "875.00000", "2014-12-31": "946.70000", "2013-12-31": "1003.40000", "2012-12-31": "749.30000", "2011-12-31": ""}, "Long Term Debt": {"2019-12-31": "3790.20000", "2018-12-31": "3821.80000", "2017-12-31": "3877.90000", "2016-12-31": "3236.00000", "2015-12-31": "3391.40000", "2014-12-31": "3574.20000", "2013-12-31": "3874.20000", "2012-12-31": "", "2011-12-31": ""}, "Other Non-Current Liabilities": {"2019-12-31": "144.60000", "2018-12-31": "100.10000", "2017-12-31": "32.30000", "2016-12-31": "32.20000", "2015-12-31": "22.20000", "2014-12-31": "23.20000", "2013-12-31": "54.10000", "2012-12-31": "66.20000", "2011-12-31": ""}, "Total Long Term Liabilities": {"2019-12-31": "4335.50000", "2018-12-31": "4324.60000", "2017-12-31": "4342.20000", "2016-12-31": "3677.50000", "2015-12-31": "3813.90000", "2014-12-31": "4112.00000", "2013-12-31": "4521.90000", "2012-12-31": "432.30000", "2011-12-31": ""}, "Total Liabilities": {"2019-12-31": "5408.40000", "2018-12-31": "5365.20000", "2017-12-31": "5424.40000", "2016-12-31": "4619.60000", "2015-12-31": "4688.90000", "2014-12-31": "5058.70000", "2013-12-31": "5525.30000", "2012-12-31": "1181.60000", "2011-12-31": "0.00000"}, "Common Stock Net": {"2019-12-31": "249.90000", "2018-12-31": "245.30000", "2017-12-31": "242.40000", "2016-12-31": "239.30000", "2015-12-31": "237.00000", "2014-12-31": "229.80000", "2013-12-31": "229.10000", "2012-12-31": "", "2011-12-31": "0.00000"}, "Retained Earnings (Accumulated Deficit)": {"2019-12-31": "443.20000", "2018-12-31": "198.60000", "2017-12-31": "-21.40000", "2016-12-31": "-58.10000", "2015-12-31": "-132.80000", "2014-12-31": "-226.50000", "2013-12-31": "-253.90000", "2012-12-31": "", "2011-12-31": ""}, "Comprehensive Income": {"2019-12-31": "-395.50000", "2018-12-31": "-336.10000", "2017-12-31": "-241.00000", "2016-12-31": "-350.40000", "2015-12-31": "-269.30000", "2014-12-31": "-103.30000", "2013-12-31": "34.00000", "2012-12-31": "-140.90000", "2011-12-31": ""}, "Other Share Holders Equity": {"2019-12-31": "", "2018-12-31": "", "2017-12-31": "", "2016-12-31": "", "2015-12-31": "", "2014-12-31": "", "2013-12-31": "", "2012-12-31": "1804.30000", "2011-12-31": "0.00000"}, "Share Holder Equity": {"2019-12-31": "1409.60000", "2018-12-31": "1310.50000", "2017-12-31": "1407.80000", "2016-12-31": "1246.60000", "2015-12-31": "1141.20000", "2014-12-31": "1112.00000", "2013-12-31": "1211.80000", "2012-12-31": "1697.00000", "2011-12-31": "0.00000"}, "Total Liabilities And Share Holders Equity": {"2019-12-31": "6818.00000", "2018-12-31": "6675.70000", "2017-12-31": "6832.20000", "2016-12-31": "5866.20000", "2015-12-31": "5830.10000", "2014-12-31": "6170.70000", "2013-12-31": "6737.10000", "2012-12-31": "2878.60000", "2011-12-31": "0.00000"}}, "balance sheet, quarterly": {"Cash On Hand": {"2020-09-30": "1344.20000", "2020-06-30": "1126.50000", "2020-03-31": "660.00000", "2019-12-31": "1020.50000", "2019-09-30": "770.10000", "2019-06-30": "584.60000", "2019-03-31": "503.90000", "2018-12-31": "696.40000", "2018-09-30": "590.90000", "2018-06-30": "553.80000", "2018-03-31": "603.30000", "2017-12-31": "772.90000", "2017-09-30": "592.00000", "2017-06-30": "485.00000", "2017-03-31": "442.00000", "2016-12-31": "538.10000", "2016-09-30": "531.10000", "2016-06-30": "483.20000", "2016-03-31": "422.30000", "2015-12-31": "487.70000", "2015-09-30": "414.50000", "2015-06-30": "310.60000", "2015-03-31": "225.70000", "2014-12-31": "386.80000", "2014-09-30": "237.60000", "2014-06-30": "", "2014-03-31": "", "2013-12-31": "", "2013-09-30": "", "2012-12-31": "28.70000", "2011-12-31": ""}, "Receivables": {"2020-09-30": "824.20000", "2020-06-30": "664.00000", "2020-03-31": "777.60000", "2019-12-31": "830.10000", "2019-09-30": "935.70000", "2019-06-30": "980.60000", "2019-03-31": "920.50000", "2018-12-31": "860.80000", "2018-09-30": "958.20000", "2018-06-30": "974.50000", "2018-03-31": "940.90000", "2017-12-31": "870.20000", "2017-09-30": "889.00000", "2017-06-30": "961.40000", "2017-03-31": "872.20000", "2016-12-31": "801.90000", "2016-09-30": "871.30000", "2016-06-30": "838.60000", "2016-03-31": "792.70000", "2015-12-31": "765.80000", "2015-09-30": "833.30000", "2015-06-30": "869.50000", "2015-03-31": "833.00000", "2014-12-31": "820.40000", "2014-09-30": "919.10000", "2014-06-30": "", "2014-03-31": "", "2013-12-31": "", "2013-09-30": "", "2012-12-31": "807.30000", "2011-12-31": ""}, "Inventory": {"2020-09-30": "536.70000", "2020-06-30": "539.30000", "2020-03-31": "596.10000", "2019-12-31": "591.60000", "2019-09-30": "597.30000", "2019-06-30": "610.90000", "2019-03-31": "626.80000", "2018-12-31": "613.00000", "2018-09-30": "618.60000", "2018-06-30": "599.90000", "2018-03-31": "641.80000", "2017-12-31": "608.60000", "2017-09-30": "624.40000", "2017-06-30": "580.10000", "2017-03-31": "559.10000", "2016-12-31": "529.70000", "2016-09-30": "545.60000", "2016-06-30": "519.70000", "2016-03-31": "543.40000", "2015-12-31": "530.70000", "2015-09-30": "540.70000", "2015-06-30": "555.00000", "2015-03-31": "541.30000", "2014-12-31": "538.30000", "2014-09-30": "580.40000", "2014-06-30": "", "2014-03-31": "", "2013-12-31": "", "2013-09-30": "", "2012-12-31": "471.00000", "2011-12-31": ""}, "Pre-Paid Expenses": {"2020-09-30": "145.20000", "2020-06-30": "150.40000", "2020-03-31": "155.60000", "2019-12-31": "131.20000", "2019-09-30": "130.00000", "2019-06-30": "136.00000", "2019-03-31": "210.40000", "2018-12-31": "139.40000", "2018-09-30": "128.50000", "2018-06-30": "129.50000", "2018-03-31": "116.90000", "2017-12-31": "63.90000", "2017-09-30": "68.70000", "2017-06-30": "68.50000", "2017-03-31": "62.10000", "2016-12-31": "50.30000", "2016-09-30": "58.90000", "2016-06-30": "62.10000", "2016-03-31": "64.70000", "2015-12-31": "63.60000", "2015-09-30": "75.80000", "2015-06-30": "78.00000", "2015-03-31": "82.60000", "2014-12-31": "62.90000", "2014-09-30": "61.70000", "2014-06-30": "", "2014-03-31": "", "2013-12-31": "", "2013-09-30": "", "2012-12-31": "", "2011-12-31": ""}, "Other Current Assets": {"2020-09-30": "", "2020-06-30": "", "2020-03-31": "", "2019-12-31": "", "2019-09-30": "", "2019-06-30": "", "2019-03-31": "", "2018-12-31": "", "2018-09-30": "", "2018-06-30": "", "2018-03-31": "", "2017-12-31": "", "2017-09-30": "", "2017-06-30": "", "2017-03-31": "", "2016-12-31": "", "2016-09-30": "", "2016-06-30": "", "2016-03-31": "", "2015-12-31": "", "2015-09-30": "", "2015-06-30": "", "2015-03-31": "", "2014-12-31": "", "2014-09-30": "", "2014-06-30": "", "2014-03-31": "", "2013-12-31": "", "2013-09-30": "", "2012-12-31": "47.50000", "2011-12-31": ""}, "Total Current Assets": {"2020-09-30": "2850.30000", "2020-06-30": "2480.20000", "2020-03-31": "2189.30000", "2019-12-31": "2573.40000", "2019-09-30": "2433.10000", "2019-06-30": "2312.10000", "2019-03-31": "2261.60000", "2018-12-31": "2309.60000", "2018-09-30": "2296.20000", "2018-06-30": "2257.70000", "2018-03-31": "2302.90000", "2017-12-31": "2315.60000", "2017-09-30": "2174.10000", "2017-06-30": "2095.00000", "2017-03-31": "1935.40000", "2016-12-31": "1920.00000", "2016-09-30": "2072.60000", "2016-06-30": "1961.80000", "2016-03-31": "1878.00000", "2015-12-31": "1847.80000", "2015-09-30": "1915.20000", "2015-06-30": "1863.80000", "2015-03-31": "1750.80000", "2014-12-31": "1872.90000", "2014-09-30": "1837.90000", "2014-06-30": "", "2014-03-31": "", "2013-12-31": "", "2013-09-30": "", "2012-12-31": "1354.50000", "2011-12-31": ""}, "Property, Plant, And Equipment": {"2020-09-30": "1165.20000", "2020-06-30": "1158.20000", "2020-03-31": "1163.10000", "2019-12-31": "1223.00000", "2019-09-30": "1216.70000", "2019-06-30": "1259.10000", "2019-03-31": "1274.40000", "2018-12-31": "1298.20000", "2018-09-30": "1325.00000", "2018-06-30": "1340.30000", "2018-03-31": "1407.80000", "2017-12-31": "1388.60000", "2017-09-30": "1386.10000", "2017-06-30": "1370.70000", "2017-03-31": "1334.40000", "2016-12-31": "1315.70000", "2016-09-30": "1372.30000", "2016-06-30": "1358.50000", "2016-03-31": "1377.50000", "2015-12-31": "1382.90000", "2015-09-30": "1374.60000", "2015-06-30": "1425.10000", "2015-03-31": "1411.70000", "2014-12-31": "1514.10000", "2014-09-30": "1556.20000", "2014-06-30": "", "2014-03-31": "", "2013-12-31": "", "2013-09-30": "", "2012-12-31": "2073.60000", "2011-12-31": ""}, "Long-Term Investments": {"2020-09-30": "", "2020-06-30": "", "2020-03-31": "", "2019-12-31": "", "2019-09-30": "", "2019-06-30": "", "2019-03-31": "", "2018-12-31": "", "2018-09-30": "", "2018-06-30": "", "2018-03-31": "", "2017-12-31": "", "2017-09-30": "", "2017-06-30": "", "2017-03-31": "", "2016-12-31": "", "2016-09-30": "", "2016-06-30": "", "2016-03-31": "", "2015-12-31": "", "2015-09-30": "", "2015-06-30": "", "2015-03-31": "", "2014-12-31": "", "2014-09-30": "", "2014-06-30": "", "2014-03-31": "", "2013-12-31": "", "2013-09-30": "", "2012-12-31": "7.90000", "2011-12-31": ""}, "Goodwill And Intangible Assets": {"2020-09-30": "2394.40000", "2020-06-30": "2367.40000", "2020-03-31": "2376.40000", "2019-12-31": "2432.80000", "2019-09-30": "2419.70000", "2019-06-30": "2507.80000", "2019-03-31": "2526.90000", "2018-12-31": "2578.80000", "2018-09-30": "2636.10000", "2018-06-30": "2650.70000", "2018-03-31": "2788.60000", "2017-12-31": "2699.40000", "2017-09-30": "2704.20000", "2017-06-30": "2655.80000", "2017-03-31": "2167.60000", "2016-12-31": "2094.40000", "2016-09-30": "2255.80000", "2016-06-30": "2083.90000", "2016-03-31": "2119.30000", "2015-12-31": "2119.80000", "2015-09-30": "2158.90000", "2015-06-30": "2177.20000", "2015-03-31": "2163.60000", "2014-12-31": "2301.10000", "2014-09-30": "2386.40000", "2014-06-30": "0.00000", "2014-03-31": "0.00000", "2013-12-31": "", "2013-09-30": "0.00000", "2012-12-31": "655.70000", "2011-12-31": "0.00000"}, "Other Long-Term Assets": {"2020-09-30": "626.60000", "2020-06-30": "662.80000", "2020-03-31": "661.90000", "2019-12-31": "588.80000", "2019-09-30": "620.50000", "2019-06-30": "613.90000", "2019-03-31": "610.50000", "2018-12-31": "489.10000", "2018-09-30": "503.50000", "2018-06-30": "447.50000", "2018-03-31": "448.10000", "2017-12-31": "428.60000", "2017-09-30": "548.20000", "2017-06-30": "535.60000", "2017-03-31": "523.00000", "2016-12-31": "536.10000", "2016-09-30": "441.80000", "2016-06-30": "431.60000", "2016-03-31": "458.30000", "2015-12-31": "479.60000", "2015-09-30": "450.20000", "2015-06-30": "464.70000", "2015-03-31": "485.50000", "2014-12-31": "482.60000", "2014-09-30": "230.50000", "2014-06-30": "", "2014-03-31": "", "2013-12-31": "", "2013-09-30": "", "2012-12-31": "151.70000", "2011-12-31": ""}, "Total Long-Term Assets": {"2020-09-30": "4186.20000", "2020-06-30": "4188.40000", "2020-03-31": "4201.40000", "2019-12-31": "4244.60000", "2019-09-30": "4256.90000", "2019-06-30": "4380.80000", "2019-03-31": "4411.80000", "2018-12-31": "4366.10000", "2018-09-30": "4464.60000", "2018-06-30": "4438.50000", "2018-03-31": "4644.50000", "2017-12-31": "4516.60000", "2017-09-30": "4638.50000", "2017-06-30": "4562.10000", "2017-03-31": "4025.00000", "2016-12-31": "3946.20000", "2016-09-30": "4069.90000", "2016-06-30": "3874.00000", "2016-03-31": "3955.10000", "2015-12-31": "3982.30000", "2015-09-30": "3983.70000", "2015-06-30": "4067.00000", "2015-03-31": "4147.60000", "2014-12-31": "4297.80000", "2014-09-30": "4544.10000", "2014-06-30": "", "2014-03-31": "", "2013-12-31": "", "2013-09-30": "", "2012-12-31": "2888.90000", "2011-12-31": ""}, "Total Assets": {"2020-09-30": "7036.50000", "2020-06-30": "6668.60000", "2020-03-31": "6390.70000", "2019-12-31": "6818.00000", "2019-09-30": "6690.00000", "2019-06-30": "6692.90000", "2019-03-31": "6673.40000", "2018-12-31": "6675.70000", "2018-09-30": "6760.80000", "2018-06-30": "6696.20000", "2018-03-31": "6947.40000", "2017-12-31": "6832.20000", "2017-09-30": "6812.60000", "2017-06-30": "6657.10000", "2017-03-31": "5960.40000", "2016-12-31": "5866.20000", "2016-09-30": "6142.50000", "2016-06-30": "5835.80000", "2016-03-31": "5833.10000", "2015-12-31": "5830.10000", "2015-09-30": "5898.90000", "2015-06-30": "5930.80000", "2015-03-31": "5898.40000", "2014-12-31": "6170.70000", "2014-09-30": "6382.00000", "2014-06-30": "0.00000", "2014-03-31": "0.00000", "2013-12-31": "0.00000", "2013-09-30": "0.00000", "2012-12-31": "2878.60000", "2011-12-31": "0.00000"}, "Total Current Liabilities": {"2020-09-30": "1065.20000", "2020-06-30": "860.90000", "2020-03-31": "1007.20000", "2019-12-31": "1072.90000", "2019-09-30": "1034.90000", "2019-06-30": "996.80000", "2019-03-31": "1021.50000", "2018-12-31": "1040.60000", "2018-09-30": "1031.30000", "2018-06-30": "993.90000", "2018-03-31": "1019.50000", "2017-12-31": "1082.20000", "2017-09-30": "1030.40000", "2017-06-30": "981.60000", "2017-03-31": "851.50000", "2016-12-31": "942.10000", "2016-09-30": "916.10000", "2016-06-30": "850.10000", "2016-03-31": "781.20000", "2015-12-31": "875.00000", "2015-09-30": "829.90000", "2015-06-30": "837.10000", "2015-03-31": "798.00000", "2014-12-31": "946.70000", "2014-09-30": "917.90000", "2014-06-30": "", "2014-03-31": "", "2013-12-31": "", "2013-09-30": "", "2012-12-31": "749.30000", "2011-12-31": ""}, "Long Term Debt": {"2020-09-30": "4010.90000", "2020-06-30": "3980.00000", "2020-03-31": "3479.50000", "2019-12-31": "3790.20000", "2019-09-30": "3772.30000", "2019-06-30": "3812.40000", "2019-03-31": "3809.00000", "2018-12-31": "3821.80000", "2018-09-30": "3852.00000", "2018-06-30": "3842.20000", "2018-03-31": "3919.50000", "2017-12-31": "3877.90000", "2017-09-30": "3865.20000", "2017-06-30": "3823.40000", "2017-03-31": "3278.30000", "2016-12-31": "3236.00000", "2016-09-30": "3428.10000", "2016-06-30": "3298.10000", "2016-03-31": "3405.10000", "2015-12-31": "3391.40000", "2015-09-30": "3504.70000", "2015-06-30": "3508.60000", "2015-03-31": "3566.70000", "2014-12-31": "3574.20000", "2014-09-30": "3696.10000", "2014-06-30": "", "2014-03-31": "", "2013-12-31": "", "2013-09-30": "", "2012-12-31": "", "2011-12-31": ""}, "Other Non-Current Liabilities": {"2020-09-30": "183.20000", "2020-06-30": "182.10000", "2020-03-31": "179.20000", "2019-12-31": "144.60000", "2019-09-30": "178.70000", "2019-06-30": "184.00000", "2019-03-31": "167.20000", "2018-12-31": "100.10000", "2018-09-30": "111.10000", "2018-06-30": "30.60000", "2018-03-31": "30.70000", "2017-12-31": "32.30000", "2017-09-30": "32.50000", "2017-06-30": "33.20000", "2017-03-31": "32.90000", "2016-12-31": "32.20000", "2016-09-30": "31.90000", "2016-06-30": "28.50000", "2016-03-31": "26.80000", "2015-12-31": "22.20000", "2015-09-30": "26.40000", "2015-06-30": "21.40000", "2015-03-31": "22.30000", "2014-12-31": "23.20000", "2014-09-30": "296.20000", "2014-06-30": "", "2014-03-31": "", "2013-12-31": "", "2013-09-30": "", "2012-12-31": "404.40000", "2011-12-31": ""}, "Total Long Term Liabilities": {"2020-09-30": "4586.60000", "2020-06-30": "4549.10000", "2020-03-31": "4042.70000", "2019-12-31": "4335.50000", "2019-09-30": "4315.40000", "2019-06-30": "4389.00000", "2019-03-31": "4372.30000", "2018-12-31": "4324.60000", "2018-09-30": "4383.40000", "2018-06-30": "4296.40000", "2018-03-31": "4403.50000", "2017-12-31": "4342.20000", "2017-09-30": "4347.90000", "2017-06-30": "4284.00000", "2017-03-31": "3725.10000", "2016-12-31": "3677.50000", "2016-09-30": "3895.60000", "2016-06-30": "3730.90000", "2016-03-31": "3850.90000", "2015-12-31": "3813.90000", "2015-09-30": "3964.70000", "2015-06-30": "3981.50000", "2015-03-31": "4052.20000", "2014-12-31": "4112.00000", "2014-09-30": "4251.50000", "2014-06-30": "", "2014-03-31": "", "2013-12-31": "", "2013-09-30": "", "2012-12-31": "432.30000", "2011-12-31": ""}, "Total Liabilities": {"2020-09-30": "5651.80000", "2020-06-30": "5410.00000", "2020-03-31": "5049.90000", "2019-12-31": "5408.40000", "2019-09-30": "5350.30000", "2019-06-30": "5385.80000", "2019-03-31": "5393.80000", "2018-12-31": "5365.20000", "2018-09-30": "5414.70000", "2018-06-30": "5290.30000", "2018-03-31": "5423.00000", "2017-12-31": "5424.40000", "2017-09-30": "5378.30000", "2017-06-30": "5265.60000", "2017-03-31": "4576.60000", "2016-12-31": "4619.60000", "2016-09-30": "4811.70000", "2016-06-30": "4581.00000", "2016-03-31": "4632.10000", "2015-12-31": "4688.90000", "2015-09-30": "4794.60000", "2015-06-30": "4818.60000", "2015-03-31": "4850.20000", "2014-12-31": "5058.70000", "2014-09-30": "5169.40000", "2014-06-30": "0.00000", "2014-03-31": "0.00000", "2013-12-31": "", "2013-09-30": "0.00000", "2012-12-31": "1181.60000", "2011-12-31": "0.00000"}, "Common Stock Net": {"2020-09-30": "250.60000", "2020-06-30": "250.50000", "2020-03-31": "250.40000", "2019-12-31": "249.90000", "2019-09-30": "249.60000", "2019-06-30": "248.20000", "2019-03-31": "247.00000", "2018-12-31": "245.30000", "2018-09-30": "245.10000", "2018-06-30": "244.50000", "2018-03-31": "243.30000", "2017-12-31": "242.40000", "2017-09-30": "242.10000", "2017-06-30": "241.50000", "2017-03-31": "240.40000", "2016-12-31": "239.30000", "2016-09-30": "238.90000", "2016-06-30": "237.90000", "2016-03-31": "237.20000", "2015-12-31": "237.00000", "2015-09-30": "236.60000", "2015-06-30": "234.60000", "2015-03-31": "229.80000", "2014-12-31": "229.80000", "2014-09-30": "229.80000", "2014-06-30": "0.00000", "2014-03-31": "0.00000", "2013-12-31": "", "2013-09-30": "0.00000", "2012-12-31": "0.00000", "2011-12-31": "0.00000"}, "Retained Earnings (Accumulated Deficit)": {"2020-09-30": "493.60000", "2020-06-30": "411.10000", "2020-03-31": "493.90000", "2019-12-31": "443.20000", "2019-09-30": "401.50000", "2019-06-30": "336.00000", "2019-03-31": "241.30000", "2018-12-31": "198.60000", "2018-09-30": "123.20000", "2018-06-30": "136.30000", "2018-03-31": "61.40000", "2017-12-31": "-21.40000", "2017-09-30": "40.10000", "2017-06-30": "-14.80000", "2017-03-31": "17.00000", "2016-12-31": "-58.10000", "2016-09-30": "-65.30000", "2016-06-30": "-54.60000", "2016-03-31": "-103.10000", "2015-12-31": "-132.80000", "2015-09-30": "-171.40000", "2015-06-30": "-206.50000", "2015-03-31": "-181.40000", "2014-12-31": "-226.50000", "2014-09-30": "-224.30000", "2014-06-30": "", "2014-03-31": "", "2013-12-31": "", "2013-09-30": "", "2012-12-31": "", "2011-12-31": ""}, "Comprehensive Income": {"2020-09-30": "-470.20000", "2020-06-30": "-509.60000", "2020-03-31": "-513.90000", "2019-12-31": "-395.50000", "2019-09-30": "-411.80000", "2019-06-30": "-356.00000", "2019-03-31": "-335.70000", "2018-12-31": "-336.10000", "2018-09-30": "-312.40000", "2018-06-30": "-299.60000", "2018-03-31": "-192.70000", "2017-12-31": "-241.00000", "2017-09-30": "-256.30000", "2017-06-30": "-278.50000", "2017-03-31": "-309.80000", "2016-12-31": "-350.40000", "2016-09-30": "-252.90000", "2016-06-30": "-268.90000", "2016-03-31": "-255.50000", "2015-12-31": "-269.30000", "2015-09-30": "-255.90000", "2015-06-30": "-190.10000", "2015-03-31": "-215.40000", "2014-12-31": "-103.30000", "2014-09-30": "-0.20000", "2014-06-30": "", "2014-03-31": "", "2013-12-31": "", "2013-09-30": "", "2012-12-31": "", "2011-12-31": ""}, "Other Share Holders Equity": {"2020-09-30": "", "2020-06-30": "", "2020-03-31": "", "2019-12-31": "", "2019-09-30": "", "2019-06-30": "", "2019-03-31": "", "2018-12-31": "", "2018-09-30": "", "2018-06-30": "", "2018-03-31": "", "2017-12-31": "", "2017-09-30": "", "2017-06-30": "", "2017-03-31": "", "2016-12-31": "", "2016-09-30": "", "2016-06-30": "", "2016-03-31": "", "2015-12-31": "", "2015-09-30": "", "2015-06-30": "", "2015-03-31": "", "2014-12-31": "", "2014-09-30": "", "2014-06-30": "0.00000", "2014-03-31": "0.00000", "2013-12-31": "", "2013-09-30": "0.00000", "2012-12-31": "1697.00000", "2011-12-31": "0.00000"}, "Share Holder Equity": {"2020-09-30": "1384.70000", "2020-06-30": "1258.60000", "2020-03-31": "1340.80000", "2019-12-31": "1409.60000", "2019-09-30": "1339.70000", "2019-06-30": "1307.10000", "2019-03-31": "1279.60000", "2018-12-31": "1310.50000", "2018-09-30": "1346.10000", "2018-06-30": "1405.90000", "2018-03-31": "1524.40000", "2017-12-31": "1407.80000", "2017-09-30": "1434.30000", "2017-06-30": "1391.50000", "2017-03-31": "1383.80000", "2016-12-31": "1246.60000", "2016-09-30": "1330.80000", "2016-06-30": "1254.80000", "2016-03-31": "1201.00000", "2015-12-31": "1141.20000", "2015-09-30": "1104.30000", "2015-06-30": "1112.20000", "2015-03-31": "1048.20000", "2014-12-31": "1112.00000", "2014-09-30": "1212.60000", "2014-06-30": "0.00000", "2014-03-31": "0.00000", "2013-12-31": "", "2013-09-30": "0.00000", "2012-12-31": "1697.00000", "2011-12-31": "0.00000"}, "Total Liabilities And Share Holders Equity": {"2020-09-30": "7036.50000", "2020-06-30": "6668.60000", "2020-03-31": "6390.70000", "2019-12-31": "6818.00000", "2019-09-30": "6690.00000", "2019-06-30": "6692.90000", "2019-03-31": "6673.40000", "2018-12-31": "6675.70000", "2018-09-30": "6760.80000", "2018-06-30": "6696.20000", "2018-03-31": "6947.40000", "2017-12-31": "6832.20000", "2017-09-30": "6812.60000", "2017-06-30": "6657.10000", "2017-03-31": "5960.40000", "2016-12-31": "5866.20000", "2016-09-30": "6142.50000", "2016-06-30": "5835.80000", "2016-03-31": "5833.10000", "2015-12-31": "5830.10000", "2015-09-30": "5898.90000", "2015-06-30": "5930.80000", "2015-03-31": "5898.40000", "2014-12-31": "6170.70000", "2014-09-30": "6382.00000", "2014-06-30": "0.00000", "2014-03-31": "0.00000", "2013-12-31": "", "2013-09-30": "0.00000", "2012-12-31": "2878.60000", "2011-12-31": "0.00000"}}, "cash flow statement": {"Net Income/Loss": {"2019-12-31": "252.60000", "2018-12-31": "213.30000", "2017-12-31": "47.70000", "2016-12-31": "44.60000", "2015-12-31": "95.80000", "2014-12-31": "34.70000", "2013-12-31": "-218.90000", "2012-12-31": "247.80000", "2011-12-31": "181.50000"}, "Total Depreciation And Amortization - Cash Flow": {"2019-12-31": "361.80000", "2018-12-31": "377.10000", "2017-12-31": "355.50000", "2016-12-31": "339.90000", "2015-12-31": "328.30000", "2014-12-31": "329.70000", "2013-12-31": "319.10000", "2012-12-31": "110.70000", "2011-12-31": "108.70000"}, "Other Non-Cash Items": {"2019-12-31": "43.80000", "2018-12-31": "59.90000", "2017-12-31": "222.90000", "2016-12-31": "224.80000", "2015-12-31": "163.30000", "2014-12-31": "25.70000", "2013-12-31": "77.40000", "2012-12-31": "16.70000", "2011-12-31": "6.60000"}, "Total Non-Cash Items": {"2019-12-31": "405.60000", "2018-12-31": "437.00000", "2017-12-31": "578.40000", "2016-12-31": "564.70000", "2015-12-31": "491.60000", "2014-12-31": "355.40000", "2013-12-31": "396.50000", "2012-12-31": "127.40000", "2011-12-31": "115.30000"}, "Change In Accounts Receivable": {"2019-12-31": "-10.10000", "2018-12-31": "-22.30000", "2017-12-31": "-15.20000", "2016-12-31": "-67.80000", "2015-12-31": "-61.10000", "2014-12-31": "-40.20000", "2013-12-31": "-6.40000", "2012-12-31": "-58.90000", "2011-12-31": "-5.40000"}, "Change In Inventories": {"2019-12-31": "10.80000", "2018-12-31": "-48.10000", "2017-12-31": "-19.90000", "2016-12-31": "-1.70000", "2015-12-31": "-35.20000", "2014-12-31": "-24.70000", "2013-12-31": "33.90000", "2012-12-31": "5.70000", "2011-12-31": "6.10000"}, "Change In Accounts Payable": {"2019-12-31": "18.20000", "2018-12-31": "49.50000", "2017-12-31": "39.80000", "2016-12-31": "32.30000", "2015-12-31": "-6.70000", "2014-12-31": "53.60000", "2013-12-31": "67.10000", "2012-12-31": "54.90000", "2011-12-31": "10.00000"}, "Change In Assets/Liabilities": {"2019-12-31": "-109.30000", "2018-12-31": "-124.90000", "2017-12-31": "-97.50000", "2016-12-31": "-71.50000", "2015-12-31": "-88.00000", "2014-12-31": "-72.60000", "2013-12-31": "-88.50000", "2012-12-31": "-24.50000", "2011-12-31": "-26.60000"}, "Total Change In Assets/Liabilities": {"2019-12-31": "-85.10000", "2018-12-31": "-154.20000", "2017-12-31": "-86.10000", "2016-12-31": "-50.00000", "2015-12-31": "-177.60000", "2014-12-31": "-138.70000", "2013-12-31": "199.20000", "2012-12-31": "13.60000", "2011-12-31": "-60.60000"}, "Cash Flow From Operating Activities": {"2019-12-31": "573.10000", "2018-12-31": "496.10000", "2017-12-31": "540.00000", "2016-12-31": "559.30000", "2015-12-31": "409.80000", "2014-12-31": "251.40000", "2013-12-31": "376.80000", "2012-12-31": "388.80000", "2011-12-31": "236.20000"}, "Net Change In Property, Plant, And Equipment": {"2019-12-31": "-112.50000", "2018-12-31": "-143.40000", "2017-12-31": "-125.00000", "2016-12-31": "-136.20000", "2015-12-31": "-138.10000", "2014-12-31": "-188.40000", "2013-12-31": "-161.80000", "2012-12-31": "-73.20000", "2011-12-31": "-82.70000"}, "Net Change In Intangible Assets": {"2019-12-31": "", "2018-12-31": "", "2017-12-31": "", "2016-12-31": "", "2015-12-31": "", "2014-12-31": "", "2013-12-31": "", "2012-12-31": "-21.60000", "2011-12-31": "-41.70000"}, "Net Acquisitions/Divestitures": {"2019-12-31": "4.90000", "2018-12-31": "-82.80000", "2017-12-31": "-564.40000", "2016-12-31": "-114.80000", "2015-12-31": "-29.60000", "2014-12-31": "", "2013-12-31": "-4827.60000", "2012-12-31": "", "2011-12-31": ""}, "Net Change In Short-term Investments": {"2019-12-31": "", "2018-12-31": "", "2017-12-31": "", "2016-12-31": "", "2015-12-31": "", "2014-12-31": "", "2013-12-31": "", "2012-12-31": "", "2011-12-31": ""}, "Net Change In Long-Term Investments": {"2019-12-31": "", "2018-12-31": "", "2017-12-31": "", "2016-12-31": "", "2015-12-31": "", "2014-12-31": "", "2013-12-31": "", "2012-12-31": "0.10000", "2011-12-31": "0.30000"}, "Net Change In Investments - Total": {"2019-12-31": "", "2018-12-31": "", "2017-12-31": "", "2016-12-31": "", "2015-12-31": "", "2014-12-31": "", "2013-12-31": "", "2012-12-31": "0.10000", "2011-12-31": "0.30000"}, "Investing Activities - Other": {"2019-12-31": "13.70000", "2018-12-31": "37.00000", "2017-12-31": "-0.20000", "2016-12-31": "-6.00000", "2015-12-31": "1.50000", "2014-12-31": "14.60000", "2013-12-31": "-21.80000", "2012-12-31": "6.50000", "2011-12-31": "7.50000"}, "Cash Flow From Investing Activities": {"2019-12-31": "-93.90000", "2018-12-31": "-189.20000", "2017-12-31": "-689.60000", "2016-12-31": "-257.00000", "2015-12-31": "-166.20000", "2014-12-31": "-173.80000", "2013-12-31": "-5011.20000", "2012-12-31": "-88.20000", "2011-12-31": "-116.60000"}, "Net Long-Term Debt": {"2019-12-31": "-27.60000", "2018-12-31": "-42.40000", "2017-12-31": "433.60000", "2016-12-31": "-151.39990", "2015-12-31": "-127.30000", "2014-12-31": "-120.40000", "2013-12-31": "3885.40000", "2012-12-31": "", "2011-12-31": ""}, "Net Current Debt": {"2019-12-31": "-39.50000", "2018-12-31": "-44.70000", "2017-12-31": "-14.10000", "2016-12-31": "-8.60000", "2015-12-31": "-14.90000", "2014-12-31": "-3.10000", "2013-12-31": "13.50000", "2012-12-31": "-0.70000", "2011-12-31": ""}, "Debt Issuance/Retirement Net - Total": {"2019-12-31": "-67.10000", "2018-12-31": "-87.10000", "2017-12-31": "419.50000", "2016-12-31": "-159.99990", "2015-12-31": "-142.20000", "2014-12-31": "-123.50000", "2013-12-31": "3898.90000", "2012-12-31": "-0.70000", "2011-12-31": ""}, "Net Common Equity Issued/Repurchased": {"2019-12-31": "-55.00000", "2018-12-31": "-236.40000", "2017-12-31": "-33.60000", "2016-12-31": "16.70000", "2015-12-31": "62.40000", "2014-12-31": "3.00000", "2013-12-31": "1355.40000", "2012-12-31": "", "2011-12-31": ""}, "Net Total Equity Issued/Repurchased": {"2019-12-31": "-55.00000", "2018-12-31": "-236.40000", "2017-12-31": "-33.60000", "2016-12-31": "16.70000", "2015-12-31": "62.40000", "2014-12-31": "3.00000", "2013-12-31": "1355.40000", "2012-12-31": "", "2011-12-31": ""}, "Total Common And Preferred Stock Dividends Paid": {"2019-12-31": "-1.50000", "2018-12-31": "-1.00000", "2017-12-31": "-3.00000", "2016-12-31": "-3.00000", "2015-12-31": "-4.70000", "2014-12-31": "-2.20000", "2013-12-31": "-5.20000", "2012-12-31": "", "2011-12-31": ""}, "Financial Activities - Other": {"2019-12-31": "-34.80000", "2018-12-31": "-43.70000", "2017-12-31": "-15.60000", "2016-12-31": "-86.30000", "2015-12-31": "-0.20000", "2014-12-31": "-0.50000", "2013-12-31": "-151.00000", "2012-12-31": "-289.90000", "2011-12-31": "-125.10000"}, "Cash Flow From Financial Activities": {"2019-12-31": "-158.40000", "2018-12-31": "-368.20000", "2017-12-31": "367.30000", "2016-12-31": "-232.60000", "2015-12-31": "-84.70000", "2014-12-31": "-123.20000", "2013-12-31": "5098.10000", "2012-12-31": "-290.60000", "2011-12-31": "-125.10000"}, "Net Cash Flow": {"2019-12-31": "324.10000", "2018-12-31": "-76.50000", "2017-12-31": "234.80000", "2016-12-31": "50.40000", "2015-12-31": "100.90000", "2014-12-31": "-72.50000", "2013-12-31": "459.30000", "2012-12-31": "9.90000", "2011-12-31": "-3.10000"}, "Stock-Based Compensation": {"2019-12-31": "15.70000", "2018-12-31": "37.30000", "2017-12-31": "38.50000", "2016-12-31": "41.10000", "2015-12-31": "30.20000", "2014-12-31": "8.00000", "2013-12-31": "7.40000", "2012-12-31": "", "2011-12-31": ""}, "Common Stock Dividends Paid": {"2019-12-31": "-1.50000", "2018-12-31": "-1.00000", "2017-12-31": "-3.00000", "2016-12-31": "-3.00000", "2015-12-31": "-4.70000", "2014-12-31": "-2.20000", "2013-12-31": "-5.20000", "2012-12-31": "", "2011-12-31": ""}}, "cash flow statement, quarterly": {"Net Income/Loss": {"2020-09-30": 82.5, "2020-06-30": -83.2, "2020-03-31": "52.40000", "2019-12-31": 42.2, "2019-09-30": 66.4, "2019-06-30": 99.9, "2019-03-31": "44.10000", "2018-12-31": 76.8, "2018-09-30": -11.6, "2018-06-30": 77.1, "2018-03-31": "71.00000", "2017-12-31": -55.6, "2017-09-30": 56.3, "2017-06-30": -18.9, "2017-03-31": "65.90000", "2016-12-31": -35.1, "2016-09-30": -5.4, "2016-06-30": 53.3, "2016-03-31": "31.80000", "2015-12-31": 37, "2015-09-30": 36.4, "2015-06-30": -24.3, "2015-03-31": "46.70000", "2014-12-31": 0.9, "2014-09-30": -18.3, "2014-06-30": 55.8, "2014-03-31": "-3.70000", "2013-12-31": -47, "2013-09-30": -419.7, "2012-12-31": 66.3, "2011-12-31": 181.5}, "Total Depreciation And Amortization - Cash Flow": {"2020-09-30": 83.1, "2020-06-30": 78.5, "2020-03-31": "88.80000", "2019-12-31": 87.8, "2019-09-30": 89.3, "2019-06-30": 90.9, "2019-03-31": "93.80000", "2018-12-31": 96.4, "2018-09-30": 94.7, "2018-06-30": 92.2, "2018-03-31": "93.80000", "2017-12-31": 93.5, "2017-09-30": 90.5, "2017-06-30": 87, "2017-03-31": "84.50000", "2016-12-31": 89.5, "2016-09-30": 85.7, "2016-06-30": 83.6, "2016-03-31": "81.10000", "2015-12-31": 87.3, "2015-09-30": 80.7, "2015-06-30": 82.7, "2015-03-31": "77.60000", "2014-12-31": 84.9, "2014-09-30": 81.6, "2014-06-30": 76.9, "2014-03-31": "86.30000", "2013-12-31": 77.8, "2013-09-30": 130.6, "2012-12-31": 2, "2011-12-31": 108.7}, "Other Non-Cash Items": {"2020-09-30": 9.6, "2020-06-30": -1, "2020-03-31": "-39.60000", "2019-12-31": 49.3, "2019-09-30": -8.3, "2019-06-30": -6.6, "2019-03-31": "9.40000", "2018-12-31": 19.4, "2018-09-30": 0.4, "2018-06-30": 43.2, "2018-03-31": "-3.10000", "2017-12-31": 117.1, "2017-09-30": 10.5, "2017-06-30": 88.9, "2017-03-31": "6.40000", "2016-12-31": 93.3, "2016-09-30": 81.2, "2016-06-30": 38.8, "2016-03-31": "11.50000", "2015-12-31": 16.3, "2015-09-30": 39.2, "2015-06-30": 118.3, "2015-03-31": "-10.50000", "2014-12-31": 5.6, "2014-09-30": 50.2, "2014-06-30": -21.5, "2014-03-31": "-8.60000", "2013-12-31": -114.8, "2013-09-30": 114.8, "2012-12-31": 0, "2011-12-31": 0}, "Total Non-Cash Items": {"2020-09-30": 92.7, "2020-06-30": 77.5, "2020-03-31": "49.20000", "2019-12-31": 137.1, "2019-09-30": 81, "2019-06-30": 84.3, "2019-03-31": "103.20000", "2018-12-31": 115.8, "2018-09-30": 95.1, "2018-06-30": 135.4, "2018-03-31": "90.70000", "2017-12-31": 210.6, "2017-09-30": 101, "2017-06-30": 175.9, "2017-03-31": "90.90000", "2016-12-31": 182.8, "2016-09-30": 166.9, "2016-06-30": 122.4, "2016-03-31": "92.60000", "2015-12-31": 103.6, "2015-09-30": 119.9, "2015-06-30": 201, "2015-03-31": "67.10000", "2014-12-31": 90.5, "2014-09-30": 131.8, "2014-06-30": 55.4, "2014-03-31": "77.70000", "2013-12-31": -37, "2013-09-30": 245.4, "2012-12-31": 2, "2011-12-31": 108.7}, "Change In Accounts Receivable": {"2020-09-30": -150.8, "2020-06-30": 131.4, "2020-03-31": "5.40000", "2019-12-31": 118.8, "2019-09-30": 24, "2019-06-30": -62.5, "2019-03-31": "-90.40000", "2018-12-31": 97.2, "2018-09-30": 14, "2018-06-30": -81.2, "2018-03-31": "-52.30000", "2017-12-31": 29.3, "2017-09-30": 84.4, "2017-06-30": -66.4, "2017-03-31": "-62.50000", "2016-12-31": 36, "2016-09-30": -14.1, "2016-06-30": -63.2, "2016-03-31": "-26.50000", "2015-12-31": 50.5, "2015-09-30": 13.3, "2015-06-30": -71.4, "2015-03-31": "-53.50000", "2014-12-31": 69.5, "2014-09-30": 2.6, "2014-06-30": -47, "2014-03-31": "-65.30000", "2013-12-31": 57.2, "2013-09-30": -57.2, "2012-12-31": 0, "2011-12-31": 0}, "Change In Inventories": {"2020-09-30": 10.7, "2020-06-30": 59.6, "2020-03-31": "-27.10000", "2019-12-31": 14.8, "2019-09-30": -2.6, "2019-06-30": 20.8, "2019-03-31": "-22.20000", "2018-12-31": 3.7, "2018-09-30": -20, "2018-06-30": 11.1, "2018-03-31": "-42.90000", "2017-12-31": 17.7, "2017-09-30": -32.5, "2017-06-30": 6.1, "2017-03-31": "-11.20000", "2016-12-31": -1.8, "2016-09-30": -13.3, "2016-06-30": 20.9, "2016-03-31": "-7.50000", "2015-12-31": 9.5, "2015-09-30": -3.6, "2015-06-30": -15.2, "2015-03-31": "-25.90000", "2014-12-31": 25.9, "2014-09-30": -26.3, "2014-06-30": 4, "2014-03-31": "-28.30000", "2013-12-31": -27.1, "2013-09-30": 27.1, "2012-12-31": 0, "2011-12-31": 0}, "Change In Accounts Payable": {"2020-09-30": 146.2, "2020-06-30": -160, "2020-03-31": "29.00000", "2019-12-31": -11.7, "2019-09-30": 9.2, "2019-06-30": -14.7, "2019-03-31": "35.40000", "2018-12-31": 4.1, "2018-09-30": 8.4, "2018-06-30": 3.1, "2018-03-31": "33.90000", "2017-12-31": 5.6, "2017-09-30": 40.5, "2017-06-30": -5.5, "2017-03-31": "-0.80000", "2016-12-31": 18.3, "2016-09-30": 10, "2016-06-30": 20.6, "2016-03-31": "-16.60000", "2015-12-31": 3.4, "2015-09-30": 6.1, "2015-06-30": -15.2, "2015-03-31": "-1.00000", "2014-12-31": 1.2, "2014-09-30": -7.1, "2014-06-30": 30.2, "2014-03-31": "29.30000", "2013-12-31": -62.9, "2013-09-30": 62.9, "2012-12-31": 0, "2011-12-31": 0}, "Change In Assets/Liabilities": {"2020-09-30": 5.1, "2020-06-30": -12.4, "2020-03-31": "-36.40000", "2019-12-31": -23.2, "2019-09-30": -11, "2019-06-30": -16.3, "2019-03-31": "-58.80000", "2018-12-31": -72.2, "2018-09-30": 11.6, "2018-06-30": -29.9, "2018-03-31": "-34.40000", "2017-12-31": -8.5, "2017-09-30": -23, "2017-06-30": -33.8, "2017-03-31": "-32.20000", "2016-12-31": -30.5, "2016-09-30": -14.4, "2016-06-30": -9.4, "2016-03-31": "-17.20000", "2015-12-31": -12.9, "2015-09-30": -13.8, "2015-06-30": -20.3, "2015-03-31": "-41.00000", "2014-12-31": -15.4, "2014-09-30": -10.4, "2014-06-30": -46.8, "2014-03-31": "0.00000", "2013-12-31": 54.1, "2013-09-30": -54.1, "2012-12-31": 0, "2011-12-31": 0}, "Total Change In Assets/Liabilities": {"2020-09-30": 58.2, "2020-06-30": 4, "2020-03-31": "-102.40000", "2019-12-31": 104, "2019-09-30": 73.6, "2019-06-30": -57.5, "2019-03-31": "-205.20000", "2018-12-31": 58, "2018-09-30": 41, "2018-06-30": -70.5, "2018-03-31": "-182.70000", "2017-12-31": 78.6, "2017-09-30": 55, "2017-06-30": -58.2, "2017-03-31": "-161.50000", "2016-12-31": 80.3, "2016-09-30": -16.2, "2016-06-30": 23.6, "2016-03-31": "-137.70000", "2015-12-31": 105.4, "2015-09-30": 2.5, "2015-06-30": -73, "2015-03-31": "-212.50000", "2014-12-31": 100.6, "2014-09-30": -67.8, "2014-06-30": -30.3, "2014-03-31": "-141.20000", "2013-12-31": 119.5, "2013-09-30": 66.1, "2012-12-31": 74.2, "2011-12-31": -60.6}, "Cash Flow From Operating Activities": {"2020-09-30": 233.4, "2020-06-30": -1.7, "2020-03-31": "-0.80000", "2019-12-31": 283.3, "2019-09-30": 221, "2019-06-30": 126.7, "2019-03-31": "-57.90000", "2018-12-31": 250.6, "2018-09-30": 124.5, "2018-06-30": 142, "2018-03-31": "-21.00000", "2017-12-31": 233.6, "2017-09-30": 212.3, "2017-06-30": 98.8, "2017-03-31": "-4.70000", "2016-12-31": 228, "2016-09-30": 145.3, "2016-06-30": 199.3, "2016-03-31": "-13.30000", "2015-12-31": 246, "2015-09-30": 158.8, "2015-06-30": 103.7, "2015-03-31": "-98.70000", "2014-12-31": 192, "2014-09-30": 45.7, "2014-06-30": 80.9, "2014-03-31": "-67.20000", "2013-12-31": 112.9, "2013-09-30": -124.9, "2012-12-31": 152.6, "2011-12-31": 236.2}, "Net Change In Property, Plant, And Equipment": {"2020-09-30": -13.8, "2020-06-30": -19.7, "2020-03-31": "-22.70000", "2019-12-31": -38.6, "2019-09-30": -26.7, "2019-06-30": -26.7, "2019-03-31": "-20.50000", "2018-12-31": -33.9, "2018-09-30": -34.9, "2018-06-30": -35.1, "2018-03-31": "-39.50000", "2017-12-31": -37.8, "2017-09-30": -29.8, "2017-06-30": -25.1, "2017-03-31": "-32.30000", "2016-12-31": -40.9, "2016-09-30": -30.5, "2016-06-30": -24.5, "2016-03-31": "-40.30000", "2015-12-31": -44.3, "2015-09-30": -37.2, "2015-06-30": -25.1, "2015-03-31": "-31.50000", "2014-12-31": -32.8, "2014-09-30": -54.8, "2014-06-30": -50.6, "2014-03-31": "-50.20000", "2013-12-31": -85.1, "2013-09-30": -3.5, "2012-12-31": 9.5, "2011-12-31": -82.7}, "Net Change In Intangible Assets": {"2020-09-30": 0, "2020-06-30": 0, "2020-03-31": "", "2019-12-31": 0, "2019-09-30": 0, "2019-06-30": 0, "2019-03-31": "", "2018-12-31": 0, "2018-09-30": 0, "2018-06-30": 0, "2018-03-31": "", "2017-12-31": 0.5, "2017-09-30": -0.5, "2017-06-30": 0, "2017-03-31": "", "2016-12-31": 3.9, "2016-09-30": -3.9, "2016-06-30": 0, "2016-03-31": "", "2015-12-31": 0, "2015-09-30": 0, "2015-06-30": 0, "2015-03-31": "", "2014-12-31": 0, "2014-09-30": 0, "2014-06-30": 0.2, "2014-03-31": "-0.20000", "2013-12-31": 0, "2013-09-30": 0, "2012-12-31": 0, "2011-12-31": 0}, "Net Acquisitions/Divestitures": {"2020-09-30": 0, "2020-06-30": 0, "2020-03-31": "", "2019-12-31": -1.2, "2019-09-30": -0.2, "2019-06-30": 8, "2019-03-31": "-1.70000", "2018-12-31": -3.6, "2018-09-30": -1, "2018-06-30": 0, "2018-03-31": "-78.20000", "2017-12-31": -5.1, "2017-09-30": -26, "2017-06-30": -476.4, "2017-03-31": "-56.90000", "2016-12-31": -11.3, "2016-09-30": -103.5, "2016-06-30": 0, "2016-03-31": "", "2015-12-31": -9.7, "2015-09-30": -16.8, "2015-06-30": 0.1, "2015-03-31": "-3.20000", "2014-12-31": 6.5, "2014-09-30": -6.5, "2014-06-30": 0, "2014-03-31": "", "2013-12-31": 0, "2013-09-30": -4827.6, "2012-12-31": 0, "2011-12-31": 0}, "Net Change In Short-term Investments": {"2020-09-30": 0, "2020-06-30": 0, "2020-03-31": "", "2019-12-31": 0, "2019-09-30": 0, "2019-06-30": 0, "2019-03-31": "", "2018-12-31": 0, "2018-09-30": 0, "2018-06-30": 0, "2018-03-31": "", "2017-12-31": 0, "2017-09-30": 0, "2017-06-30": 0, "2017-03-31": "", "2016-12-31": 0, "2016-09-30": 0, "2016-06-30": 0, "2016-03-31": "", "2015-12-31": 0, "2015-09-30": 0, "2015-06-30": 0, "2015-03-31": "", "2014-12-31": 0, "2014-09-30": 0, "2014-06-30": 0, "2014-03-31": "", "2013-12-31": 0, "2013-09-30": 0, "2012-12-31": 0, "2011-12-31": 0}, "Net Change In Long-Term Investments": {"2020-09-30": 0, "2020-06-30": 0, "2020-03-31": "", "2019-12-31": 0, "2019-09-30": 0, "2019-06-30": 0, "2019-03-31": "", "2018-12-31": 0, "2018-09-30": 0, "2018-06-30": 0, "2018-03-31": "", "2017-12-31": 0, "2017-09-30": 0, "2017-06-30": 0, "2017-03-31": "", "2016-12-31": 0, "2016-09-30": 0, "2016-06-30": 0, "2016-03-31": "", "2015-12-31": 0.3, "2015-09-30": -0.3, "2015-06-30": 0, "2015-03-31": "", "2014-12-31": 0, "2014-09-30": 0, "2014-06-30": 0, "2014-03-31": "", "2013-12-31": 3.1, "2013-09-30": -3.1, "2012-12-31": 0, "2011-12-31": 0}, "Net Change In Investments - Total": {"2020-09-30": 0, "2020-06-30": 0, "2020-03-31": "", "2019-12-31": 0, "2019-09-30": 0, "2019-06-30": 0, "2019-03-31": "", "2018-12-31": 0, "2018-09-30": 0, "2018-06-30": 0, "2018-03-31": "", "2017-12-31": 0, "2017-09-30": 0, "2017-06-30": 0, "2017-03-31": "", "2016-12-31": 0, "2016-09-30": 0, "2016-06-30": 0, "2016-03-31": "", "2015-12-31": 0.3, "2015-09-30": -0.3, "2015-06-30": 0, "2015-03-31": "", "2014-12-31": 0, "2014-09-30": 0, "2014-06-30": 0, "2014-03-31": "", "2013-12-31": 3.1, "2013-09-30": -3.2, "2012-12-31": -0.2, "2011-12-31": 0.3}, "Investing Activities - Other": {"2020-09-30": 8.8, "2020-06-30": 4, "2020-03-31": "4.10000", "2019-12-31": 4.9, "2019-09-30": 1.6, "2019-06-30": 3.8, "2019-03-31": "3.40000", "2018-12-31": 25.9, "2018-09-30": 5.8, "2018-06-30": 5.3, "2018-03-31": "", "2017-12-31": -0.5, "2017-09-30": 4.9, "2017-06-30": -4.4, "2017-03-31": "-0.20000", "2016-12-31": -3.6, "2016-09-30": 0, "2016-06-30": 0.5, "2016-03-31": "-2.90000", "2015-12-31": -1.4, "2015-09-30": 0.1, "2015-06-30": -1.7, "2015-03-31": "4.50000", "2014-12-31": 1.5, "2014-09-30": 15.1, "2014-06-30": 0, "2014-03-31": "-2.00000", "2013-12-31": -3.1, "2013-09-30": -3.6, "2012-12-31": 19.1, "2011-12-31": -34.2}, "Cash Flow From Investing Activities": {"2020-09-30": -5, "2020-06-30": -15.7, "2020-03-31": "-18.60000", "2019-12-31": -34.9, "2019-09-30": -25.3, "2019-06-30": -14.9, "2019-03-31": "-18.80000", "2018-12-31": -11.6, "2018-09-30": -30.1, "2018-06-30": -29.8, "2018-03-31": "-117.70000", "2017-12-31": -42.9, "2017-09-30": -51.4, "2017-06-30": -505.9, "2017-03-31": "-89.40000", "2016-12-31": -51.9, "2016-09-30": -137.9, "2016-06-30": -24, "2016-03-31": "-43.20000", "2015-12-31": -55.1, "2015-09-30": -54.2, "2015-06-30": -26.7, "2015-03-31": "-30.20000", "2014-12-31": -24.8, "2014-09-30": -46.2, "2014-06-30": -50.4, "2014-03-31": "-52.40000", "2013-12-31": -85.1, "2013-09-30": -4837.9, "2012-12-31": 28.4, "2011-12-31": -116.6}, "Net Long-Term Debt": {"2020-09-30": -12.2, "2020-06-30": 494.1, "2020-03-31": "-307.20000", "2019-12-31": -7.6, "2019-09-30": -6.3, "2019-06-30": -6.4, "2019-03-31": "-7.30000", "2018-12-31": -6.2, "2018-09-30": -6.6, "2018-06-30": -22.7, "2018-03-31": "-6.90000", "2017-12-31": -10.4, "2017-09-30": -6.3, "2017-06-30": 455.3, "2017-03-31": "-5.00000", "2016-12-31": -153.4999, "2016-09-30": 115.8, "2016-06-30": -106.8, "2016-03-31": "-6.90000", "2015-12-31": -106.8, "2015-09-30": -6.9, "2015-06-30": -6.8, "2015-03-31": "-6.80000", "2014-12-31": -6.3, "2014-09-30": -107, "2014-06-30": -7.1, "2014-03-31": "", "2013-12-31": -3906.7, "2013-09-30": 3906.7, "2012-12-31": 0, "2011-12-31": 0}, "Net Current Debt": {"2020-09-30": -4.6, "2020-06-30": -8, "2020-03-31": "-10.60000", "2019-12-31": -10, "2019-09-30": -9, "2019-06-30": -9.2, "2019-03-31": "-11.30000", "2018-12-31": -10.9, "2018-09-30": -10.8, "2018-06-30": -13.7, "2018-03-31": "-9.30000", "2017-12-31": -7.1, "2017-09-30": -2.6, "2017-06-30": -2.1, "2017-03-31": "-2.30000", "2016-12-31": -1.4, "2016-09-30": -1.7, "2016-06-30": -5.2, "2016-03-31": "-0.30000", "2015-12-31": -2.3, "2015-09-30": -2, "2015-06-30": -1.4, "2015-03-31": "-9.20000", "2014-12-31": 4.1, "2014-09-30": -6.7, "2014-06-30": -7.6, "2014-03-31": "7.10000", "2013-12-31": -2.3, "2013-09-30": 16.5, "2012-12-31": -0.7, "2011-12-31": 0}, "Debt Issuance/Retirement Net - Total": {"2020-09-30": -16.8, "2020-06-30": 486.1, "2020-03-31": "-317.80000", "2019-12-31": -17.6, "2019-09-30": -15.3, "2019-06-30": -15.6, "2019-03-31": "-18.60000", "2018-12-31": -17.1, "2018-09-30": -17.4, "2018-06-30": -36.4, "2018-03-31": "-16.20000", "2017-12-31": -17.5, "2017-09-30": -8.9, "2017-06-30": 453.2, "2017-03-31": "-7.30000", "2016-12-31": -154.8999, "2016-09-30": 114.1, "2016-06-30": -112, "2016-03-31": "-7.20000", "2015-12-31": -109.1, "2015-09-30": -8.9, "2015-06-30": -8.2, "2015-03-31": "-16.00000", "2014-12-31": -2.2, "2014-09-30": -113.7, "2014-06-30": -14.7, "2014-03-31": "7.10000", "2013-12-31": -37.1, "2013-09-30": 3922.5, "2012-12-31": 0, "2011-12-31": 0}, "Net Common Equity Issued/Repurchased": {"2020-09-30": 0, "2020-06-30": -0.9, "2020-03-31": "", "2019-12-31": 50.3, "2019-09-30": 0, "2019-06-30": -39.6, "2019-03-31": "-65.70000", "2018-12-31": -105.8, "2018-09-30": -37.3, "2018-06-30": -96.2, "2018-03-31": "2.90000", "2017-12-31": 4.9, "2017-09-30": -43.1, "2017-06-30": -4.2, "2017-03-31": "8.80000", "2016-12-31": 2.9, "2016-09-30": 7.9, "2016-06-30": 3.9, "2016-03-31": "2.00000", "2015-12-31": -5.4, "2015-09-30": 15.9, "2015-06-30": 51.9, "2015-03-31": "", "2014-12-31": -2.4, "2014-09-30": 5.4, "2014-06-30": 0, "2014-03-31": "", "2013-12-31": -1350, "2013-09-30": 1350, "2012-12-31": 0, "2011-12-31": 0}, "Net Total Equity Issued/Repurchased": {"2020-09-30": 0, "2020-06-30": -0.9, "2020-03-31": "", "2019-12-31": 50.3, "2019-09-30": 0, "2019-06-30": -39.6, "2019-03-31": "-65.70000", "2018-12-31": -105.8, "2018-09-30": -37.3, "2018-06-30": -96.2, "2018-03-31": "2.90000", "2017-12-31": 4.9, "2017-09-30": -43.1, "2017-06-30": -4.2, "2017-03-31": "8.80000", "2016-12-31": 2.9, "2016-09-30": 7.9, "2016-06-30": 3.9, "2016-03-31": "2.00000", "2015-12-31": -5.4, "2015-09-30": 15.9, "2015-06-30": 51.9, "2015-03-31": "", "2014-12-31": -2.4, "2014-09-30": 5.4, "2014-06-30": 0, "2014-03-31": "", "2013-12-31": 5.4, "2013-09-30": 1350, "2012-12-31": 0, "2011-12-31": 0}, "Total Common And Preferred Stock Dividends Paid": {"2020-09-30": 0, "2020-06-30": 0, "2020-03-31": "", "2019-12-31": -1.5, "2019-09-30": 0, "2019-06-30": 0, "2019-03-31": "", "2018-12-31": 0, "2018-09-30": 0, "2018-06-30": 0, "2018-03-31": "-1.00000", "2017-12-31": -0.3, "2017-09-30": -1.8, "2017-06-30": -0.5, "2017-03-31": "-0.40000", "2016-12-31": 0, "2016-09-30": -1.5, "2016-06-30": 0, "2016-03-31": "-1.50000", "2015-12-31": -0.3, "2015-09-30": -0.3, "2015-06-30": -0.6, "2015-03-31": "-3.50000", "2014-12-31": -0.6, "2014-09-30": 0, "2014-06-30": -0.7, "2014-03-31": "-0.90000", "2013-12-31": -1.1, "2013-09-30": -4.1, "2012-12-31": 0, "2011-12-31": 0}, "Financial Activities - Other": {"2020-09-30": -5.5, "2020-06-30": -4.8, "2020-03-31": "-3.50000", "2019-12-31": -44.6, "2019-09-30": 18.2, "2019-06-30": 9.1, "2019-03-31": "-17.50000", "2018-12-31": -5.9, "2018-09-30": -0.5, "2018-06-30": -10.4, "2018-03-31": "-26.90000", "2017-12-31": -0.5, "2017-09-30": -2.8, "2017-06-30": -6.6, "2017-03-31": "-5.70000", "2016-12-31": -7.8, "2016-09-30": -78.3, "2016-06-30": 0.1, "2016-03-31": "-0.30000", "2015-12-31": 0, "2015-09-30": 0, "2015-06-30": 0, "2015-03-31": "-0.20000", "2014-12-31": 2.5, "2014-09-30": 0, "2014-06-30": 0, "2014-03-31": "-3.00000", "2013-12-31": 0, "2013-09-30": 138.9, "2012-12-31": -164.8, "2011-12-31": -125.1}, "Cash Flow From Financial Activities": {"2020-09-30": -22.3, "2020-06-30": 480.4, "2020-03-31": "-321.30000", "2019-12-31": -13.4, "2019-09-30": 2.9, "2019-06-30": -46.1, "2019-03-31": "-101.80000", "2018-12-31": -128.8, "2018-09-30": -55.2, "2018-06-30": -143, "2018-03-31": "-41.20000", "2017-12-31": -13.4, "2017-09-30": -56.6, "2017-06-30": 441.9, "2017-03-31": "-4.60000", "2016-12-31": -159.8, "2016-09-30": 42.2, "2016-06-30": -108, "2016-03-31": "-7.00000", "2015-12-31": -114.8, "2015-09-30": 6.7, "2015-06-30": 43.1, "2015-03-31": "-19.70000", "2014-12-31": -2.7, "2014-09-30": -108.3, "2014-06-30": -15.4, "2014-03-31": "3.20000", "2013-12-31": -19.3, "2013-09-30": 5408, "2012-12-31": -165.5, "2011-12-31": -125.1}, "Net Cash Flow": {"2020-09-30": 217.7, "2020-06-30": 466.5, "2020-03-31": "-360.50000", "2019-12-31": 250.4, "2019-09-30": 185.5, "2019-06-30": 65.9, "2019-03-31": "-177.70000", "2018-12-31": 105.5, "2018-09-30": 37.1, "2018-06-30": -49.5, "2018-03-31": "-169.60000", "2017-12-31": 180.9, "2017-09-30": 107, "2017-06-30": 43, "2017-03-31": "-96.10000", "2016-12-31": 7, "2016-09-30": 47.9, "2016-06-30": 60.9, "2016-03-31": "-65.40000", "2015-12-31": 71.4, "2015-09-30": 103.8, "2015-06-30": 84.9, "2015-03-31": "-159.20000", "2014-12-31": 153.5, "2014-09-30": -117, "2014-06-30": 10.7, "2014-03-31": "-119.70000", "2013-12-31": 12.1, "2013-09-30": 437.3, "2012-12-31": 13, "2011-12-31": -3.1}, "Stock-Based Compensation": {"2020-09-30": 4.7, "2020-06-30": 6.1, "2020-03-31": "5.10000", "2019-12-31": 6.2, "2019-09-30": 4.2, "2019-06-30": -1.4, "2019-03-31": "6.70000", "2018-12-31": 9.8, "2018-09-30": 9.4, "2018-06-30": 9.7, "2018-03-31": "8.40000", "2017-12-31": 8, "2017-09-30": 9.2, "2017-06-30": 10.9, "2017-03-31": "10.40000", "2016-12-31": 9.5, "2016-09-30": 10, "2016-06-30": 11.4, "2016-03-31": "10.20000", "2015-12-31": 8.1, "2015-09-30": 7.9, "2015-06-30": 12.4, "2015-03-31": "1.80000", "2014-12-31": 1.9, "2014-09-30": 2.3, "2014-06-30": 2, "2014-03-31": "1.80000", "2013-12-31": -2.9, "2013-09-30": 2.9, "2012-12-31": 0, "2011-12-31": 0}, "Common Stock Dividends Paid": {"2020-09-30": 0, "2020-06-30": 0, "2020-03-31": "", "2019-12-31": -1.5, "2019-09-30": 0, "2019-06-30": 0, "2019-03-31": "", "2018-12-31": 0, "2018-09-30": 0, "2018-06-30": 0, "2018-03-31": "-1.00000", "2017-12-31": -0.3, "2017-09-30": -1.8, "2017-06-30": -0.5, "2017-03-31": "-0.40000", "2016-12-31": 0, "2016-09-30": -1.5, "2016-06-30": 0, "2016-03-31": "-1.50000", "2015-12-31": -0.3, "2015-09-30": -0.3, "2015-06-30": -0.6, "2015-03-31": "-3.50000", "2014-12-31": -0.6, "2014-09-30": 0, "2014-06-30": -0.7, "2014-03-31": "-0.90000", "2013-12-31": 4.1, "2013-09-30": -4.1, "2012-12-31": 0, "2011-12-31": 0}}, "financial ratios": {"Current Ratio": {"2019-12-31": "2.39850", "2018-12-31": "2.21950", "2017-12-31": "2.13970", "2016-12-31": "2.03800", "2015-12-31": "2.11180", "2014-12-31": "1.97830", "2013-12-31": "1.94900", "2012-12-31": "1.80770", "2011-12-31": ""}, "Long-term Debt / Capital": {"2019-12-31": "0.72890", "2018-12-31": "0.74470", "2017-12-31": "0.73370", "2016-12-31": "0.72190", "2015-12-31": "0.74820", "2014-12-31": "0.76270", "2013-12-31": "0.76170", "2012-12-31": "", "2011-12-31": ""}, "Debt/Equity Ratio": {"2019-12-31": "2.72000", "2018-12-31": "2.94850", "2017-12-31": "2.78140", "2016-12-31": "2.61820", "2015-12-31": "3.01570", "2014-12-31": "3.25030", "2013-12-31": "3.23560", "2012-12-31": "0.00010", "2011-12-31": ""}, "Gross Margin": {"2019-12-31": "34.90030", "2018-12-31": "33.85220", "2017-12-31": "36.47480", "2016-12-31": "38.21190", "2015-12-31": "36.80540", "2014-12-31": "34.02710", "2013-12-31": "30.45050", "2012-12-31": "31.10790", "2011-12-31": "28.76180"}, "Operating Margin": {"2019-12-31": "10.89200", "2018-12-31": "9.41440", "2017-12-31": "8.30930", "2016-12-31": "9.89810", "2015-12-31": "11.32850", "2014-12-31": "8.41400", "2013-12-31": "0.62460", "2012-12-31": "9.61520", "2011-12-31": "7.47490"}, "EBIT Margin": {"2019-12-31": "10.89200", "2018-12-31": "9.41440", "2017-12-31": "8.30930", "2016-12-31": "9.89810", "2015-12-31": "11.32850", "2014-12-31": "8.41400", "2013-12-31": "0.62460", "2012-12-31": "9.61520", "2011-12-31": "7.47490"}, "EBITDA Margin": {"2019-12-31": "18.96390", "2018-12-31": "17.44460", "2017-12-31": "16.43130", "2016-12-31": "18.20320", "2015-12-31": "19.31630", "2014-12-31": "15.92170", "2013-12-31": "8.62850", "2012-12-31": "12.21580", "2011-12-31": "9.99350"}, "Pre-Tax Profit Margin": {"2019-12-31": "7.36250", "2018-12-31": "5.69630", "2017-12-31": "4.33170", "2016-12-31": "2.02070", "2015-12-31": "3.84180", "2014-12-31": "0.83800", "2013-12-31": "-6.61430", "2012-12-31": "9.23230", "2011-12-31": "7.00220"}, "Net Profit Margin": {"2019-12-31": "5.55530", "2018-12-31": "4.41010", "2017-12-31": "0.83850", "2016-12-31": "0.94800", "2015-12-31": "2.22870", "2014-12-31": "0.62390", "2013-12-31": "-5.64110", "2012-12-31": "5.71560", "2011-12-31": "4.15680"}, "Asset Turnover": {"2019-12-31": "0.65740", "2018-12-31": "0.70340", "2017-12-31": "0.64060", "2016-12-31": "0.69770", "2015-12-31": "0.70500", "2014-12-31": "0.71170", "2013-12-31": "0.59180", "2012-12-31": "1.47880", "2011-12-31": ""}, "Inventory Turnover Ratio": {"2019-12-31": "4.93220", "2018-12-31": "5.06740", "2017-12-31": "4.56870", "2016-12-31": "4.77400", "2015-12-31": "4.89410", "2014-12-31": "5.38210", "2013-12-31": "5.03960", "2012-12-31": "6.22630", "2011-12-31": ""}, "Receiveable Turnover": {"2019-12-31": "5.39960", "2018-12-31": "5.45540", "2017-12-31": "5.02990", "2016-12-31": "5.10380", "2015-12-31": "5.36690", "2014-12-31": "5.35290", "2013-12-31": "4.60420", "2012-12-31": "5.27290", "2011-12-31": ""}, "Days Sales In Receivables": {"2019-12-31": "67.59770", "2018-12-31": "66.90630", "2017-12-31": "72.56640", "2016-12-31": "71.51600", "2015-12-31": "68.00900", "2014-12-31": "68.18760", "2013-12-31": "79.27500", "2012-12-31": "69.22210", "2011-12-31": ""}, "ROE - Return On Equity": {"2019-12-31": "17.92000", "2018-12-31": "16.27620", "2017-12-31": "3.38830", "2016-12-31": "3.57770", "2015-12-31": "8.39470", "2014-12-31": "3.12050", "2013-12-31": "-18.06400", "2012-12-31": "14.60220", "2011-12-31": ""}, "Return On Tangible Equity": {"2019-12-31": "-24.68730", "2018-12-31": "-16.81780", "2017-12-31": "-3.69310", "2016-12-31": "-5.26070", "2015-12-31": "-9.78950", "2014-12-31": "-2.91820", "2013-12-31": "16.31880", "2012-12-31": "23.79720", "2011-12-31": ""}, "ROA - Return On Assets": {"2019-12-31": "3.70490", "2018-12-31": "3.19520", "2017-12-31": "0.69820", "2016-12-31": "0.76030", "2015-12-31": "1.64320", "2014-12-31": "0.56230", "2013-12-31": "-3.24920", "2012-12-31": "8.60840", "2011-12-31": ""}, "ROI - Return On Investment": {"2019-12-31": "4.85790", "2018-12-31": "4.15600", "2017-12-31": "0.90240", "2016-12-31": "0.99500", "2015-12-31": "2.11360", "2014-12-31": "0.74050", "2013-12-31": "-4.30400", "2012-12-31": "14.60220", "2011-12-31": ""}, "Book Value Per Share": {"2019-12-31": "6.00090", "2018-12-31": "5.56240", "2017-12-31": "5.77200", "2016-12-31": "5.18340", "2015-12-31": "4.79700", "2014-12-31": "4.83900", "2013-12-31": "5.28940", "2012-12-31": "", "2011-12-31": ""}, "Operating Cash Flow Per Share": {"2019-12-31": 0.388, "2018-12-31": -0.1518, "2017-12-31": -0.0943, "2016-12-31": 0.5789, "2015-12-31": 0.618, "2014-12-31": -0.5589, "2013-12-31": 1.6505, "2012-12-31": 0, "2011-12-31": 0}, "Free Cash Flow Per Share": {"2019-12-31": 0.5014, "2018-12-31": -0.2343, "2017-12-31": -0.0449, "2016-12-31": 0.5977, "2015-12-31": 0.8599, "2014-12-31": -0.6681, "2013-12-31": 0.9417, "2012-12-31": 0, "2011-12-31": 0}}, "financial ratios, quarterly": {"Current Ratio": {"2020-09-30": "2.67580", "2020-06-30": "2.88090", "2020-03-31": "2.17370", "2019-12-31": "2.39850", "2019-09-30": "2.35100", "2019-06-30": "2.31950", "2019-03-31": "2.21400", "2018-12-31": "2.21950", "2018-09-30": "2.22650", "2018-06-30": "2.27160", "2018-03-31": "2.25890", "2017-12-31": "2.13970", "2017-09-30": "2.11000", "2017-06-30": "2.13430", "2017-03-31": "2.27290", "2016-12-31": "2.03800", "2016-09-30": "2.26240", "2016-06-30": "2.30770", "2016-03-31": "2.40400", "2015-12-31": "2.11180", "2015-09-30": "2.30770", "2015-06-30": "2.22650", "2015-03-31": "2.19400", "2014-12-31": "1.97830", "2014-09-30": "2.00230", "2014-06-30": "", "2014-03-31": "", "2013-12-31": "", "2013-09-30": "", "2012-12-31": "", "2011-12-31": ""}, "Long-term Debt / Capital": {"2020-09-30": "0.74340", "2020-06-30": "0.75970", "2020-03-31": "0.72180", "2019-12-31": "0.72890", "2019-09-30": "0.73790", "2019-06-30": "0.74470", "2019-03-31": "0.74850", "2018-12-31": "0.74470", "2018-09-30": "0.74100", "2018-06-30": "0.73210", "2018-03-31": "0.72000", "2017-12-31": "0.73370", "2017-09-30": "0.72940", "2017-06-30": "0.73320", "2017-03-31": "0.70320", "2016-12-31": "0.72190", "2016-09-30": "0.72040", "2016-06-30": "0.72440", "2016-03-31": "0.73930", "2015-12-31": "0.74820", "2015-09-30": "0.76040", "2015-06-30": "0.75930", "2015-03-31": "0.77290", "2014-12-31": "0.76270", "2014-09-30": "0.75300", "2014-06-30": "", "2014-03-31": "", "2013-12-31": "", "2013-09-30": "", "2012-12-31": "", "2011-12-31": ""}, "Debt/Equity Ratio": {"2020-09-30": "2.93180", "2020-06-30": "3.19510", "2020-03-31": "2.62510", "2019-12-31": "2.72000", "2019-09-30": "2.84740", "2019-06-30": "2.95010", "2019-03-31": "3.01070", "2018-12-31": "2.94850", "2018-09-30": "2.89320", "2018-06-30": "2.76130", "2018-03-31": "2.59860", "2017-12-31": "2.78140", "2017-09-30": "2.72120", "2017-06-30": "2.77320", "2017-03-31": "2.39000", "2016-12-31": "2.61820", "2016-09-30": "2.61670", "2016-06-30": "2.67230", "2016-03-31": "2.87990", "2015-12-31": "3.01570", "2015-09-30": "3.21790", "2015-06-30": "3.20020", "2015-03-31": "3.44240", "2014-12-31": "3.25030", "2014-09-30": "3.07740", "2014-06-30": "", "2014-03-31": "", "2013-12-31": "", "2013-09-30": "", "2012-12-31": "", "2011-12-31": ""}, "Gross Margin": {"2020-09-30": "38.25110", "2020-06-30": "23.51770", "2020-03-31": "34.23490", "2019-12-31": "35.28770", "2019-09-30": "36.09760", "2019-06-30": "35.34340", "2019-03-31": "32.87770", "2018-12-31": "33.31620", "2018-09-30": "33.76090", "2018-06-30": "34.51580", "2018-03-31": "33.78840", "2017-12-31": "36.31870", "2017-09-30": "35.92080", "2017-06-30": "36.96330", "2017-03-31": "36.72680", "2016-12-31": "37.82630", "2016-09-30": "38.57550", "2016-06-30": "39.37980", "2016-03-31": "36.93840", "2015-12-31": "36.48020", "2015-09-30": "37.45900", "2015-06-30": "38.27080", "2015-03-31": "34.85710", "2014-12-31": "33.47750", "2014-09-30": "34.74640", "2014-06-30": "34.54110", "2014-03-31": "33.27960", "2013-12-31": "", "2013-09-30": "31.74180", "2012-12-31": "", "2011-12-31": ""}, "Operating Margin": {"2020-09-30": "13.79880", "2020-06-30": "-9.88200", "2020-03-31": "6.61920", "2019-12-31": "9.89630", "2019-09-30": "11.11110", "2019-06-30": "13.64150", "2019-03-31": "8.80910", "2018-12-31": "10.96240", "2018-09-30": "4.17100", "2018-06-30": "12.08550", "2018-03-31": "10.23890", "2017-12-31": "8.69160", "2017-09-30": "9.47730", "2017-06-30": "4.33950", "2017-03-31": "10.89080", "2016-12-31": "3.37460", "2016-09-30": "11.43920", "2016-06-30": "13.96410", "2016-03-31": "10.74250", "2015-12-31": "9.62930", "2015-09-30": "12.32710", "2015-06-30": "12.98700", "2015-03-31": "10.20550", "2014-12-31": "7.90250", "2014-09-30": "9.32070", "2014-06-30": "9.50370", "2014-03-31": "6.80960", "2013-12-31": "", "2013-09-30": "3.09380", "2012-12-31": "", "2011-12-31": ""}, "EBIT Margin": {"2020-09-30": "13.79880", "2020-06-30": "-9.88200", "2020-03-31": "6.61920", "2019-12-31": "9.89630", "2019-09-30": "11.11110", "2019-06-30": "13.64150", "2019-03-31": "8.80910", "2018-12-31": "10.96240", "2018-09-30": "4.17100", "2018-06-30": "12.08550", "2018-03-31": "10.23890", "2017-12-31": "8.69160", "2017-09-30": "9.47730", "2017-06-30": "4.33950", "2017-03-31": "10.89080", "2016-12-31": "3.37460", "2016-09-30": "11.43920", "2016-06-30": "13.96410", "2016-03-31": "10.74250", "2015-12-31": "9.62930", "2015-09-30": "12.32710", "2015-06-30": "12.98700", "2015-03-31": "10.20550", "2014-12-31": "7.90250", "2014-09-30": "9.32070", "2014-06-30": "9.50370", "2014-03-31": "6.80960", "2013-12-31": "", "2013-09-30": "3.09380", "2012-12-31": "", "2011-12-31": ""}, "EBITDA Margin": {"2020-09-30": "", "2020-06-30": "", "2020-03-31": "", "2019-12-31": "", "2019-09-30": "", "2019-06-30": "", "2019-03-31": "", "2018-12-31": "", "2018-09-30": "", "2018-06-30": "", "2018-03-31": "", "2017-12-31": "", "2017-09-30": "", "2017-06-30": "", "2017-03-31": "", "2016-12-31": "", "2016-09-30": "", "2016-06-30": "", "2016-03-31": "", "2015-12-31": "", "2015-09-30": "", "2015-06-30": "", "2015-03-31": "", "2014-12-31": "", "2014-09-30": "", "2014-06-30": "", "2014-03-31": "", "2013-12-31": "", "2013-09-30": "", "2012-12-31": "", "2011-12-31": ""}, "Pre-Tax Profit Margin": {"2020-09-30": "9.69910", "2020-06-30": "-15.07580", "2020-03-31": "2.82660", "2019-12-31": "6.30010", "2019-09-30": "7.65130", "2019-06-30": "10.17710", "2019-03-31": "5.20860", "2018-12-31": "7.12820", "2018-09-30": "0.21820", "2018-06-30": "8.17520", "2018-03-31": "7.06480", "2017-12-31": "5.52710", "2017-09-30": "5.32700", "2017-06-30": "-0.85880", "2017-03-31": "7.47760", "2016-12-31": "-1.78880", "2016-09-30": "-1.25690", "2016-06-30": "6.43560", "2016-03-31": "4.70050", "2015-12-31": "5.02830", "2015-09-30": "5.39250", "2015-06-30": "0.47230", "2015-03-31": "4.80200", "2014-12-31": "-1.39830", "2014-09-30": "-0.96790", "2014-06-30": "4.80470", "2014-03-31": "0.78720", "2013-12-31": "", "2013-09-30": "-1.83780", "2012-12-31": "", "2011-12-31": ""}, "Net Profit Margin": {"2020-09-30": "8.03390", "2020-06-30": "-12.68580", "2020-03-31": "5.30760", "2019-12-31": "3.79640", "2019-09-30": "5.91690", "2019-06-30": "8.50110", "2019-03-31": "3.87740", "2018-12-31": "6.46770", "2018-09-30": "-1.14310", "2018-06-30": "6.17880", "2018-03-31": "5.96420", "2017-12-31": "-5.24560", "2017-09-30": "5.00780", "2017-06-30": "-1.90020", "2017-03-31": "6.32340", "2016-12-31": "-3.50030", "2016-09-30": "-0.64310", "2016-06-30": "4.73570", "2016-03-31": "3.21340", "2015-12-31": "3.62710", "2015-09-30": "3.49220", "2015-06-30": "-2.27950", "2015-03-31": "4.52130", "2014-12-31": "-0.20240", "2014-09-30": "-1.78350", "2014-06-30": "4.74300", "2014-03-31": "-0.40780", "2013-12-31": "", "2013-09-30": "0.46180", "2012-12-31": "", "2011-12-31": ""}, "Asset Turnover": {"2020-09-30": "0.14590", "2020-06-30": "0.09790", "2020-03-31": "0.15390", "2019-12-31": "0.16110", "2019-09-30": "0.16550", "2019-06-30": "0.17290", "2019-03-31": "0.16770", "2018-12-31": "0.17460", "2018-09-30": "0.16950", "2018-06-30": "0.18100", "2018-03-31": "0.16870", "2017-12-31": "0.17160", "2017-09-30": "0.16090", "2017-06-30": "0.16440", "2017-03-31": "0.17010", "2016-12-31": "0.17630", "2016-09-30": "0.16710", "2016-06-30": "0.18350", "2016-03-31": "0.16490", "2015-12-31": "0.17260", "2015-09-30": "0.17040", "2015-06-30": "0.18570", "2015-03-31": "0.16910", "2014-12-31": "0.17620", "2014-09-30": "0.17480", "2014-06-30": "", "2014-03-31": "", "2013-12-31": "", "2013-09-30": "", "2012-12-31": "", "2011-12-31": ""}, "Inventory Turnover Ratio": {"2020-09-30": "1.18150", "2020-06-30": "0.92560", "2020-03-31": "1.08510", "2019-12-31": "1.20150", "2019-09-30": "1.18430", "2019-06-30": "1.22510", "2019-03-31": "1.19860", "2018-12-31": "1.26820", "2018-09-30": "1.22710", "2018-06-30": "1.32320", "2018-03-31": "1.20910", "2017-12-31": "1.22680", "2017-09-30": "1.12510", "2017-06-30": "1.18950", "2017-03-31": "1.14720", "2016-12-31": "1.21390", "2016-09-30": "1.15540", "2016-06-30": "1.24880", "2016-03-31": "1.11590", "2015-12-31": "1.20440", "2015-09-30": "1.16260", "2015-06-30": "1.22470", "2015-03-31": "1.20040", "2014-12-31": "1.34330", "2014-09-30": "1.25450", "2014-06-30": "", "2014-03-31": "", "2013-12-31": "", "2013-09-30": "", "2012-12-31": "", "2011-12-31": ""}, "Receiveable Turnover": {"2020-09-30": "1.24590", "2020-06-30": "0.98300", "2020-03-31": "1.26480", "2019-12-31": "1.32320", "2019-09-30": "1.18310", "2019-06-30": "1.18040", "2019-03-31": "1.21600", "2018-12-31": "1.35430", "2018-09-30": "1.19600", "2018-06-30": "1.24390", "2018-03-31": "1.24560", "2017-12-31": "1.34730", "2017-09-30": "1.23320", "2017-06-30": "1.13850", "2017-03-31": "1.16220", "2016-12-31": "1.28970", "2016-09-30": "1.17790", "2016-06-30": "1.27670", "2016-03-31": "1.21310", "2015-12-31": "1.31410", "2015-09-30": "1.20620", "2015-06-30": "1.26640", "2015-03-31": "1.19750", "2014-12-31": "1.32500", "2014-09-30": "1.21400", "2014-06-30": "", "2014-03-31": "", "2013-12-31": "", "2013-09-30": "", "2012-12-31": "", "2011-12-31": ""}, "Days Sales In Receivables": {"2020-09-30": "72.23490", "2020-06-30": "91.55810", "2020-03-31": "71.15810", "2019-12-31": "68.01620", "2019-09-30": "76.07320", "2019-06-30": "76.24540", "2019-03-31": "74.01500", "2018-12-31": "66.45390", "2018-09-30": "75.25130", "2018-06-30": "72.35190", "2018-03-31": "72.25340", "2017-12-31": "66.80140", "2017-09-30": "72.98190", "2017-06-30": "79.04810", "2017-03-31": "77.43710", "2016-12-31": "69.78440", "2016-09-30": "76.40750", "2016-06-30": "70.49690", "2016-03-31": "74.19200", "2015-12-31": "68.49050", "2015-09-30": "74.61650", "2015-06-30": "71.06980", "2015-03-31": "75.15790", "2014-12-31": "67.92640", "2014-09-30": "74.13430", "2014-06-30": "", "2014-03-31": "", "2013-12-31": "", "2013-09-30": "", "2012-12-31": "", "2011-12-31": ""}, "ROE - Return On Equity": {"2020-09-30": "5.95800", "2020-06-30": "-6.61050", "2020-03-31": "3.90810", "2019-12-31": "2.99380", "2019-09-30": "4.95630", "2019-06-30": "7.64290", "2019-03-31": "3.44640", "2018-12-31": "5.86040", "2018-09-30": "-0.86170", "2018-06-30": "5.48400", "2018-03-31": "4.65760", "2017-12-31": "-3.94940", "2017-09-30": "3.92530", "2017-06-30": "-1.35820", "2017-03-31": "4.76220", "2016-12-31": "-2.73540", "2016-09-30": "-0.40580", "2016-06-30": "4.16800", "2016-03-31": "2.64780", "2015-12-31": "3.24220", "2015-09-30": "3.29620", "2015-06-30": "-2.18490", "2015-03-31": "4.45530", "2014-12-31": "0.08090", "2014-09-30": "-1.50920", "2014-06-30": "", "2014-03-31": "", "2013-12-31": "", "2013-09-30": "", "2012-12-31": "", "2011-12-31": ""}, "Return On Tangible Equity": {"2020-09-30": "-8.17070", "2020-06-30": "7.50360", "2020-03-31": "-5.05990", "2019-12-31": "-4.12430", "2019-09-30": "-6.14810", "2019-06-30": "-8.32010", "2019-03-31": "-3.53560", "2018-12-31": "-6.05540", "2018-09-30": "0.89920", "2018-06-30": "-6.19380", "2018-03-31": "-5.61620", "2017-12-31": "4.30470", "2017-09-30": "-4.43340", "2017-06-30": "1.49490", "2017-03-31": "-8.40780", "2016-12-31": "4.02220", "2016-09-30": "0.58380", "2016-06-30": "-6.30800", "2016-03-31": "-3.46290", "2015-12-31": "-3.78090", "2015-09-30": "-3.45150", "2015-06-30": "2.28170", "2015-03-31": "-4.18680", "2014-12-31": "-0.07570", "2014-09-30": "1.55900", "2014-06-30": "", "2014-03-31": "", "2013-12-31": "", "2013-09-30": "", "2012-12-31": "", "2011-12-31": ""}, "ROA - Return On Assets": {"2020-09-30": "1.17250", "2020-06-30": "-1.24760", "2020-03-31": "0.81990", "2019-12-31": "0.61900", "2019-09-30": "0.99250", "2019-06-30": "1.49260", "2019-03-31": "0.66080", "2018-12-31": "1.15040", "2018-09-30": "-0.17160", "2018-06-30": "1.15140", "2018-03-31": "1.02200", "2017-12-31": "-0.81380", "2017-09-30": "0.82640", "2017-06-30": "-0.28390", "2017-03-31": "1.10560", "2016-12-31": "-0.58130", "2016-09-30": "-0.08790", "2016-06-30": "0.89620", "2016-03-31": "0.54520", "2015-12-31": "0.63460", "2015-09-30": "0.61710", "2015-06-30": "-0.40970", "2015-03-31": "0.79170", "2014-12-31": "0.01460", "2014-09-30": "-0.28670", "2014-06-30": "", "2014-03-31": "", "2013-12-31": "", "2013-09-30": "", "2012-12-31": "", "2011-12-31": ""}, "ROI - Return On Investment": {"2020-09-30": "1.52900", "2020-06-30": "-1.58820", "2020-03-31": "1.08710", "2019-12-31": "0.81160", "2019-09-30": "1.29890", "2019-06-30": "1.95140", "2019-03-31": "0.86660", "2018-12-31": "1.49640", "2018-09-30": "-0.22320", "2018-06-30": "1.46910", "2018-03-31": "1.30420", "2017-12-31": "-1.05190", "2017-09-30": "1.06240", "2017-06-30": "-0.36240", "2017-03-31": "1.41350", "2016-12-31": "-0.76070", "2016-09-30": "-0.11350", "2016-06-30": "1.14870", "2016-03-31": "0.69040", "2015-12-31": "0.81630", "2015-09-30": "0.78980", "2015-06-30": "-0.52590", "2015-03-31": "1.01190", "2014-12-31": "0.01920", "2014-09-30": "-0.37280", "2014-06-30": "", "2014-03-31": "", "2013-12-31": "", "2013-09-30": "", "2012-12-31": "", "2011-12-31": ""}, "Book Value Per Share": {"2020-09-30": "5.87980", "2020-06-30": "5.34660", "2020-03-31": "5.69830", "2019-12-31": "6.00090", "2019-09-30": "5.71060", "2019-06-30": "5.60270", "2019-03-31": "5.46370", "2018-12-31": "5.56240", "2018-09-30": "5.61810", "2018-06-30": "5.84330", "2018-03-31": "6.21440", "2017-12-31": "5.77200", "2017-09-30": "5.88790", "2017-06-30": "5.72630", "2017-03-31": "5.72050", "2016-12-31": "5.18340", "2016-09-30": "5.54270", "2016-06-30": "5.24800", "2016-03-31": "5.03560", "2015-12-31": "4.79700", "2015-09-30": "4.64770", "2015-06-30": "4.72070", "2015-03-31": "4.56140", "2014-12-31": "4.83900", "2014-09-30": "5.27720", "2014-06-30": "", "2014-03-31": "", "2013-12-31": "", "2013-09-30": "", "2012-12-31": "", "2011-12-31": ""}, "Operating Cash Flow Per Share": {"2020-09-30": 0.989, "2020-06-30": -0.0072, "2020-03-31": "-0.00340", "2019-12-31": 1.1998, "2019-09-30": 0.9383, "2019-06-30": 0.537, "2019-03-31": "-0.24470", "2018-12-31": 1.0139, "2018-09-30": 0.5338, "2018-06-30": 0.5801, "2018-03-31": "-0.08540", "2017-12-31": 0.9477, "2017-09-30": 0.8559, "2017-06-30": 0.4097, "2017-03-31": "-0.01910", "2016-12-31": 0.8994, "2016-09-30": 0.6277, "2016-06-30": 0.816, "2016-03-31": "-0.05460", "2015-12-31": 1.0296, "2015-09-30": 0.6585, "2015-06-30": 0.438, "2015-03-31": "-0.41650", "2014-12-31": 0.8328, "2014-09-30": 0.1991, "2014-06-30": 0.353, "2014-03-31": "-0.29330", "2013-12-31": -1.1569, "2013-09-30": 1.1569, "2012-12-31": 0, "2011-12-31": 0}, "Free Cash Flow Per Share": {"2020-09-30": 0.9312, "2020-06-30": -0.0913, "2020-03-31": "-0.09960", "2019-12-31": 1.0366, "2019-09-30": 0.825, "2019-06-30": 0.4232, "2019-03-31": "-0.33140", "2018-12-31": 0.8822, "2018-09-30": 0.3801, "2018-06-30": 0.4358, "2018-03-31": "-0.24610", "2017-12-31": 0.7945, "2017-09-30": 0.7395, "2017-06-30": 0.3026, "2017-03-31": "-0.15030", "2016-12-31": 0.7417, "2016-09-30": 0.4934, "2016-06-30": 0.7163, "2016-03-31": "-0.22020", "2015-12-31": 0.8429, "2015-09-30": 0.5127, "2015-06-30": 0.3273, "2015-03-31": "-0.54940", "2014-12-31": 0.6928, "2014-09-30": -0.0393, "2014-06-30": 0.1325, "2014-03-31": "-0.51240", "2013-12-31": -0.8207, "2013-09-30": 0.8207, "2012-12-31": 0, "2011-12-31": 0}}, "revenue": {"Axalta Coating Systems Annual Revenue (Millions of US $)": {"2019": "$4,482", "2018": "$4,696", "2017": "$4,377", "2016": "$4,093", "2015": "$4,110", "2014": "$4,392", "2013": "$3,987", "2012": "$4,257", "2011": "$4,316"}, "Axalta Coating Systems Quarterly Revenue (Millions of US $)": {"2020-09-30": "$1,027", "2020-06-30": "$653", "2020-03-31": "$984", "2019-12-31": "$1,098", "2019-09-30": "$1,107", "2019-06-30": "$1,158", "2019-03-31": "$1,119", "2018-12-31": "$1,166", "2018-09-30": "$1,146", "2018-06-30": "$1,212", "2018-03-31": "$1,172", "2017-12-31": "$1,172", "2017-09-30": "$1,096", "2017-06-30": "$1,095", "2017-03-31": "$1,014", "2016-12-31": "$1,034", "2016-09-30": "$1,026", "2016-06-30": "$1,071", "2016-03-31": "$962", "2015-12-31": "$1,006", "2015-09-30": "$1,005", "2015-06-30": "$1,101", "2015-03-31": "$998", "2014-12-31": "$1,087", "2014-09-30": "$1,116", "2014-06-30": "$1,134", "2014-03-31": "$1,054", "2013-12-31": "", "2013-09-30": "$1,083", "2012-12-31": "", "2011-12-31": ""}}, "gross-profit": {"Axalta Coating Systems Annual Gross Profit (Millions of US $)": {"2019": "$1,564", "2018": "$1,590", "2017": "$1,597", "2016": "$1,564", "2015": "$1,513", "2014": "$1,494", "2013": "$1,214", "2012": "$1,324", "2011": "$1,241"}, "Axalta Coating Systems Quarterly Gross Profit (Millions of US $)": {"2020-09-30": "$393", "2020-06-30": "$154", "2020-03-31": "$337", "2019-12-31": "$388", "2019-09-30": "$400", "2019-06-30": "$409", "2019-03-31": "$368", "2018-12-31": "$388", "2018-09-30": "$387", "2018-06-30": "$418", "2018-03-31": "$396", "2017-12-31": "$426", "2017-09-30": "$394", "2017-06-30": "$405", "2017-03-31": "$372", "2016-12-31": "$391", "2016-09-30": "$396", "2016-06-30": "$422", "2016-03-31": "$355", "2015-12-31": "$367", "2015-09-30": "$377", "2015-06-30": "$421", "2015-03-31": "$348", "2014-12-31": "$364", "2014-09-30": "$388", "2014-06-30": "$392", "2014-03-31": "$351", "2013-12-31": "", "2013-09-30": "$344", "2012-12-31": "", "2011-12-31": ""}}, "operating-income": {"Axalta Coating Systems Annual Operating Income (Millions of US $)": {"2019": "$488", "2018": "$442", "2017": "$364", "2016": "$405", "2015": "$466", "2014": "$370", "2013": "$25", "2012": "$409", "2011": "$323"}, "Axalta Coating Systems Quarterly Operating Income (Millions of US $)": {"2020-09-30": "$142", "2020-06-30": "$-65", "2020-03-31": "$65", "2019-12-31": "$109", "2019-09-30": "$123", "2019-06-30": "$158", "2019-03-31": "$99", "2018-12-31": "$128", "2018-09-30": "$48", "2018-06-30": "$147", "2018-03-31": "$120", "2017-12-31": "$102", "2017-09-30": "$104", "2017-06-30": "$48", "2017-03-31": "$110", "2016-12-31": "$35", "2016-09-30": "$117", "2016-06-30": "$150", "2016-03-31": "$103", "2015-12-31": "$97", "2015-09-30": "$124", "2015-06-30": "$143", "2015-03-31": "$102", "2014-12-31": "$86", "2014-09-30": "$104", "2014-06-30": "$108", "2014-03-31": "$72", "2013-12-31": "", "2013-09-30": "$34", "2012-12-31": "", "2011-12-31": ""}}, "ebitda": {"Axalta Coating Systems Annual EBITDA (Millions of US $)": {"2019": "$850", "2018": "$819", "2017": "$719", "2016": "$745", "2015": "$794", "2014": "$699", "2013": "$344", "2012": "$520", "2011": "$431"}, "Axalta Coating Systems Quarterly EBITDA (Millions of US $)": {"2020-09-30": "$225", "2020-06-30": "$14", "2020-03-31": "$154", "2019-12-31": "$197", "2019-09-30": "$212", "2019-06-30": "$249", "2019-03-31": "$192", "2018-12-31": "$224", "2018-09-30": "$143", "2018-06-30": "$239", "2018-03-31": "$214", "2017-12-31": "$195", "2017-09-30": "$194", "2017-06-30": "$135", "2017-03-31": "$195", "2016-12-31": "$124", "2016-09-30": "$203", "2016-06-30": "$233", "2016-03-31": "$184", "2015-12-31": "$184", "2015-09-30": "$205", "2015-06-30": "$226", "2015-03-31": "$179", "2014-12-31": "$171", "2014-09-30": "$186", "2014-06-30": "$185", "2014-03-31": "$158", "2013-12-31": "", "2013-09-30": "$34", "2012-12-31": "", "2011-12-31": ""}}, "net-income": {"Axalta Coating Systems Annual Net Income (Millions of US $)": {"2019": "$249", "2018": "$207", "2017": "$37", "2016": "$39", "2015": "$92", "2014": "$27", "2013": "$-225", "2012": "$243", "2011": "$179"}, "Axalta Coating Systems Quarterly Net Income (Millions of US $)": {"2020-09-30": "$83", "2020-06-30": "$-83", "2020-03-31": "$52", "2019-12-31": "$42", "2019-09-30": "$66", "2019-06-30": "$98", "2019-03-31": "$43", "2018-12-31": "$75", "2018-09-30": "$-13", "2018-06-30": "$75", "2018-03-31": "$70", "2017-12-31": "$-62", "2017-09-30": "$55", "2017-06-30": "$-21", "2017-03-31": "$64", "2016-12-31": "$-36", "2016-09-30": "$-7", "2016-06-30": "$51", "2016-03-31": "$31", "2015-12-31": "$37", "2015-09-30": "$35", "2015-06-30": "$-25", "2015-03-31": "$45", "2014-12-31": "$-2", "2014-09-30": "$-20", "2014-06-30": "$54", "2014-03-31": "$-4", "2013-12-31": "", "2013-09-30": "$5", "2012-12-31": "", "2011-12-31": ""}}, "eps-earnings-per-share-diluted": {"Axalta Coating Systems Annual EPS": {"2019": "$1.06", "2018": "$0.85", "2017": "$0.15", "2016": "$0.16", "2015": "$0.38", "2014": "$0.12", "2013": "$-0.97", "2012": "$0.00", "2011": "$0.00"}, "Axalta Coating Systems Quarterly EPS": {"2020-09-30": "$0.35", "2020-06-30": "$-0.35", "2020-03-31": "$0.22", "2019-12-31": "$0.18", "2019-09-30": "$0.28", "2019-06-30": "$0.42", "2019-03-31": "$0.18", "2018-12-31": "$0.31", "2018-09-30": "$-0.05", "2018-06-30": "$0.31", "2018-03-31": "$0.28", "2017-12-31": "$-0.24", "2017-09-30": "$0.22", "2017-06-30": "$-0.09", "2017-03-31": "$0.26", "2016-12-31": "$-0.15", "2016-09-30": "$-0.03", "2016-06-30": "$0.21", "2016-03-31": "$0.13", "2015-12-31": "$0.15", "2015-09-30": "$0.15", "2015-06-30": "$-0.11", "2015-03-31": "$0.19", "2014-12-31": "$0.00", "2014-09-30": "$-0.09", "2014-06-30": "$0.23", "2014-03-31": "$-0.02", "2013-12-31": "$0.00", "2013-09-30": "$0.02", "2012-12-31": "$0.00", "2011-12-31": "$0.00"}}, "shares-outstanding": {"Axalta Coating Systems Annual Shares Outstanding (Millions of Shares)": {"2019": "236", "2018": "243", "2017": "246", "2016": "244", "2015": "240", "2014": "230", "2013": "228", "2012": "", "2011": ""}, "Axalta Coating Systems Quarterly Shares Outstanding (Millions of Shares)": {"2020-09-30": "236", "2020-06-30": "235", "2020-03-31": "236", "2019-12-31": "236", "2019-09-30": "236", "2019-06-30": "235", "2019-03-31": "237", "2018-12-31": "243", "2018-09-30": "239", "2018-06-30": "245", "2018-03-31": "246", "2017-12-31": "246", "2017-09-30": "246", "2017-06-30": "241", "2017-03-31": "246", "2016-12-31": "244", "2016-09-30": "239", "2016-06-30": "244", "2016-03-31": "243", "2015-12-31": "240", "2015-09-30": "241", "2015-06-30": "232", "2015-03-31": "237", "2014-12-31": "230", "2014-09-30": "230", "2014-06-30": "229", "2014-03-31": "229", "2013-12-31": "", "2013-09-30": "228", "2012-12-31": "", "2011-12-31": ""}}, "total-assets": {"Axalta Coating Systems Annual Total Assets (Millions of US $)": {"2019": "$6,818", "2018": "$6,676", "2017": "$6,832", "2016": "$5,866", "2015": "$5,830", "2014": "$6,171", "2013": "$6,737", "2012": "$2,879", "2011": "$0"}, "Axalta Coating Systems Quarterly Total Assets (Millions of US $)": {"2020-09-30": "$7,037", "2020-06-30": "$6,669", "2020-03-31": "$6,391", "2019-12-31": "$6,818", "2019-09-30": "$6,690", "2019-06-30": "$6,693", "2019-03-31": "$6,673", "2018-12-31": "$6,676", "2018-09-30": "$6,761", "2018-06-30": "$6,696", "2018-03-31": "$6,947", "2017-12-31": "$6,832", "2017-09-30": "$6,813", "2017-06-30": "$6,657", "2017-03-31": "$5,960", "2016-12-31": "$5,866", "2016-09-30": "$6,143", "2016-06-30": "$5,836", "2016-03-31": "$5,833", "2015-12-31": "$5,830", "2015-09-30": "$5,899", "2015-06-30": "$5,931", "2015-03-31": "$5,898", "2014-12-31": "$6,171", "2014-09-30": "$6,382", "2014-06-30": "$0", "2014-03-31": "$0", "2013-12-31": "$0", "2013-09-30": "$0", "2012-12-31": "$2,879", "2011-12-31": "$0"}}, "cash-on-hand": {"Axalta Coating Systems Annual Cash on Hand (Millions of US $)": {"2019": "$1,021", "2018": "$696", "2017": "$773", "2016": "$538", "2015": "$488", "2014": "$387", "2013": "$459", "2012": "$29", "2011": "$"}, "Axalta Coating Systems Quarterly Cash on Hand (Millions of US $)": {"2020-09-30": "$1,344", "2020-06-30": "$1,127", "2020-03-31": "$660", "2019-12-31": "$1,021", "2019-09-30": "$770", "2019-06-30": "$585", "2019-03-31": "$504", "2018-12-31": "$696", "2018-09-30": "$591", "2018-06-30": "$554", "2018-03-31": "$603", "2017-12-31": "$773", "2017-09-30": "$592", "2017-06-30": "$485", "2017-03-31": "$442", "2016-12-31": "$538", "2016-09-30": "$531", "2016-06-30": "$483", "2016-03-31": "$422", "2015-12-31": "$488", "2015-09-30": "$415", "2015-06-30": "$311", "2015-03-31": "$226", "2014-12-31": "$387", "2014-09-30": "$238", "2014-06-30": "", "2014-03-31": "", "2013-12-31": "", "2013-09-30": "", "2012-12-31": "$29", "2011-12-31": ""}}, "long-term-debt": {"Axalta Coating Systems Annual Long Term Debt (Millions of US $)": {"2019": "$3,790", "2018": "$3,822", "2017": "$3,878", "2016": "$3,236", "2015": "$3,391", "2014": "$3,574", "2013": "$3,874", "2012": "$", "2011": "$"}, "Axalta Coating Systems Quarterly Long Term Debt (Millions of US $)": {"2020-09-30": "$4,011", "2020-06-30": "$3,980", "2020-03-31": "$3,480", "2019-12-31": "$3,790", "2019-09-30": "$3,772", "2019-06-30": "$3,812", "2019-03-31": "$3,809", "2018-12-31": "$3,822", "2018-09-30": "$3,852", "2018-06-30": "$3,842", "2018-03-31": "$3,920", "2017-12-31": "$3,878", "2017-09-30": "$3,865", "2017-06-30": "$3,823", "2017-03-31": "$3,278", "2016-12-31": "$3,236", "2016-09-30": "$3,428", "2016-06-30": "$3,298", "2016-03-31": "$3,405", "2015-12-31": "$3,391", "2015-09-30": "$3,505", "2015-06-30": "$3,509", "2015-03-31": "$3,567", "2014-12-31": "$3,574", "2014-09-30": "$3,696", "2014-06-30": "", "2014-03-31": "", "2013-12-31": "", "2013-09-30": "", "2012-12-31": "", "2011-12-31": ""}}, "total-liabilities": {"Axalta Coating Systems Annual Total Liabilities (Millions of US $)": {"2019": "$5,408", "2018": "$5,365", "2017": "$5,424", "2016": "$4,620", "2015": "$4,689", "2014": "$5,059", "2013": "$5,525", "2012": "$1,182", "2011": "$0"}, "Axalta Coating Systems Quarterly Total Liabilities (Millions of US $)": {"2020-09-30": "$5,652", "2020-06-30": "$5,410", "2020-03-31": "$5,050", "2019-12-31": "$5,408", "2019-09-30": "$5,350", "2019-06-30": "$5,386", "2019-03-31": "$5,394", "2018-12-31": "$5,365", "2018-09-30": "$5,415", "2018-06-30": "$5,290", "2018-03-31": "$5,423", "2017-12-31": "$5,424", "2017-09-30": "$5,378", "2017-06-30": "$5,266", "2017-03-31": "$4,577", "2016-12-31": "$4,620", "2016-09-30": "$4,812", "2016-06-30": "$4,581", "2016-03-31": "$4,632", "2015-12-31": "$4,689", "2015-09-30": "$4,795", "2015-06-30": "$4,819", "2015-03-31": "$4,850", "2014-12-31": "$5,059", "2014-09-30": "$5,169", "2014-06-30": "$0", "2014-03-31": "$0", "2013-12-31": "", "2013-09-30": "$0", "2012-12-31": "$1,182", "2011-12-31": "$0"}}, "total-share-holder-equity": {"Axalta Coating Systems Annual Share Holder Equity (Millions of US $)": {"2019": "$1,410", "2018": "$1,311", "2017": "$1,408", "2016": "$1,247", "2015": "$1,141", "2014": "$1,112", "2013": "$1,212", "2012": "$1,697", "2011": "$0"}, "Axalta Coating Systems Quarterly Share Holder Equity (Millions of US $)": {"2020-09-30": "$1,385", "2020-06-30": "$1,259", "2020-03-31": "$1,341", "2019-12-31": "$1,410", "2019-09-30": "$1,340", "2019-06-30": "$1,307", "2019-03-31": "$1,280", "2018-12-31": "$1,311", "2018-09-30": "$1,346", "2018-06-30": "$1,406", "2018-03-31": "$1,524", "2017-12-31": "$1,408", "2017-09-30": "$1,434", "2017-06-30": "$1,392", "2017-03-31": "$1,384", "2016-12-31": "$1,247", "2016-09-30": "$1,331", "2016-06-30": "$1,255", "2016-03-31": "$1,201", "2015-12-31": "$1,141", "2015-09-30": "$1,104", "2015-06-30": "$1,112", "2015-03-31": "$1,048", "2014-12-31": "$1,112", "2014-09-30": "$1,213", "2014-06-30": "$0", "2014-03-31": "$0", "2013-12-31": "", "2013-09-30": "$0", "2012-12-31": "$1,697", "2011-12-31": "$0"}}, "profit-margins": {"current": "2.49%"}, "gross margin": {"2020-09-30": "33.81%", "2020-06-30": "33.29%", "2020-03-31": "35.29%", "2019-12-31": "34.92%", "2019-09-30": "34.40%", "2019-06-30": "33.82%", "2019-03-31": "33.62%", "2018-12-31": "33.84%", "2018-09-30": "34.60%", "2018-06-30": "35.12%", "2018-03-31": "35.74%", "2017-12-31": "36.49%", "2017-09-30": "36.85%", "2017-06-30": "37.51%", "2017-03-31": "38.14%", "2016-12-31": "38.21%", "2016-09-30": "37.88%", "2016-06-30": "37.61%", "2016-03-31": "37.31%", "2015-12-31": "36.81%", "2015-09-30": "36.03%", "2015-06-30": "35.36%", "2015-03-31": "34.42%", "2014-12-31": "34.05%", "2014-06-30": "33.23%"}, "operating margin": {"2020-09-30": "6.67%", "2020-06-30": "6.04%", "2020-03-31": "10.47%", "2019-12-31": "10.91%", "2019-09-30": "11.16%", "2019-06-30": "9.44%", "2019-03-31": "9.09%", "2018-12-31": "9.43%", "2018-09-30": "8.87%", "2018-06-30": "10.17%", "2018-03-31": "8.25%", "2017-12-31": "8.32%", "2017-09-30": "7.01%", "2017-06-30": "7.44%", "2017-03-31": "9.94%", "2016-12-31": "9.89%", "2016-09-30": "11.49%", "2016-06-30": "11.72%", "2016-03-31": "11.46%", "2015-12-31": "11.34%", "2015-09-30": "10.86%", "2015-06-30": "10.11%", "2015-03-31": "9.23%", "2014-12-31": "8.43%", "2014-06-30": "6.54%"}, "ebitda margin": {"2020-09-30": "15.68%", "2020-06-30": "15.02%", "2020-03-31": "18.68%", "2019-12-31": "18.96%", "2019-09-30": "19.27%", "2019-06-30": "17.61%", "2019-03-31": "17.19%", "2018-12-31": "17.46%", "2018-09-30": "16.82%", "2018-06-30": "18.10%", "2018-03-31": "16.27%", "2017-12-31": "16.43%", "2017-09-30": "15.29%", "2017-06-30": "15.76%", "2017-03-31": "18.21%", "2016-12-31": "18.18%", "2016-09-30": "19.78%", "2016-06-30": "19.93%", "2016-03-31": "19.61%", "2015-12-31": "19.32%", "2015-09-30": "18.64%", "2015-06-30": "17.71%", "2015-03-31": "16.63%", "2014-12-31": "15.94%", "2014-06-30": "11.53%"}, "pre tax profit margin": {"2020-09-30": "2.63%", "2020-06-30": "2.19%", "2020-03-31": "6.90%", "2019-12-31": "7.36%", "2019-09-30": "7.56%", "2019-06-30": "5.71%", "2019-03-31": "5.23%", "2018-12-31": "5.71%", "2018-09-30": "5.32%", "2018-06-30": "6.56%", "2018-03-31": "4.34%", "2017-12-31": "4.34%", "2017-09-30": "2.50%", "2017-06-30": "0.84%", "2017-03-31": "2.73%", "2016-12-31": "2.00%", "2016-09-30": "3.74%", "2016-06-30": "5.42%", "2016-03-31": "3.80%", "2015-12-31": "3.84%", "2015-09-30": "2.20%", "2015-06-30": "0.63%", "2015-03-31": "1.78%", "2014-12-31": "0.84%", "2014-06-30": "1.31%"}, "net profit margin": {"2020-09-30": "2.50%", "2020-06-30": "2.00%", "2020-03-31": "5.94%", "2019-12-31": "5.56%", "2019-09-30": "6.20%", "2019-06-30": "4.42%", "2019-03-31": "3.88%", "2018-12-31": "4.41%", "2018-09-30": "1.49%", "2018-06-30": "2.97%", "2018-03-31": "0.93%", "2017-12-31": "0.82%", "2017-09-30": "1.46%", "2017-06-30": "0.00%", "2017-03-31": "1.74%", "2016-12-31": "0.95%", "2016-09-30": "2.76%", "2016-06-30": "3.81%", "2016-03-31": "1.91%", "2015-12-31": "2.24%", "2015-09-30": "1.26%", "2015-06-30": "-0.05%", "2015-03-31": "1.78%", "2014-12-31": "0.64%", "2014-06-30": "1.68%"}, "pe ratio": {"current": "23.71", "2021-02-05": "69.35", "2020-09-30": "55.43", "2020-06-30": "68.33", "2020-03-31": "15.70", "2019-12-31": "28.68", "2019-09-30": "25.13", "2019-06-30": "34.22", "2019-03-31": "33.17", "2018-12-31": "27.23", "2018-09-30": "104.14", "2018-06-30": "55.11", "2018-03-31": "201.27", "2017-12-31": "248.92", "2017-09-30": "120.50", "2017-06-30": "0.00", "2017-03-31": "119.26", "2016-12-31": "209.23", "2016-09-30": "64.25", "2016-06-30": "42.11", "2016-03-31": "91.25", "2015-12-31": "68.33", "2015-09-30": "115.18"}, "price sales": {"2021-02-05": "1.74", "2020-09-30": "1.39", "2020-06-30": "1.38", "2020-03-31": "0.94", "2019-12-31": "1.60", "2019-09-30": "1.57", "2019-06-30": "1.55", "2019-03-31": "1.31", "2018-12-31": "1.21", "2018-09-30": "1.51", "2018-06-30": "1.60", "2018-03-31": "1.63", "2017-12-31": "1.81", "2017-09-30": "1.67", "2017-06-30": "1.86", "2017-03-31": "1.89", "2016-12-31": "1.61", "2016-09-30": "1.68", "2016-06-30": "1.59", "2016-03-31": "1.71", "2015-12-31": "1.54", "2015-09-30": "1.42"}, "price book": {"current": "4.72", "2021-02-05": "4.72", "2020-09-30": "3.77", "2020-06-30": "4.22", "2020-03-31": "3.03", "2019-12-31": "5.07", "2019-09-30": "5.28", "2019-06-30": "5.31", "2019-03-31": "4.61", "2018-12-31": "4.21", "2018-09-30": "5.19", "2018-06-30": "5.19", "2018-03-31": "4.86", "2017-12-31": "5.61", "2017-09-30": "4.91", "2017-06-30": "5.60", "2017-03-31": "5.63", "2016-12-31": "5.25", "2016-09-30": "5.10", "2016-06-30": "5.06", "2016-03-31": "5.80", "2015-12-31": "5.56", "2015-09-30": "5.45", "2015-06-30": "7.01", "2015-03-31": "6.06", "2014-12-31": "5.38"}, "price fcf": {"2021-02-05": "", "2020-09-30": "$1.78", "2020-06-30": "$1.67", "2020-03-31": "$2.19", "2019-12-31": "$1.95", "2019-09-30": "$1.80", "2019-06-30": "$1.35", "2019-03-31": "$1.37", "2018-12-31": "$1.45", "2018-09-30": "$1.36", "2018-06-30": "$1.72", "2018-03-31": "$1.59", "2017-12-31": "$1.69", "2017-09-30": "$1.63", "2017-06-30": "$1.39", "2017-03-31": "$1.80", "2016-12-31": "$1.73", "2016-09-30": "$1.83", "2016-06-30": "$1.85", "2016-03-31": "$1.46", "2015-12-31": "$1.13", "2015-09-30": "$0.56"}, "net worth": {"value": "$6.53B"}, "current ratio": {"current": "2.68", "2020-09-30": "2.68", "2020-06-30": "2.88", "2020-03-31": "2.17", "2019-12-31": "2.40", "2019-09-30": "2.35", "2019-06-30": "2.32", "2019-03-31": "2.21", "2018-12-31": "2.22", "2018-09-30": "2.23", "2018-06-30": "2.27", "2018-03-31": "2.26", "2017-12-31": "2.14", "2017-09-30": "2.11", "2017-06-30": "2.13", "2017-03-31": "2.27", "2016-12-31": "2.04", "2016-09-30": "2.26", "2016-06-30": "2.31", "2016-03-31": "2.40", "2015-12-31": "2.11", "2015-09-30": "2.31", "2015-06-30": "2.23", "2015-03-31": "2.19", "2014-12-31": "1.98", "2014-09-30": "2.00", "2014-06-30": "0.00", "2014-03-31": "0.00", "2013-12-31": "0.00", "2013-09-30": "0.00", "2012-12-31": "1.81", "2011-12-31": "0.00"}, "quick ratio": {"2020-09-30": "2.17", "2020-06-30": "2.26", "2020-03-31": "1.58", "2019-12-31": "1.85", "2019-09-30": "1.77", "2019-06-30": "1.71", "2019-03-31": "1.60", "2018-12-31": "1.63", "2018-09-30": "1.63", "2018-06-30": "1.67", "2018-03-31": "1.63", "2017-12-31": "1.58", "2017-09-30": "1.50", "2017-06-30": "1.54", "2017-03-31": "1.62", "2016-12-31": "1.48", "2016-09-30": "1.67", "2016-06-30": "1.70", "2016-03-31": "1.71", "2015-12-31": "1.51", "2015-09-30": "1.66", "2015-06-30": "1.56", "2015-03-31": "1.52", "2014-12-31": "1.41", "2014-09-30": "1.37", "2014-06-30": "0.00", "2014-03-31": "0.00", "2013-12-31": "0.00", "2013-09-30": "0.00", "2012-12-31": "1.18", "2011-12-31": "0.00"}, "debt equity ratio": {"current": "2.90", "2020-09-30": "4.08", "2020-06-30": "4.30", "2020-03-31": "3.77", "2019-12-31": "3.84", "2019-09-30": "3.99", "2019-06-30": "4.12", "2019-03-31": "4.22", "2018-12-31": "4.09", "2018-09-30": "4.02", "2018-06-30": "3.76", "2018-03-31": "3.56", "2017-12-31": "3.85", "2017-09-30": "3.75", "2017-06-30": "3.78", "2017-03-31": "3.31", "2016-12-31": "3.71", "2016-09-30": "3.62", "2016-06-30": "3.65", "2016-03-31": "3.86", "2015-12-31": "4.11", "2015-09-30": "4.34", "2015-06-30": "4.33", "2015-03-31": "4.63", "2014-12-31": "4.55", "2014-09-30": "4.26", "2014-06-30": "0.00", "2014-03-31": "0.00", "2013-12-31": "0.00", "2013-09-30": "0.00", "2012-12-31": "0.70", "2011-12-31": "0.00"}, "return on equity": {"2020-09-30": "6.97%", "2020-06-30": "5.76%", "2020-03-31": "19.12%", "2019-12-31": "18.66%", "2019-09-30": "21.53%", "2019-06-30": "15.48%", "2019-03-31": "13.48%", "2018-12-31": "14.82%", "2018-09-30": "4.93%", "2018-06-30": "9.56%", "2018-03-31": "2.92%", "2017-12-31": "2.56%", "2017-09-30": "4.54%", "2017-06-30": "0.00%", "2017-03-31": "5.52%", "2016-12-31": "3.10%", "2016-09-30": "9.09%", "2016-06-30": "13.10%", "2016-03-31": "6.85%", "2015-12-31": "8.35%", "2015-09-30": "4.84%", "2015-06-30": "-0.18%", "2015-03-31": "9.13%", "2014-12-31": "4.82%", "2014-06-30": "inf%"}, "return on assets": {"2020-09-30": "1.40%", "2020-06-30": "1.16%", "2020-03-31": "3.88%", "2019-12-31": "3.71%", "2019-09-30": "4.22%", "2019-06-30": "3.03%", "2019-03-31": "2.69%", "2018-12-31": "3.06%", "2018-09-30": "1.03%", "2018-06-30": "2.02%", "2018-03-31": "0.62%", "2017-12-31": "0.55%", "2017-09-30": "0.98%", "2017-06-30": "0.00%", "2017-03-31": "1.21%", "2016-12-31": "0.66%", "2016-09-30": "1.89%", "2016-06-30": "2.63%", "2016-03-31": "1.33%", "2015-12-31": "1.56%", "2015-09-30": "0.89%", "2015-06-30": "-0.03%", "2015-03-31": "1.67%", "2014-12-31": "0.89%", "2014-06-30": "inf%"}, "return on investments": {"2020-09-30": "4.86%", "2020-06-30": "4.56%", "2020-03-31": "8.99%", "2019-12-31": "9.53%", "2019-09-30": "9.93%", "2019-06-30": "8.43%", "2019-03-31": "8.17%", "2018-12-31": "8.43%", "2018-09-30": "7.88%", "2018-06-30": "8.89%", "2018-03-31": "7.04%", "2017-12-31": "7.12%", "2017-09-30": "6.04%", "2017-06-30": "6.49%", "2017-03-31": "8.93%", "2016-12-31": "8.80%", "2016-09-30": "10.12%", "2016-06-30": "10.36%", "2016-03-31": "10.17%", "2015-12-31": "10.14%", "2015-09-30": "9.82%", "2015-06-30": "9.24%", "2015-03-31": "11.26%", "2014-12-31": "15.42%", "2014-06-30": "inf%"}, "return on tangible equity": {"2020-09-30": "-9.00%", "2020-06-30": "-7.25%", "2020-03-31": "-23.78%", "2019-12-31": "-21.89%", "2019-09-30": "-23.52%", "2019-06-30": "-16.22%", "2019-03-31": "-14.26%", "2018-12-31": "-16.34%", "2018-09-30": "-5.50%", "2018-06-30": "-10.89%", "2018-03-31": "-3.30%", "2017-12-31": "-3.12%", "2017-09-30": "-5.95%", "2017-06-30": "0.00%", "2017-03-31": "-8.51%", "2016-12-31": "-4.43%", "2016-09-30": "-12.27%", "2016-06-30": "-16.29%", "2016-03-31": "-7.77%", "2015-12-31": "-8.73%", "2015-09-30": "-4.79%", "2015-06-30": "0.18%", "2015-03-31": "-8.86%", "2014-12-31": "-4.74%", "2014-06-30": "inf%"}, "dividend yield history": {"last payout": "$0.00", "last yield": "0.00%"}}