{"ticker": "AXS", "price": {"title": "Axis Capital Holdings Historical Annual Stock Price Data", "value": 49.06, "historical": {"2020": {"Average Stock Price": "46.5698", "Year Open": "59.4200", "Year High": "65.8000", "Year Low": "33.2900", "Year Close": "50.3900", "Annual % Change": "-15.23%"}, "2019": {"Average Stock Price": "59.3553", "Year Open": "51.0700", "Year High": "67.2500", "Year Low": "50.9500", "Year Close": "59.4400", "Annual % Change": "15.10%"}, "2018": {"Average Stock Price": "55.0543", "Year Open": "49.2700", "Year High": "60.1200", "Year Low": "47.8600", "Year Close": "51.6400", "Annual % Change": "2.75%"}, "2017": {"Average Stock Price": "61.7899", "Year Open": "65.4100", "Year High": "70.9200", "Year Low": "49.6700", "Year Close": "50.2600", "Annual % Change": "-23.00%"}, "2016": {"Average Stock Price": "55.9249", "Year Open": "55.9000", "Year High": "65.8700", "Year Low": "51.5300", "Year Close": "65.2700", "Annual % Change": "16.10%"}, "2015": {"Average Stock Price": "53.8887", "Year Open": "50.4900", "Year High": "59.7700", "Year Low": "48.1000", "Year Close": "56.2200", "Annual % Change": "10.04%"}, "2014": {"Average Stock Price": "46.4446", "Year Open": "46.6600", "Year High": "51.9000", "Year Low": "42.3900", "Year Close": "51.0900", "Annual % Change": "7.40%"}, "2013": {"Average Stock Price": "43.7261", "Year Open": "35.4900", "Year High": "49.5600", "Year Low": "35.4900", "Year Close": "47.5700", "Annual % Change": "37.33%"}, "2012": {"Average Stock Price": "33.7152", "Year Open": "31.4700", "Year High": "37.3000", "Year Low": "30.6000", "Year Close": "34.6400", "Annual % Change": "8.39%"}, "2011": {"Average Stock Price": "31.9466", "Year Open": "36.0800", "Year High": "37.8100", "Year Low": "25.3100", "Year Close": "31.9600", "Annual % Change": "-10.93%"}, "2010": {"Average Stock Price": "31.9408", "Year Open": "28.5300", "Year High": "36.9800", "Year Low": "27.3600", "Year Close": "35.8800", "Annual % Change": "26.29%"}, "2009": {"Average Stock Price": "26.9938", "Year Open": "29.8600", "Year High": "31.4600", "Year Low": "17.9200", "Year Close": "28.4100", "Annual % Change": "-2.44%"}, "2008": {"Average Stock Price": "32.3865", "Year Open": "38.9200", "Year High": "40.6200", "Year Low": "18.6100", "Year Close": "29.1200", "Annual % Change": "-25.28%"}, "2007": {"Average Stock Price": "36.9898", "Year Open": "33.5100", "Year High": "41.8400", "Year Low": "32.2500", "Year Close": "38.9700", "Annual % Change": "16.78%"}, "2006": {"Average Stock Price": "31.0945", "Year Open": "31.4700", "Year High": "35.7500", "Year Low": "26.0000", "Year Close": "33.3700", "Annual % Change": "6.68%"}, "2005": {"Average Stock Price": "28.1618", "Year Open": "27.4500", "Year High": "31.6000", "Year Low": "25.3200", "Year Close": "31.2800", "Annual % Change": "14.33%"}, "2004": {"Average Stock Price": "27.4450", "Year Open": "29.6200", "Year High": "32.6000", "Year Low": "23.3600", "Year Close": "27.3600", "Annual % Change": "-6.56%"}, "2003": {"Average Stock Price": "25.7943", "Year Open": "25.5500", "Year High": "29.2800", "Year Low": "23.1000", "Year Close": "29.2800", "Annual % Change": "0.00%"}}}, "market cap": {"value": "$4.14B"}, "income statement": {"Revenue": {"2019-12-31": "5173.42700", "2018-12-31": "5090.40600", "2017-12-31": "4591.59500", "2016-12-31": "4005.65700", "2015-12-31": "4130.30900", "2014-12-31": "4346.52300", "2013-12-31": "4196.36500", "2012-12-31": "3926.56500", "2011-12-31": "3801.22600", "2010-12-31": "3551.47300", "2009-12-31": "2814.97700", "2008-12-31": "2810.48400", "2007-12-31": "3226.42400", "2006-12-31": "3078.56100", "2005-12-31": "2788.39800"}, "Cost Of Goods Sold": {"2019-12-31": "4069.38000", "2018-12-31": "4159.12200", "2017-12-31": "4111.36300", "2016-12-31": "2951.07300", "2015-12-31": "2894.31100", "2014-12-31": "2923.91900", "2013-12-31": "2798.38600", "2012-12-31": "2723.68100", "2011-12-31": "3262.52100", "2010-12-31": "2165.84400", "2009-12-31": "1844.36700", "2008-12-31": "2079.27500", "2007-12-31": "1754.75700", "2006-12-31": "1812.81400", "2005-12-31": "2388.51200"}, "Gross Profit": {"2019-12-31": "1104.04700", "2018-12-31": "931.28370", "2017-12-31": "480.23240", "2016-12-31": "1054.58400", "2015-12-31": "1235.99800", "2014-12-31": "1422.60400", "2013-12-31": "1397.97900", "2012-12-31": "1202.88400", "2011-12-31": "538.70510", "2010-12-31": "1385.62900", "2009-12-31": "970.61010", "2008-12-31": "731.20900", "2007-12-31": "1471.66700", "2006-12-31": "1265.74700", "2005-12-31": "399.88600"}, "Research And Development Expenses": {"2019-12-31": "", "2018-12-31": "", "2017-12-31": "", "2016-12-31": "", "2015-12-31": "", "2014-12-31": "", "2013-12-31": "", "2012-12-31": "", "2011-12-31": "", "2010-12-31": "", "2009-12-31": "", "2008-12-31": "", "2007-12-31": "", "2006-12-31": "", "2005-12-31": ""}, "SG&A Expenses": {"2019-12-31": "634.83100", "2018-12-31": "627.38900", "2017-12-31": "579.42800", "2016-12-31": "602.71700", "2015-12-31": "596.82100", "2014-12-31": "621.87600", "2013-12-31": "575.39000", "2012-12-31": "560.98100", "2011-12-31": "459.15100", "2010-12-31": "449.88500", "2009-12-31": "370.15700", "2008-12-31": "335.75800", "2007-12-31": "303.83100", "2006-12-31": "268.39600", "2005-12-31": "212.84200"}, "Other Operating Income Or Expenses": {"2019-12-31": "", "2018-12-31": "", "2017-12-31": "", "2016-12-31": "", "2015-12-31": "", "2014-12-31": "", "2013-12-31": "", "2012-12-31": "", "2011-12-31": "", "2010-12-31": "", "2009-12-31": "", "2008-12-31": "", "2007-12-31": "", "2006-12-31": "", "2005-12-31": ""}, "Operating Expenses": {"2019-12-31": "4742.53000", "2018-12-31": "4972.65700", "2017-12-31": "4743.43800", "2016-12-31": "3553.79000", "2015-12-31": "3491.13200", "2014-12-31": "3545.79500", "2013-12-31": "3373.77600", "2012-12-31": "3284.66200", "2011-12-31": "3721.67200", "2010-12-31": "2615.72900", "2009-12-31": "2214.52400", "2008-12-31": "2415.03300", "2007-12-31": "2058.58800", "2006-12-31": "2081.21000", "2005-12-31": "2601.35400"}, "Operating Income": {"2019-12-31": "430.89650", "2018-12-31": "117.74850", "2017-12-31": "-151.84230", "2016-12-31": "451.86690", "2015-12-31": "639.17700", "2014-12-31": "800.72800", "2013-12-31": "822.58940", "2012-12-31": "641.90280", "2011-12-31": "79.55420", "2010-12-31": "935.74390", "2009-12-31": "600.45310", "2008-12-31": "395.45090", "2007-12-31": "1167.83600", "2006-12-31": "997.35110", "2005-12-31": "187.04390"}, "Total Non-Operating Income/Expense": {"2019-12-31": "-93.45000", "2018-12-31": "-105.20700", "2017-12-31": "-216.26600", "2016-12-31": "69.93500", "2015-12-31": "5.48200", "2014-12-31": "29.74400", "2013-12-31": "-88.12200", "2012-12-31": "-91.37500", "2011-12-31": "-18.01600", "2010-12-31": "-40.34100", "2009-12-31": "-60.59200", "2008-12-31": "12.03400", "2007-12-31": "-34.32700", "2006-12-31": "-0.44900", "2005-12-31": "-86.53700"}, "Pre-Tax Income": {"2019-12-31": "337.44700", "2018-12-31": "12.54200", "2017-12-31": "-368.10900", "2016-12-31": "521.80200", "2015-12-31": "644.65900", "2014-12-31": "830.47200", "2013-12-31": "734.46700", "2012-12-31": "550.52800", "2011-12-31": "61.53800", "2010-12-31": "895.40300", "2009-12-31": "539.86100", "2008-12-31": "407.48500", "2007-12-31": "1133.50900", "2006-12-31": "996.90200", "2005-12-31": "100.50700"}, "Income Taxes": {"2019-12-31": "23.69200", "2018-12-31": "-29.48600", "2017-12-31": "-7.54200", "2016-12-31": "6.34000", "2015-12-31": "3.02800", "2014-12-31": "25.90800", "2013-12-31": "7.00200", "2012-12-31": "3.28700", "2011-12-31": "15.23300", "2010-12-31": "38.68000", "2009-12-31": "41.97500", "2008-12-31": "20.10900", "2007-12-31": "41.49100", "2006-12-31": "33.84200", "2005-12-31": "6.06700"}, "Income After Taxes": {"2019-12-31": "313.75500", "2018-12-31": "42.02800", "2017-12-31": "-360.56700", "2016-12-31": "515.46200", "2015-12-31": "641.63100", "2014-12-31": "804.56400", "2013-12-31": "727.46500", "2012-12-31": "547.24100", "2011-12-31": "46.30500", "2010-12-31": "856.72300", "2009-12-31": "497.88600", "2008-12-31": "387.37600", "2007-12-31": "1092.01800", "2006-12-31": "963.06000", "2005-12-31": "94.44000"}, "Other Income": {"2019-12-31": "", "2018-12-31": "", "2017-12-31": "", "2016-12-31": "", "2015-12-31": "", "2014-12-31": "", "2013-12-31": "", "2012-12-31": "", "2011-12-31": "", "2010-12-31": "", "2009-12-31": "", "2008-12-31": "", "2007-12-31": "", "2006-12-31": "", "2005-12-31": ""}, "Income From Continuous Operations": {"2019-12-31": "323.47300", "2018-12-31": "43.02100", "2017-12-31": "-368.96900", "2016-12-31": "513.36800", "2015-12-31": "641.63100", "2014-12-31": "804.56400", "2013-12-31": "727.46500", "2012-12-31": "547.24100", "2011-12-31": "46.30500", "2010-12-31": "856.72300", "2009-12-31": "497.88600", "2008-12-31": "387.37600", "2007-12-31": "1092.01800", "2006-12-31": "963.06000", "2005-12-31": "94.44000"}, "Income From Discontinued Operations": {"2019-12-31": "", "2018-12-31": "", "2017-12-31": "", "2016-12-31": "", "2015-12-31": "", "2014-12-31": "", "2013-12-31": "", "2012-12-31": "", "2011-12-31": "", "2010-12-31": "", "2009-12-31": "", "2008-12-31": "", "2007-12-31": "", "2006-12-31": "", "2005-12-31": ""}, "Net Income": {"2019-12-31": "282.36100", "2018-12-31": "0.39600", "2017-12-31": "-415.77900", "2016-12-31": "465.46200", "2015-12-31": "601.56200", "2014-12-31": "770.65700", "2013-12-31": "683.91000", "2012-12-31": "495.00400", "2011-12-31": "9.43000", "2010-12-31": "819.84800", "2009-12-31": "461.01100", "2008-12-31": "350.50100", "2007-12-31": "1055.24300", "2006-12-31": "925.76500", "2005-12-31": "90.06100"}, "EBITDA": {"2019-12-31": "551.34650", "2018-12-31": "324.53850", "2017-12-31": "-27.07930", "2016-12-31": "542.36100", "2015-12-31": "762.74100", "2014-12-31": "939.57700", "2013-12-31": "985.52830", "2012-12-31": "791.02080", "2011-12-31": "189.81520", "2010-12-31": "1010.97000", "2009-12-31": "634.52110", "2008-12-31": "431.93490", "2007-12-31": "1183.00100", "2006-12-31": "1037.94400", "2005-12-31": "228.32690"}, "EBIT": {"2019-12-31": "430.89650", "2018-12-31": "117.74850", "2017-12-31": "-151.84230", "2016-12-31": "451.86690", "2015-12-31": "639.17700", "2014-12-31": "800.72800", "2013-12-31": "822.58940", "2012-12-31": "641.90280", "2011-12-31": "79.55420", "2010-12-31": "935.74390", "2009-12-31": "600.45310", "2008-12-31": "395.45090", "2007-12-31": "1167.83600", "2006-12-31": "997.35110", "2005-12-31": "187.04390"}, "Basic Shares Outstanding": {"2019-12-31": "83.89400", "2018-12-31": "83.50100", "2017-12-31": "84.10800", "2016-12-31": "90.77200", "2015-12-31": "98.60900", "2014-12-31": "104.36800", "2013-12-31": "113.63600", "2012-12-31": "122.14800", "2011-12-31": "122.49900", "2010-12-31": "121.72800", "2009-12-31": "137.27900", "2008-12-31": "140.32200", "2007-12-31": "147.52400", "2006-12-31": "149.74500", "2005-12-31": "143.22600"}, "Shares Outstanding": {"2019-12-31": "84.47300", "2018-12-31": "84.00700", "2017-12-31": "84.10800", "2016-12-31": "91.54700", "2015-12-31": "99.62900", "2014-12-31": "105.71300", "2013-12-31": "115.32800", "2012-12-31": "123.65400", "2011-12-31": "128.12200", "2010-12-31": "136.19900", "2009-12-31": "150.37100", "2008-12-31": "155.32000", "2007-12-31": "164.51500", "2006-12-31": "164.39400", "2005-12-31": "157.52400"}, "Basic EPS": {"2019-12-31": "3.37000", "2018-12-31": "0.00470", "2017-12-31": "-4.94000", "2016-12-31": "5.13000", "2015-12-31": "6.10000", "2014-12-31": "7.38000", "2013-12-31": "6.02000", "2012-12-31": "4.05000", "2011-12-31": "0.08000", "2010-12-31": "6.74000", "2009-12-31": "3.36000", "2008-12-31": "2.50000", "2007-12-31": "7.15000", "2006-12-31": "6.18000", "2005-12-31": "0.63000"}, "EPS - Earnings Per Share": {"2019-12-31": "3.34000", "2018-12-31": "0.00470", "2017-12-31": "-4.94000", "2016-12-31": "5.08000", "2015-12-31": "6.04000", "2014-12-31": "7.29000", "2013-12-31": "5.93000", "2012-12-31": "4.00000", "2011-12-31": "0.07000", "2010-12-31": "6.02000", "2009-12-31": "3.07000", "2008-12-31": "2.26000", "2007-12-31": "6.41000", "2006-12-31": "5.63000", "2005-12-31": "0.57000"}}, "income statement, quarterly": {"Revenue": {"2020-09-30": "1250.31700", "2020-06-30": "1204.08200", "2020-03-31": "1110.14200", "2019-12-31": "1337.38000", "2019-09-30": "1289.13000", "2019-06-30": "1285.70600", "2019-03-31": "1261.21100", "2018-12-31": "1246.74100", "2018-09-30": "1329.34300", "2018-06-30": "1254.14500", "2018-03-31": "1260.17700", "2017-12-31": "1358.62000", "2017-09-30": "1123.73500", "2017-06-30": "1100.70600", "2017-03-31": "1008.53400", "2016-12-31": "999.53890", "2016-09-30": "1062.48700", "2016-06-30": "1058.83800", "2016-03-31": "884.79300", "2015-12-31": "970.66800", "2015-09-30": "1176.22700", "2015-06-30": "1022.13100", "2015-03-31": "961.28300", "2014-12-31": "1036.06700", "2014-09-30": "1117.85000", "2014-06-30": "1150.21100", "2014-03-31": "1042.39500", "2013-12-31": "1078.00200", "2013-09-30": "1044.68800", "2013-06-30": "1045.65500", "2013-03-31": "1028.02000", "2012-12-31": "975.46090", "2012-09-30": "1017.84100", "2012-06-30": "955.75600", "2012-03-31": "977.50700", "2011-12-31": "945.72700", "2011-09-30": "948.10100", "2011-06-30": "977.63500", "2011-03-31": "929.76300", "2010-12-31": "943.32480", "2010-09-30": "948.08800", "2010-06-30": "842.44700", "2010-03-31": "817.61300", "2009-12-31": "867.55710", "2009-09-30": "451.71000", "2009-06-30": "781.05100", "2009-03-31": "714.65900", "2008-12-31": "579.25490", "2008-09-30": "637.66800", "2008-06-30": "811.58900", "2008-03-31": "781.97200", "2007-12-31": "805.36980", "2007-09-30": "804.56600", "2007-06-30": "803.66300", "2007-03-31": "812.82500", "2006-12-31": "809.63210", "2006-09-30": "790.64900", "2006-06-30": "761.42300", "2006-03-31": "716.85700", "2005-12-31": "755.08710", "2005-09-30": "677.63000", "2005-06-30": "678.79400", "2005-03-31": "676.88700"}, "Cost Of Goods Sold": {"2020-09-30": "1110.24100", "2020-06-30": "904.76300", "2020-03-31": "1146.72300", "2019-12-31": "1119.16900", "2019-09-30": "1110.93900", "2019-06-30": "914.82600", "2019-03-31": "924.44600", "2018-12-31": "1286.65100", "2018-09-30": "1043.27300", "2018-06-30": "938.59300", "2018-03-31": "890.60500", "2017-12-31": "1074.84500", "2017-09-30": "1430.09100", "2017-06-30": "809.69300", "2017-03-31": "796.73400", "2016-12-31": "727.91890", "2016-09-30": "722.13800", "2016-06-30": "821.41900", "2016-03-31": "679.59700", "2015-12-31": "703.89390", "2015-09-30": "743.13100", "2015-06-30": "763.41600", "2015-03-31": "683.87000", "2014-12-31": "711.97100", "2014-09-30": "738.01400", "2014-06-30": "757.69100", "2014-03-31": "716.24300", "2013-12-31": "726.65910", "2013-09-30": "675.20400", "2013-06-30": "812.61800", "2013-03-31": "583.90500", "2012-12-31": "819.11210", "2012-09-30": "601.44800", "2012-06-30": "624.03400", "2012-03-31": "679.08700", "2011-12-31": "740.82490", "2011-09-30": "653.67500", "2011-06-30": "712.86400", "2011-03-31": "1155.15700", "2010-12-31": "507.44510", "2010-09-30": "545.94200", "2010-06-30": "527.54600", "2010-03-31": "584.91100", "2009-12-31": "448.29900", "2009-09-30": "424.53200", "2009-06-30": "481.56100", "2009-03-31": "489.97500", "2008-12-31": "357.75290", "2008-09-30": "795.86400", "2008-06-30": "469.49700", "2008-03-31": "456.16100", "2007-12-31": "381.12100", "2007-09-30": "428.23200", "2007-06-30": "454.46800", "2007-03-31": "490.93600", "2006-12-31": "421.06500", "2006-09-30": "469.57300", "2006-06-30": "473.81400", "2006-03-31": "448.36200", "2005-12-31": "444.89080", "2005-09-30": "1099.70600", "2005-06-30": "408.32400", "2005-03-31": "435.59100"}, "Gross Profit": {"2020-09-30": "140.07600", "2020-06-30": "299.31900", "2020-03-31": "-36.58110", "2019-12-31": "218.21080", "2019-09-30": "178.19100", "2019-06-30": "370.88000", "2019-03-31": "336.76500", "2018-12-31": "-39.91040", "2018-09-30": "286.07010", "2018-06-30": "315.55200", "2018-03-31": "369.57200", "2017-12-31": "283.77540", "2017-09-30": "-306.35600", "2017-06-30": "291.01310", "2017-03-31": "211.80000", "2016-12-31": "271.62000", "2016-09-30": "340.34910", "2016-06-30": "237.41900", "2016-03-31": "205.19600", "2015-12-31": "266.77410", "2015-09-30": "433.09600", "2015-06-30": "258.71500", "2015-03-31": "277.41300", "2014-12-31": "324.09590", "2014-09-30": "379.83590", "2014-06-30": "392.52010", "2014-03-31": "326.15200", "2013-12-31": "351.34310", "2013-09-30": "369.48400", "2013-06-30": "233.03700", "2013-03-31": "444.11500", "2012-12-31": "156.34880", "2012-09-30": "416.39300", "2012-06-30": "331.72200", "2012-03-31": "298.42000", "2011-12-31": "204.90210", "2011-09-30": "294.42600", "2011-06-30": "264.77100", "2011-03-31": "-225.39400", "2010-12-31": "435.87970", "2010-09-30": "402.14600", "2010-06-30": "314.90100", "2010-03-31": "232.70200", "2009-12-31": "419.25810", "2009-09-30": "27.17800", "2009-06-30": "299.49000", "2009-03-31": "224.68400", "2008-12-31": "221.50200", "2008-09-30": "-158.19600", "2008-06-30": "342.09200", "2008-03-31": "325.81100", "2007-12-31": "424.24880", "2007-09-30": "376.33400", "2007-06-30": "349.19500", "2007-03-31": "321.88900", "2006-12-31": "388.56710", "2006-09-30": "321.07600", "2006-06-30": "287.60900", "2006-03-31": "268.49500", "2005-12-31": "310.19630", "2005-09-30": "-422.07600", "2005-06-30": "270.47000", "2005-03-31": "241.29600"}, "Research And Development Expenses": {"2020-09-30": "", "2020-06-30": "", "2020-03-31": "", "2019-12-31": "", "2019-09-30": "", "2019-06-30": "", "2019-03-31": "", "2018-12-31": "", "2018-09-30": "", "2018-06-30": "", "2018-03-31": "", "2017-12-31": "", "2017-09-30": "", "2017-06-30": "", "2017-03-31": "", "2016-12-31": "", "2016-09-30": "", "2016-06-30": "", "2016-03-31": "", "2015-12-31": "", "2015-09-30": "", "2015-06-30": "", "2015-03-31": "", "2014-12-31": "", "2014-09-30": "", "2014-06-30": "", "2014-03-31": "", "2013-12-31": "", "2013-09-30": "", "2013-06-30": "", "2013-03-31": "", "2012-12-31": "", "2012-09-30": "", "2012-06-30": "", "2012-03-31": "", "2011-12-31": "", "2011-09-30": "", "2011-06-30": "", "2011-03-31": "", "2010-12-31": "", "2010-09-30": "", "2010-06-30": "", "2010-03-31": "", "2009-12-31": "", "2009-09-30": "", "2009-06-30": "", "2009-03-31": "", "2008-12-31": "", "2008-09-30": "", "2008-06-30": "", "2008-03-31": "", "2007-12-31": "", "2007-09-30": "", "2007-06-30": "", "2007-03-31": "", "2006-12-31": "", "2006-09-30": "", "2006-06-30": "", "2006-03-31": "", "2005-12-31": "", "2005-09-30": "", "2005-06-30": "", "2005-03-31": ""}, "SG&A Expenses": {"2020-09-30": "138.82300", "2020-06-30": "140.65200", "2020-03-31": "157.06000", "2019-12-31": "138.82300", "2019-09-30": "155.52200", "2019-06-30": "165.39500", "2019-03-31": "175.09100", "2018-12-31": "137.44500", "2018-09-30": "154.89400", "2018-06-30": "165.21300", "2018-03-31": "169.83700", "2017-12-31": "145.72300", "2017-09-30": "124.62900", "2017-06-30": "147.81600", "2017-03-31": "161.26000", "2016-12-31": "163.16400", "2016-09-30": "142.90600", "2016-06-30": "146.74600", "2016-03-31": "149.90100", "2015-12-31": "140.37100", "2015-09-30": "144.72700", "2015-06-30": "148.48200", "2015-03-31": "163.24100", "2014-12-31": "165.15000", "2014-09-30": "152.91600", "2014-06-30": "151.08100", "2014-03-31": "152.72900", "2013-12-31": "144.18200", "2013-09-30": "140.69900", "2013-06-30": "149.03400", "2013-03-31": "141.47500", "2012-12-31": "141.38700", "2012-09-30": "134.61100", "2012-06-30": "161.33100", "2012-03-31": "123.65200", "2011-12-31": "109.98900", "2011-09-30": "114.53700", "2011-06-30": "118.10500", "2011-03-31": "116.52000", "2010-12-31": "140.61900", "2010-09-30": "103.43500", "2010-06-30": "106.06200", "2010-03-31": "99.76900", "2009-12-31": "104.64200", "2009-09-30": "92.00900", "2009-06-30": "86.94900", "2009-03-31": "86.55700", "2008-12-31": "87.33300", "2008-09-30": "86.72200", "2008-06-30": "82.95300", "2008-03-31": "78.75000", "2007-12-31": "92.83800", "2007-09-30": "79.81300", "2007-06-30": "68.57400", "2007-03-31": "62.60600", "2006-12-31": "86.85800", "2006-09-30": "68.47000", "2006-06-30": "57.65700", "2006-03-31": "55.41100", "2005-12-31": "57.50700", "2005-09-30": "44.23700", "2005-06-30": "56.79600", "2005-03-31": "54.30200"}, "Other Operating Income Or Expenses": {"2020-09-30": "", "2020-06-30": "", "2020-03-31": "", "2019-12-31": "", "2019-09-30": "", "2019-06-30": "", "2019-03-31": "", "2018-12-31": "", "2018-09-30": "", "2018-06-30": "", "2018-03-31": "", "2017-12-31": "", "2017-09-30": "", "2017-06-30": "", "2017-03-31": "", "2016-12-31": "", "2016-09-30": "", "2016-06-30": "", "2016-03-31": "", "2015-12-31": "", "2015-09-30": "", "2015-06-30": "", "2015-03-31": "", "2014-12-31": "", "2014-09-30": "", "2014-06-30": "", "2014-03-31": "", "2013-12-31": "", "2013-09-30": "", "2013-06-30": "", "2013-03-31": "", "2012-12-31": "", "2012-09-30": "", "2012-06-30": "", "2012-03-31": "", "2011-12-31": "", "2011-09-30": "", "2011-06-30": "", "2011-03-31": "", "2010-12-31": "", "2010-09-30": "", "2010-06-30": "", "2010-03-31": "", "2009-12-31": "", "2009-09-30": "", "2009-06-30": "", "2009-03-31": "", "2008-12-31": "", "2008-09-30": "", "2008-06-30": "", "2008-03-31": "", "2007-12-31": "", "2007-09-30": "", "2007-06-30": "", "2007-03-31": "", "2006-12-31": "", "2006-09-30": "", "2006-06-30": "", "2006-03-31": "", "2005-12-31": "", "2005-09-30": "", "2005-06-30": "", "2005-03-31": ""}, "Operating Expenses": {"2020-09-30": "1252.93000", "2020-06-30": "1049.55500", "2020-03-31": "1308.45200", "2019-12-31": "1262.89900", "2019-09-30": "1273.66000", "2019-06-30": "1090.32700", "2019-03-31": "1115.64400", "2018-12-31": "1452.14300", "2018-09-30": "1238.93800", "2018-06-30": "1161.24200", "2018-03-31": "1120.33400", "2017-12-31": "1273.21400", "2017-09-30": "1554.72000", "2017-06-30": "957.50900", "2017-03-31": "957.99400", "2016-12-31": "891.08310", "2016-09-30": "865.04400", "2016-06-30": "968.16500", "2016-03-31": "829.49800", "2015-12-31": "844.26500", "2015-09-30": "887.85800", "2015-06-30": "911.89800", "2015-03-31": "847.11100", "2014-12-31": "877.12080", "2014-09-30": "890.93010", "2014-06-30": "908.77200", "2014-03-31": "868.97200", "2013-12-31": "870.84110", "2013-09-30": "815.90300", "2013-06-30": "961.65200", "2013-03-31": "725.38000", "2012-12-31": "960.49900", "2012-09-30": "736.05900", "2012-06-30": "785.36500", "2012-03-31": "802.73900", "2011-12-31": "850.81400", "2011-09-30": "768.21200", "2011-06-30": "830.96900", "2011-03-31": "1271.67700", "2010-12-31": "648.06400", "2010-09-30": "649.37700", "2010-06-30": "633.60800", "2010-03-31": "684.68000", "2009-12-31": "552.94090", "2009-09-30": "516.54100", "2009-06-30": "568.51000", "2009-03-31": "576.53200", "2008-12-31": "445.08600", "2008-09-30": "882.58600", "2008-06-30": "552.45000", "2008-03-31": "534.91100", "2007-12-31": "473.95920", "2007-09-30": "508.04500", "2007-06-30": "523.04200", "2007-03-31": "553.54200", "2006-12-31": "507.92300", "2006-09-30": "538.04300", "2006-06-30": "531.47100", "2006-03-31": "503.77300", "2005-12-31": "502.39790", "2005-09-30": "1143.94300", "2005-06-30": "465.12000", "2005-03-31": "489.89300"}, "Operating Income": {"2020-09-30": "-2.61290", "2020-06-30": "154.52700", "2020-03-31": "-198.30990", "2019-12-31": "74.48040", "2019-09-30": "15.47010", "2019-06-30": "195.37900", "2019-03-31": "145.56700", "2018-12-31": "-205.40260", "2018-09-30": "90.40500", "2018-06-30": "92.90310", "2018-03-31": "139.84300", "2017-12-31": "85.40590", "2017-09-30": "-430.98500", "2017-06-30": "143.19710", "2017-03-31": "50.54000", "2016-12-31": "108.45580", "2016-09-30": "197.44310", "2016-06-30": "90.67300", "2016-03-31": "55.29500", "2015-12-31": "126.40300", "2015-09-30": "288.36900", "2015-06-30": "110.23300", "2015-03-31": "114.17210", "2014-12-31": "158.94610", "2014-09-30": "226.91990", "2014-06-30": "241.43910", "2014-03-31": "173.42300", "2013-12-31": "207.16110", "2013-09-30": "228.78500", "2013-06-30": "84.00310", "2013-03-31": "302.64000", "2012-12-31": "14.96190", "2012-09-30": "281.78200", "2012-06-30": "170.39100", "2012-03-31": "174.76800", "2011-12-31": "94.91300", "2011-09-30": "179.88900", "2011-06-30": "146.66600", "2011-03-31": "-341.91400", "2010-12-31": "295.26070", "2010-09-30": "298.71100", "2010-06-30": "208.83900", "2010-03-31": "132.93300", "2009-12-31": "314.61610", "2009-09-30": "-64.83100", "2009-06-30": "212.54100", "2009-03-31": "138.12700", "2008-12-31": "134.16890", "2008-09-30": "-244.91800", "2008-06-30": "259.13900", "2008-03-31": "247.06100", "2007-12-31": "331.41060", "2007-09-30": "296.52100", "2007-06-30": "280.62100", "2007-03-31": "259.28300", "2006-12-31": "301.70920", "2006-09-30": "252.60600", "2006-06-30": "229.95200", "2006-03-31": "213.08400", "2005-12-31": "252.68920", "2005-09-30": "-466.31310", "2005-06-30": "213.67400", "2005-03-31": "186.99400"}, "Total Non-Operating Income/Expense": {"2020-09-30": "-77.72100", "2020-06-30": "-30.69600", "2020-03-31": "39.19300", "2019-12-31": "-79.46300", "2019-09-30": "30.28600", "2019-06-30": "-6.50200", "2019-03-31": "-37.77100", "2018-12-31": "-4.25700", "2018-09-30": "-41.50200", "2018-06-30": "8.22900", "2018-03-31": "-67.67700", "2017-12-31": "-81.82600", "2017-09-30": "-51.31500", "2017-06-30": "-48.86900", "2017-03-31": "-34.25600", "2016-12-31": "38.74000", "2016-09-30": "0.95600", "2016-06-30": "43.68800", "2016-03-31": "-13.44900", "2015-12-31": "20.26300", "2015-09-30": "-30.69700", "2015-06-30": "-35.04700", "2015-03-31": "50.96300", "2014-12-31": "28.30300", "2014-09-30": "51.94800", "2014-06-30": "-29.68000", "2014-03-31": "-20.82700", "2013-12-31": "-30.11000", "2013-09-30": "-72.12000", "2013-06-30": "-4.94000", "2013-03-31": "19.04800", "2012-12-31": "-36.79900", "2012-09-30": "-39.48500", "2012-06-30": "20.99200", "2012-03-31": "-36.08300", "2011-12-31": "1.71100", "2011-09-30": "45.15300", "2011-06-30": "-33.96200", "2011-03-31": "-30.91800", "2010-12-31": "-10.57100", "2010-09-30": "-40.76100", "2010-06-30": "11.53200", "2010-03-31": "-0.54100", "2009-12-31": "-6.14400", "2009-09-30": "-14.76100", "2009-06-30": "-32.15500", "2009-03-31": "-7.53200", "2008-12-31": "14.46300", "2008-09-30": "-0.31400", "2008-06-30": "-14.45400", "2008-03-31": "12.33900", "2007-12-31": "-7.56100", "2007-09-30": "-6.72700", "2007-06-30": "-7.28600", "2007-03-31": "-12.75300", "2006-12-31": "-1.23700", "2006-09-30": "-10.97700", "2006-06-30": "10.58600", "2006-03-31": "1.17900", "2005-12-31": "-9.91000", "2005-09-30": "-10.08700", "2005-06-30": "-35.04400", "2005-03-31": "-31.49600"}, "Pre-Tax Income": {"2020-09-30": "-80.33400", "2020-06-30": "123.83100", "2020-03-31": "-159.11700", "2019-12-31": "-4.98200", "2019-09-30": "45.75600", "2019-06-30": "188.87700", "2019-03-31": "107.79600", "2018-12-31": "-209.65900", "2018-09-30": "48.90300", "2018-06-30": "101.13200", "2018-03-31": "72.16600", "2017-12-31": "3.57900", "2017-09-30": "-482.30000", "2017-06-30": "94.32800", "2017-03-31": "16.28400", "2016-12-31": "147.19600", "2016-09-30": "198.39900", "2016-06-30": "134.36100", "2016-03-31": "41.84600", "2015-12-31": "146.66600", "2015-09-30": "257.67200", "2015-06-30": "75.18600", "2015-03-31": "165.13500", "2014-12-31": "187.24900", "2014-09-30": "278.86800", "2014-06-30": "211.75900", "2014-03-31": "152.59600", "2013-12-31": "177.05100", "2013-09-30": "156.66500", "2013-06-30": "79.06300", "2013-03-31": "321.68800", "2012-12-31": "-21.83700", "2012-09-30": "242.29700", "2012-06-30": "191.38300", "2012-03-31": "138.68500", "2011-12-31": "96.62400", "2011-09-30": "225.04200", "2011-06-30": "112.70400", "2011-03-31": "-372.83200", "2010-12-31": "284.69000", "2010-09-30": "257.95000", "2010-06-30": "220.37100", "2010-03-31": "132.39200", "2009-12-31": "308.47200", "2009-09-30": "-79.59200", "2009-06-30": "180.38600", "2009-03-31": "130.59500", "2008-12-31": "148.63200", "2008-09-30": "-245.23200", "2008-06-30": "244.68500", "2008-03-31": "259.40000", "2007-12-31": "323.85000", "2007-09-30": "289.79400", "2007-06-30": "273.33500", "2007-03-31": "246.53000", "2006-12-31": "300.47200", "2006-09-30": "241.62900", "2006-06-30": "240.53800", "2006-03-31": "214.26300", "2005-12-31": "242.77900", "2005-09-30": "-476.40000", "2005-06-30": "178.63000", "2005-03-31": "155.49800"}, "Income Taxes": {"2020-09-30": "-12.05600", "2020-06-30": "10.89300", "2020-03-31": "-4.86700", "2019-12-31": "-0.15800", "2019-09-30": "8.14700", "2019-06-30": "14.46900", "2019-03-31": "1.23400", "2018-12-31": "-25.92100", "2018-09-30": "-3.52500", "2018-06-30": "0.99600", "2018-03-31": "-1.03600", "2017-12-31": "31.00500", "2017-09-30": "-25.87700", "2017-06-30": "-3.33300", "2017-03-31": "-9.33700", "2016-12-31": "-1.37300", "2016-09-30": "9.35200", "2016-06-30": "4.90100", "2016-03-31": "-6.54000", "2015-12-31": "1.87300", "2015-09-30": "0.03000", "2015-06-30": "1.81500", "2015-03-31": "-0.69000", "2014-12-31": "16.38100", "2014-09-30": "-4.09800", "2014-06-30": "9.50000", "2014-03-31": "4.12500", "2013-12-31": "-4.49700", "2013-09-30": "6.03000", "2013-06-30": "-4.66200", "2013-03-31": "10.13100", "2012-12-31": "-12.02700", "2012-09-30": "10.14900", "2012-06-30": "2.31700", "2012-03-31": "2.84800", "2011-12-31": "7.34200", "2011-09-30": "3.76500", "2011-06-30": "2.41700", "2011-03-31": "1.70900", "2010-12-31": "11.12900", "2010-09-30": "9.89000", "2010-06-30": "6.30000", "2010-03-31": "11.36100", "2009-12-31": "17.19000", "2009-09-30": "7.08200", "2009-06-30": "12.00600", "2009-03-31": "5.69700", "2008-12-31": "8.55500", "2008-09-30": "-5.10400", "2008-06-30": "4.19900", "2008-03-31": "12.45900", "2007-12-31": "8.54800", "2007-09-30": "10.67700", "2007-06-30": "12.51900", "2007-03-31": "9.74700", "2006-12-31": "10.30200", "2006-09-30": "6.18100", "2006-06-30": "7.91200", "2006-03-31": "9.44700", "2005-12-31": "4.90800", "2005-09-30": "-8.32500", "2005-06-30": "5.78500", "2005-03-31": "3.69900"}, "Income After Taxes": {"2020-09-30": "-68.27800", "2020-06-30": "112.93800", "2020-03-31": "-154.25000", "2019-12-31": "-4.82400", "2019-09-30": "37.60900", "2019-06-30": "174.40800", "2019-03-31": "106.56200", "2018-12-31": "-183.73800", "2018-09-30": "52.42800", "2018-06-30": "100.13600", "2018-03-31": "73.20200", "2017-12-31": "-27.42610", "2017-09-30": "-456.42300", "2017-06-30": "97.66100", "2017-03-31": "25.62100", "2016-12-31": "148.56900", "2016-09-30": "189.04700", "2016-06-30": "129.46000", "2016-03-31": "48.38600", "2015-12-31": "144.79300", "2015-09-30": "257.64200", "2015-06-30": "73.37100", "2015-03-31": "165.82500", "2014-12-31": "170.86800", "2014-09-30": "282.96600", "2014-06-30": "202.25900", "2014-03-31": "148.47100", "2013-12-31": "181.54800", "2013-09-30": "150.63500", "2013-06-30": "83.72500", "2013-03-31": "311.55700", "2012-12-31": "-9.81000", "2012-09-30": "232.14800", "2012-06-30": "189.06600", "2012-03-31": "135.83700", "2011-12-31": "89.28200", "2011-09-30": "221.27700", "2011-06-30": "110.28700", "2011-03-31": "-374.54100", "2010-12-31": "273.56100", "2010-09-30": "248.06000", "2010-06-30": "214.07100", "2010-03-31": "121.03100", "2009-12-31": "291.28200", "2009-09-30": "-86.67400", "2009-06-30": "168.38000", "2009-03-31": "124.89800", "2008-12-31": "140.07700", "2008-09-30": "-240.12800", "2008-06-30": "240.48600", "2008-03-31": "246.94100", "2007-12-31": "315.30210", "2007-09-30": "279.11700", "2007-06-30": "260.81600", "2007-03-31": "236.78300", "2006-12-31": "290.17000", "2006-09-30": "235.44800", "2006-06-30": "232.62600", "2006-03-31": "204.81600", "2005-12-31": "237.87100", "2005-09-30": "-468.07500", "2005-06-30": "172.84500", "2005-03-31": "151.79900"}, "Other Income": {"2020-09-30": "", "2020-06-30": "", "2020-03-31": "", "2019-12-31": "", "2019-09-30": "", "2019-06-30": "", "2019-03-31": "", "2018-12-31": "", "2018-09-30": "", "2018-06-30": "", "2018-03-31": "", "2017-12-31": "", "2017-09-30": "", "2017-06-30": "", "2017-03-31": "", "2016-12-31": "", "2016-09-30": "", "2016-06-30": "", "2016-03-31": "", "2015-12-31": "", "2015-09-30": "", "2015-06-30": "", "2015-03-31": "", "2014-12-31": "", "2014-09-30": "", "2014-06-30": "", "2014-03-31": "", "2013-12-31": "", "2013-09-30": "", "2013-06-30": "", "2013-03-31": "", "2012-12-31": "", "2012-09-30": "", "2012-06-30": "", "2012-03-31": "", "2011-12-31": "", "2011-09-30": "", "2011-06-30": "", "2011-03-31": "", "2010-12-31": "", "2010-09-30": "", "2010-06-30": "", "2010-03-31": "", "2009-12-31": "", "2009-09-30": "", "2009-06-30": "", "2009-03-31": "", "2008-12-31": "", "2008-09-30": "", "2008-06-30": "", "2008-03-31": "", "2007-12-31": "", "2007-09-30": "", "2007-06-30": "", "2007-03-31": "", "2006-12-31": "", "2006-09-30": "", "2006-06-30": "", "2006-03-31": "", "2005-12-31": "", "2005-09-30": "", "2005-06-30": "", "2005-03-31": ""}, "Income From Continuous Operations": {"2020-09-30": "-65.38200", "2020-06-30": "120.04000", "2020-03-31": "-177.82700", "2019-12-31": "-0.75200", "2019-09-30": "38.40100", "2019-06-30": "177.04300", "2019-03-31": "108.78100", "2018-12-31": "-187.79000", "2018-09-30": "54.09500", "2018-06-30": "103.51400", "2018-03-31": "73.20200", "2017-12-31": "-27.42600", "2017-09-30": "-457.08400", "2017-06-30": "95.68600", "2017-03-31": "19.85500", "2016-12-31": "148.90900", "2016-09-30": "186.61300", "2016-06-30": "129.46000", "2016-03-31": "48.38600", "2015-12-31": "144.79300", "2015-09-30": "257.64200", "2015-06-30": "73.37100", "2015-03-31": "165.82500", "2014-12-31": "170.86800", "2014-09-30": "282.96600", "2014-06-30": "202.25900", "2014-03-31": "148.47100", "2013-12-31": "181.54800", "2013-09-30": "150.63500", "2013-06-30": "83.72500", "2013-03-31": "311.55700", "2012-12-31": "-9.81000", "2012-09-30": "232.14800", "2012-06-30": "189.06600", "2012-03-31": "135.83700", "2011-12-31": "89.28200", "2011-09-30": "221.27700", "2011-06-30": "110.28700", "2011-03-31": "-374.54100", "2010-12-31": "273.56100", "2010-09-30": "248.06000", "2010-06-30": "214.07100", "2010-03-31": "121.03100", "2009-12-31": "291.28200", "2009-09-30": "-86.67400", "2009-06-30": "168.38000", "2009-03-31": "124.89800", "2008-12-31": "140.07700", "2008-09-30": "-240.12800", "2008-06-30": "240.48600", "2008-03-31": "246.94100", "2007-12-31": "315.30210", "2007-09-30": "279.11700", "2007-06-30": "260.81600", "2007-03-31": "236.78300", "2006-12-31": "290.17000", "2006-09-30": "235.44800", "2006-06-30": "232.62600", "2006-03-31": "204.81600", "2005-12-31": "237.87100", "2005-09-30": "-468.07500", "2005-06-30": "172.84500", "2005-03-31": "151.79900"}, "Income From Discontinued Operations": {"2020-09-30": "", "2020-06-30": "", "2020-03-31": "", "2019-12-31": "", "2019-09-30": "", "2019-06-30": "", "2019-03-31": "", "2018-12-31": "", "2018-09-30": "", "2018-06-30": "", "2018-03-31": "", "2017-12-31": "", "2017-09-30": "", "2017-06-30": "", "2017-03-31": "", "2016-12-31": "", "2016-09-30": "", "2016-06-30": "", "2016-03-31": "", "2015-12-31": "", "2015-09-30": "", "2015-06-30": "", "2015-03-31": "", "2014-12-31": "", "2014-09-30": "", "2014-06-30": "", "2014-03-31": "", "2013-12-31": "", "2013-09-30": "", "2013-06-30": "", "2013-03-31": "", "2012-12-31": "", "2012-09-30": "", "2012-06-30": "", "2012-03-31": "", "2011-12-31": "", "2011-09-30": "", "2011-06-30": "", "2011-03-31": "", "2010-12-31": "", "2010-09-30": "", "2010-06-30": "", "2010-03-31": "", "2009-12-31": "", "2009-09-30": "", "2009-06-30": "", "2009-03-31": "", "2008-12-31": "", "2008-09-30": "", "2008-06-30": "", "2008-03-31": "", "2007-12-31": "", "2007-09-30": "", "2007-06-30": "", "2007-03-31": "", "2006-12-31": "", "2006-09-30": "", "2006-06-30": "", "2006-03-31": "", "2005-12-31": "", "2005-09-30": "", "2005-06-30": "", "2005-03-31": ""}, "Net Income": {"2020-09-30": "-72.94500", "2020-06-30": "112.47700", "2020-03-31": "-185.39000", "2019-12-31": "-9.89600", "2019-09-30": "27.74500", "2019-06-30": "166.38700", "2019-03-31": "98.12500", "2018-12-31": "-198.44700", "2018-09-30": "43.43900", "2018-06-30": "92.85800", "2018-03-31": "62.54600", "2017-12-31": "-38.08300", "2017-09-30": "-467.74000", "2017-06-30": "85.03000", "2017-03-31": "5.01400", "2016-12-31": "130.91000", "2016-09-30": "176.64400", "2016-06-30": "119.49100", "2016-03-31": "38.41700", "2015-12-31": "134.79000", "2015-09-30": "247.62000", "2015-06-30": "63.34900", "2015-03-31": "155.80300", "2014-12-31": "163.66200", "2014-09-30": "279.10400", "2014-06-30": "190.66400", "2014-03-31": "137.22700", "2013-12-31": "171.52590", "2013-09-30": "137.12100", "2013-06-30": "72.44700", "2013-03-31": "302.81600", "2012-12-31": "-18.55200", "2012-09-30": "223.40700", "2012-06-30": "168.15200", "2012-03-31": "121.99700", "2011-12-31": "80.06400", "2011-09-30": "212.05800", "2011-06-30": "101.06800", "2011-03-31": "-383.76000", "2010-12-31": "264.34200", "2010-09-30": "238.84200", "2010-06-30": "204.85200", "2010-03-31": "111.81200", "2009-12-31": "282.06290", "2009-09-30": "-95.89200", "2009-06-30": "159.16100", "2009-03-31": "115.67900", "2008-12-31": "130.85800", "2008-09-30": "-249.34600", "2008-06-30": "231.26700", "2008-03-31": "237.72200", "2007-12-31": "306.09910", "2007-09-30": "269.97500", "2007-06-30": "251.59000", "2007-03-31": "227.57900", "2006-12-31": "280.95800", "2006-09-30": "226.22200", "2006-06-30": "223.40000", "2006-03-31": "195.18500", "2005-12-31": "233.49200", "2005-09-30": "-468.07500", "2005-06-30": "172.84500", "2005-03-31": "151.79900"}, "EBITDA": {"2020-09-30": "24.21610", "2020-06-30": "179.17100", "2020-03-31": "-174.53990", "2019-12-31": "99.68430", "2019-09-30": "40.38210", "2019-06-30": "223.03500", "2019-03-31": "188.24500", "2018-12-31": "-201.62860", "2018-09-30": "144.58200", "2018-06-30": "163.45010", "2018-03-31": "218.13500", "2017-12-31": "158.36190", "2017-09-30": "-412.55600", "2017-06-30": "157.61010", "2017-03-31": "69.50500", "2016-12-31": "129.91980", "2016-09-30": "220.03200", "2016-06-30": "112.72000", "2016-03-31": "79.68900", "2015-12-31": "148.10300", "2015-09-30": "325.61200", "2015-06-30": "136.90100", "2015-03-31": "152.12510", "2014-12-31": "195.71410", "2014-09-30": "261.95990", "2014-06-30": "261.67210", "2014-03-31": "220.23100", "2013-12-31": "248.02910", "2013-09-30": "266.59000", "2013-06-30": "123.38400", "2013-03-31": "347.52500", "2012-12-31": "52.60090", "2012-09-30": "324.46910", "2012-06-30": "206.42500", "2012-03-31": "207.52600", "2011-12-31": "127.91400", "2011-09-30": "209.91100", "2011-06-30": "170.33500", "2011-03-31": "-318.34500", "2010-12-31": "320.40170", "2010-09-30": "318.38900", "2010-06-30": "228.21400", "2010-03-31": "143.96500", "2009-12-31": "326.01610", "2009-09-30": "-54.16600", "2009-06-30": "217.20300", "2009-03-31": "145.46800", "2008-12-31": "151.87390", "2008-09-30": "-233.07300", "2008-06-30": "259.84000", "2008-03-31": "253.29400", "2007-12-31": "342.81760", "2007-09-30": "290.99000", "2007-06-30": "283.34100", "2007-03-31": "265.85200", "2006-12-31": "315.92520", "2006-09-30": "259.00900", "2006-06-30": "239.87300", "2006-03-31": "223.13700", "2005-12-31": "249.14220", "2005-09-30": "-448.77010", "2005-06-30": "226.33000", "2005-03-31": "201.62500"}, "EBIT": {"2020-09-30": "-2.61290", "2020-06-30": "154.52700", "2020-03-31": "-198.30990", "2019-12-31": "74.48040", "2019-09-30": "15.47010", "2019-06-30": "195.37900", "2019-03-31": "145.56700", "2018-12-31": "-205.40260", "2018-09-30": "90.40500", "2018-06-30": "92.90310", "2018-03-31": "139.84300", "2017-12-31": "85.40560", "2017-09-30": "-430.98500", "2017-06-30": "143.19710", "2017-03-31": "50.54000", "2016-12-31": "108.45590", "2016-09-30": "197.44310", "2016-06-30": "90.67300", "2016-03-31": "55.29500", "2015-12-31": "126.40300", "2015-09-30": "288.36900", "2015-06-30": "110.23300", "2015-03-31": "114.17210", "2014-12-31": "158.94600", "2014-09-30": "226.91990", "2014-06-30": "241.43910", "2014-03-31": "173.42300", "2013-12-31": "207.16130", "2013-09-30": "228.78500", "2013-06-30": "84.00310", "2013-03-31": "302.64000", "2012-12-31": "14.96180", "2012-09-30": "281.78200", "2012-06-30": "170.39100", "2012-03-31": "174.76800", "2011-12-31": "94.91320", "2011-09-30": "179.88900", "2011-06-30": "146.66600", "2011-03-31": "-341.91400", "2010-12-31": "295.26090", "2010-09-30": "298.71100", "2010-06-30": "208.83900", "2010-03-31": "132.93300", "2009-12-31": "314.61610", "2009-09-30": "-64.83100", "2009-06-30": "212.54100", "2009-03-31": "138.12700", "2008-12-31": "134.16890", "2008-09-30": "-244.91800", "2008-06-30": "259.13900", "2008-03-31": "247.06100", "2007-12-31": "331.41060", "2007-09-30": "296.52100", "2007-06-30": "280.62100", "2007-03-31": "259.28300", "2006-12-31": "301.70910", "2006-09-30": "252.60600", "2006-06-30": "229.95200", "2006-03-31": "213.08400", "2005-12-31": "252.68900", "2005-09-30": "-466.31310", "2005-06-30": "213.67400", "2005-03-31": "186.99400"}, "Basic Shares Outstanding": {"2020-09-30": "84.30800", "2020-06-30": "84.30300", "2020-03-31": "84.09400", "2019-12-31": "83.89400", "2019-09-30": "83.94700", "2019-06-30": "83.94100", "2019-03-31": "83.72500", "2018-12-31": "83.50100", "2018-09-30": "83.55800", "2018-06-30": "83.53900", "2018-03-31": "83.32200", "2017-12-31": "84.10800", "2017-09-30": "83.30500", "2017-06-30": "84.14100", "2017-03-31": "86.02200", "2016-12-31": "90.77200", "2016-09-30": "89.62100", "2016-06-30": "91.92600", "2016-03-31": "94.03500", "2015-12-31": "98.60900", "2015-09-30": "98.22600", "2015-06-30": "100.27400", "2015-03-31": "99.91000", "2014-12-31": "104.36800", "2014-09-30": "102.94500", "2014-06-30": "105.11800", "2014-03-31": "109.05300", "2013-12-31": "113.63600", "2013-09-30": "111.67600", "2013-06-30": "115.16300", "2013-03-31": "117.02200", "2012-12-31": "122.14800", "2012-09-30": "121.12700", "2012-06-30": "123.82300", "2012-03-31": "125.78200", "2011-12-31": "122.49900", "2011-09-30": "125.97100", "2011-06-30": "124.13200", "2011-03-31": "113.35100", "2010-12-31": "121.72800", "2010-09-30": "120.09100", "2010-06-30": "121.76600", "2010-03-31": "128.20200", "2009-12-31": "137.27900", "2009-09-30": "137.90400", "2009-06-30": "137.84900", "2009-03-31": "137.31600", "2008-12-31": "140.32200", "2008-09-30": "139.33500", "2008-06-30": "142.33300", "2008-03-31": "143.23900", "2007-12-31": "147.52400", "2007-09-30": "146.84500", "2007-06-30": "149.02700", "2007-03-31": "150.43300", "2006-12-31": "149.74500", "2006-09-30": "149.88400", "2006-06-30": "149.76500", "2006-03-31": "149.31400", "2005-12-31": "143.22600", "2005-09-30": "140.99500", "2005-06-30": "140.56700", "2005-03-31": "146.63600"}, "Shares Outstanding": {"2020-09-30": "84.30800", "2020-06-30": "84.60000", "2020-03-31": "84.09400", "2019-12-31": "84.47300", "2019-09-30": "84.58200", "2019-06-30": "84.40100", "2019-03-31": "84.27200", "2018-12-31": "84.00700", "2018-09-30": "84.10700", "2018-06-30": "83.98400", "2018-03-31": "83.72100", "2017-12-31": "84.10800", "2017-09-30": "83.30500", "2017-06-30": "84.51100", "2017-03-31": "86.79300", "2016-12-31": "91.54700", "2016-09-30": "90.35100", "2016-06-30": "92.55800", "2016-03-31": "94.85300", "2015-12-31": "99.62900", "2015-09-30": "99.12400", "2015-06-30": "101.16000", "2015-03-31": "101.13900", "2014-12-31": "105.71300", "2014-09-30": "104.24700", "2014-06-30": "106.28900", "2014-03-31": "110.39100", "2013-12-31": "115.32800", "2013-09-30": "113.35500", "2013-06-30": "116.67100", "2013-03-31": "118.65800", "2012-12-31": "123.65400", "2012-09-30": "122.95200", "2012-06-30": "124.98300", "2012-03-31": "126.66800", "2011-12-31": "128.12200", "2011-09-30": "128.00200", "2011-06-30": "128.36900", "2011-03-31": "113.35100", "2010-12-31": "136.19900", "2010-09-30": "134.40600", "2010-06-30": "135.66500", "2010-03-31": "142.17600", "2009-12-31": "150.37100", "2009-09-30": "137.90400", "2009-06-30": "149.86100", "2009-03-31": "149.02300", "2008-12-31": "155.32000", "2008-09-30": "139.33500", "2008-06-30": "157.60200", "2008-03-31": "160.18400", "2007-12-31": "164.51500", "2007-09-30": "164.06400", "2007-06-30": "166.32000", "2007-03-31": "166.03500", "2006-12-31": "164.39400", "2006-09-30": "164.70100", "2006-06-30": "163.32500", "2006-03-31": "163.55500", "2005-12-31": "157.52400", "2005-09-30": "140.99500", "2005-06-30": "153.63800", "2005-03-31": "160.43000"}, "Basic EPS": {"2020-09-30": "-0.87000", "2020-06-30": "1.33000", "2020-03-31": "-2.20000", "2019-12-31": "-0.11000", "2019-09-30": "0.33000", "2019-06-30": "1.98000", "2019-03-31": "1.17000", "2018-12-31": "-2.37530", "2018-09-30": "0.52000", "2018-06-30": "1.11000", "2018-03-31": "0.75000", "2017-12-31": "-0.40000", "2017-09-30": "-5.61000", "2017-06-30": "1.01000", "2017-03-31": "0.06000", "2016-12-31": "1.45000", "2016-09-30": "1.97000", "2016-06-30": "1.30000", "2016-03-31": "0.41000", "2015-12-31": "1.39000", "2015-09-30": "2.52000", "2015-06-30": "0.63000", "2015-03-31": "1.56000", "2014-12-31": "1.60000", "2014-09-30": "2.71000", "2014-06-30": "1.81000", "2014-03-31": "1.26000", "2013-12-31": "1.57000", "2013-09-30": "1.23000", "2013-06-30": "0.63000", "2013-03-31": "2.59000", "2012-12-31": "-0.12000", "2012-09-30": "1.84000", "2012-06-30": "1.36000", "2012-03-31": "0.97000", "2011-12-31": "0.98000", "2011-09-30": "1.68000", "2011-06-30": "0.81000", "2011-03-31": "-3.39000", "2010-12-31": "2.20000", "2010-09-30": "1.99000", "2010-06-30": "1.68000", "2010-03-31": "0.87000", "2009-12-31": "2.07000", "2009-09-30": "-0.70000", "2009-06-30": "1.15000", "2009-03-31": "0.84000", "2008-12-31": "1.01000", "2008-09-30": "-1.79000", "2008-06-30": "1.62000", "2008-03-31": "1.66000", "2007-12-31": "2.11000", "2007-09-30": "1.84000", "2007-06-30": "1.69000", "2007-03-31": "1.51000", "2006-12-31": "1.87000", "2006-09-30": "1.51000", "2006-06-30": "1.49000", "2006-03-31": "1.31000", "2005-12-31": "1.68000", "2005-09-30": "-3.32000", "2005-06-30": "1.23000", "2005-03-31": "1.04000"}, "EPS - Earnings Per Share": {"2020-09-30": "-0.87000", "2020-06-30": "1.33000", "2020-03-31": "-2.20000", "2019-12-31": "-0.12000", "2019-09-30": "0.33000", "2019-06-30": "1.97000", "2019-03-31": "1.16000", "2018-12-31": "-2.37530", "2018-09-30": "0.52000", "2018-06-30": "1.11000", "2018-03-31": "0.75000", "2017-12-31": "-0.40000", "2017-09-30": "-5.61000", "2017-06-30": "1.01000", "2017-03-31": "0.06000", "2016-12-31": "1.42000", "2016-09-30": "1.96000", "2016-06-30": "1.29000", "2016-03-31": "0.41000", "2015-12-31": "1.37000", "2015-09-30": "2.50000", "2015-06-30": "0.63000", "2015-03-31": "1.54000", "2014-12-31": "1.58000", "2014-09-30": "2.68000", "2014-06-30": "1.79000", "2014-03-31": "1.24000", "2013-12-31": "1.55000", "2013-09-30": "1.21000", "2013-06-30": "0.62000", "2013-03-31": "2.55000", "2012-12-31": "-0.13000", "2012-09-30": "1.82000", "2012-06-30": "1.35000", "2012-03-31": "0.96000", "2011-12-31": "1.01000", "2011-09-30": "1.66000", "2011-06-30": "0.79000", "2011-03-31": "-3.39000", "2010-12-31": "1.94000", "2010-09-30": "1.78000", "2010-06-30": "1.51000", "2010-03-31": "0.79000", "2009-12-31": "1.93000", "2009-09-30": "-0.70000", "2009-06-30": "1.06000", "2009-03-31": "0.78000", "2008-12-31": "1.10000", "2008-09-30": "-1.79000", "2008-06-30": "1.47000", "2008-03-31": "1.48000", "2007-12-31": "1.88000", "2007-09-30": "1.65000", "2007-06-30": "1.51000", "2007-03-31": "1.37000", "2006-12-31": "1.70000", "2006-09-30": "1.37000", "2006-06-30": "1.37000", "2006-03-31": "1.19000", "2005-12-31": "1.81000", "2005-09-30": "-3.32000", "2005-06-30": "1.13000", "2005-03-31": "0.95000"}}, "balance sheet": {"Cash On Hand": {"2019-12-31": "1576.45700", "2018-12-31": "1830.02000", "2017-12-31": "1363.78600", "2016-12-31": "1241.50700", "2015-12-31": "1174.75100", "2014-12-31": "1209.69500", "2013-12-31": "987.87600", "2012-12-31": "850.55000", "2011-12-31": "1082.83800", "2010-12-31": "1045.35500", "2009-12-31": "864.05400", "2008-12-31": "1820.67300", "2007-12-31": "1332.92100", "2006-12-31": "1989.28700", "2005-12-31": "1280.99000"}, "Receivables": {"2019-12-31": "8456.91500", "2018-12-31": "7883.10600", "2017-12-31": "7241.75600", "2016-12-31": "5279.74900", "2015-12-31": "4533.56900", "2014-12-31": "4169.27600", "2013-12-31": "4046.33800", "2012-12-31": "3751.53600", "2011-12-31": "3521.13700", "2010-12-31": "3238.97200", "2009-12-31": "3108.49300", "2008-12-31": "2923.20000", "2007-12-31": "2918.66500", "2006-12-31": "2803.76400", "2005-12-31": "2886.44800"}, "Inventory": {"2019-12-31": "", "2018-12-31": "", "2017-12-31": "", "2016-12-31": "", "2015-12-31": "", "2014-12-31": "", "2013-12-31": "", "2012-12-31": "", "2011-12-31": "", "2010-12-31": "", "2009-12-31": "", "2008-12-31": "", "2007-12-31": "", "2006-12-31": "", "2005-12-31": ""}, "Pre-Paid Expenses": {"2019-12-31": "", "2018-12-31": "", "2017-12-31": "", "2016-12-31": "", "2015-12-31": "", "2014-12-31": "", "2013-12-31": "", "2012-12-31": "", "2011-12-31": "", "2010-12-31": "", "2009-12-31": "", "2008-12-31": "", "2007-12-31": "", "2006-12-31": "", "2005-12-31": ""}, "Other Current Assets": {"2019-12-31": "", "2018-12-31": "", "2017-12-31": "", "2016-12-31": "", "2015-12-31": "", "2014-12-31": "", "2013-12-31": "", "2012-12-31": "", "2011-12-31": "", "2010-12-31": "", "2009-12-31": "", "2008-12-31": "", "2007-12-31": "", "2006-12-31": "", "2005-12-31": ""}, "Total Current Assets": {"2019-12-31": "10033.37000", "2018-12-31": "9713.12600", "2017-12-31": "8605.54200", "2016-12-31": "6521.25600", "2015-12-31": "5708.32000", "2014-12-31": "5378.97100", "2013-12-31": "5034.21400", "2012-12-31": "4602.08600", "2011-12-31": "4603.97500", "2010-12-31": "4284.32700", "2009-12-31": "3972.54700", "2008-12-31": "4743.87300", "2007-12-31": "4251.58600", "2006-12-31": "4793.05100", "2005-12-31": "4167.43800"}, "Property, Plant, And Equipment": {"2019-12-31": "", "2018-12-31": "", "2017-12-31": "", "2016-12-31": "", "2015-12-31": "", "2014-12-31": "", "2013-12-31": "", "2012-12-31": "", "2011-12-31": "", "2010-12-31": "", "2009-12-31": "", "2008-12-31": "", "2007-12-31": "", "2006-12-31": "", "2005-12-31": ""}, "Long-Term Investments": {"2019-12-31": "14338.03000", "2018-12-31": "13188.19000", "2017-12-31": "14795.83000", "2016-12-31": "13473.63000", "2015-12-31": "13412.60000", "2014-12-31": "13770.15000", "2013-12-31": "13781.54000", "2012-12-31": "13548.15000", "2011-12-31": "12469.89000", "2010-12-31": "11524.17000", "2009-12-31": "10764.66000", "2008-12-31": "9024.72200", "2007-12-31": "9929.26600", "2006-12-31": "8457.53600", "2005-12-31": "7420.27800"}, "Goodwill And Intangible Assets": {"2019-12-31": "332.55300", "2018-12-31": "343.57100", "2017-12-31": "359.99000", "2016-12-31": "85.04900", "2015-12-31": "86.85800", "2014-12-31": "88.96000", "2013-12-31": "89.52800", "2012-12-31": "97.49300", "2011-12-31": "99.59000", "2010-12-31": "103.23100", "2009-12-31": "91.50500", "2008-12-31": "60.41700", "2007-12-31": "61.65300", "2006-12-31": "29.04100", "2005-12-31": "37.01300"}, "Other Long-Term Assets": {"2019-12-31": "296.88400", "2018-12-31": "321.06000", "2017-12-31": "524.75300", "2016-12-31": "295.12000", "2015-12-31": "302.33500", "2014-12-31": "250.67000", "2013-12-31": "273.38500", "2012-12-31": "215.36900", "2011-12-31": "225.07200", "2010-12-31": "174.70700", "2009-12-31": "175.49400", "2008-12-31": "180.72700", "2007-12-31": "156.00400", "2006-12-31": "133.86000", "2005-12-31": "104.85900"}, "Total Long-Term Assets": {"2019-12-31": "15459.59000", "2018-12-31": "14419.44000", "2017-12-31": "16154.63000", "2016-12-31": "14292.43000", "2015-12-31": "14273.57000", "2014-12-31": "14576.77000", "2013-12-31": "14600.57000", "2012-12-31": "14250.26000", "2011-12-31": "13202.08000", "2010-12-31": "12161.40000", "2009-12-31": "11333.98000", "2008-12-31": "9538.96100", "2007-12-31": "10423.72000", "2006-12-31": "8872.23600", "2005-12-31": "7758.53800"}, "Total Assets": {"2019-12-31": "25604.05000", "2018-12-31": "24132.57000", "2017-12-31": "24760.18000", "2016-12-31": "20813.69000", "2015-12-31": "19981.89000", "2014-12-31": "19955.74000", "2013-12-31": "19634.78000", "2012-12-31": "18852.34000", "2011-12-31": "17806.06000", "2010-12-31": "16445.73000", "2009-12-31": "15306.52000", "2008-12-31": "14282.83000", "2007-12-31": "14675.31000", "2006-12-31": "13665.29000", "2005-12-31": "11925.98000"}, "Total Current Liabilities": {"2019-12-31": "17727.41000", "2018-12-31": "17255.52000", "2017-12-31": "17538.02000", "2016-12-31": "13160.51000", "2015-12-31": "12763.59000", "2014-12-31": "12581.36000", "2013-12-31": "12500.40000", "2012-12-31": "11784.16000", "2011-12-31": "11086.05000", "2010-12-31": "9530.97800", "2009-12-31": "8946.68600", "2008-12-31": "8609.32800", "2007-12-31": "7978.38600", "2006-12-31": "7325.04300", "2005-12-31": "6818.03700"}, "Long Term Debt": {"2019-12-31": "1841.14200", "2018-12-31": "1453.79900", "2017-12-31": "1477.11800", "2016-12-31": "1055.50000", "2015-12-31": "1001.18100", "2014-12-31": "1178.96600", "2013-12-31": "1017.59900", "2012-12-31": "1059.79800", "2011-12-31": "1146.60500", "2010-12-31": "1014.36100", "2009-12-31": "632.29100", "2008-12-31": "979.38200", "2007-12-31": "1363.16700", "2006-12-31": "1353.07300", "2005-12-31": "1494.40900"}, "Other Non-Current Liabilities": {"2019-12-31": "375.91100", "2018-12-31": "393.17800", "2017-12-31": "403.77900", "2016-12-31": "325.31300", "2015-12-31": "350.23700", "2014-12-31": "315.47100", "2013-12-31": "248.82200", "2012-12-31": "228.62300", "2011-12-31": "129.32900", "2010-12-31": "275.42200", "2009-12-31": "227.30300", "2008-12-31": "233.08200", "2007-12-31": "175.13400", "2006-12-31": "574.52400", "2005-12-31": "101.17900"}, "Total Long Term Liabilities": {"2019-12-31": "2217.05300", "2018-12-31": "1846.97700", "2017-12-31": "1880.89700", "2016-12-31": "1380.81300", "2015-12-31": "1351.41800", "2014-12-31": "1494.43700", "2013-12-31": "1266.42100", "2012-12-31": "1288.42100", "2011-12-31": "1275.93400", "2010-12-31": "1289.78300", "2009-12-31": "859.59400", "2008-12-31": "1212.46400", "2007-12-31": "1538.30100", "2006-12-31": "1927.59700", "2005-12-31": "1595.58800"}, "Total Liabilities": {"2019-12-31": "20060.05000", "2018-12-31": "19102.49000", "2017-12-31": "19418.91000", "2016-12-31": "14541.32000", "2015-12-31": "14115.01000", "2014-12-31": "14075.80000", "2013-12-31": "13766.82000", "2012-12-31": "13072.58000", "2011-12-31": "12361.98000", "2010-12-31": "10820.76000", "2009-12-31": "9806.28000", "2008-12-31": "9821.79300", "2007-12-31": "9516.68700", "2006-12-31": "9252.64000", "2005-12-31": "8413.62500"}, "Common Stock Net": {"2019-12-31": "2.20600", "2018-12-31": "2.20600", "2017-12-31": "2.20600", "2016-12-31": "2.20600", "2015-12-31": "2.20200", "2014-12-31": "2.19100", "2013-12-31": "2.17400", "2012-12-31": "2.14600", "2011-12-31": "2.12500", "2010-12-31": "1.93400", "2009-12-31": "1.90300", "2008-12-31": "1.87800", "2007-12-31": "1.85000", "2006-12-31": "1.87500", "2005-12-31": "1.86100"}, "Retained Earnings (Accumulated Deficit)": {"2019-12-31": "6056.68600", "2018-12-31": "5912.81200", "2017-12-31": "5979.66600", "2016-12-31": "6527.62700", "2015-12-31": "6194.35300", "2014-12-31": "5715.50400", "2013-12-31": "5062.70600", "2012-12-31": "4497.78900", "2011-12-31": "4155.39200", "2010-12-31": "4267.60800", "2009-12-31": "3569.41100", "2008-12-31": "3198.49200", "2007-12-31": "2968.90000", "2006-12-31": "2026.00400", "2005-12-31": "1201.93200"}, "Comprehensive Income": {"2019-12-31": "171.71000", "2018-12-31": "-177.11000", "2017-12-31": "92.38200", "2016-12-31": "-121.84100", "2015-12-31": "-188.46500", "2014-12-31": "-45.57400", "2013-12-31": "117.82500", "2012-12-31": "362.62200", "2011-12-31": "128.16200", "2010-12-31": "176.82100", "2009-12-31": "85.63300", "2008-12-31": "-706.49900", "2007-12-31": "22.66800", "2006-12-31": "-44.63800", "2005-12-31": "-77.79800"}, "Other Share Holders Equity": {"2019-12-31": "", "2018-12-31": "", "2017-12-31": "", "2016-12-31": "", "2015-12-31": "", "2014-12-31": "", "2013-12-31": "", "2012-12-31": "", "2011-12-31": "", "2010-12-31": "", "2009-12-31": "", "2008-12-31": "", "2007-12-31": "", "2006-12-31": "", "2005-12-31": ""}, "Share Holder Equity": {"2019-12-31": "5544.00800", "2018-12-31": "5030.07100", "2017-12-31": "5341.26400", "2016-12-31": "6272.37000", "2015-12-31": "5866.88200", "2014-12-31": "5879.94000", "2013-12-31": "5867.96200", "2012-12-31": "5779.76100", "2011-12-31": "5444.07900", "2010-12-31": "5624.97000", "2009-12-31": "5500.24400", "2008-12-31": "4461.04100", "2007-12-31": "5158.62200", "2006-12-31": "4412.64700", "2005-12-31": "3512.35100"}, "Total Liabilities And Share Holders Equity": {"2019-12-31": "25604.05000", "2018-12-31": "24132.57000", "2017-12-31": "24760.18000", "2016-12-31": "20813.69000", "2015-12-31": "19981.89000", "2014-12-31": "19955.74000", "2013-12-31": "19634.78000", "2012-12-31": "18852.34000", "2011-12-31": "17806.06000", "2010-12-31": "16445.73000", "2009-12-31": "15306.52000", "2008-12-31": "14282.83000", "2007-12-31": "14675.31000", "2006-12-31": "13665.29000", "2005-12-31": "11925.98000"}}, "balance sheet, quarterly": {"Cash On Hand": {"2020-09-30": "1440.81600", "2020-06-30": "1648.83300", "2020-03-31": "1241.06300", "2019-12-31": "1576.45700", "2019-09-30": "1208.55100", "2019-06-30": "1094.71400", "2019-03-31": "1606.25800", "2018-12-31": "1830.02000", "2018-09-30": "1752.40200", "2018-06-30": "1526.69300", "2018-03-31": "1644.58000", "2017-12-31": "1363.78600", "2017-09-30": "1631.12700", "2017-06-30": "1015.27000", "2017-03-31": "1451.57000", "2016-12-31": "1241.50700", "2016-09-30": "1077.26300", "2016-06-30": "993.47200", "2016-03-31": "952.31100", "2015-12-31": "1174.75100", "2015-09-30": "1180.47300", "2015-06-30": "1180.05900", "2015-03-31": "1270.09200", "2014-12-31": "1209.69500", "2014-09-30": "1407.81100", "2014-06-30": "1189.40300", "2014-03-31": "1294.70900", "2013-12-31": "987.87600", "2013-09-30": "1109.99800", "2013-06-30": "1116.24800", "2013-03-31": "856.21500", "2012-12-31": "850.55000", "2012-09-30": "869.44400", "2012-06-30": "872.75100", "2012-03-31": "1173.77100", "2011-12-31": "1082.83800", "2011-09-30": "1201.03700", "2011-06-30": "1066.54000", "2011-03-31": "1086.18900", "2010-12-31": "1045.35500", "2010-09-30": "1205.39300", "2010-06-30": "1197.54300", "2010-03-31": "1510.02700", "2009-12-31": "864.05400", "2009-09-30": "1239.47100", "2009-06-30": "1380.86300", "2009-03-31": "1411.55100", "2008-12-31": "1820.67300", "2008-09-30": "1419.61000", "2008-06-30": "1094.42900", "2008-03-31": "1578.80100", "2007-12-31": "1332.92100", "2007-09-30": "1830.85200", "2007-06-30": "1837.67500", "2007-03-31": "2090.83400", "2006-12-31": "1989.28700", "2006-09-30": "1640.91400", "2006-06-30": "1615.44800", "2006-03-31": "1511.61900", "2005-12-31": "1280.99000", "2005-09-30": "862.18400", "2005-06-30": "793.30400", "2005-03-31": "746.06500"}, "Receivables": {"2020-09-30": "9191.59000", "2020-06-30": "9504.62800", "2020-03-31": "9302.18500", "2019-12-31": "8456.91500", "2019-09-30": "8604.60700", "2019-06-30": "9036.42300", "2019-03-31": "8894.95900", "2018-12-31": "7883.10600", "2018-09-30": "8092.47900", "2018-06-30": "8335.89000", "2018-03-31": "8111.35200", "2017-12-31": "7241.75600", "2017-09-30": "6131.06900", "2017-06-30": "6041.61800", "2017-03-31": "5677.46400", "2016-12-31": "5279.74900", "2016-09-30": "5685.36400", "2016-06-30": "5726.45100", "2016-03-31": "5314.34700", "2015-12-31": "4533.56900", "2015-09-30": "4697.50600", "2015-06-30": "4923.17200", "2015-03-31": "4599.93400", "2014-12-31": "4169.27600", "2014-09-30": "4503.70000", "2014-06-30": "4806.85400", "2014-03-31": "4595.32400", "2013-12-31": "4046.33800", "2013-09-30": "4259.06000", "2013-06-30": "4575.04900", "2013-03-31": "4307.61900", "2012-12-31": "3751.53600", "2012-09-30": "3890.77300", "2012-06-30": "4049.27500", "2012-03-31": "3988.39400", "2011-12-31": "3521.13700", "2011-09-30": "3759.74200", "2011-06-30": "4105.04200", "2011-03-31": "3875.90400", "2010-12-31": "3238.97200", "2010-09-30": "3416.16400", "2010-06-30": "3634.05200", "2010-03-31": "3530.10700", "2009-12-31": "3108.49300", "2009-09-30": "3271.17900", "2009-06-30": "3535.87200", "2009-03-31": "3361.92800", "2008-12-31": "2923.20000", "2008-09-30": "3225.26900", "2008-06-30": "3428.14600", "2008-03-31": "3353.37800", "2007-12-31": "2918.66500", "2007-09-30": "3052.53700", "2007-06-30": "3283.52900", "2007-03-31": "3216.16300", "2006-12-31": "2803.76400", "2006-09-30": "2938.01400", "2006-06-30": "3180.79300", "2006-03-31": "3145.64100", "2005-12-31": "2886.44800", "2005-09-30": "2831.16300", "2005-06-30": "2202.54200", "2005-03-31": "2264.41300"}, "Inventory": {"2020-09-30": "", "2020-06-30": "", "2020-03-31": "", "2019-12-31": "", "2019-09-30": "", "2019-06-30": "", "2019-03-31": "", "2018-12-31": "", "2018-09-30": "", "2018-06-30": "", "2018-03-31": "", "2017-12-31": "", "2017-09-30": "", "2017-06-30": "", "2017-03-31": "", "2016-12-31": "", "2016-09-30": "", "2016-06-30": "", "2016-03-31": "", "2015-12-31": "", "2015-09-30": "", "2015-06-30": "", "2015-03-31": "", "2014-12-31": "", "2014-09-30": "", "2014-06-30": "", "2014-03-31": "", "2013-12-31": "", "2013-09-30": "", "2013-06-30": "", "2013-03-31": "", "2012-12-31": "", "2012-09-30": "", "2012-06-30": "", "2012-03-31": "", "2011-12-31": "", "2011-09-30": "", "2011-06-30": "", "2011-03-31": "", "2010-12-31": "", "2010-09-30": "", "2010-06-30": "", "2010-03-31": "", "2009-12-31": "", "2009-09-30": "", "2009-06-30": "", "2009-03-31": "", "2008-12-31": "", "2008-09-30": "", "2008-06-30": "", "2008-03-31": "", "2007-12-31": "", "2007-09-30": "", "2007-06-30": "", "2007-03-31": "", "2006-12-31": "", "2006-09-30": "", "2006-06-30": "", "2006-03-31": "", "2005-12-31": "", "2005-09-30": "", "2005-06-30": "", "2005-03-31": ""}, "Pre-Paid Expenses": {"2020-09-30": "", "2020-06-30": "", "2020-03-31": "", "2019-12-31": "", "2019-09-30": "", "2019-06-30": "", "2019-03-31": "", "2018-12-31": "", "2018-09-30": "", "2018-06-30": "", "2018-03-31": "", "2017-12-31": "", "2017-09-30": "", "2017-06-30": "", "2017-03-31": "", "2016-12-31": "", "2016-09-30": "", "2016-06-30": "", "2016-03-31": "", "2015-12-31": "", "2015-09-30": "", "2015-06-30": "", "2015-03-31": "", "2014-12-31": "", "2014-09-30": "", "2014-06-30": "", "2014-03-31": "", "2013-12-31": "", "2013-09-30": "", "2013-06-30": "", "2013-03-31": "", "2012-12-31": "", "2012-09-30": "", "2012-06-30": "", "2012-03-31": "", "2011-12-31": "", "2011-09-30": "", "2011-06-30": "", "2011-03-31": "", "2010-12-31": "", "2010-09-30": "", "2010-06-30": "", "2010-03-31": "", "2009-12-31": "", "2009-09-30": "", "2009-06-30": "", "2009-03-31": "", "2008-12-31": "", "2008-09-30": "", "2008-06-30": "", "2008-03-31": "", "2007-12-31": "", "2007-09-30": "", "2007-06-30": "", "2007-03-31": "", "2006-12-31": "", "2006-09-30": "", "2006-06-30": "", "2006-03-31": "", "2005-12-31": "", "2005-09-30": "", "2005-06-30": "", "2005-03-31": ""}, "Other Current Assets": {"2020-09-30": "", "2020-06-30": "", "2020-03-31": "", "2019-12-31": "", "2019-09-30": "", "2019-06-30": "", "2019-03-31": "", "2018-12-31": "", "2018-09-30": "", "2018-06-30": "", "2018-03-31": "", "2017-12-31": "", "2017-09-30": "", "2017-06-30": "", "2017-03-31": "", "2016-12-31": "", "2016-09-30": "", "2016-06-30": "", "2016-03-31": "", "2015-12-31": "", "2015-09-30": "", "2015-06-30": "", "2015-03-31": "", "2014-12-31": "", "2014-09-30": "", "2014-06-30": "", "2014-03-31": "", "2013-12-31": "", "2013-09-30": "", "2013-06-30": "", "2013-03-31": "", "2012-12-31": "", "2012-09-30": "", "2012-06-30": "", "2012-03-31": "", "2011-12-31": "", "2011-09-30": "", "2011-06-30": "", "2011-03-31": "", "2010-12-31": "", "2010-09-30": "", "2010-06-30": "", "2010-03-31": "", "2009-12-31": "", "2009-09-30": "", "2009-06-30": "", "2009-03-31": "", "2008-12-31": "", "2008-09-30": "", "2008-06-30": "", "2008-03-31": "", "2007-12-31": "", "2007-09-30": "", "2007-06-30": "", "2007-03-31": "", "2006-12-31": "", "2006-09-30": "", "2006-06-30": "", "2006-03-31": "", "2005-12-31": "", "2005-09-30": "", "2005-06-30": "", "2005-03-31": ""}, "Total Current Assets": {"2020-09-30": "10632.41000", "2020-06-30": "11153.46000", "2020-03-31": "10543.25000", "2019-12-31": "10033.37000", "2019-09-30": "9813.15800", "2019-06-30": "10131.14000", "2019-03-31": "10501.22000", "2018-12-31": "9713.12600", "2018-09-30": "9844.88100", "2018-06-30": "9862.58300", "2018-03-31": "9755.93200", "2017-12-31": "8605.54200", "2017-09-30": "7762.19600", "2017-06-30": "7056.88800", "2017-03-31": "7129.03400", "2016-12-31": "6521.25600", "2016-09-30": "6762.62700", "2016-06-30": "6719.92300", "2016-03-31": "6266.65800", "2015-12-31": "5708.32000", "2015-09-30": "5877.97900", "2015-06-30": "6103.23100", "2015-03-31": "5870.02600", "2014-12-31": "5378.97100", "2014-09-30": "5911.51100", "2014-06-30": "5996.25700", "2014-03-31": "5890.03300", "2013-12-31": "5034.21400", "2013-09-30": "5369.05800", "2013-06-30": "5691.29700", "2013-03-31": "5163.83400", "2012-12-31": "4602.08600", "2012-09-30": "4760.21700", "2012-06-30": "4922.02600", "2012-03-31": "5162.16500", "2011-12-31": "4603.97500", "2011-09-30": "4960.77900", "2011-06-30": "5171.58200", "2011-03-31": "4962.09300", "2010-12-31": "4284.32700", "2010-09-30": "4621.55700", "2010-06-30": "4831.59500", "2010-03-31": "5040.13400", "2009-12-31": "3972.54700", "2009-09-30": "4510.65000", "2009-06-30": "4916.73500", "2009-03-31": "4773.47900", "2008-12-31": "4743.87300", "2008-09-30": "4644.87900", "2008-06-30": "4522.57500", "2008-03-31": "4932.17900", "2007-12-31": "4251.58600", "2007-09-30": "4883.38900", "2007-06-30": "5121.20400", "2007-03-31": "5306.99700", "2006-12-31": "4793.05100", "2006-09-30": "4578.92800", "2006-06-30": "4796.24100", "2006-03-31": "4657.26000", "2005-12-31": "4167.43800", "2005-09-30": "3693.34700", "2005-06-30": "2995.84600", "2005-03-31": "3010.47800"}, "Property, Plant, And Equipment": {"2020-09-30": "", "2020-06-30": "", "2020-03-31": "", "2019-12-31": "", "2019-09-30": "", "2019-06-30": "", "2019-03-31": "", "2018-12-31": "", "2018-09-30": "", "2018-06-30": "", "2018-03-31": "", "2017-12-31": "", "2017-09-30": "", "2017-06-30": "", "2017-03-31": "", "2016-12-31": "", "2016-09-30": "", "2016-06-30": "", "2016-03-31": "", "2015-12-31": "", "2015-09-30": "", "2015-06-30": "", "2015-03-31": "", "2014-12-31": "", "2014-09-30": "", "2014-06-30": "", "2014-03-31": "", "2013-12-31": "", "2013-09-30": "", "2013-06-30": "", "2013-03-31": "", "2012-12-31": "", "2012-09-30": "", "2012-06-30": "", "2012-03-31": "", "2011-12-31": "", "2011-09-30": "", "2011-06-30": "", "2011-03-31": "", "2010-12-31": "", "2010-09-30": "", "2010-06-30": "", "2010-03-31": "", "2009-12-31": "", "2009-09-30": "", "2009-06-30": "", "2009-03-31": "", "2008-12-31": "", "2008-09-30": "", "2008-06-30": "", "2008-03-31": "", "2007-12-31": "", "2007-09-30": "", "2007-06-30": "", "2007-03-31": "", "2006-12-31": "", "2006-09-30": "", "2006-06-30": "", "2006-03-31": "", "2005-12-31": "", "2005-09-30": "", "2005-06-30": "", "2005-03-31": ""}, "Long-Term Investments": {"2020-09-30": "14523.18000", "2020-06-30": "13857.33000", "2020-03-31": "14001.60000", "2019-12-31": "14338.04000", "2019-09-30": "14369.13000", "2019-06-30": "14323.83000", "2019-03-31": "13565.20000", "2018-12-31": "13188.19000", "2018-09-30": "13637.97000", "2018-06-30": "13713.29000", "2018-03-31": "13795.77000", "2017-12-31": "14795.83000", "2017-09-30": "13070.01000", "2017-06-30": "13464.48000", "2017-03-31": "13130.22000", "2016-12-31": "13473.63000", "2016-09-30": "13544.68000", "2016-06-30": "13540.70000", "2016-03-31": "13633.78000", "2015-12-31": "13412.60000", "2015-09-30": "13772.87000", "2015-06-30": "13629.55000", "2015-03-31": "13605.03000", "2014-12-31": "13770.15000", "2014-09-30": "14141.92000", "2014-06-30": "14488.68000", "2014-03-31": "14108.78000", "2013-12-31": "13781.54000", "2013-09-30": "13715.97000", "2013-06-30": "13273.33000", "2013-03-31": "13674.67000", "2012-12-31": "13548.15000", "2012-09-30": "13382.98000", "2012-06-30": "13006.29000", "2012-03-31": "13024.77000", "2011-12-31": "12469.89000", "2011-09-30": "12183.95000", "2011-06-30": "12221.45000", "2011-03-31": "11915.11000", "2010-12-31": "11524.17000", "2010-09-30": "11577.94000", "2010-06-30": "11051.65000", "2010-03-31": "10620.95000", "2009-12-31": "10764.66000", "2009-09-30": "10779.78000", "2009-06-30": "9820.80600", "2009-03-31": "9349.05500", "2008-12-31": "9024.72200", "2008-09-30": "9946.80500", "2008-06-30": "10489.17000", "2008-03-31": "10119.33000", "2007-12-31": "9929.26600", "2007-09-30": "9288.56400", "2007-06-30": "9242.63300", "2007-03-31": "8795.99300", "2006-12-31": "8457.53600", "2006-09-30": "8248.23500", "2006-06-30": "7546.95900", "2006-03-31": "7576.27000", "2005-12-31": "7420.27800", "2005-09-30": "7121.95800", "2005-06-30": "6738.36500", "2005-03-31": "6381.41200"}, "Goodwill And Intangible Assets": {"2020-09-30": "324.36500", "2020-06-30": "327.09500", "2020-03-31": "329.82400", "2019-12-31": "332.55300", "2019-09-30": "335.30800", "2019-06-30": "338.01200", "2019-03-31": "340.76600", "2018-12-31": "343.57100", "2018-09-30": "349.93000", "2018-06-30": "352.54400", "2018-03-31": "355.81100", "2017-12-31": "359.99000", "2017-09-30": "87.20600", "2017-06-30": "86.22000", "2017-03-31": "84.61300", "2016-12-31": "85.04900", "2016-09-30": "85.50100", "2016-06-30": "85.95400", "2016-03-31": "86.44600", "2015-12-31": "86.85800", "2015-09-30": "87.32900", "2015-06-30": "101.05300", "2015-03-31": "88.50800", "2014-12-31": "88.96000", "2014-09-30": "88.74000", "2014-06-30": "90.02500", "2014-03-31": "90.35000", "2013-12-31": "89.52800", "2013-09-30": "91.65600", "2013-06-30": "91.37000", "2013-03-31": "97.00100", "2012-12-31": "97.49300", "2012-09-30": "98.16500", "2012-06-30": "98.20300", "2012-03-31": "99.43900", "2011-12-31": "99.59000", "2011-09-30": "98.26000", "2011-06-30": "103.40400", "2011-03-31": "102.84700", "2010-12-31": "103.23100", "2010-09-30": "89.74400", "2010-06-30": "90.47300", "2010-03-31": "91.21700", "2009-12-31": "91.50500", "2009-09-30": "93.04900", "2009-06-30": "95.05800", "2009-03-31": "95.38000", "2008-12-31": "60.41700", "2008-09-30": "60.72600", "2008-06-30": "61.03500", "2008-03-31": "61.34400", "2007-12-31": "61.65300", "2007-09-30": "61.96700", "2007-06-30": "62.51100", "2007-03-31": "28.78600", "2006-12-31": "29.04100", "2006-09-30": "34.54300", "2006-06-30": "35.50000", "2006-03-31": "36.05600", "2005-12-31": "37.01300", "2005-09-30": "37.96900", "2005-06-30": "29.94700", "2005-03-31": "30.84700"}, "Other Long-Term Assets": {"2020-09-30": "320.56400", "2020-06-30": "300.98300", "2020-03-31": "322.71700", "2019-12-31": "296.88400", "2019-09-30": "274.92800", "2019-06-30": "286.97800", "2019-03-31": "303.48800", "2018-12-31": "321.06000", "2018-09-30": "327.45600", "2018-06-30": "381.39000", "2018-03-31": "457.97700", "2017-12-31": "524.75300", "2017-09-30": "335.96700", "2017-06-30": "300.65800", "2017-03-31": "293.33000", "2016-12-31": "295.12000", "2016-09-30": "283.96900", "2016-06-30": "278.23300", "2016-03-31": "344.39200", "2015-12-31": "302.33500", "2015-09-30": "274.98100", "2015-06-30": "276.18200", "2015-03-31": "278.28500", "2014-12-31": "250.67000", "2014-09-30": "266.15100", "2014-06-30": "247.92100", "2014-03-31": "274.05300", "2013-12-31": "273.38500", "2013-09-30": "251.26800", "2013-06-30": "247.25200", "2013-03-31": "214.01600", "2012-12-31": "215.36900", "2012-09-30": "195.75500", "2012-06-30": "192.48500", "2012-03-31": "191.55400", "2011-12-31": "225.07200", "2011-09-30": "223.54000", "2011-06-30": "206.26100", "2011-03-31": "195.27500", "2010-12-31": "174.70700", "2010-09-30": "154.39900", "2010-06-30": "165.36900", "2010-03-31": "156.58800", "2009-12-31": "175.49400", "2009-09-30": "172.24800", "2009-06-30": "171.43700", "2009-03-31": "183.67900", "2008-12-31": "180.72700", "2008-09-30": "190.04200", "2008-06-30": "178.02500", "2008-03-31": "158.33700", "2007-12-31": "156.00400", "2007-09-30": "146.69400", "2007-06-30": "156.30800", "2007-03-31": "134.75700", "2006-12-31": "133.86000", "2006-09-30": "120.38500", "2006-06-30": "129.72300", "2006-03-31": "119.50400", "2005-12-31": "104.85900", "2005-09-30": "344.79400", "2005-06-30": "89.30700", "2005-03-31": "90.29400"}, "Total Long-Term Assets": {"2020-09-30": "15688.81000", "2020-06-30": "15068.90000", "2020-03-31": "15265.37000", "2019-12-31": "15459.59000", "2019-09-30": "15565.81000", "2019-06-30": "15606.10000", "2019-03-31": "14912.48000", "2018-12-31": "14419.44000", "2018-09-30": "14998.14000", "2018-06-30": "15155.90000", "2018-03-31": "15331.38000", "2017-12-31": "16154.63000", "2017-09-30": "14055.95000", "2017-06-30": "14442.75000", "2017-03-31": "14117.93000", "2016-12-31": "14292.43000", "2016-09-30": "14459.76000", "2016-06-30": "14529.52000", "2016-03-31": "14711.53000", "2015-12-31": "14273.57000", "2015-09-30": "14679.36000", "2015-06-30": "14601.64000", "2015-03-31": "14588.79000", "2014-12-31": "14576.77000", "2014-09-30": "15053.54000", "2014-06-30": "15450.20000", "2014-03-31": "15107.60000", "2013-12-31": "14600.57000", "2013-09-30": "14563.89000", "2013-06-30": "14155.02000", "2013-03-31": "14547.11000", "2012-12-31": "14250.26000", "2012-09-30": "14137.56000", "2012-06-30": "13799.39000", "2012-03-31": "13863.43000", "2011-12-31": "13202.08000", "2011-09-30": "12983.15000", "2011-06-30": "13025.27000", "2011-03-31": "12711.83000", "2010-12-31": "12161.40000", "2010-09-30": "12224.97000", "2010-06-30": "11726.68000", "2010-03-31": "11289.04000", "2009-12-31": "11333.98000", "2009-09-30": "11408.82000", "2009-06-30": "10462.15000", "2009-03-31": "10003.89000", "2008-12-31": "9538.96100", "2008-09-30": "10530.57000", "2008-06-30": "11083.81000", "2008-03-31": "10708.01000", "2007-12-31": "10423.72000", "2007-09-30": "9828.51600", "2007-06-30": "9807.77000", "2007-03-31": "9305.44000", "2006-12-31": "8872.23600", "2006-09-30": "8675.27300", "2006-06-30": "8002.81000", "2006-03-31": "7998.39600", "2005-12-31": "7758.53800", "2005-09-30": "7747.19900", "2005-06-30": "7121.11000", "2005-03-31": "6780.02200"}, "Total Assets": {"2020-09-30": "26453.00000", "2020-06-30": "26359.17000", "2020-03-31": "25948.77000", "2019-12-31": "25604.05000", "2019-09-30": "25495.53000", "2019-06-30": "25870.17000", "2019-03-31": "25557.58000", "2018-12-31": "24132.57000", "2018-09-30": "24843.03000", "2018-06-30": "25018.49000", "2018-03-31": "25087.31000", "2017-12-31": "24760.18000", "2017-09-30": "21818.15000", "2017-06-30": "21499.64000", "2017-03-31": "21246.97000", "2016-12-31": "20813.69000", "2016-09-30": "21222.39000", "2016-06-30": "21249.44000", "2016-03-31": "20978.19000", "2015-12-31": "19981.89000", "2015-09-30": "20557.34000", "2015-06-30": "20704.88000", "2015-03-31": "20458.82000", "2014-12-31": "19955.74000", "2014-09-30": "20965.05000", "2014-06-30": "21446.46000", "2014-03-31": "20997.63000", "2013-12-31": "19634.78000", "2013-09-30": "19932.95000", "2013-06-30": "19846.31000", "2013-03-31": "19710.94000", "2012-12-31": "18852.34000", "2012-09-30": "18897.78000", "2012-06-30": "18721.41000", "2012-03-31": "19025.60000", "2011-12-31": "17806.06000", "2011-09-30": "17943.93000", "2011-06-30": "18196.85000", "2011-03-31": "17673.92000", "2010-12-31": "16445.73000", "2010-09-30": "16846.53000", "2010-06-30": "16558.28000", "2010-03-31": "16329.17000", "2009-12-31": "15306.52000", "2009-09-30": "15919.47000", "2009-06-30": "15378.88000", "2009-03-31": "14777.37000", "2008-12-31": "14282.83000", "2008-09-30": "15175.45000", "2008-06-30": "15606.39000", "2008-03-31": "15640.19000", "2007-12-31": "14675.31000", "2007-09-30": "14711.90000", "2007-06-30": "14928.97000", "2007-03-31": "14612.44000", "2006-12-31": "13665.29000", "2006-09-30": "13254.20000", "2006-06-30": "12799.05000", "2006-03-31": "12655.66000", "2005-12-31": "11925.98000", "2005-09-30": "11440.55000", "2005-06-30": "10116.96000", "2005-03-31": "9790.50000"}, "Total Current Liabilities": {"2020-09-30": "18968.98000", "2020-06-30": "18963.69000", "2020-03-31": "18740.90000", "2019-12-31": "17727.41000", "2019-09-30": "17927.63000", "2019-06-30": "18242.13000", "2019-03-31": "18251.88000", "2018-12-31": "17255.52000", "2018-09-30": "17569.63000", "2018-06-30": "17829.47000", "2018-03-31": "17946.13000", "2017-12-31": "17538.02000", "2017-09-30": "14978.93000", "2017-06-30": "14259.87000", "2017-03-31": "13685.67000", "2016-12-31": "13160.51000", "2016-09-30": "13789.98000", "2016-06-30": "13906.92000", "2016-03-31": "13646.97000", "2015-12-31": "12763.59000", "2015-09-30": "13112.76000", "2015-06-30": "13314.81000", "2015-03-31": "13003.96000", "2014-12-31": "12581.36000", "2014-09-30": "13138.77000", "2014-06-30": "13489.16000", "2014-03-31": "13247.92000", "2013-12-31": "12500.40000", "2013-09-30": "12736.55000", "2013-06-30": "12844.44000", "2013-03-31": "12441.33000", "2012-12-31": "11784.16000", "2012-09-30": "11761.35000", "2012-06-30": "11770.58000", "2012-03-31": "11746.08000", "2011-12-31": "11086.05000", "2011-09-30": "11319.54000", "2011-06-30": "11580.97000", "2011-03-31": "11093.67000", "2010-12-31": "9530.97800", "2010-09-30": "9671.89400", "2010-06-30": "9699.34000", "2010-03-31": "9652.48300", "2009-12-31": "8946.68600", "2009-09-30": "9298.65000", "2009-06-30": "9411.29100", "2009-03-31": "9193.61800", "2008-12-31": "8609.32800", "2008-09-30": "9096.78900", "2008-06-30": "8849.11700", "2008-03-31": "8614.67800", "2007-12-31": "7978.38600", "2007-09-30": "8220.64000", "2007-06-30": "8159.05500", "2007-03-31": "7938.47200", "2006-12-31": "7325.04300", "2006-09-30": "7559.53900", "2006-06-30": "7533.24100", "2006-03-31": "7342.64700", "2005-12-31": "6818.03700", "2005-09-30": "6935.52300", "2005-06-30": "5344.50700", "2005-03-31": "5183.57700"}, "Long Term Debt": {"2020-09-30": "1767.49500", "2020-06-30": "1659.42300", "2020-03-31": "1932.32300", "2019-12-31": "1841.14200", "2019-09-30": "1477.94000", "2019-06-30": "1569.02200", "2019-03-31": "1501.88900", "2018-12-31": "1453.79900", "2018-09-30": "1597.76500", "2018-06-30": "1563.38600", "2018-03-31": "1521.15000", "2017-12-31": "1477.11800", "2017-09-30": "1115.86200", "2017-06-30": "1089.37600", "2017-03-31": "1077.01200", "2016-12-31": "1055.50000", "2016-09-30": "1133.87800", "2016-06-30": "1136.40100", "2016-03-31": "1127.73800", "2015-12-31": "1001.18100", "2015-09-30": "1295.47800", "2015-06-30": "1204.44400", "2015-03-31": "1187.57100", "2014-12-31": "1178.96600", "2014-09-30": "1680.18200", "2014-06-30": "1727.44600", "2014-03-31": "1652.94500", "2013-12-31": "1017.59900", "2013-09-30": "1169.73300", "2013-06-30": "1229.54700", "2013-03-31": "1165.04000", "2012-12-31": "1059.79800", "2012-09-30": "1100.12000", "2012-06-30": "1107.80600", "2012-03-31": "1109.71600", "2011-12-31": "1146.60500", "2011-09-30": "1122.51200", "2011-06-30": "1149.35300", "2011-03-31": "1159.14900", "2010-12-31": "1014.36100", "2010-09-30": "1085.36000", "2010-06-30": "1181.67900", "2010-03-31": "1084.83200", "2009-12-31": "632.29100", "2009-09-30": "796.64300", "2009-06-30": "805.27700", "2009-03-31": "868.07800", "2008-12-31": "979.38200", "2008-09-30": "1294.09000", "2008-06-30": "1349.42100", "2008-03-31": "1524.04000", "2007-12-31": "1363.16700", "2007-09-30": "1406.80300", "2007-06-30": "1534.17800", "2007-03-31": "1485.48000", "2006-12-31": "1353.07300", "2006-09-30": "1553.71400", "2006-06-30": "1447.08600", "2006-03-31": "1667.78000", "2005-12-31": "1494.40900", "2005-09-30": "1633.41100", "2005-06-30": "1605.85300", "2005-03-31": "1644.90100"}, "Other Non-Current Liabilities": {"2020-09-30": "310.56500", "2020-06-30": "296.61600", "2020-03-31": "292.89400", "2019-12-31": "375.91100", "2019-09-30": "388.19600", "2019-06-30": "359.29000", "2019-03-31": "359.36300", "2018-12-31": "393.17800", "2018-09-30": "403.35400", "2018-06-30": "372.62600", "2018-03-31": "355.63400", "2017-12-31": "403.77900", "2017-09-30": "268.65900", "2017-06-30": "257.69800", "2017-03-31": "253.91700", "2016-12-31": "325.31300", "2016-09-30": "272.87400", "2016-06-30": "241.93200", "2016-03-31": "253.21800", "2015-12-31": "350.23700", "2015-09-30": "322.73600", "2015-06-30": "237.06100", "2015-03-31": "221.05000", "2014-12-31": "315.47100", "2014-09-30": "265.96800", "2014-06-30": "221.34800", "2014-03-31": "218.50200", "2013-12-31": "248.82200", "2013-09-30": "238.83300", "2013-06-30": "210.37500", "2013-03-31": "215.14100", "2012-12-31": "228.62300", "2012-09-30": "180.04000", "2012-06-30": "145.18800", "2012-03-31": "270.62700", "2011-12-31": "129.32900", "2011-09-30": "144.77100", "2011-06-30": "133.58400", "2011-03-31": "231.52300", "2010-12-31": "275.42200", "2010-09-30": "240.33800", "2010-06-30": "181.95900", "2010-03-31": "215.83500", "2009-12-31": "227.30300", "2009-09-30": "426.06800", "2009-06-30": "253.19800", "2009-03-31": "222.83200", "2008-12-31": "233.08200", "2008-09-30": "183.38500", "2008-06-30": "144.68900", "2008-03-31": "130.05400", "2007-12-31": "175.13400", "2007-09-30": "140.86900", "2007-06-30": "541.85900", "2007-03-31": "546.73800", "2006-12-31": "574.52400", "2006-09-30": "", "2006-06-30": "", "2006-03-31": "", "2005-12-31": "101.17900", "2005-09-30": "", "2005-06-30": "", "2005-03-31": ""}, "Total Long Term Liabilities": {"2020-09-30": "2078.06000", "2020-06-30": "1956.03900", "2020-03-31": "2225.21700", "2019-12-31": "2217.05300", "2019-09-30": "1866.13600", "2019-06-30": "1928.31200", "2019-03-31": "1861.25200", "2018-12-31": "1846.97700", "2018-09-30": "2001.11900", "2018-06-30": "1936.01200", "2018-03-31": "1876.78400", "2017-12-31": "1880.89700", "2017-09-30": "1384.52100", "2017-06-30": "1347.07400", "2017-03-31": "1330.92900", "2016-12-31": "1380.81300", "2016-09-30": "1406.75200", "2016-06-30": "1378.33300", "2016-03-31": "1380.95600", "2015-12-31": "1351.41800", "2015-09-30": "1618.21400", "2015-06-30": "1441.50500", "2015-03-31": "1408.62100", "2014-12-31": "1494.43700", "2014-09-30": "1946.15000", "2014-06-30": "1948.79400", "2014-03-31": "1871.44700", "2013-12-31": "1266.42100", "2013-09-30": "1408.56600", "2013-06-30": "1439.92200", "2013-03-31": "1380.18100", "2012-12-31": "1288.42100", "2012-09-30": "1280.16000", "2012-06-30": "1252.99400", "2012-03-31": "1380.34300", "2011-12-31": "1275.93400", "2011-09-30": "1267.28300", "2011-06-30": "1282.93700", "2011-03-31": "1390.67200", "2010-12-31": "1289.78300", "2010-09-30": "1325.69800", "2010-06-30": "1363.63800", "2010-03-31": "1300.66700", "2009-12-31": "859.59400", "2009-09-30": "1222.71100", "2009-06-30": "1058.47500", "2009-03-31": "1090.91000", "2008-12-31": "1212.46400", "2008-09-30": "1477.47500", "2008-06-30": "1494.11000", "2008-03-31": "1654.09400", "2007-12-31": "1538.30100", "2007-09-30": "1547.67200", "2007-06-30": "2076.03700", "2007-03-31": "2032.21800", "2006-12-31": "1927.59700", "2006-09-30": "1553.71400", "2006-06-30": "1447.08600", "2006-03-31": "1667.78000", "2005-12-31": "1595.58800", "2005-09-30": "1633.41100", "2005-06-30": "1605.85300", "2005-03-31": "1644.90100"}, "Total Liabilities": {"2020-09-30": "21187.10000", "2020-06-30": "21061.35000", "2020-03-31": "21109.19000", "2019-12-31": "20060.05000", "2019-09-30": "19909.66000", "2019-06-30": "20303.70000", "2019-03-31": "20257.43000", "2018-12-31": "19102.49000", "2018-09-30": "19570.75000", "2018-06-30": "19765.48000", "2018-03-31": "19822.91000", "2017-12-31": "19418.91000", "2017-09-30": "16363.45000", "2017-06-30": "15606.94000", "2017-03-31": "15016.60000", "2016-12-31": "14541.32000", "2016-09-30": "15196.73000", "2016-06-30": "15285.26000", "2016-03-31": "15027.93000", "2015-12-31": "14115.01000", "2015-09-30": "14730.97000", "2015-06-30": "14756.32000", "2015-03-31": "14412.58000", "2014-12-31": "14075.80000", "2014-09-30": "15084.92000", "2014-06-30": "15437.95000", "2014-03-31": "15119.36000", "2013-12-31": "13766.82000", "2013-09-30": "14145.12000", "2013-06-30": "14284.37000", "2013-03-31": "13821.51000", "2012-12-31": "13072.58000", "2012-09-30": "13041.51000", "2012-06-30": "13023.57000", "2012-03-31": "13126.42000", "2011-12-31": "12361.98000", "2011-09-30": "12586.83000", "2011-06-30": "12863.91000", "2011-03-31": "12484.34000", "2010-12-31": "10820.76000", "2010-09-30": "10997.59000", "2010-06-30": "11062.98000", "2010-03-31": "10953.15000", "2009-12-31": "9806.28000", "2009-09-30": "10521.36000", "2009-06-30": "10469.77000", "2009-03-31": "10284.53000", "2008-12-31": "9821.79300", "2008-09-30": "10574.26000", "2008-06-30": "10343.23000", "2008-03-31": "10268.77000", "2007-12-31": "9516.68700", "2007-09-30": "9768.31200", "2007-06-30": "10235.09000", "2007-03-31": "9970.69000", "2006-12-31": "9252.64000", "2006-09-30": "9113.25300", "2006-06-30": "8980.32700", "2006-03-31": "9010.42700", "2005-12-31": "8413.62500", "2005-09-30": "8568.93400", "2005-06-30": "6950.36000", "2005-03-31": "6828.47800"}, "Common Stock Net": {"2020-09-30": "2.20600", "2020-06-30": "2.20600", "2020-03-31": "2.20600", "2019-12-31": "2.20600", "2019-09-30": "2.20600", "2019-06-30": "2.20600", "2019-03-31": "2.20600", "2018-12-31": "2.20600", "2018-09-30": "2.20600", "2018-06-30": "2.20600", "2018-03-31": "2.20600", "2017-12-31": "2.20600", "2017-09-30": "2.20600", "2017-06-30": "2.20600", "2017-03-31": "2.20600", "2016-12-31": "2.20600", "2016-09-30": "2.20600", "2016-06-30": "2.20600", "2016-03-31": "2.20600", "2015-12-31": "2.20200", "2015-09-30": "2.20200", "2015-06-30": "2.20100", "2015-03-31": "2.20000", "2014-12-31": "2.19100", "2014-09-30": "2.19000", "2014-06-30": "2.18900", "2014-03-31": "2.18800", "2013-12-31": "2.17400", "2013-09-30": "2.17200", "2013-06-30": "2.17200", "2013-03-31": "2.16800", "2012-12-31": "2.14600", "2012-09-30": "2.14500", "2012-06-30": "2.14100", "2012-03-31": "2.14000", "2011-12-31": "2.12500", "2011-09-30": "2.11200", "2011-06-30": "2.10700", "2011-03-31": "1.95800", "2010-12-31": "1.93400", "2010-09-30": "1.93100", "2010-06-30": "1.93000", "2010-03-31": "1.92900", "2009-12-31": "1.90300", "2009-09-30": "1.90100", "2009-06-30": "1.90000", "2009-03-31": "1.89900", "2008-12-31": "1.87800", "2008-09-30": "1.87800", "2008-06-30": "1.87700", "2008-03-31": "1.87500", "2007-12-31": "1.85000", "2007-09-30": "1.84900", "2007-06-30": "1.84900", "2007-03-31": "1.88000", "2006-12-31": "1.87500", "2006-09-30": "1.87500", "2006-06-30": "1.87300", "2006-03-31": "1.87200", "2005-12-31": "1.86100", "2005-09-30": "1.76900", "2005-06-30": "1.75800", "2005-03-31": "1.75200"}, "Retained Earnings (Accumulated Deficit)": {"2020-09-30": "5804.63700", "2020-06-30": "5913.02900", "2020-03-31": "5836.00700", "2019-12-31": "6056.68600", "2019-09-30": "6101.90200", "2019-06-30": "6108.57700", "2019-03-31": "5976.60300", "2018-12-31": "5912.81200", "2018-09-30": "6145.48200", "2018-06-30": "6135.62500", "2018-03-31": "6076.29400", "2017-12-31": "5979.66600", "2017-09-30": "6051.65900", "2017-06-30": "6551.80100", "2017-03-31": "6499.26200", "2016-12-31": "6527.62700", "2016-09-30": "6430.57300", "2016-06-30": "6285.80300", "2016-03-31": "6198.93200", "2015-12-31": "6194.35300", "2015-09-30": "6093.89700", "2015-06-30": "5875.14700", "2015-03-31": "5842.23900", "2014-12-31": "5715.50400", "2014-09-30": "5581.94200", "2014-06-30": "5331.19900", "2014-03-31": "5170.94800", "2013-12-31": "5062.70600", "2013-09-30": "4921.71600", "2013-06-30": "4813.68700", "2013-03-31": "4769.76400", "2012-12-31": "4497.78900", "2012-09-30": "4576.38100", "2012-06-30": "4383.40500", "2012-03-31": "4246.35400", "2011-12-31": "4155.39200", "2011-09-30": "4105.21600", "2011-06-30": "3923.39500", "2011-03-31": "3853.07600", "2010-12-31": "4267.60800", "2010-09-30": "4033.01800", "2010-06-30": "3824.11100", "2010-03-31": "3649.77000", "2009-12-31": "3569.41100", "2009-09-30": "3319.46700", "2009-06-30": "3447.51100", "2009-03-31": "3282.39200", "2008-12-31": "3198.49200", "2008-09-30": "3097.48700", "2008-06-30": "3377.05100", "2008-03-31": "3176.65400", "2007-12-31": "2968.90000", "2007-09-30": "2690.74200", "2007-06-30": "2448.71100", "2007-03-31": "2225.47400", "2006-12-31": "2026.00400", "2006-09-30": "1770.57800", "2006-06-30": "1569.86400", "2006-03-31": "1371.99000", "2005-12-31": "1201.93200", "2005-09-30": "992.71700", "2005-06-30": "1484.94500", "2005-03-31": "1336.25500"}, "Comprehensive Income": {"2020-09-30": "350.11100", "2020-06-30": "281.59900", "2020-03-31": "-89.91900", "2019-12-31": "171.71000", "2019-09-30": "176.29600", "2019-06-30": "156.14500", "2019-03-31": "29.09600", "2018-12-31": "-177.11000", "2018-09-30": "-162.31200", "2018-06-30": "-163.16800", "2018-03-31": "-85.21600", "2017-12-31": "92.38200", "2017-09-30": "141.61300", "2017-06-30": "84.30600", "2017-03-31": "0.69900", "2016-12-31": "-121.84100", "2016-09-30": "98.50500", "2016-06-30": "63.08900", "2016-03-31": "17.64600", "2015-12-31": "-188.46500", "2015-09-30": "-117.59300", "2015-06-30": "-78.06700", "2015-03-31": "-17.07000", "2014-12-31": "-45.57400", "2014-09-30": "22.93500", "2014-06-30": "272.66400", "2014-03-31": "182.25400", "2013-12-31": "117.82500", "2013-09-30": "130.37300", "2013-06-30": "24.75500", "2013-03-31": "310.10800", "2012-12-31": "362.62200", "2012-09-30": "373.19900", "2012-06-30": "240.93900", "2012-03-31": "278.17400", "2011-12-31": "128.16200", "2011-09-30": "50.93200", "2011-06-30": "218.13300", "2011-03-31": "155.19200", "2010-12-31": "176.82100", "2010-09-30": "371.62500", "2010-06-30": "221.85600", "2010-03-31": "165.45500", "2009-12-31": "85.63300", "2009-09-30": "74.97400", "2009-06-30": "-528.26100", "2009-03-31": "-767.18200", "2008-12-31": "-706.49900", "2008-09-30": "-495.69700", "2008-06-30": "-150.72100", "2008-03-31": "-0.10400", "2007-12-31": "22.66800", "2007-09-30": "-28.44400", "2007-06-30": "-106.69300", "2007-03-31": "-22.12500", "2006-12-31": "-44.63800", "2006-09-30": "-54.67300", "2006-06-30": "-166.58000", "2006-03-31": "-134.23800", "2005-12-31": "-77.79800", "2005-09-30": "-54.80600", "2005-06-30": "-0.25500", "2005-03-31": "-49.39400"}, "Other Share Holders Equity": {"2020-09-30": "", "2020-06-30": "", "2020-03-31": "", "2019-12-31": "", "2019-09-30": "", "2019-06-30": "", "2019-03-31": "", "2018-12-31": "", "2018-09-30": "", "2018-06-30": "", "2018-03-31": "", "2017-12-31": "", "2017-09-30": "", "2017-06-30": "", "2017-03-31": "", "2016-12-31": "", "2016-09-30": "", "2016-06-30": "", "2016-03-31": "", "2015-12-31": "", "2015-09-30": "", "2015-06-30": "", "2015-03-31": "", "2014-12-31": "", "2014-09-30": "", "2014-06-30": "", "2014-03-31": "", "2013-12-31": "", "2013-09-30": "", "2013-06-30": "", "2013-03-31": "", "2012-12-31": "", "2012-09-30": "", "2012-06-30": "", "2012-03-31": "", "2011-12-31": "", "2011-09-30": "", "2011-06-30": "", "2011-03-31": "", "2010-12-31": "", "2010-09-30": "", "2010-06-30": "", "2010-03-31": "", "2009-12-31": "", "2009-09-30": "", "2009-06-30": "", "2009-03-31": "", "2008-12-31": "", "2008-09-30": "", "2008-06-30": "", "2008-03-31": "", "2007-12-31": "", "2007-09-30": "", "2007-06-30": "", "2007-03-31": "", "2006-12-31": "", "2006-09-30": "", "2006-06-30": "", "2006-03-31": "", "2005-12-31": "", "2005-09-30": "", "2005-06-30": "", "2005-03-31": ""}, "Share Holder Equity": {"2020-09-30": "5265.89500", "2020-06-30": "5297.82000", "2020-03-31": "4839.57800", "2019-12-31": "5544.00800", "2019-09-30": "5585.87000", "2019-06-30": "5566.47700", "2019-03-31": "5300.15600", "2018-12-31": "5030.07100", "2018-09-30": "5272.27200", "2018-06-30": "5253.00500", "2018-03-31": "5264.39500", "2017-12-31": "5341.26400", "2017-09-30": "5454.69900", "2017-06-30": "5892.69500", "2017-03-31": "6230.36500", "2016-12-31": "6272.37000", "2016-09-30": "6025.65800", "2016-06-30": "5964.18300", "2016-03-31": "5950.25900", "2015-12-31": "5866.88200", "2015-09-30": "5826.36600", "2015-06-30": "5948.55800", "2015-03-31": "6046.23500", "2014-12-31": "5879.94000", "2014-09-30": "5880.12400", "2014-06-30": "6008.50500", "2014-03-31": "5878.27100", "2013-12-31": "5867.96200", "2013-09-30": "5787.82900", "2013-06-30": "5561.94700", "2013-03-31": "5889.43000", "2012-12-31": "5779.76100", "2012-09-30": "5856.26800", "2012-06-30": "5697.84000", "2012-03-31": "5899.17900", "2011-12-31": "5444.07900", "2011-09-30": "5357.10500", "2011-06-30": "5332.93900", "2011-03-31": "5189.58000", "2010-12-31": "5624.97000", "2010-09-30": "5848.93800", "2010-06-30": "5495.30200", "2010-03-31": "5376.01900", "2009-12-31": "5500.24400", "2009-09-30": "5398.10700", "2009-06-30": "4909.11900", "2009-03-31": "4492.83700", "2008-12-31": "4461.04100", "2008-09-30": "4601.19000", "2008-06-30": "5263.16200", "2008-03-31": "5371.42200", "2007-12-31": "5158.62200", "2007-09-30": "4943.59200", "2007-06-30": "4693.88200", "2007-03-31": "4641.74700", "2006-12-31": "4412.64700", "2006-09-30": "4140.94900", "2006-06-30": "3818.72300", "2006-03-31": "3645.22800", "2005-12-31": "3512.35100", "2005-09-30": "2871.61200", "2005-06-30": "3166.59600", "2005-03-31": "2962.02200"}, "Total Liabilities And Share Holders Equity": {"2020-09-30": "26453.00000", "2020-06-30": "26359.17000", "2020-03-31": "25948.77000", "2019-12-31": "25604.05000", "2019-09-30": "25495.53000", "2019-06-30": "25870.17000", "2019-03-31": "25557.58000", "2018-12-31": "24132.57000", "2018-09-30": "24843.03000", "2018-06-30": "25018.49000", "2018-03-31": "25087.31000", "2017-12-31": "24760.18000", "2017-09-30": "21818.15000", "2017-06-30": "21499.64000", "2017-03-31": "21246.97000", "2016-12-31": "20813.69000", "2016-09-30": "21222.39000", "2016-06-30": "21249.44000", "2016-03-31": "20978.19000", "2015-12-31": "19981.89000", "2015-09-30": "20557.34000", "2015-06-30": "20704.88000", "2015-03-31": "20458.82000", "2014-12-31": "19955.74000", "2014-09-30": "20965.05000", "2014-06-30": "21446.46000", "2014-03-31": "20997.63000", "2013-12-31": "19634.78000", "2013-09-30": "19932.95000", "2013-06-30": "19846.31000", "2013-03-31": "19710.94000", "2012-12-31": "18852.34000", "2012-09-30": "18897.78000", "2012-06-30": "18721.41000", "2012-03-31": "19025.60000", "2011-12-31": "17806.06000", "2011-09-30": "17943.93000", "2011-06-30": "18196.85000", "2011-03-31": "17673.92000", "2010-12-31": "16445.73000", "2010-09-30": "16846.53000", "2010-06-30": "16558.28000", "2010-03-31": "16329.17000", "2009-12-31": "15306.52000", "2009-09-30": "15919.47000", "2009-06-30": "15378.88000", "2009-03-31": "14777.37000", "2008-12-31": "14282.83000", "2008-09-30": "15175.45000", "2008-06-30": "15606.39000", "2008-03-31": "15640.19000", "2007-12-31": "14675.31000", "2007-09-30": "14711.90000", "2007-06-30": "14928.97000", "2007-03-31": "14612.44000", "2006-12-31": "13665.29000", "2006-09-30": "13254.20000", "2006-06-30": "12799.05000", "2006-03-31": "12655.66000", "2005-12-31": "11925.98000", "2005-09-30": "11440.55000", "2005-06-30": "10116.96000", "2005-03-31": "9790.50000"}}, "cash flow statement": {"Net Income/Loss": {"2019-12-31": "323.47300", "2018-12-31": "43.02100", "2017-12-31": "-368.96900", "2016-12-31": "513.36800", "2015-12-31": "641.63100", "2014-12-31": "804.56400", "2013-12-31": "727.46500", "2012-12-31": "547.24100", "2011-12-31": "46.30500", "2010-12-31": "856.72300", "2009-12-31": "497.88600", "2008-12-31": "387.37600", "2007-12-31": "1092.01800", "2006-12-31": "963.06000", "2005-12-31": "94.44000"}, "Total Depreciation And Amortization - Cash Flow": {"2019-12-31": "120.45000", "2018-12-31": "206.79000", "2017-12-31": "124.76300", "2016-12-31": "90.49400", "2015-12-31": "123.56400", "2014-12-31": "138.84900", "2013-12-31": "162.93900", "2012-12-31": "149.11800", "2011-12-31": "110.26100", "2010-12-31": "75.22600", "2009-12-31": "34.06800", "2008-12-31": "36.48400", "2007-12-31": "15.16500", "2006-12-31": "40.59300", "2005-12-31": "41.28300"}, "Other Non-Cash Items": {"2019-12-31": "332.88700", "2018-12-31": "576.82400", "2017-12-31": "933.76290", "2016-12-31": "130.63700", "2015-12-31": "312.40600", "2014-12-31": "-79.58900", "2013-12-31": "376.19900", "2012-12-31": "486.50600", "2011-12-31": "1279.35200", "2010-12-31": "246.21200", "2009-12-31": "529.70400", "2008-12-31": "1077.62100", "2007-12-31": "578.70200", "2006-12-31": "290.76200", "2005-12-31": "2358.32600"}, "Total Non-Cash Items": {"2019-12-31": "453.33700", "2018-12-31": "783.61400", "2017-12-31": "1058.52600", "2016-12-31": "221.13100", "2015-12-31": "435.97000", "2014-12-31": "59.26000", "2013-12-31": "539.13800", "2012-12-31": "635.62400", "2011-12-31": "1389.61300", "2010-12-31": "321.43800", "2009-12-31": "563.77200", "2008-12-31": "1114.10500", "2007-12-31": "593.86700", "2006-12-31": "331.35500", "2005-12-31": "2399.60900"}, "Change In Accounts Receivable": {"2019-12-31": "2.14000", "2018-12-31": "-3.18400", "2017-12-31": "-4.35300", "2016-12-31": "-0.88500", "2015-12-31": "8.90800", "2014-12-31": "13.78800", "2013-12-31": "0.08800", "2012-12-31": "1.12600", "2011-12-31": "-1.98200", "2010-12-31": "-6.80500", "2009-12-31": "-10.32700", "2008-12-31": "8.10600", "2007-12-31": "-10.37100", "2006-12-31": "-17.18300", "2005-12-31": "-12.07600"}, "Change In Inventories": {"2019-12-31": "", "2018-12-31": "", "2017-12-31": "", "2016-12-31": "", "2015-12-31": "", "2014-12-31": "", "2013-12-31": "", "2012-12-31": "", "2011-12-31": "", "2010-12-31": "", "2009-12-31": "", "2008-12-31": "", "2007-12-31": "", "2006-12-31": "", "2005-12-31": ""}, "Change In Accounts Payable": {"2019-12-31": "-96.74700", "2018-12-31": "-182.89400", "2017-12-31": "-112.98000", "2016-12-31": "-169.76600", "2015-12-31": "-17.11400", "2014-12-31": "33.19100", "2013-12-31": "214.57200", "2012-12-31": "-76.82300", "2011-12-31": "103.55900", "2010-12-31": "204.76800", "2009-12-31": "-111.41700", "2008-12-31": "-20.29900", "2007-12-31": "129.41200", "2006-12-31": "294.84700", "2005-12-31": "105.30400"}, "Change In Assets/Liabilities": {"2019-12-31": "-483.19900", "2018-12-31": "-629.78400", "2017-12-31": "-312.99500", "2016-12-31": "-157.12400", "2015-12-31": "-278.19500", "2014-12-31": "-48.62100", "2013-12-31": "-384.29500", "2012-12-31": "13.44900", "2011-12-31": "-347.35300", "2010-12-31": "-188.34700", "2009-12-31": "-90.05800", "2008-12-31": "36.43700", "2007-12-31": "-231.91000", "2006-12-31": "41.22600", "2005-12-31": "-1004.33600"}, "Total Change In Assets/Liabilities": {"2019-12-31": "-577.80600", "2018-12-31": "-815.86200", "2017-12-31": "-430.32800", "2016-12-31": "-327.77500", "2015-12-31": "-286.40100", "2014-12-31": "-1.64200", "2013-12-31": "-169.63500", "2012-12-31": "-62.24800", "2011-12-31": "-245.77600", "2010-12-31": "9.61600", "2009-12-31": "-211.80200", "2008-12-31": "24.24400", "2007-12-31": "-112.86900", "2006-12-31": "318.89000", "2005-12-31": "-911.10800"}, "Cash Flow From Operating Activities": {"2019-12-31": "199.00400", "2018-12-31": "10.77300", "2017-12-31": "259.22900", "2016-12-31": "406.72400", "2015-12-31": "791.20000", "2014-12-31": "862.18200", "2013-12-31": "1096.96800", "2012-12-31": "1120.61700", "2011-12-31": "1190.14200", "2010-12-31": "1187.77700", "2009-12-31": "849.85600", "2008-12-31": "1525.72500", "2007-12-31": "1573.01600", "2006-12-31": "1613.30500", "2005-12-31": "1582.94100"}, "Net Change In Property, Plant, And Equipment": {"2019-12-31": "-63.10600", "2018-12-31": "-25.10300", "2017-12-31": "-42.68500", "2016-12-31": "-27.14900", "2015-12-31": "-33.68300", "2014-12-31": "-20.85700", "2013-12-31": "-24.30400", "2012-12-31": "-35.32200", "2011-12-31": "-42.19300", "2010-12-31": "-17.85400", "2009-12-31": "-41.77600", "2008-12-31": "-11.28400", "2007-12-31": "-47.02600", "2006-12-31": "", "2005-12-31": "-27.75100"}, "Net Change In Intangible Assets": {"2019-12-31": "", "2018-12-31": "", "2017-12-31": "", "2016-12-31": "", "2015-12-31": "", "2014-12-31": "", "2013-12-31": "", "2012-12-31": "", "2011-12-31": "", "2010-12-31": "", "2009-12-31": "", "2008-12-31": "", "2007-12-31": "", "2006-12-31": "", "2005-12-31": ""}, "Net Acquisitions/Divestitures": {"2019-12-31": "", "2018-12-31": "", "2017-12-31": "-466.94100", "2016-12-31": "", "2015-12-31": "", "2014-12-31": "", "2013-12-31": "", "2012-12-31": "", "2011-12-31": "", "2010-12-31": "", "2009-12-31": "", "2008-12-31": "", "2007-12-31": "", "2006-12-31": "", "2005-12-31": ""}, "Net Change In Short-term Investments": {"2019-12-31": "-10093.64000", "2018-12-31": "-8590.89700", "2017-12-31": "-8581.73700", "2016-12-31": "-9379.63800", "2015-12-31": "-11068.36000", "2014-12-31": "-12636.02000", "2013-12-31": "-12366.73000", "2012-12-31": "-13827.37000", "2011-12-31": "-16161.91000", "2010-12-31": "-12895.02000", "2009-12-31": "-11288.56000", "2008-12-31": "-1516.30600", "2007-12-31": "-2477.76200", "2006-12-31": "-464.63920", "2005-12-31": "-884.38620"}, "Net Change In Long-Term Investments": {"2019-12-31": "9382.43600", "2018-12-31": "9254.55600", "2017-12-31": "9482.87300", "2016-12-31": "9277.75000", "2015-12-31": "10846.75000", "2014-12-31": "12726.12000", "2013-12-31": "11875.56000", "2012-12-31": "12990.06000", "2011-12-31": "15356.53000", "2010-12-31": "12265.48000", "2009-12-31": "9803.81300", "2008-12-31": "885.86130", "2007-12-31": "1227.43700", "2006-12-31": "-701.58400", "2005-12-31": "-300.87210"}, "Net Change In Investments - Total": {"2019-12-31": "-711.20900", "2018-12-31": "663.65820", "2017-12-31": "901.13570", "2016-12-31": "-101.88770", "2015-12-31": "-221.61230", "2014-12-31": "90.09670", "2013-12-31": "-491.16600", "2012-12-31": "-837.31540", "2011-12-31": "-805.37600", "2010-12-31": "-629.53610", "2009-12-31": "-1484.74700", "2008-12-31": "-630.44430", "2007-12-31": "-1250.32500", "2006-12-31": "-1166.22300", "2005-12-31": "-1185.25800"}, "Investing Activities - Other": {"2019-12-31": "", "2018-12-31": "", "2017-12-31": "", "2016-12-31": "", "2015-12-31": "29.59800", "2014-12-31": "-223.31500", "2013-12-31": "26.18300", "2012-12-31": "10.25600", "2011-12-31": "14.85100", "2010-12-31": "-40.40000", "2009-12-31": "47.65200", "2008-12-31": "8.41400", "2007-12-31": "-73.39600", "2006-12-31": "-105.70000", "2005-12-31": ""}, "Cash Flow From Investing Activities": {"2019-12-31": "-774.31500", "2018-12-31": "638.55400", "2017-12-31": "391.51000", "2016-12-31": "-129.03600", "2015-12-31": "-225.69700", "2014-12-31": "-154.07600", "2013-12-31": "-489.28700", "2012-12-31": "-862.38100", "2011-12-31": "-832.71800", "2010-12-31": "-687.79000", "2009-12-31": "-1478.87100", "2008-12-31": "-633.31300", "2007-12-31": "-1370.74800", "2006-12-31": "-1271.92300", "2005-12-31": "-1213.00900"}, "Net Long-Term Debt": {"2019-12-31": "467.50900", "2018-12-31": "", "2017-12-31": "279.12000", "2016-12-31": "", "2015-12-31": "", "2014-12-31": "-5.65600", "2013-12-31": "", "2012-12-31": "", "2011-12-31": "", "2010-12-31": "494.87000", "2009-12-31": "", "2008-12-31": "", "2007-12-31": "", "2006-12-31": "", "2005-12-31": ""}, "Net Current Debt": {"2019-12-31": "", "2018-12-31": "", "2017-12-31": "", "2016-12-31": "", "2015-12-31": "", "2014-12-31": "", "2013-12-31": "", "2012-12-31": "", "2011-12-31": "", "2010-12-31": "", "2009-12-31": "", "2008-12-31": "", "2007-12-31": "", "2006-12-31": "", "2005-12-31": ""}, "Debt Issuance/Retirement Net - Total": {"2019-12-31": "467.50900", "2018-12-31": "", "2017-12-31": "279.12000", "2016-12-31": "", "2015-12-31": "", "2014-12-31": "-5.65600", "2013-12-31": "", "2012-12-31": "", "2011-12-31": "", "2010-12-31": "494.87000", "2009-12-31": "", "2008-12-31": "", "2007-12-31": "", "2006-12-31": "", "2005-12-31": ""}, "Net Common Equity Issued/Repurchased": {"2019-12-31": "", "2018-12-31": "", "2017-12-31": "-261.18000", "2016-12-31": "-495.20200", "2015-12-31": "-310.21800", "2014-12-31": "-512.65200", "2013-12-31": "-401.92400", "2012-12-31": "-312.56700", "2011-12-31": "-59.15000", "2010-12-31": "-701.35400", "2009-12-31": "-172.06500", "2008-12-31": "-264.88600", "2007-12-31": "-299.21200", "2006-12-31": "17.52100", "2005-12-31": "-145.95400"}, "Net Total Equity Issued/Repurchased": {"2019-12-31": "", "2018-12-31": "", "2017-12-31": "-612.25400", "2016-12-31": "-15.02600", "2015-12-31": "-310.21800", "2014-12-31": "-512.65200", "2013-12-31": "-283.47500", "2012-12-31": "-323.09600", "2011-12-31": "-59.15000", "2010-12-31": "-701.35400", "2009-12-31": "-172.06500", "2008-12-31": "-264.88600", "2007-12-31": "-299.21200", "2006-12-31": "17.39500", "2005-12-31": "343.61000"}, "Total Common And Preferred Stock Dividends Paid": {"2019-12-31": "-179.83400", "2018-12-31": "-176.12700", "2017-12-31": "-187.87600", "2016-12-31": "-172.23200", "2015-12-31": "-158.74000", "2014-12-31": "-157.70700", "2013-12-31": "-157.61900", "2012-12-31": "-158.71500", "2011-12-31": "-243.33000", "2010-12-31": "-145.17700", "2009-12-31": "-149.85900", "2008-12-31": "-143.24300", "2007-12-31": "-148.00100", "2006-12-31": "-127.87000", "2005-12-31": "-82.77700"}, "Financial Activities - Other": {"2019-12-31": "-10.16500", "2018-12-31": "-10.08000", "2017-12-31": "-24.67800", "2016-12-31": "-14.32900", "2015-12-31": "-18.04800", "2014-12-31": "-10.00000", "2013-12-31": "", "2012-12-31": "", "2011-12-31": "", "2010-12-31": "", "2009-12-31": "", "2008-12-31": "", "2007-12-31": "-400.00000", "2006-12-31": "400.00000", "2005-12-31": ""}, "Cash Flow From Financial Activities": {"2019-12-31": "277.51000", "2018-12-31": "-186.20700", "2017-12-31": "-545.68800", "2016-12-31": "-201.58700", "2015-12-31": "-487.00600", "2014-12-31": "-686.01500", "2013-12-31": "-441.09400", "2012-12-31": "-481.81100", "2011-12-31": "-302.48000", "2010-12-31": "-351.66100", "2009-12-31": "-321.92400", "2008-12-31": "-408.12900", "2007-12-31": "-847.21300", "2006-12-31": "289.52500", "2005-12-31": "260.83300"}, "Net Cash Flow": {"2019-12-31": "-253.56300", "2018-12-31": "466.23400", "2017-12-31": "122.27900", "2016-12-31": "66.75600", "2015-12-31": "66.30300", "2014-12-31": "-1.49600", "2013-12-31": "163.50900", "2012-12-31": "-222.03200", "2011-12-31": "52.33400", "2010-12-31": "140.90100", "2009-12-31": "-908.96700", "2008-12-31": "424.46400", "2007-12-31": "-610.47000", "2006-12-31": "602.59700", "2005-12-31": "648.66100"}, "Stock-Based Compensation": {"2019-12-31": "32.49100", "2018-12-31": "34.34600", "2017-12-31": "12.66700", "2016-12-31": "52.21100", "2015-12-31": "43.05200", "2014-12-31": "63.23700", "2013-12-31": "57.16800", "2012-12-31": "67.91200", "2011-12-31": "39.13400", "2010-12-31": "36.69500", "2009-12-31": "48.21700", "2008-12-31": "66.88000", "2007-12-31": "34.98500", "2006-12-31": "25.66900", "2005-12-31": "25.55300"}, "Common Stock Dividends Paid": {"2019-12-31": "-137.20900", "2018-12-31": "-133.50200", "2017-12-31": "-135.03200", "2016-12-31": "-132.32300", "2015-12-31": "-118.65200", "2014-12-31": "-117.61900", "2013-12-31": "-118.42600", "2012-12-31": "-120.48700", "2011-12-31": "-206.45500", "2010-12-31": "-108.30200", "2009-12-31": "-112.98400", "2008-12-31": "-106.36800", "2007-12-31": "-111.22600", "2006-12-31": "-90.57500", "2005-12-31": "-82.77700"}}, "cash flow statement, quarterly": {"Net Income/Loss": {"2020-09-30": -65.384, "2020-06-30": 120.044, "2020-03-31": "-177.82700", "2019-12-31": -0.754, "2019-09-30": 38.399, "2019-06-30": 177.047, "2019-03-31": "108.78100", "2018-12-31": -187.791, "2018-09-30": 54.093, "2018-06-30": 103.517, "2018-03-31": "73.20200", "2017-12-31": -27.428, "2017-09-30": -457.083, "2017-06-30": 95.687, "2017-03-31": "19.85500", "2016-12-31": 148.908, "2016-09-30": 186.614, "2016-06-30": 129.46, "2016-03-31": "48.38600", "2015-12-31": 144.793, "2015-09-30": 257.641, "2015-06-30": 73.372, "2015-03-31": "165.82500", "2014-12-31": 170.871, "2014-09-30": 282.964, "2014-06-30": 202.258, "2014-03-31": "148.47100", "2013-12-31": 181.549, "2013-09-30": 150.636, "2013-06-30": 83.723, "2013-03-31": "311.55700", "2012-12-31": -9.81, "2012-09-30": 232.146, "2012-06-30": 189.068, "2012-03-31": "135.83700", "2011-12-31": 89.283, "2011-09-30": 221.276, "2011-06-30": 110.287, "2011-03-31": "-374.54100", "2010-12-31": 273.562, "2010-09-30": 248.059, "2010-06-30": 214.071, "2010-03-31": "121.03100", "2009-12-31": 291.282, "2009-09-30": -86.674, "2009-06-30": 168.38, "2009-03-31": "124.89800", "2008-12-31": 140.077, "2008-09-30": -240.128, "2008-06-30": 240.486, "2008-03-31": "246.94100", "2007-12-31": 315.302, "2007-09-30": 279.118, "2007-06-30": 260.815, "2007-03-31": "236.78300", "2006-12-31": 290.17, "2006-09-30": 235.448, "2006-06-30": 232.626, "2006-03-31": "204.81600", "2005-12-31": 237.871, "2005-09-30": -468.075, "2005-06-30": 172.845, "2005-03-31": "151.79900"}, "Total Depreciation And Amortization - Cash Flow": {"2020-09-30": 26.829, "2020-06-30": 24.644, "2020-03-31": "23.77000", "2019-12-31": 25.204, "2019-09-30": 24.912, "2019-06-30": 27.656, "2019-03-31": "42.67800", "2018-12-31": 3.774, "2018-09-30": 54.177, "2018-06-30": 70.547, "2018-03-31": "78.29200", "2017-12-31": 72.956, "2017-09-30": 18.429, "2017-06-30": 14.413, "2017-03-31": "18.96500", "2016-12-31": 21.464, "2016-09-30": 22.589, "2016-06-30": 22.047, "2016-03-31": "24.39400", "2015-12-31": 21.7, "2015-09-30": 37.243, "2015-06-30": 26.668, "2015-03-31": "37.95300", "2014-12-31": 36.768, "2014-09-30": 35.04, "2014-06-30": 20.233, "2014-03-31": "46.80800", "2013-12-31": 40.868, "2013-09-30": 37.805, "2013-06-30": 39.381, "2013-03-31": "44.88500", "2012-12-31": 37.639, "2012-09-30": 42.687, "2012-06-30": 36.034, "2012-03-31": "32.75800", "2011-12-31": 33.001, "2011-09-30": 30.022, "2011-06-30": 23.669, "2011-03-31": "23.56900", "2010-12-31": 25.141, "2010-09-30": 19.678, "2010-06-30": 19.375, "2010-03-31": "11.03200", "2009-12-31": 11.4, "2009-09-30": 10.665, "2009-06-30": 4.662, "2009-03-31": "7.34100", "2008-12-31": 17.705, "2008-09-30": 11.845, "2008-06-30": 0.701, "2008-03-31": "6.23300", "2007-12-31": 11.407, "2007-09-30": -5.531, "2007-06-30": 2.72, "2007-03-31": "6.56900", "2006-12-31": 14.216, "2006-09-30": 6.403, "2006-06-30": 9.921, "2006-03-31": "10.05300", "2005-12-31": -3.547, "2005-09-30": 17.543, "2005-06-30": 12.656, "2005-03-31": "14.63100"}, "Other Non-Cash Items": {"2020-09-30": 398.255, "2020-06-30": 79.669, "2020-03-31": "432.20800", "2019-12-31": 199.079, "2019-09-30": 223.131, "2019-06-30": -68.959, "2019-03-31": "-20.36400", "2018-12-31": 345.343, "2018-09-30": 75.736, "2018-06-30": -23.244, "2018-03-31": "178.98900", "2017-12-31": 38.1769, "2017-09-30": 892.354, "2017-06-30": 229.009, "2017-03-31": "-225.77700", "2016-12-31": -134.383, "2016-09-30": 59.836, "2016-06-30": 62.724, "2016-03-31": "142.46000", "2015-12-31": -31.097, "2015-09-30": 172.952, "2015-06-30": 276.607, "2015-03-31": "-106.05600", "2014-12-31": -142.347, "2014-09-30": -89.795, "2014-06-30": 85.92, "2014-03-31": "66.63300", "2013-12-31": 50.37, "2013-09-30": 126.799, "2013-06-30": 233.955, "2013-03-31": "-34.92500", "2012-12-31": 272.603, "2012-09-30": 75.826, "2012-06-30": 6.689, "2012-03-31": "131.38800", "2011-12-31": 78.37, "2011-09-30": -85.151, "2011-06-30": 349.3749, "2011-03-31": "936.75810", "2010-12-31": 4.567, "2010-09-30": 122.805, "2010-06-30": -54.465, "2010-03-31": "173.30500", "2009-12-31": -258.399, "2009-09-30": 382.036, "2009-06-30": 200.918, "2009-03-31": "205.14900", "2008-12-31": 40.819, "2008-09-30": 601.656, "2008-06-30": 190.972, "2008-03-31": "244.17400", "2007-12-31": 45.784, "2007-09-30": 191.628, "2007-06-30": 163.14, "2007-03-31": "178.15000", "2006-12-31": -4.352, "2006-09-30": 169.849, "2006-06-30": 38.058, "2006-03-31": "87.20700", "2005-12-31": 263.718, "2005-09-30": 1569.907, "2005-06-30": 208.621, "2005-03-31": "316.08000"}, "Total Non-Cash Items": {"2020-09-30": 425.084, "2020-06-30": 104.313, "2020-03-31": "455.97800", "2019-12-31": 224.283, "2019-09-30": 248.043, "2019-06-30": -41.303, "2019-03-31": "22.31400", "2018-12-31": 349.117, "2018-09-30": 129.913, "2018-06-30": 47.303, "2018-03-31": "257.28100", "2017-12-31": 111.1331, "2017-09-30": 910.7829, "2017-06-30": 243.422, "2017-03-31": "-206.81200", "2016-12-31": -112.919, "2016-09-30": 82.425, "2016-06-30": 84.771, "2016-03-31": "166.85400", "2015-12-31": -9.397, "2015-09-30": 210.195, "2015-06-30": 303.275, "2015-03-31": "-68.10300", "2014-12-31": -105.579, "2014-09-30": -54.755, "2014-06-30": 106.153, "2014-03-31": "113.44100", "2013-12-31": 91.238, "2013-09-30": 164.604, "2013-06-30": 273.336, "2013-03-31": "9.96000", "2012-12-31": 310.242, "2012-09-30": 118.513, "2012-06-30": 42.723, "2012-03-31": "164.14600", "2011-12-31": 111.371, "2011-09-30": -55.129, "2011-06-30": 373.044, "2011-03-31": "960.32700", "2010-12-31": 29.708, "2010-09-30": 142.483, "2010-06-30": -35.09, "2010-03-31": "184.33700", "2009-12-31": -246.999, "2009-09-30": 392.701, "2009-06-30": 205.58, "2009-03-31": "212.49000", "2008-12-31": 58.524, "2008-09-30": 613.501, "2008-06-30": 191.673, "2008-03-31": "250.40700", "2007-12-31": 57.191, "2007-09-30": 186.097, "2007-06-30": 165.86, "2007-03-31": "184.71900", "2006-12-31": 9.864, "2006-09-30": 176.252, "2006-06-30": 47.979, "2006-03-31": "97.26000", "2005-12-31": 260.171, "2005-09-30": 1587.45, "2005-06-30": 221.277, "2005-03-31": "330.71100"}, "Change In Accounts Receivable": {"2020-09-30": -1.431, "2020-06-30": 7.989, "2020-03-31": "1.23400", "2019-12-31": 3.431, "2019-09-30": 0.953, "2019-06-30": -3.788, "2019-03-31": "1.54400", "2018-12-31": -4.269, "2018-09-30": 2.924, "2018-06-30": -5.189, "2018-03-31": "3.35000", "2017-12-31": -13.083, "2017-09-30": 4.522, "2017-06-30": -1.388, "2017-03-31": "5.59600", "2016-12-31": -4.171, "2016-09-30": 1.024, "2016-06-30": -0.354, "2016-03-31": "2.61600", "2015-12-31": 1.78, "2015-09-30": 2.057, "2015-06-30": 1.97, "2015-03-31": "3.10100", "2014-12-31": 8.557, "2014-09-30": -0.698, "2014-06-30": -1.697, "2014-03-31": "7.62600", "2013-12-31": 1.153, "2013-09-30": -3.187, "2013-06-30": 0.779, "2013-03-31": "1.34300", "2012-12-31": -1.566, "2012-09-30": 1.763, "2012-06-30": -3.557, "2012-03-31": "4.48600", "2011-12-31": -3.026, "2011-09-30": 2.064, "2011-06-30": -3.371, "2011-03-31": "2.35100", "2010-12-31": -3.606, "2010-09-30": 1.928, "2010-06-30": -10.279, "2010-03-31": "5.15200", "2009-12-31": -7.39, "2009-09-30": 5.192, "2009-06-30": -6.615, "2009-03-31": "-1.51400", "2008-12-31": -4.539, "2008-09-30": 14.568, "2008-06-30": -8.271, "2008-03-31": "6.34800", "2007-12-31": -11.081, "2007-09-30": 5.894, "2007-06-30": -14.095, "2007-03-31": "8.91100", "2006-12-31": -11.732, "2006-09-30": 3.146, "2006-06-30": -9.779, "2006-03-31": "1.18200", "2005-12-31": -11.984, "2005-09-30": 6.992, "2005-06-30": -13.21, "2005-03-31": "6.12600"}, "Change In Inventories": {"2020-09-30": 0, "2020-06-30": 0, "2020-03-31": "", "2019-12-31": 0, "2019-09-30": 0, "2019-06-30": 0, "2019-03-31": "", "2018-12-31": 0, "2018-09-30": 0, "2018-06-30": 0, "2018-03-31": "", "2017-12-31": 0, "2017-09-30": 0, "2017-06-30": 0, "2017-03-31": "", "2016-12-31": 0, "2016-09-30": 0, "2016-06-30": 0, "2016-03-31": "", "2015-12-31": 0, "2015-09-30": 0, "2015-06-30": 0, "2015-03-31": "", "2014-12-31": 0, "2014-09-30": 0, "2014-06-30": 0, "2014-03-31": "", "2013-12-31": 0, "2013-09-30": 0, "2013-06-30": 0, "2013-03-31": "", "2012-12-31": 0, "2012-09-30": 0, "2012-06-30": 0, "2012-03-31": "", "2011-12-31": 0, "2011-09-30": 0, "2011-06-30": 0, "2011-03-31": "", "2010-12-31": 0, "2010-09-30": 0, "2010-06-30": 0, "2010-03-31": "", "2009-12-31": 0, "2009-09-30": 0, "2009-06-30": 0, "2009-03-31": "", "2008-12-31": 0, "2008-09-30": 0, "2008-06-30": 0, "2008-03-31": "", "2007-12-31": 0, "2007-09-30": 0, "2007-06-30": 0, "2007-03-31": "", "2006-12-31": 0, "2006-09-30": 0, "2006-06-30": 0, "2006-03-31": "", "2005-12-31": 0, "2005-09-30": 0, "2005-06-30": 0, "2005-03-31": ""}, "Change In Accounts Payable": {"2020-09-30": -2.023, "2020-06-30": -487.922, "2020-03-31": "593.64800", "2019-12-31": -7.746, "2019-09-30": -98.532, "2019-06-30": -633.155, "2019-03-31": "642.68600", "2018-12-31": -213.58, "2018-09-30": -599.824, "2018-06-30": -206.7631, "2018-03-31": "837.27310", "2017-12-31": -474.624, "2017-09-30": -182.656, "2017-06-30": -23.641, "2017-03-31": "567.94100", "2016-12-31": -667.804, "2016-09-30": -339.213, "2016-06-30": 54.036, "2016-03-31": "783.21500", "2015-12-31": -328.708, "2015-09-30": -243.597, "2015-06-30": 8.475, "2015-03-31": "546.71600", "2014-12-31": -402.596, "2014-09-30": -280.493, "2014-06-30": -0.806, "2014-03-31": "717.08600", "2013-12-31": -260.742, "2013-09-30": 407.131, "2013-06-30": -627.7941, "2013-03-31": "695.97710", "2012-12-31": -338.189, "2012-09-30": -209.756, "2012-06-30": -50.433, "2012-03-31": "521.55500", "2011-12-31": -350.012, "2011-09-30": -170.524, "2011-06-30": 10.855, "2011-03-31": "613.24000", "2010-12-31": -267.109, "2010-09-30": -130.012, "2010-06-30": 52.5, "2010-03-31": "549.38900", "2009-12-31": -491.719, "2009-09-30": -110.881, "2009-06-30": -5.758, "2009-03-31": "496.94100", "2008-12-31": -318.814, "2008-09-30": -138.553, "2008-06-30": 3.926, "2008-03-31": "433.14200", "2007-12-31": -284.165, "2007-09-30": -101.957, "2007-06-30": 61.414, "2007-03-31": "454.12000", "2006-12-31": -118.657, "2006-09-30": -86.867, "2006-06-30": 141.633, "2006-03-31": "358.73800", "2005-12-31": -292.963, "2005-09-30": -27.703, "2005-06-30": -50.577, "2005-03-31": "476.54700"}, "Change In Assets/Liabilities": {"2020-09-30": -113.459, "2020-06-30": 411.312, "2020-03-31": "-922.77700", "2019-12-31": -261.725, "2019-09-30": 69.235, "2019-06-30": 542.308, "2019-03-31": "-833.01700", "2018-12-31": -63.871, "2018-09-30": 586.512, "2018-06-30": 106.566, "2018-03-31": "-1258.99100", "2017-12-31": 351.146, "2017-09-30": -112.374, "2017-06-30": -128.926, "2017-03-31": "-422.84100", "2016-12-31": 777.4, "2016-09-30": 271.924, "2016-06-30": -191.127, "2016-03-31": "-1015.32100", "2015-12-31": 279.802, "2015-09-30": 361.022, "2015-06-30": -243.392, "2015-03-31": "-675.62700", "2014-12-31": 455.188, "2014-09-30": 396.48, "2014-06-30": -64.933, "2014-03-31": "-835.35600", "2013-12-31": 195.144, "2013-09-30": -287.478, "2013-06-30": 506.285, "2013-03-31": "-798.24600", "2012-12-31": 271.921, "2012-09-30": 281.793, "2012-06-30": 110.218, "2012-03-31": "-650.48300", "2011-12-31": 350.893, "2011-09-30": 401.792, "2011-06-30": -176.35, "2011-03-31": "-923.68800", "2010-12-31": 288.302, "2010-09-30": 66.22, "2010-06-30": -18.422, "2010-03-31": "-524.44700", "2009-12-31": 410.976, "2009-09-30": 241.926, "2009-06-30": -154.111, "2009-03-31": "-588.84900", "2008-12-31": 422.221, "2008-09-30": 239.853, "2008-06-30": -12.67, "2008-03-31": "-612.96700", "2007-12-31": 217.463, "2007-09-30": 193.834, "2007-06-30": -63.358, "2007-03-31": "-579.84900", "2006-12-31": 213.926, "2006-09-30": 242.237, "2006-06-30": -50.365, "2006-03-31": "-364.57200", "2005-12-31": 267.965, "2005-09-30": -832.652, "2005-06-30": 81.605, "2005-03-31": "-521.25400"}, "Total Change In Assets/Liabilities": {"2020-09-30": -116.913, "2020-06-30": -68.621, "2020-03-31": "-327.89500", "2019-12-31": -266.04, "2019-09-30": -28.344, "2019-06-30": -94.635, "2019-03-31": "-188.78700", "2018-12-31": -281.72, "2018-09-30": -10.388, "2018-06-30": -105.3861, "2018-03-31": "-418.36790", "2017-12-31": -136.561, "2017-09-30": -290.508, "2017-06-30": -153.955, "2017-03-31": "150.69600", "2016-12-31": 105.425, "2016-09-30": -66.2651, "2016-06-30": -137.445, "2016-03-31": "-229.48990", "2015-12-31": -47.126, "2015-09-30": 119.482, "2015-06-30": -232.947, "2015-03-31": "-125.81000", "2014-12-31": 61.149, "2014-09-30": 115.289, "2014-06-30": -67.436, "2014-03-31": "-110.64400", "2013-12-31": -64.445, "2013-09-30": 116.466, "2013-06-30": -120.73, "2013-03-31": "-100.92600", "2012-12-31": -67.834, "2012-09-30": 73.8001, "2012-06-30": 56.2279, "2012-03-31": "-124.44200", "2011-12-31": -2.145, "2011-09-30": 233.332, "2011-06-30": -168.866, "2011-03-31": "-308.09700", "2010-12-31": 17.587, "2010-09-30": -61.8639, "2010-06-30": 23.799, "2010-03-31": "30.09390", "2009-12-31": -88.133, "2009-09-30": 136.237, "2009-06-30": -166.484, "2009-03-31": "-93.42200", "2008-12-31": 98.868, "2008-09-30": 115.868, "2008-06-30": -17.015, "2008-03-31": "-173.47700", "2007-12-31": -77.783, "2007-09-30": 97.771, "2007-06-30": -16.039, "2007-03-31": "-116.81800", "2006-12-31": 83.537, "2006-09-30": 158.516, "2006-06-30": 81.489, "2006-03-31": "-4.65200", "2005-12-31": -36.982, "2005-09-30": -853.363, "2005-06-30": 17.818, "2005-03-31": "-38.58100"}, "Cash Flow From Operating Activities": {"2020-09-30": 242.787, "2020-06-30": 155.736, "2020-03-31": "-49.74400", "2019-12-31": -42.511, "2019-09-30": 258.098, "2019-06-30": 41.109, "2019-03-31": "-57.69200", "2018-12-31": -120.394, "2018-09-30": 173.618, "2018-06-30": 45.434, "2018-03-31": "-87.88500", "2017-12-31": -52.856, "2017-09-30": 163.192, "2017-06-30": 185.154, "2017-03-31": "-36.26100", "2016-12-31": 141.414, "2016-09-30": 202.774, "2016-06-30": 76.786, "2016-03-31": "-14.25000", "2015-12-31": 88.27, "2015-09-30": 587.318, "2015-06-30": 143.7, "2015-03-31": "-28.08800", "2014-12-31": 126.441, "2014-09-30": 343.498, "2014-06-30": 240.975, "2014-03-31": "151.26800", "2013-12-31": 208.342, "2013-09-30": 431.706, "2013-06-30": 236.329, "2013-03-31": "220.59100", "2012-12-31": 232.598, "2012-09-30": 424.459, "2012-06-30": 288.019, "2012-03-31": "175.54100", "2011-12-31": 198.509, "2011-09-30": 399.479, "2011-06-30": 314.465, "2011-03-31": "277.68900", "2010-12-31": 320.857, "2010-09-30": 328.678, "2010-06-30": 202.78, "2010-03-31": "335.46200", "2009-12-31": -43.85, "2009-09-30": 442.264, "2009-06-30": 207.476, "2009-03-31": "243.96600", "2008-12-31": 297.469, "2008-09-30": 489.241, "2008-06-30": 415.144, "2008-03-31": "323.87100", "2007-12-31": 294.71, "2007-09-30": 562.986, "2007-06-30": 410.636, "2007-03-31": "304.68400", "2006-12-31": 383.571, "2006-09-30": 570.216, "2006-06-30": 362.094, "2006-03-31": "297.42400", "2005-12-31": 461.06, "2005-09-30": 266.012, "2005-06-30": 411.94, "2005-03-31": "443.92900"}, "Net Change In Property, Plant, And Equipment": {"2020-09-30": -8.112, "2020-06-30": -14.985, "2020-03-31": "-13.48500", "2019-12-31": -21.306, "2019-09-30": -9.053, "2019-06-30": -20.696, "2019-03-31": "-12.05100", "2018-12-31": -8.185, "2018-09-30": -3.875, "2018-06-30": -13.043, "2018-03-31": "", "2017-12-31": -16.843, "2017-09-30": -13.637, "2017-06-30": -7.778, "2017-03-31": "-4.42700", "2016-12-31": -8.094, "2016-09-30": -5.742, "2016-06-30": 31.408, "2016-03-31": "-44.72100", "2015-12-31": -15.282, "2015-09-30": -6.308, "2015-06-30": -7.446, "2015-03-31": "-4.64700", "2014-12-31": -0.551, "2014-09-30": -4.267, "2014-06-30": 3.113, "2014-03-31": "-19.15200", "2013-12-31": -6.902, "2013-09-30": -6.761, "2013-06-30": -3.036, "2013-03-31": "-7.60500", "2012-12-31": -8.987, "2012-09-30": -13.039, "2012-06-30": -7.805, "2012-03-31": "-5.49100", "2011-12-31": -23.284, "2011-09-30": -6.745, "2011-06-30": -5.776, "2011-03-31": "-6.38800", "2010-12-31": -5.877, "2010-09-30": -6.983, "2010-06-30": -3.233, "2010-03-31": "-1.76100", "2009-12-31": 1.622, "2009-09-30": -3.738, "2009-06-30": -2.119, "2009-03-31": "-37.54100", "2008-12-31": -2.644, "2008-09-30": -3.035, "2008-06-30": -2.537, "2008-03-31": "-3.06800", "2007-12-31": -8.765, "2007-09-30": -4.536, "2007-06-30": -33.725, "2007-03-31": "", "2006-12-31": 0, "2006-09-30": 0, "2006-06-30": 0, "2006-03-31": "", "2005-12-31": -27.751, "2005-09-30": 0, "2005-06-30": 0, "2005-03-31": ""}, "Net Change In Intangible Assets": {"2020-09-30": 0, "2020-06-30": 0, "2020-03-31": "", "2019-12-31": 0, "2019-09-30": 0, "2019-06-30": 0, "2019-03-31": "", "2018-12-31": 0, "2018-09-30": 0, "2018-06-30": 0, "2018-03-31": "", "2017-12-31": 0, "2017-09-30": 0, "2017-06-30": 0, "2017-03-31": "", "2016-12-31": 0, "2016-09-30": 0, "2016-06-30": 0, "2016-03-31": "", "2015-12-31": 0, "2015-09-30": 0, "2015-06-30": 0, "2015-03-31": "", "2014-12-31": 0, "2014-09-30": 0, "2014-06-30": 0, "2014-03-31": "", "2013-12-31": 0, "2013-09-30": 0, "2013-06-30": 0, "2013-03-31": "", "2012-12-31": 0, "2012-09-30": 0, "2012-06-30": 0, "2012-03-31": "", "2011-12-31": 0, "2011-09-30": 0, "2011-06-30": 0, "2011-03-31": "", "2010-12-31": 0, "2010-09-30": 0, "2010-06-30": 0, "2010-03-31": "", "2009-12-31": 0, "2009-09-30": 0, "2009-06-30": 0, "2009-03-31": "", "2008-12-31": 0, "2008-09-30": 0, "2008-06-30": 0, "2008-03-31": "", "2007-12-31": 0, "2007-09-30": 0, "2007-06-30": 0, "2007-03-31": "", "2006-12-31": 0, "2006-09-30": 0, "2006-06-30": 0, "2006-03-31": "", "2005-12-31": 0, "2005-09-30": 0, "2005-06-30": 0, "2005-03-31": ""}, "Net Acquisitions/Divestitures": {"2020-09-30": 0, "2020-06-30": 0, "2020-03-31": "", "2019-12-31": 0, "2019-09-30": 0, "2019-06-30": 0, "2019-03-31": "", "2018-12-31": 0, "2018-09-30": 0, "2018-06-30": 0, "2018-03-31": "", "2017-12-31": -393.874, "2017-09-30": 5.805, "2017-06-30": -78.872, "2017-03-31": "", "2016-12-31": 0, "2016-09-30": 0, "2016-06-30": 0, "2016-03-31": "", "2015-12-31": 0, "2015-09-30": 0, "2015-06-30": 0, "2015-03-31": "", "2014-12-31": 0, "2014-09-30": 0, "2014-06-30": 0, "2014-03-31": "", "2013-12-31": 0, "2013-09-30": 0, "2013-06-30": 0, "2013-03-31": "", "2012-12-31": 0, "2012-09-30": 0, "2012-06-30": 0, "2012-03-31": "", "2011-12-31": 0, "2011-09-30": 0, "2011-06-30": 0, "2011-03-31": "", "2010-12-31": 0, "2010-09-30": 0, "2010-06-30": 0, "2010-03-31": "", "2009-12-31": 0, "2009-09-30": 0, "2009-06-30": 0, "2009-03-31": "", "2008-12-31": 0, "2008-09-30": 0, "2008-06-30": 0, "2008-03-31": "", "2007-12-31": 0, "2007-09-30": 0, "2007-06-30": 0, "2007-03-31": "", "2006-12-31": 0, "2006-09-30": 0, "2006-06-30": 0, "2006-03-31": "", "2005-12-31": 27.772, "2005-09-30": -27.772, "2005-06-30": 0, "2005-03-31": ""}, "Net Change In Short-term Investments": {"2020-09-30": -3303.662, "2020-06-30": -2514.955, "2020-03-31": "-2869.23100", "2019-12-31": -2297.562, "2019-09-30": -2688.474, "2019-06-30": -2600.129, "2019-03-31": "-2507.47500", "2018-12-31": -1706.53, "2018-09-30": -1806.346, "2018-06-30": -2582.174, "2018-03-31": "-2495.84700", "2017-12-31": -2436.3, "2017-09-30": -1495.949, "2017-06-30": -2104.901, "2017-03-31": "-2544.58700", "2016-12-31": -2583.032, "2016-09-30": -1980.388, "2016-06-30": -2247.86, "2016-03-31": "-2568.35800", "2015-12-31": -2945.709, "2015-09-30": -2744.742, "2015-06-30": -2331.531, "2015-03-31": "-3046.37800", "2014-12-31": -3355.49, "2014-09-30": -2644.942, "2014-06-30": -3086.249, "2014-03-31": "-3549.33900", "2013-12-31": -3154.129, "2013-09-30": -3194.894, "2013-06-30": -3375.293, "2013-03-31": "-2642.41400", "2012-12-31": -2797.67, "2012-09-30": -3846.778, "2012-06-30": -3035.582, "2012-03-31": "-4147.34000", "2011-12-31": -3552.71, "2011-09-30": -5268.204, "2011-06-30": -3460.864, "2011-03-31": "-3880.13200", "2010-12-31": -3600.697, "2010-09-30": -3856.149, "2010-06-30": -2527.626, "2010-03-31": "-2910.54800", "2009-12-31": -3014.889, "2009-09-30": -3125.033, "2009-06-30": -1630.046, "2009-03-31": "-3518.59200", "2008-12-31": 5470.414, "2008-09-30": -2241.156, "2008-06-30": -4449.646, "2008-03-31": "-295.91800", "2007-12-31": -1209.517, "2007-09-30": -569.007, "2007-06-30": -478.417, "2007-03-31": "-220.82100", "2006-12-31": 12.8239, "2006-09-30": -402.4552, "2006-06-30": -152.208, "2006-03-31": "77.20010", "2005-12-31": -402.7702, "2005-09-30": -340.9659, "2005-06-30": -229.7901, "2005-03-31": "89.14000"}, "Net Change In Long-Term Investments": {"2020-09-30": 2895.222, "2020-06-30": 3309.444, "2020-03-31": "2905.73700", "2019-12-31": 2317.401, "2019-09-30": 2590.932, "2019-06-30": 2057.347, "2019-03-31": "2416.75600", "2018-12-31": 1944.16, "2018-09-30": 1905.076, "2018-06-30": 2491.054, "2018-03-31": "2914.26600", "2017-12-31": 2390.684, "2017-09-30": 1994.679, "2017-06-30": 2106.659, "2017-03-31": "2990.85100", "2016-12-31": 2302.948, "2016-09-30": 2026.373, "2016-06-30": 2361.816, "2016-03-31": "2586.61300", "2015-12-31": 2903.586, "2015-09-30": 2516.523, "2015-06-30": 2226.399, "2015-03-31": "3200.24200", "2014-12-31": 3653.212, "2014-09-30": 2717.483, "2014-06-30": 2926.3, "2014-03-31": "3429.12500", "2013-12-31": 2927.439, "2013-09-30": 2810.878, "2013-06-30": 3530.051, "2013-03-31": "2607.19200", "2012-12-31": 2593.61, "2012-09-30": 3650.075, "2012-06-30": 2992.007, "2012-03-31": "3754.36800", "2011-12-31": 3350.75, "2011-09-30": 5065.261, "2011-06-30": 3253.82, "2011-03-31": "3686.69900", "2010-12-31": 3432.667, "2010-09-30": 3552.199, "2010-06-30": 2196.95, "2010-03-31": "3083.66400", "2009-12-31": 2887.267, "2009-09-30": 2558.324, "2009-06-30": 1396.343, "2009-03-31": "2961.87900", "2008-12-31": -5328.2097, "2008-09-30": 2221.063, "2008-06-30": 3765.426, "2008-03-31": "227.58200", "2007-12-31": 707.292, "2007-09-30": 472.916, "2007-06-30": -5.079, "2007-03-31": "52.30800", "2006-12-31": -400.317, "2006-09-30": -90.517, "2006-06-30": -84.75, "2006-03-31": "-126.00000", "2005-12-31": -66.7721, "2005-09-30": -70.102, "2005-06-30": -113.998, "2005-03-31": "-50.00000"}, "Net Change In Investments - Total": {"2020-09-30": -408.4394, "2020-06-30": 794.4892, "2020-03-31": "36.50590", "2019-12-31": 19.834, "2019-09-30": -97.5415, "2019-06-30": -542.7823, "2019-03-31": "-90.71920", "2018-12-31": 237.6294, "2018-09-30": 98.73, "2018-06-30": -91.1201, "2018-03-31": "418.41890", "2017-12-31": -45.6167, "2017-09-30": 498.7309, "2017-06-30": 1.7576, "2017-03-31": "446.26390", "2016-12-31": -280.083, "2016-09-30": 45.9839, "2016-06-30": 113.9563, "2016-03-31": "18.25510", "2015-12-31": -42.125, "2015-09-30": -228.2192, "2015-06-30": -105.1321, "2015-03-31": "153.86400", "2014-12-31": 297.7188, "2014-09-30": 72.541, "2014-06-30": -159.9492, "2014-03-31": "-120.21390", "2013-12-31": -226.6865, "2013-09-30": -384.0151, "2013-06-30": 154.7575, "2013-03-31": "-35.22190", "2012-12-31": -204.0732, "2012-09-30": -196.6953, "2012-06-30": -43.5752, "2012-03-31": "-392.97170", "2011-12-31": -201.96, "2011-09-30": -202.9389, "2011-06-30": -207.044, "2011-03-31": "-193.43310", "2010-12-31": -168.0254, "2010-09-30": -303.9506, "2010-06-30": -330.6758, "2010-03-31": "173.11570", "2009-12-31": -127.622, "2009-09-30": -566.709, "2009-06-30": -233.7029, "2009-03-31": "-556.71310", "2008-12-31": 142.2046, "2008-09-30": -20.093, "2008-06-30": -684.2199, "2008-03-31": "-68.33600", "2007-12-31": -502.2251, "2007-09-30": -96.0909, "2007-06-30": -483.496, "2007-03-31": "-168.51300", "2006-12-31": -387.4929, "2006-09-30": -492.9722, "2006-06-30": -236.9579, "2006-03-31": "-48.80000", "2005-12-31": -469.5421, "2005-09-30": -411.0678, "2005-06-30": -343.7881, "2005-03-31": "39.14000"}, "Investing Activities - Other": {"2020-09-30": 0, "2020-06-30": 0, "2020-03-31": "", "2019-12-31": 0, "2019-09-30": 0, "2019-06-30": 0, "2019-03-31": "", "2018-12-31": 0, "2018-09-30": 0, "2018-06-30": 0, "2018-03-31": "", "2017-12-31": 0, "2017-09-30": 0, "2017-06-30": 0, "2017-03-31": "", "2016-12-31": 42.445, "2016-09-30": -28.536, "2016-06-30": -25.536, "2016-03-31": "11.62700", "2015-12-31": 1.602, "2015-09-30": 2.444, "2015-06-30": 6.312, "2015-03-31": "19.24000", "2014-12-31": -170.431, "2014-09-30": 27.943, "2014-06-30": -56.422, "2014-03-31": "-24.40500", "2013-12-31": -4.105, "2013-09-30": 44.998, "2013-06-30": -48.884, "2013-03-31": "34.17400", "2012-12-31": -20.874, "2012-09-30": 51.881, "2012-06-30": 30.192, "2012-03-31": "-50.94300", "2011-12-31": 164.832, "2011-09-30": -70.403, "2011-06-30": -72.495, "2011-03-31": "-7.08300", "2010-12-31": 31.689, "2010-09-30": -42.602, "2010-06-30": 25.771, "2010-03-31": "-55.25800", "2009-12-31": 55.077, "2009-09-30": -13.697, "2009-06-30": -15.193, "2009-03-31": "21.46500", "2008-12-31": 47.396, "2008-09-30": -13.509, "2008-06-30": -20.154, "2008-03-31": "-5.31900", "2007-12-31": -73.396, "2007-09-30": 22.118, "2007-06-30": -22.118, "2007-03-31": "", "2006-12-31": -105.7, "2006-09-30": 0, "2006-06-30": 0, "2006-03-31": "", "2005-12-31": 0, "2005-09-30": 0, "2005-06-30": 0, "2005-03-31": ""}, "Cash Flow From Investing Activities": {"2020-09-30": -416.551, "2020-06-30": 779.504, "2020-03-31": "23.02100", "2019-12-31": -1.472, "2019-09-30": -106.595, "2019-06-30": -563.478, "2019-03-31": "-102.77000", "2018-12-31": 229.443, "2018-09-30": 94.855, "2018-06-30": -104.163, "2018-03-31": "418.41900", "2017-12-31": -456.333, "2017-09-30": 490.898, "2017-06-30": -84.892, "2017-03-31": "441.83700", "2016-12-31": -245.731, "2016-09-30": 11.706, "2016-06-30": 119.828, "2016-03-31": "-14.83900", "2015-12-31": -55.805, "2015-09-30": -232.083, "2015-06-30": -106.266, "2015-03-31": "168.45700", "2014-12-31": 126.738, "2014-09-30": 96.215, "2014-06-30": -213.258, "2014-03-31": "-163.77100", "2013-12-31": -237.693, "2013-09-30": -345.779, "2013-06-30": 102.838, "2013-03-31": "-8.65300", "2012-12-31": -233.933, "2012-09-30": -157.854, "2012-06-30": -21.188, "2012-03-31": "-449.40600", "2011-12-31": -60.413, "2011-09-30": -280.086, "2011-06-30": -285.315, "2011-03-31": "-206.90400", "2010-12-31": -142.213, "2010-09-30": -353.536, "2010-06-30": -308.138, "2010-03-31": "116.09700", "2009-12-31": -70.923, "2009-09-30": -584.144, "2009-06-30": -251.015, "2009-03-31": "-572.78900", "2008-12-31": 186.958, "2008-09-30": -36.637, "2008-06-30": -706.911, "2008-03-31": "-76.72300", "2007-12-31": -584.387, "2007-09-30": -78.509, "2007-06-30": -539.339, "2007-03-31": "-168.51300", "2006-12-31": -493.193, "2006-09-30": -492.972, "2006-06-30": -236.958, "2006-03-31": "-48.80000", "2005-12-31": -469.521, "2005-09-30": -438.84, "2005-06-30": -343.788, "2005-03-31": "39.14000"}, "Net Long-Term Debt": {"2020-09-30": 0, "2020-06-30": -500, "2020-03-31": "", "2019-12-31": 421.175, "2019-09-30": 0, "2019-06-30": 46.334, "2019-03-31": "", "2018-12-31": 0, "2018-09-30": 0, "2018-06-30": 0, "2018-03-31": "", "2017-12-31": 279.12, "2017-09-30": 0, "2017-06-30": 0, "2017-03-31": "", "2016-12-31": 0, "2016-09-30": 0, "2016-06-30": 0, "2016-03-31": "", "2015-12-31": 0, "2015-09-30": 0, "2015-06-30": 0, "2015-03-31": "", "2014-12-31": -500, "2014-09-30": 0, "2014-06-30": 0, "2014-03-31": "494.34400", "2013-12-31": 0, "2013-09-30": 0, "2013-06-30": 0, "2013-03-31": "", "2012-12-31": 0, "2012-09-30": 0, "2012-06-30": 0, "2012-03-31": "", "2011-12-31": 0, "2011-09-30": 0, "2011-06-30": 0, "2011-03-31": "", "2010-12-31": 0, "2010-09-30": 0, "2010-06-30": 0, "2010-03-31": "494.87000", "2009-12-31": 0, "2009-09-30": 0, "2009-06-30": 0, "2009-03-31": "", "2008-12-31": 0, "2008-09-30": 0, "2008-06-30": 0, "2008-03-31": "", "2007-12-31": 0, "2007-09-30": 0, "2007-06-30": 0, "2007-03-31": "", "2006-12-31": 0, "2006-09-30": 0, "2006-06-30": 0, "2006-03-31": "", "2005-12-31": 0, "2005-09-30": 0, "2005-06-30": 0, "2005-03-31": ""}, "Net Current Debt": {"2020-09-30": 0, "2020-06-30": 0, "2020-03-31": "", "2019-12-31": 0, "2019-09-30": 0, "2019-06-30": 0, "2019-03-31": "", "2018-12-31": 0, "2018-09-30": 0, "2018-06-30": 0, "2018-03-31": "", "2017-12-31": 0, "2017-09-30": 0, "2017-06-30": 0, "2017-03-31": "", "2016-12-31": 0, "2016-09-30": 0, "2016-06-30": 0, "2016-03-31": "", "2015-12-31": 0, "2015-09-30": 0, "2015-06-30": 0, "2015-03-31": "", "2014-12-31": 0, "2014-09-30": 0, "2014-06-30": 0, "2014-03-31": "", "2013-12-31": 0, "2013-09-30": 0, "2013-06-30": 0, "2013-03-31": "", "2012-12-31": 0, "2012-09-30": 0, "2012-06-30": 0, "2012-03-31": "", "2011-12-31": 0, "2011-09-30": 0, "2011-06-30": 0, "2011-03-31": "", "2010-12-31": 0, "2010-09-30": 0, "2010-06-30": 0, "2010-03-31": "", "2009-12-31": 0, "2009-09-30": 0, "2009-06-30": 0, "2009-03-31": "", "2008-12-31": 0, "2008-09-30": 0, "2008-06-30": 0, "2008-03-31": "", "2007-12-31": 0, "2007-09-30": 0, "2007-06-30": 0, "2007-03-31": "", "2006-12-31": 0, "2006-09-30": 0, "2006-06-30": 0, "2006-03-31": "", "2005-12-31": 0, "2005-09-30": 0, "2005-06-30": 0, "2005-03-31": ""}, "Debt Issuance/Retirement Net - Total": {"2020-09-30": 0, "2020-06-30": -500, "2020-03-31": "", "2019-12-31": 421.175, "2019-09-30": 0, "2019-06-30": 46.334, "2019-03-31": "", "2018-12-31": 0, "2018-09-30": 0, "2018-06-30": 0, "2018-03-31": "", "2017-12-31": 279.12, "2017-09-30": 0, "2017-06-30": 0, "2017-03-31": "", "2016-12-31": 0, "2016-09-30": 0, "2016-06-30": 0, "2016-03-31": "", "2015-12-31": 0, "2015-09-30": 0, "2015-06-30": 0, "2015-03-31": "", "2014-12-31": -500, "2014-09-30": 0, "2014-06-30": 0, "2014-03-31": "494.34400", "2013-12-31": 0, "2013-09-30": 0, "2013-06-30": 0, "2013-03-31": "", "2012-12-31": 0, "2012-09-30": 0, "2012-06-30": 0, "2012-03-31": "", "2011-12-31": 0, "2011-09-30": 0, "2011-06-30": 0, "2011-03-31": "", "2010-12-31": 0, "2010-09-30": 0, "2010-06-30": 0, "2010-03-31": "494.87000", "2009-12-31": 0, "2009-09-30": 0, "2009-06-30": 0, "2009-03-31": "", "2008-12-31": 0, "2008-09-30": 0, "2008-06-30": 0, "2008-03-31": "", "2007-12-31": 0, "2007-09-30": 0, "2007-06-30": 0, "2007-03-31": "", "2006-12-31": 0, "2006-09-30": 0, "2006-06-30": 0, "2006-03-31": "", "2005-12-31": 0, "2005-09-30": 0, "2005-06-30": 0, "2005-03-31": ""}, "Net Common Equity Issued/Repurchased": {"2020-09-30": 0, "2020-06-30": 0, "2020-03-31": "", "2019-12-31": 0, "2019-09-30": 0, "2019-06-30": 0, "2019-03-31": "", "2018-12-31": 0, "2018-09-30": 0, "2018-06-30": 0, "2018-03-31": "", "2017-12-31": 4.836, "2017-09-30": -3.424, "2017-06-30": -142.043, "2017-03-31": "-120.54900", "2016-12-31": -106.124, "2016-09-30": -126.036, "2016-06-30": -128.814, "2016-03-31": "-134.22800", "2015-12-31": 18.837, "2015-09-30": -306.279, "2015-06-30": -3.058, "2015-03-31": "-19.71800", "2014-12-31": -74.173, "2014-09-30": -125.095, "2014-06-30": -153.114, "2014-03-31": "-160.27000", "2013-12-31": -59.406, "2013-09-30": -16.716, "2013-06-30": -203.287, "2013-03-31": "-122.51500", "2012-12-31": 0.648, "2012-09-30": -177.26, "2012-06-30": -89.492, "2012-03-31": "-46.46300", "2011-12-31": -49.983, "2011-09-30": 0.022, "2011-06-30": 0.487, "2011-03-31": "-9.67600", "2010-12-31": -273.398, "2010-09-30": -12.819, "2010-06-30": -120.374, "2010-03-31": "-294.76300", "2009-12-31": -169.029, "2009-09-30": 1.934, "2009-06-30": 0.675, "2009-03-31": "-5.64500", "2008-12-31": -50.195, "2008-09-30": -55.394, "2008-06-30": -176.779, "2008-03-31": "17.48200", "2007-12-31": -123.821, "2007-09-30": -79.517, "2007-06-30": -95.618, "2007-03-31": "-0.25600", "2006-12-31": 0.298, "2006-09-30": 2.737, "2006-06-30": 1.327, "2006-03-31": "13.15900", "2005-12-31": -42.617, "2005-09-30": 246.107, "2005-06-30": 0.519, "2005-03-31": "-349.96300"}, "Net Total Equity Issued/Repurchased": {"2020-09-30": 0, "2020-06-30": 0, "2020-03-31": "-225.00000", "2019-12-31": 0, "2019-09-30": 0, "2019-06-30": 0, "2019-03-31": "", "2018-12-31": 0, "2018-09-30": 0, "2018-06-30": 0, "2018-03-31": "", "2017-12-31": 4.836, "2017-09-30": -3.424, "2017-06-30": -493.117, "2017-03-31": "-120.54900", "2016-12-31": 376.895, "2016-09-30": -126.036, "2016-06-30": -128.814, "2016-03-31": "-137.07100", "2015-12-31": 18.837, "2015-09-30": -306.279, "2015-06-30": -3.058, "2015-03-31": "-19.71800", "2014-12-31": -74.173, "2014-09-30": -125.095, "2014-06-30": -153.114, "2014-03-31": "-160.27000", "2013-12-31": -59.406, "2013-09-30": -16.716, "2013-06-30": -84.838, "2013-03-31": "-122.51500", "2012-12-31": 0.648, "2012-09-30": -177.26, "2012-06-30": -493.989, "2012-03-31": "347.50500", "2011-12-31": -49.983, "2011-09-30": 0.022, "2011-06-30": 0.487, "2011-03-31": "-9.67600", "2010-12-31": -273.398, "2010-09-30": -12.819, "2010-06-30": -120.374, "2010-03-31": "-294.76300", "2009-12-31": -169.029, "2009-09-30": 1.934, "2009-06-30": 0.675, "2009-03-31": "-5.64500", "2008-12-31": -50.195, "2008-09-30": -55.394, "2008-06-30": -176.779, "2008-03-31": "17.48200", "2007-12-31": -123.821, "2007-09-30": -79.517, "2007-06-30": -95.618, "2007-03-31": "-0.25600", "2006-12-31": 0.172, "2006-09-30": 2.737, "2006-06-30": 1.327, "2006-03-31": "13.15900", "2005-12-31": 446.947, "2005-09-30": 246.107, "2005-06-30": 0.519, "2005-03-31": "-349.96300"}, "Total Common And Preferred Stock Dividends Paid": {"2020-09-30": -42.164, "2020-06-30": -42.238, "2020-03-31": "-46.46200", "2019-12-31": -44.339, "2019-09-30": -44.234, "2019-06-30": -44.345, "2019-03-31": "-46.91600", "2018-12-31": -43.388, "2018-09-30": -43.254, "2018-06-30": -43.556, "2018-03-31": "-45.92900", "2017-12-31": -42.82, "2017-09-30": -42.335, "2017-06-30": -49.339, "2017-03-31": "-53.38200", "2016-12-31": -41.622, "2016-09-30": -41.292, "2016-06-30": -42.679, "2016-03-31": "-46.63900", "2015-12-31": -39.063, "2015-09-30": -40.463, "2015-06-30": -39.089, "2015-03-31": "-40.12500", "2014-12-31": -37.549, "2014-09-30": -39.211, "2014-06-30": -41.363, "2014-03-31": "-39.58400", "2013-12-31": -38.027, "2013-09-30": -38.53, "2013-06-30": -39.132, "2013-03-31": "-41.93000", "2012-12-31": -37.159, "2012-09-30": -45.196, "2012-06-30": -34.743, "2012-03-31": "-41.61700", "2011-12-31": -39.4, "2011-09-30": -37.609, "2011-06-30": -127.782, "2011-03-31": "-38.53900", "2010-12-31": -34.431, "2010-09-30": -34.869, "2010-06-30": -35.268, "2010-03-31": "-40.60900", "2009-12-31": -36.985, "2009-09-30": -34.874, "2009-06-30": -41.69, "2009-03-31": "-36.31000", "2008-12-31": -34.934, "2008-09-30": -35.095, "2008-06-30": -36.593, "2008-03-31": "-36.62100", "2007-12-31": -36.622, "2007-09-30": -36.535, "2007-06-30": -37.057, "2007-03-31": "-37.78700", "2006-12-31": -31.757, "2006-09-30": -31.186, "2006-06-30": -31.868, "2006-03-31": "-33.05900", "2005-12-31": -20.545, "2005-09-30": -21.43, "2005-06-30": -21.432, "2005-03-31": "-19.37000"}, "Financial Activities - Other": {"2020-09-30": -0.083, "2020-06-30": -0.111, "2020-03-31": "-8.49100", "2019-12-31": -0.72, "2019-09-30": -0.031, "2019-06-30": -0.411, "2019-03-31": "-9.00300", "2018-12-31": -1.381, "2018-09-30": -0.023, "2018-06-30": -1.513, "2018-03-31": "-7.16300", "2017-12-31": -0.198, "2017-09-30": -0.11, "2017-06-30": -1.11, "2017-03-31": "-23.26000", "2016-12-31": -14.329, "2016-09-30": 0, "2016-06-30": 0, "2016-03-31": "", "2015-12-31": -18.048, "2015-09-30": 0, "2015-06-30": 0, "2015-03-31": "", "2014-12-31": 0, "2014-09-30": -10, "2014-06-30": 0, "2014-03-31": "", "2013-12-31": 0, "2013-09-30": 0, "2013-06-30": 0, "2013-03-31": "", "2012-12-31": 0, "2012-09-30": 0, "2012-06-30": 0, "2012-03-31": "", "2011-12-31": 0, "2011-09-30": 0, "2011-06-30": 0, "2011-03-31": "", "2010-12-31": 0, "2010-09-30": 0, "2010-06-30": 0, "2010-03-31": "", "2009-12-31": 0, "2009-09-30": 0, "2009-06-30": 0, "2009-03-31": "", "2008-12-31": 0, "2008-09-30": 0, "2008-06-30": 0, "2008-03-31": "", "2007-12-31": 0, "2007-09-30": -400, "2007-06-30": 0, "2007-03-31": "", "2006-12-31": 400, "2006-09-30": 0, "2006-06-30": 0, "2006-03-31": "", "2005-12-31": 0, "2005-09-30": 0, "2005-06-30": 0, "2005-03-31": ""}, "Cash Flow From Financial Activities": {"2020-09-30": -42.247, "2020-06-30": -542.349, "2020-03-31": "-279.95300", "2019-12-31": 376.116, "2019-09-30": -44.265, "2019-06-30": 1.578, "2019-03-31": "-55.91900", "2018-12-31": -44.769, "2018-09-30": -43.277, "2018-06-30": -45.069, "2018-03-31": "-53.09200", "2017-12-31": 240.938, "2017-09-30": -45.869, "2017-06-30": -543.566, "2017-03-31": "-197.19100", "2016-12-31": 320.944, "2016-09-30": -167.328, "2016-06-30": -171.493, "2016-03-31": "-183.71000", "2015-12-31": -38.274, "2015-09-30": -346.742, "2015-06-30": -42.147, "2015-03-31": "-59.84300", "2014-12-31": -611.722, "2014-09-30": -174.306, "2014-06-30": -194.477, "2014-03-31": "294.49000", "2013-12-31": -97.433, "2013-09-30": -55.246, "2013-06-30": -123.97, "2013-03-31": "-164.44500", "2012-12-31": -36.511, "2012-09-30": -222.456, "2012-06-30": -528.732, "2012-03-31": "305.88800", "2011-12-31": -89.383, "2011-09-30": -37.587, "2011-06-30": -127.295, "2011-03-31": "-48.21500", "2010-12-31": -307.829, "2010-09-30": -47.688, "2010-06-30": -155.642, "2010-03-31": "159.49800", "2009-12-31": -206.014, "2009-09-30": -32.94, "2009-06-30": -41.015, "2009-03-31": "-41.95500", "2008-12-31": -85.129, "2008-09-30": -90.489, "2008-06-30": -213.372, "2008-03-31": "-19.13900", "2007-12-31": -160.443, "2007-09-30": -516.052, "2007-06-30": -132.675, "2007-03-31": "-38.04300", "2006-12-31": 368.415, "2006-09-30": -28.449, "2006-06-30": -30.541, "2006-03-31": "-19.90000", "2005-12-31": 426.402, "2005-09-30": 224.677, "2005-06-30": -20.913, "2005-03-31": "-369.33300"}, "Net Cash Flow": {"2020-09-30": -208.017, "2020-06-30": 407.77, "2020-03-31": "-335.39400", "2019-12-31": 367.906, "2019-09-30": 113.837, "2019-06-30": -511.544, "2019-03-31": "-223.76200", "2018-12-31": 77.622, "2018-09-30": 225.705, "2018-06-30": -117.889, "2018-03-31": "280.79600", "2017-12-31": -267.341, "2017-09-30": 615.857, "2017-06-30": -436.3, "2017-03-31": "210.06300", "2016-12-31": 206.689, "2016-09-30": 55.255, "2016-06-30": 15.625, "2016-03-31": "-210.81300", "2015-12-31": -4.12, "2015-09-30": 2.858, "2015-06-30": 3.161, "2015-03-31": "64.40400", "2014-12-31": -368.547, "2014-09-30": 246.351, "2014-06-30": -161.728, "2014-03-31": "282.42800", "2013-12-31": -126.227, "2013-09-30": 38.748, "2013-06-30": 211.149, "2013-03-31": "39.83900", "2012-12-31": -39.768, "2012-09-30": 48.574, "2012-06-30": -270.828, "2012-03-31": "39.99000", "2011-12-31": 46.633, "2011-09-30": 64.094, "2011-06-30": -92.144, "2011-03-31": "33.75100", "2010-12-31": -128.349, "2010-09-30": -34.752, "2010-06-30": -286.713, "2010-03-31": "590.71500", "2009-12-31": -320.34, "2009-09-30": -155.089, "2009-06-30": -45.881, "2009-03-31": "-387.65700", "2008-12-31": 376.758, "2008-09-30": 311.671, "2008-06-30": -504.526, "2008-03-31": "240.56100", "2007-12-31": -452.034, "2007-09-30": -6.824, "2007-06-30": -253.159, "2007-03-31": "101.54700", "2006-12-31": 242.673, "2006-09-30": 25.466, "2006-06-30": 103.829, "2006-03-31": "230.62900", "2005-12-31": 418.806, "2005-09-30": 68.88, "2005-06-30": 47.239, "2005-03-31": "113.73600"}, "Stock-Based Compensation": {"2020-09-30": 10.525, "2020-06-30": 11.775, "2020-03-31": "-4.65000", "2019-12-31": 11.331, "2019-09-30": 12.06, "2019-06-30": 12.779, "2019-03-31": "-3.67900", "2018-12-31": 8.201, "2018-09-30": 14.438, "2018-06-30": 13.188, "2018-03-31": "-1.48100", "2017-12-31": 11.151, "2017-09-30": 12.362, "2017-06-30": 13.912, "2017-03-31": "-24.75800", "2016-12-31": 23.631, "2016-09-30": 11.963, "2016-06-30": 17.974, "2016-03-31": "-1.35700", "2015-12-31": 17.617, "2015-09-30": 10.972, "2015-06-30": 9.629, "2015-03-31": "4.83400", "2014-12-31": 18.163, "2014-09-30": 17.311, "2014-06-30": 19.063, "2014-03-31": "8.70000", "2013-12-31": 13.714, "2013-09-30": 12.518, "2013-06-30": 16.924, "2013-03-31": "14.01200", "2012-12-31": 12.015, "2012-09-30": 10.451, "2012-06-30": 33.446, "2012-03-31": "12.00000", "2011-12-31": 9.551, "2011-09-30": 9.524, "2011-06-30": 9.612, "2011-03-31": "10.44700", "2010-12-31": 9.644, "2010-09-30": 7.779, "2010-06-30": 8.915, "2010-03-31": "10.35700", "2009-12-31": 10.563, "2009-09-30": 11.863, "2009-06-30": 11.567, "2009-03-31": "14.22400", "2008-12-31": 19.843, "2008-09-30": 17.962, "2008-06-30": 18.739, "2008-03-31": "10.33600", "2007-12-31": 9.581, "2007-09-30": 8.947, "2007-06-30": 9.084, "2007-03-31": "7.37300", "2006-12-31": 6.065, "2006-09-30": 6.868, "2006-06-30": 6.636, "2006-03-31": "6.10000", "2005-12-31": 25.553, "2005-09-30": 0, "2005-06-30": 0, "2005-03-31": ""}, "Common Stock Dividends Paid": {"2020-09-30": -34.601, "2020-06-30": -34.676, "2020-03-31": "-37.31800", "2019-12-31": -33.683, "2019-09-30": -33.578, "2019-06-30": -33.688, "2019-03-31": "-36.26000", "2018-12-31": -32.732, "2018-09-30": -32.598, "2018-06-30": -32.899, "2018-03-31": "-35.27300", "2017-12-31": -32.164, "2017-09-30": -31.679, "2017-06-30": -32.648, "2017-03-31": "-38.54100", "2016-12-31": -31.653, "2016-09-30": -31.323, "2016-06-30": -32.711, "2016-03-31": "-36.63600", "2015-12-31": -29.041, "2015-09-30": -30.441, "2015-06-30": -29.067, "2015-03-31": "-30.10300", "2014-12-31": -27.527, "2014-09-30": -29.189, "2014-06-30": -31.341, "2014-03-31": "-29.56200", "2013-12-31": -28.005, "2013-09-30": -28.109, "2013-06-30": -29.123, "2013-03-31": "-33.18900", "2012-12-31": -28.418, "2012-09-30": -29.512, "2012-06-30": -30.159, "2012-03-31": "-32.39800", "2011-12-31": -30.181, "2011-09-30": -28.391, "2011-06-30": -118.563, "2011-03-31": "-29.32000", "2010-12-31": -25.212, "2010-09-30": -25.651, "2010-06-30": -26.049, "2010-03-31": "-31.39000", "2009-12-31": -27.766, "2009-09-30": -25.656, "2009-06-30": -32.471, "2009-03-31": "-27.09100", "2008-12-31": -25.715, "2008-09-30": -25.869, "2008-06-30": -27.382, "2008-03-31": "-27.40200", "2007-12-31": -27.42, "2007-09-30": -27.392, "2007-06-30": -27.831, "2007-03-31": "-28.58300", "2006-12-31": -22.545, "2006-09-30": -22.456, "2006-06-30": -22.649, "2006-03-31": "-22.92500", "2005-12-31": -20.545, "2005-09-30": -21.43, "2005-06-30": -21.432, "2005-03-31": "-19.37000"}}, "financial ratios": {"Current Ratio": {"2019-12-31": "", "2018-12-31": "", "2017-12-31": "", "2016-12-31": "", "2015-12-31": "", "2014-12-31": "", "2013-12-31": "", "2012-12-31": "", "2011-12-31": "", "2010-12-31": "", "2009-12-31": "", "2008-12-31": "", "2007-12-31": "", "2006-12-31": "", "2005-12-31": ""}, "Long-term Debt / Capital": {"2019-12-31": "0.24930", "2018-12-31": "0.22420", "2017-12-31": "0.21660", "2016-12-31": "0.14400", "2015-12-31": "0.14580", "2014-12-31": "0.16700", "2013-12-31": "0.14780", "2012-12-31": "0.15500", "2011-12-31": "0.17400", "2010-12-31": "0.15280", "2009-12-31": "0.10310", "2008-12-31": "0.18000", "2007-12-31": "0.20900", "2006-12-31": "0.23470", "2005-12-31": "0.29850"}, "Debt/Equity Ratio": {"2019-12-31": "0.33210", "2018-12-31": "0.28900", "2017-12-31": "0.27650", "2016-12-31": "0.16830", "2015-12-31": "0.17060", "2014-12-31": "0.20050", "2013-12-31": "0.17340", "2012-12-31": "0.18340", "2011-12-31": "0.21060", "2010-12-31": "0.18030", "2009-12-31": "0.11500", "2008-12-31": "0.21950", "2007-12-31": "0.26430", "2006-12-31": "0.30660", "2005-12-31": "0.42550"}, "Gross Margin": {"2019-12-31": "", "2018-12-31": "", "2017-12-31": "", "2016-12-31": "", "2015-12-31": "", "2014-12-31": "", "2013-12-31": "", "2012-12-31": "", "2011-12-31": "", "2010-12-31": "", "2009-12-31": "", "2008-12-31": "", "2007-12-31": "", "2006-12-31": "", "2005-12-31": ""}, "Operating Margin": {"2019-12-31": "8.32900", "2018-12-31": "2.31310", "2017-12-31": "-3.30700", "2016-12-31": "11.28070", "2015-12-31": "15.47530", "2014-12-31": "18.42230", "2013-12-31": "19.60240", "2012-12-31": "16.34770", "2011-12-31": "2.09290", "2010-12-31": "26.34810", "2009-12-31": "21.33070", "2008-12-31": "14.07060", "2007-12-31": "36.19600", "2006-12-31": "32.39670", "2005-12-31": "6.70790"}, "EBIT Margin": {"2019-12-31": "8.32900", "2018-12-31": "2.31310", "2017-12-31": "-3.30700", "2016-12-31": "11.28070", "2015-12-31": "15.47530", "2014-12-31": "18.42230", "2013-12-31": "19.60240", "2012-12-31": "16.34770", "2011-12-31": "2.09290", "2010-12-31": "26.34810", "2009-12-31": "21.33070", "2008-12-31": "14.07060", "2007-12-31": "36.19600", "2006-12-31": "32.39670", "2005-12-31": "6.70790"}, "EBITDA Margin": {"2019-12-31": "10.65730", "2018-12-31": "6.37550", "2017-12-31": "-0.58980", "2016-12-31": "13.53990", "2015-12-31": "18.46690", "2014-12-31": "21.61680", "2013-12-31": "23.48530", "2012-12-31": "20.14540", "2011-12-31": "4.99350", "2010-12-31": "28.46620", "2009-12-31": "22.54090", "2008-12-31": "15.36870", "2007-12-31": "36.66600", "2006-12-31": "33.71520", "2005-12-31": "8.18850"}, "Pre-Tax Profit Margin": {"2019-12-31": "6.52270", "2018-12-31": "0.24640", "2017-12-31": "-8.01700", "2016-12-31": "13.02660", "2015-12-31": "15.60800", "2014-12-31": "19.10660", "2013-12-31": "17.50250", "2012-12-31": "14.02060", "2011-12-31": "1.61890", "2010-12-31": "25.21220", "2009-12-31": "19.17820", "2008-12-31": "14.49880", "2007-12-31": "35.13210", "2006-12-31": "32.38210", "2005-12-31": "3.60450"}, "Net Profit Margin": {"2019-12-31": "5.45790", "2018-12-31": "0.00780", "2017-12-31": "-9.05520", "2016-12-31": "11.62010", "2015-12-31": "14.56460", "2014-12-31": "17.73040", "2013-12-31": "16.29770", "2012-12-31": "12.60650", "2011-12-31": "0.24810", "2010-12-31": "23.08470", "2009-12-31": "16.37710", "2008-12-31": "12.47120", "2007-12-31": "32.70630", "2006-12-31": "30.07140", "2005-12-31": "3.22980"}, "Asset Turnover": {"2019-12-31": "0.20210", "2018-12-31": "0.21090", "2017-12-31": "0.18540", "2016-12-31": "0.19250", "2015-12-31": "0.20670", "2014-12-31": "0.21780", "2013-12-31": "0.21370", "2012-12-31": "0.20830", "2011-12-31": "0.21350", "2010-12-31": "0.21600", "2009-12-31": "0.18390", "2008-12-31": "0.19680", "2007-12-31": "0.21990", "2006-12-31": "0.22530", "2005-12-31": "0.23380"}, "Inventory Turnover Ratio": {"2019-12-31": "", "2018-12-31": "", "2017-12-31": "", "2016-12-31": "", "2015-12-31": "", "2014-12-31": "", "2013-12-31": "", "2012-12-31": "", "2011-12-31": "", "2010-12-31": "", "2009-12-31": "", "2008-12-31": "", "2007-12-31": "", "2006-12-31": "", "2005-12-31": ""}, "Receiveable Turnover": {"2019-12-31": "", "2018-12-31": "", "2017-12-31": "", "2016-12-31": "", "2015-12-31": "", "2014-12-31": "", "2013-12-31": "", "2012-12-31": "", "2011-12-31": "", "2010-12-31": "", "2009-12-31": "", "2008-12-31": "", "2007-12-31": "", "2006-12-31": "", "2005-12-31": ""}, "Days Sales In Receivables": {"2019-12-31": "", "2018-12-31": "", "2017-12-31": "", "2016-12-31": "", "2015-12-31": "", "2014-12-31": "", "2013-12-31": "", "2012-12-31": "", "2011-12-31": "", "2010-12-31": "", "2009-12-31": "", "2008-12-31": "", "2007-12-31": "", "2006-12-31": "", "2005-12-31": ""}, "ROE - Return On Equity": {"2019-12-31": "6.78280", "2018-12-31": "1.01110", "2017-12-31": "-8.08030", "2016-12-31": "9.97550", "2015-12-31": "12.24710", "2014-12-31": "15.31890", "2013-12-31": "13.88260", "2012-12-31": "10.37050", "2011-12-31": "0.93660", "2010-12-31": "16.71670", "2009-12-31": "9.95720", "2008-12-31": "9.77970", "2007-12-31": "23.44080", "2006-12-31": "24.61400", "2005-12-31": "2.68890"}, "Return On Tangible Equity": {"2019-12-31": "6.20700", "2018-12-31": "0.91800", "2017-12-31": "-7.40710", "2016-12-31": "8.29710", "2015-12-31": "11.10080", "2014-12-31": "13.89340", "2013-12-31": "12.58930", "2012-12-31": "9.63070", "2011-12-31": "0.86640", "2010-12-31": "15.51550", "2009-12-31": "9.20520", "2008-12-31": "8.80280", "2007-12-31": "21.42490", "2006-12-31": "21.96960", "2005-12-31": "2.71740"}, "ROA - Return On Assets": {"2019-12-31": "1.26340", "2018-12-31": "0.17830", "2017-12-31": "-1.49020", "2016-12-31": "2.46650", "2015-12-31": "3.21110", "2014-12-31": "4.03170", "2013-12-31": "3.70500", "2012-12-31": "2.90280", "2011-12-31": "0.26010", "2010-12-31": "5.20940", "2009-12-31": "3.25280", "2008-12-31": "2.71220", "2007-12-31": "7.44120", "2006-12-31": "7.04750", "2005-12-31": "0.79190"}, "ROI - Return On Investment": {"2019-12-31": "4.38000", "2018-12-31": "0.66350", "2017-12-31": "-5.41140", "2016-12-31": "7.00570", "2015-12-31": "9.34220", "2014-12-31": "11.39790", "2013-12-31": "10.56510", "2012-12-31": "8.00110", "2011-12-31": "0.70260", "2010-12-31": "12.90380", "2009-12-31": "8.11880", "2008-12-31": "7.12030", "2007-12-31": "16.74420", "2006-12-31": "16.70320", "2005-12-31": "1.88630"}, "Book Value Per Share": {"2019-12-31": "66.03230", "2018-12-31": "60.17840", "2017-12-31": "64.22800", "2016-12-31": "72.56240", "2015-12-31": "61.07140", "2014-12-31": "59.13890", "2013-12-31": "53.59600", "2012-12-31": "49.01430", "2011-12-31": "43.34870", "2010-12-31": "50.04730", "2009-12-31": "41.62440", "2008-12-31": "32.75070", "2007-12-31": "36.19580", "2006-12-31": "29.42120", "2005-12-31": "23.59960"}, "Operating Cash Flow Per Share": {"2019-12-31": 2.2276, "2018-12-31": -2.9539, "2017-12-31": -1.3607, "2016-12-31": -3.4987, "2015-12-31": -0.2144, "2014-12-31": -1.3558, "2013-12-31": 0.4492, "2012-12-31": -0.2266, "2011-12-31": 0.5682, "2010-12-31": 3.0692, "2009-12-31": -4.1714, "2008-12-31": 0.2616, "2007-12-31": -0.2521, "2006-12-31": -0.2353, "2005-12-31": 10.0489}, "Free Cash Flow Per Share": {"2019-12-31": 1.7794, "2018-12-31": -2.7452, "2017-12-31": -1.5716, "2016-12-31": -3.4572, "2015-12-31": -0.3552, "2014-12-31": -1.3424, "2013-12-31": 0.5241, "2012-12-31": -0.1829, "2011-12-31": 0.37, "2010-12-31": 3.2159, "2009-12-31": -4.3766, "2008-12-31": 0.4748, "2007-12-31": -0.5379, "2006-12-31": -0.0591, "2005-12-31": 9.8727}}, "financial ratios, quarterly": {"Current Ratio": {"2020-09-30": "", "2020-06-30": "", "2020-03-31": "", "2019-12-31": "", "2019-09-30": "", "2019-06-30": "", "2019-03-31": "", "2018-12-31": "", "2018-09-30": "", "2018-06-30": "", "2018-03-31": "", "2017-12-31": "", "2017-09-30": "", "2017-06-30": "", "2017-03-31": "", "2016-12-31": "", "2016-09-30": "", "2016-06-30": "", "2016-03-31": "", "2015-12-31": "", "2015-09-30": "", "2015-06-30": "", "2015-03-31": "", "2014-12-31": "", "2014-09-30": "", "2014-06-30": "", "2014-03-31": "", "2013-12-31": "", "2013-09-30": "", "2013-06-30": "", "2013-03-31": "", "2012-12-31": "", "2012-09-30": "", "2012-06-30": "", "2012-03-31": "", "2011-12-31": "", "2011-09-30": "", "2011-06-30": "", "2011-03-31": "", "2010-12-31": "", "2010-09-30": "", "2010-06-30": "", "2010-03-31": "", "2009-12-31": "", "2009-09-30": "", "2009-06-30": "", "2009-03-31": "", "2008-12-31": "", "2008-09-30": "", "2008-06-30": "", "2008-03-31": "", "2007-12-31": "", "2007-09-30": "", "2007-06-30": "", "2007-03-31": "", "2006-12-31": "", "2006-09-30": "", "2006-06-30": "", "2006-03-31": "", "2005-12-31": "", "2005-09-30": "", "2005-06-30": "", "2005-03-31": ""}, "Long-term Debt / Capital": {"2020-09-30": "0.25130", "2020-06-30": "0.23850", "2020-03-31": "0.28530", "2019-12-31": "0.24930", "2019-09-30": "0.20920", "2019-06-30": "0.21990", "2019-03-31": "0.22080", "2018-12-31": "0.22420", "2018-09-30": "0.23260", "2018-06-30": "0.22940", "2018-03-31": "0.22420", "2017-12-31": "0.21660", "2017-09-30": "0.16980", "2017-06-30": "0.15600", "2017-03-31": "0.14740", "2016-12-31": "0.14400", "2016-09-30": "0.15840", "2016-06-30": "0.16000", "2016-03-31": "0.15930", "2015-12-31": "0.14580", "2015-09-30": "0.18190", "2015-06-30": "0.16840", "2015-03-31": "0.16420", "2014-12-31": "0.16700", "2014-09-30": "0.22220", "2014-06-30": "0.22330", "2014-03-31": "0.21950", "2013-12-31": "0.14780", "2013-09-30": "0.16810", "2013-06-30": "0.18100", "2013-03-31": "0.16510", "2012-12-31": "0.15500", "2012-09-30": "0.15810", "2012-06-30": "0.16280", "2012-03-31": "0.15830", "2011-12-31": "0.17400", "2011-09-30": "0.17320", "2011-06-30": "0.17730", "2011-03-31": "0.18260", "2010-12-31": "0.15280", "2010-09-30": "0.15650", "2010-06-30": "0.17700", "2010-03-31": "0.16790", "2009-12-31": "0.10310", "2009-09-30": "0.12860", "2009-06-30": "0.14090", "2009-03-31": "0.16190", "2008-12-31": "0.18000", "2008-09-30": "0.21950", "2008-06-30": "0.20410", "2008-03-31": "0.22100", "2007-12-31": "0.20900", "2007-09-30": "0.22150", "2007-06-30": "0.24630", "2007-03-31": "0.24240", "2006-12-31": "0.23470", "2006-09-30": "0.27280", "2006-06-30": "0.27480", "2006-03-31": "0.31390", "2005-12-31": "0.29850", "2005-09-30": "0.36260", "2005-06-30": "0.33650", "2005-03-31": "0.35700"}, "Debt/Equity Ratio": {"2020-09-30": "0.33560", "2020-06-30": "0.31320", "2020-03-31": "0.39930", "2019-12-31": "0.33210", "2019-09-30": "0.26460", "2019-06-30": "0.28190", "2019-03-31": "0.28340", "2018-12-31": "0.28900", "2018-09-30": "0.30310", "2018-06-30": "0.29760", "2018-03-31": "0.28900", "2017-12-31": "0.27650", "2017-09-30": "0.20460", "2017-06-30": "0.18490", "2017-03-31": "0.17290", "2016-12-31": "0.16830", "2016-09-30": "0.18820", "2016-06-30": "0.19050", "2016-03-31": "0.18950", "2015-12-31": "0.17060", "2015-09-30": "0.22230", "2015-06-30": "0.20250", "2015-03-31": "0.19640", "2014-12-31": "0.20050", "2014-09-30": "0.28570", "2014-06-30": "0.28750", "2014-03-31": "0.28120", "2013-12-31": "0.17340", "2013-09-30": "0.20210", "2013-06-30": "0.22110", "2013-03-31": "0.19780", "2012-12-31": "0.18340", "2012-09-30": "0.18790", "2012-06-30": "0.19440", "2012-03-31": "0.18810", "2011-12-31": "0.21060", "2011-09-30": "0.20950", "2011-06-30": "0.21550", "2011-03-31": "0.22340", "2010-12-31": "0.18030", "2010-09-30": "0.18560", "2010-06-30": "0.21500", "2010-03-31": "0.20180", "2009-12-31": "0.11500", "2009-09-30": "0.14760", "2009-06-30": "0.16400", "2009-03-31": "0.19320", "2008-12-31": "0.21950", "2008-09-30": "0.28130", "2008-06-30": "0.25640", "2008-03-31": "0.28370", "2007-12-31": "0.26430", "2007-09-30": "0.28460", "2007-06-30": "0.32680", "2007-03-31": "0.32000", "2006-12-31": "0.30660", "2006-09-30": "0.37520", "2006-06-30": "0.37890", "2006-03-31": "0.45750", "2005-12-31": "0.42550", "2005-09-30": "0.56880", "2005-06-30": "0.50710", "2005-03-31": "0.55530"}, "Gross Margin": {"2020-09-30": "", "2020-06-30": "", "2020-03-31": "", "2019-12-31": "", "2019-09-30": "", "2019-06-30": "", "2019-03-31": "", "2018-12-31": "", "2018-09-30": "", "2018-06-30": "", "2018-03-31": "", "2017-12-31": "", "2017-09-30": "", "2017-06-30": "", "2017-03-31": "", "2016-12-31": "", "2016-09-30": "", "2016-06-30": "", "2016-03-31": "", "2015-12-31": "", "2015-09-30": "", "2015-06-30": "", "2015-03-31": "", "2014-12-31": "", "2014-09-30": "", "2014-06-30": "", "2014-03-31": "", "2013-12-31": "", "2013-09-30": "", "2013-06-30": "", "2013-03-31": "", "2012-12-31": "", "2012-09-30": "", "2012-06-30": "", "2012-03-31": "", "2011-12-31": "", "2011-09-30": "", "2011-06-30": "", "2011-03-31": "", "2010-12-31": "", "2010-09-30": "", "2010-06-30": "", "2010-03-31": "", "2009-12-31": "", "2009-09-30": "", "2009-06-30": "", "2009-03-31": "", "2008-12-31": "", "2008-09-30": "", "2008-06-30": "", "2008-03-31": "", "2007-12-31": "", "2007-09-30": "", "2007-06-30": "", "2007-03-31": "", "2006-12-31": "", "2006-09-30": "", "2006-06-30": "", "2006-03-31": "", "2005-12-31": "", "2005-09-30": "", "2005-06-30": "", "2005-03-31": ""}, "Operating Margin": {"2020-09-30": "-0.20900", "2020-06-30": "12.83360", "2020-03-31": "-17.86350", "2019-12-31": "5.56910", "2019-09-30": "1.20000", "2019-06-30": "15.19620", "2019-03-31": "11.54180", "2018-12-31": "-16.47520", "2018-09-30": "6.80070", "2018-06-30": "7.40770", "2018-03-31": "11.09710", "2017-12-31": "6.28620", "2017-09-30": "-38.35290", "2017-06-30": "13.00960", "2017-03-31": "5.01120", "2016-12-31": "10.85060", "2016-09-30": "18.58310", "2016-06-30": "8.56340", "2016-03-31": "6.24950", "2015-12-31": "13.02230", "2015-09-30": "24.51640", "2015-06-30": "10.78460", "2015-03-31": "11.87710", "2014-12-31": "15.34130", "2014-09-30": "20.29970", "2014-06-30": "20.99090", "2014-03-31": "16.63700", "2013-12-31": "19.21710", "2013-09-30": "21.89980", "2013-06-30": "8.03350", "2013-03-31": "29.43910", "2012-12-31": "1.53380", "2012-09-30": "27.68430", "2012-06-30": "17.82790", "2012-03-31": "17.87900", "2011-12-31": "10.03600", "2011-09-30": "18.97360", "2011-06-30": "15.00210", "2011-03-31": "-36.77430", "2010-12-31": "31.30000", "2010-09-30": "31.50670", "2010-06-30": "24.78960", "2010-03-31": "16.25870", "2009-12-31": "36.26460", "2009-09-30": "-14.35240", "2009-06-30": "27.21220", "2009-03-31": "19.32770", "2008-12-31": "23.16230", "2008-09-30": "-38.40840", "2008-06-30": "31.92980", "2008-03-31": "31.59460", "2007-12-31": "41.15010", "2007-09-30": "36.85480", "2007-06-30": "34.91780", "2007-03-31": "31.89900", "2006-12-31": "37.26500", "2006-09-30": "31.94920", "2006-06-30": "30.20030", "2006-03-31": "29.72480", "2005-12-31": "33.46490", "2005-09-30": "-68.81530", "2005-06-30": "31.47850", "2005-03-31": "27.62560"}, "EBIT Margin": {"2020-09-30": "-0.20900", "2020-06-30": "12.83360", "2020-03-31": "-17.86350", "2019-12-31": "5.56910", "2019-09-30": "1.20000", "2019-06-30": "15.19620", "2019-03-31": "11.54180", "2018-12-31": "-16.47520", "2018-09-30": "6.80070", "2018-06-30": "7.40770", "2018-03-31": "11.09710", "2017-12-31": "6.28620", "2017-09-30": "-38.35290", "2017-06-30": "13.00960", "2017-03-31": "5.01120", "2016-12-31": "10.85060", "2016-09-30": "18.58310", "2016-06-30": "8.56340", "2016-03-31": "6.24950", "2015-12-31": "13.02230", "2015-09-30": "24.51640", "2015-06-30": "10.78460", "2015-03-31": "11.87710", "2014-12-31": "15.34130", "2014-09-30": "20.29970", "2014-06-30": "20.99090", "2014-03-31": "16.63700", "2013-12-31": "19.21720", "2013-09-30": "21.89980", "2013-06-30": "8.03350", "2013-03-31": "29.43910", "2012-12-31": "1.53380", "2012-09-30": "27.68430", "2012-06-30": "17.82790", "2012-03-31": "17.87900", "2011-12-31": "10.03600", "2011-09-30": "18.97360", "2011-06-30": "15.00210", "2011-03-31": "-36.77430", "2010-12-31": "31.30000", "2010-09-30": "31.50670", "2010-06-30": "24.78960", "2010-03-31": "16.25870", "2009-12-31": "36.26460", "2009-09-30": "-14.35240", "2009-06-30": "27.21220", "2009-03-31": "19.32770", "2008-12-31": "23.16230", "2008-09-30": "-38.40840", "2008-06-30": "31.92980", "2008-03-31": "31.59460", "2007-12-31": "41.15010", "2007-09-30": "36.85480", "2007-06-30": "34.91780", "2007-03-31": "31.89900", "2006-12-31": "37.26500", "2006-09-30": "31.94920", "2006-06-30": "30.20030", "2006-03-31": "29.72480", "2005-12-31": "33.46490", "2005-09-30": "-68.81530", "2005-06-30": "31.47850", "2005-03-31": "27.62560"}, "EBITDA Margin": {"2020-09-30": "", "2020-06-30": "", "2020-03-31": "", "2019-12-31": "", "2019-09-30": "", "2019-06-30": "", "2019-03-31": "", "2018-12-31": "", "2018-09-30": "", "2018-06-30": "", "2018-03-31": "", "2017-12-31": "", "2017-09-30": "", "2017-06-30": "", "2017-03-31": "", "2016-12-31": "", "2016-09-30": "", "2016-06-30": "", "2016-03-31": "", "2015-12-31": "", "2015-09-30": "", "2015-06-30": "", "2015-03-31": "", "2014-12-31": "", "2014-09-30": "", "2014-06-30": "", "2014-03-31": "", "2013-12-31": "", "2013-09-30": "", "2013-06-30": "", "2013-03-31": "", "2012-12-31": "", "2012-09-30": "", "2012-06-30": "", "2012-03-31": "", "2011-12-31": "", "2011-09-30": "", "2011-06-30": "", "2011-03-31": "", "2010-12-31": "", "2010-09-30": "", "2010-06-30": "", "2010-03-31": "", "2009-12-31": "", "2009-09-30": "", "2009-06-30": "", "2009-03-31": "", "2008-12-31": "", "2008-09-30": "", "2008-06-30": "", "2008-03-31": "", "2007-12-31": "", "2007-09-30": "", "2007-06-30": "", "2007-03-31": "", "2006-12-31": "", "2006-09-30": "", "2006-06-30": "", "2006-03-31": "", "2005-12-31": "", "2005-09-30": "", "2005-06-30": "", "2005-03-31": ""}, "Pre-Tax Profit Margin": {"2020-09-30": "-6.42510", "2020-06-30": "10.28430", "2020-03-31": "-14.33300", "2019-12-31": "-0.37250", "2019-09-30": "3.54940", "2019-06-30": "14.69050", "2019-03-31": "8.54700", "2018-12-31": "-16.81660", "2018-09-30": "3.67870", "2018-06-30": "8.06380", "2018-03-31": "5.72670", "2017-12-31": "0.26340", "2017-09-30": "-42.91940", "2017-06-30": "8.56980", "2017-03-31": "1.61460", "2016-12-31": "14.72640", "2016-09-30": "18.67310", "2016-06-30": "12.68950", "2016-03-31": "4.72950", "2015-12-31": "15.10980", "2015-09-30": "21.90670", "2015-06-30": "7.35580", "2015-03-31": "17.17860", "2014-12-31": "18.07310", "2014-09-30": "24.94680", "2014-06-30": "18.41050", "2014-03-31": "14.63900", "2013-12-31": "16.42400", "2013-09-30": "14.99630", "2013-06-30": "7.56110", "2013-03-31": "31.29200", "2012-12-31": "-2.23860", "2012-09-30": "23.80500", "2012-06-30": "20.02430", "2012-03-31": "14.18760", "2011-12-31": "10.21690", "2011-09-30": "23.73610", "2011-06-30": "11.52820", "2011-03-31": "-40.09970", "2010-12-31": "30.17940", "2010-09-30": "27.20740", "2010-06-30": "26.15840", "2010-03-31": "16.19250", "2009-12-31": "35.55640", "2009-09-30": "-17.62020", "2009-06-30": "23.09530", "2009-03-31": "18.27380", "2008-12-31": "25.65920", "2008-09-30": "-38.45760", "2008-06-30": "30.14890", "2008-03-31": "33.17250", "2007-12-31": "40.21130", "2007-09-30": "36.01870", "2007-06-30": "34.01110", "2007-03-31": "30.33000", "2006-12-31": "37.11220", "2006-09-30": "30.56080", "2006-06-30": "31.59060", "2006-03-31": "29.88920", "2005-12-31": "32.15250", "2005-09-30": "-70.30390", "2005-06-30": "26.31580", "2005-03-31": "22.97250"}, "Net Profit Margin": {"2020-09-30": "-5.83410", "2020-06-30": "9.34130", "2020-03-31": "-16.69970", "2019-12-31": "-0.74000", "2019-09-30": "2.15220", "2019-06-30": "12.94130", "2019-03-31": "7.78020", "2018-12-31": "-15.91730", "2018-09-30": "3.26770", "2018-06-30": "7.40410", "2018-03-31": "4.96330", "2017-12-31": "-2.80310", "2017-09-30": "-41.62370", "2017-06-30": "7.72500", "2017-03-31": "0.49720", "2016-12-31": "13.09700", "2016-09-30": "16.62550", "2016-06-30": "11.28510", "2016-03-31": "4.34190", "2015-12-31": "13.88630", "2015-09-30": "21.05210", "2015-06-30": "6.19770", "2015-03-31": "16.20780", "2014-12-31": "15.79650", "2014-09-30": "24.96790", "2014-06-30": "16.57640", "2014-03-31": "13.16460", "2013-12-31": "15.91150", "2013-09-30": "13.12560", "2013-06-30": "6.92840", "2013-03-31": "29.45620", "2012-12-31": "-1.90190", "2012-09-30": "21.94910", "2012-06-30": "17.59360", "2012-03-31": "12.48040", "2011-12-31": "8.46590", "2011-09-30": "22.36660", "2011-06-30": "10.33800", "2011-03-31": "-41.27500", "2010-12-31": "28.02240", "2010-09-30": "25.19200", "2010-06-30": "24.31630", "2010-03-31": "13.67540", "2009-12-31": "32.51230", "2009-09-30": "-21.22870", "2009-06-30": "20.37780", "2009-03-31": "16.18660", "2008-12-31": "22.59070", "2008-09-30": "-39.10280", "2008-06-30": "28.49560", "2008-03-31": "30.40030", "2007-12-31": "38.00730", "2007-09-30": "33.55540", "2007-06-30": "31.30540", "2007-03-31": "27.99850", "2006-12-31": "34.70190", "2006-09-30": "28.61220", "2006-06-30": "29.33980", "2006-03-31": "27.22790", "2005-12-31": "30.92250", "2005-09-30": "-69.07530", "2005-06-30": "25.46350", "2005-03-31": "22.42610"}, "Asset Turnover": {"2020-09-30": "0.04730", "2020-06-30": "0.04570", "2020-03-31": "0.04280", "2019-12-31": "0.05220", "2019-09-30": "0.05060", "2019-06-30": "0.04970", "2019-03-31": "0.04930", "2018-12-31": "0.05170", "2018-09-30": "0.05350", "2018-06-30": "0.05010", "2018-03-31": "0.05020", "2017-12-31": "0.05490", "2017-09-30": "0.05150", "2017-06-30": "0.05120", "2017-03-31": "0.04750", "2016-12-31": "0.04800", "2016-09-30": "0.05010", "2016-06-30": "0.04980", "2016-03-31": "0.04220", "2015-12-31": "0.04860", "2015-09-30": "0.05720", "2015-06-30": "0.04940", "2015-03-31": "0.04700", "2014-12-31": "0.05190", "2014-09-30": "0.05330", "2014-06-30": "0.05360", "2014-03-31": "0.04960", "2013-12-31": "0.05490", "2013-09-30": "0.05240", "2013-06-30": "0.05270", "2013-03-31": "0.05220", "2012-12-31": "0.05170", "2012-09-30": "0.05390", "2012-06-30": "0.05110", "2012-03-31": "0.05140", "2011-12-31": "0.05310", "2011-09-30": "0.05280", "2011-06-30": "0.05370", "2011-03-31": "0.05260", "2010-12-31": "0.05740", "2010-09-30": "0.05630", "2010-06-30": "0.05090", "2010-03-31": "0.05010", "2009-12-31": "0.05670", "2009-09-30": "0.02840", "2009-06-30": "0.05080", "2009-03-31": "0.04840", "2008-12-31": "0.04060", "2008-09-30": "0.04200", "2008-06-30": "0.05200", "2008-03-31": "0.05000", "2007-12-31": "0.05490", "2007-09-30": "0.05470", "2007-06-30": "0.05380", "2007-03-31": "0.05560", "2006-12-31": "0.05920", "2006-09-30": "0.05970", "2006-06-30": "0.05950", "2006-03-31": "0.05660", "2005-12-31": "0.06330", "2005-09-30": "0.05920", "2005-06-30": "0.06710", "2005-03-31": "0.06910"}, "Inventory Turnover Ratio": {"2020-09-30": "", "2020-06-30": "", "2020-03-31": "", "2019-12-31": "", "2019-09-30": "", "2019-06-30": "", "2019-03-31": "", "2018-12-31": "", "2018-09-30": "", "2018-06-30": "", "2018-03-31": "", "2017-12-31": "", "2017-09-30": "", "2017-06-30": "", "2017-03-31": "", "2016-12-31": "", "2016-09-30": "", "2016-06-30": "", "2016-03-31": "", "2015-12-31": "", "2015-09-30": "", "2015-06-30": "", "2015-03-31": "", "2014-12-31": "", "2014-09-30": "", "2014-06-30": "", "2014-03-31": "", "2013-12-31": "", "2013-09-30": "", "2013-06-30": "", "2013-03-31": "", "2012-12-31": "", "2012-09-30": "", "2012-06-30": "", "2012-03-31": "", "2011-12-31": "", "2011-09-30": "", "2011-06-30": "", "2011-03-31": "", "2010-12-31": "", "2010-09-30": "", "2010-06-30": "", "2010-03-31": "", "2009-12-31": "", "2009-09-30": "", "2009-06-30": "", "2009-03-31": "", "2008-12-31": "", "2008-09-30": "", "2008-06-30": "", "2008-03-31": "", "2007-12-31": "", "2007-09-30": "", "2007-06-30": "", "2007-03-31": "", "2006-12-31": "", "2006-09-30": "", "2006-06-30": "", "2006-03-31": "", "2005-12-31": "", "2005-09-30": "", "2005-06-30": "", "2005-03-31": ""}, "Receiveable Turnover": {"2020-09-30": "", "2020-06-30": "", "2020-03-31": "", "2019-12-31": "", "2019-09-30": "", "2019-06-30": "", "2019-03-31": "", "2018-12-31": "", "2018-09-30": "", "2018-06-30": "", "2018-03-31": "", "2017-12-31": "", "2017-09-30": "", "2017-06-30": "", "2017-03-31": "", "2016-12-31": "", "2016-09-30": "", "2016-06-30": "", "2016-03-31": "", "2015-12-31": "", "2015-09-30": "", "2015-06-30": "", "2015-03-31": "", "2014-12-31": "", "2014-09-30": "", "2014-06-30": "", "2014-03-31": "", "2013-12-31": "", "2013-09-30": "", "2013-06-30": "", "2013-03-31": "", "2012-12-31": "", "2012-09-30": "", "2012-06-30": "", "2012-03-31": "", "2011-12-31": "", "2011-09-30": "", "2011-06-30": "", "2011-03-31": "", "2010-12-31": "", "2010-09-30": "", "2010-06-30": "", "2010-03-31": "", "2009-12-31": "", "2009-09-30": "", "2009-06-30": "", "2009-03-31": "", "2008-12-31": "", "2008-09-30": "", "2008-06-30": "", "2008-03-31": "", "2007-12-31": "", "2007-09-30": "", "2007-06-30": "", "2007-03-31": "", "2006-12-31": "", "2006-09-30": "", "2006-06-30": "", "2006-03-31": "", "2005-12-31": "", "2005-09-30": "", "2005-06-30": "", "2005-03-31": ""}, "Days Sales In Receivables": {"2020-09-30": "", "2020-06-30": "", "2020-03-31": "", "2019-12-31": "", "2019-09-30": "", "2019-06-30": "", "2019-03-31": "", "2018-12-31": "", "2018-09-30": "", "2018-06-30": "", "2018-03-31": "", "2017-12-31": "", "2017-09-30": "", "2017-06-30": "", "2017-03-31": "", "2016-12-31": "", "2016-09-30": "", "2016-06-30": "", "2016-03-31": "", "2015-12-31": "", "2015-09-30": "", "2015-06-30": "", "2015-03-31": "", "2014-12-31": "", "2014-09-30": "", "2014-06-30": "", "2014-03-31": "", "2013-12-31": "", "2013-09-30": "", "2013-06-30": "", "2013-03-31": "", "2012-12-31": "", "2012-09-30": "", "2012-06-30": "", "2012-03-31": "", "2011-12-31": "", "2011-09-30": "", "2011-06-30": "", "2011-03-31": "", "2010-12-31": "", "2010-09-30": "", "2010-06-30": "", "2010-03-31": "", "2009-12-31": "", "2009-09-30": "", "2009-06-30": "", "2009-03-31": "", "2008-12-31": "", "2008-09-30": "", "2008-06-30": "", "2008-03-31": "", "2007-12-31": "", "2007-09-30": "", "2007-06-30": "", "2007-03-31": "", "2006-12-31": "", "2006-09-30": "", "2006-06-30": "", "2006-03-31": "", "2005-12-31": "", "2005-09-30": "", "2005-06-30": "", "2005-03-31": ""}, "ROE - Return On Equity": {"2020-09-30": "-1.38640", "2020-06-30": "2.52830", "2020-03-31": "-4.14560", "2019-12-31": "-0.01580", "2019-09-30": "0.79820", "2019-06-30": "3.69500", "2019-03-31": "2.40390", "2018-12-31": "-4.41330", "2018-09-30": "1.20280", "2018-06-30": "2.31160", "2018-03-31": "1.63060", "2017-12-31": "-0.60060", "2017-09-30": "-9.76740", "2017-06-30": "1.86970", "2017-03-31": "0.38900", "2016-12-31": "2.89350", "2016-09-30": "3.45540", "2016-06-30": "2.42470", "2016-03-31": "0.90860", "2015-12-31": "2.76370", "2015-09-30": "4.95610", "2015-06-30": "1.37900", "2015-03-31": "3.06040", "2014-12-31": "3.25330", "2014-09-30": "5.38750", "2014-06-30": "3.75900", "2014-03-31": "2.82780", "2013-12-31": "3.46460", "2013-09-30": "2.91930", "2013-06-30": "1.69690", "2013-03-31": "5.78390", "2012-12-31": "-0.18590", "2012-09-30": "4.33640", "2012-06-30": "3.63940", "2012-03-31": "2.63800", "2011-12-31": "1.80580", "2011-09-30": "4.55570", "2011-06-30": "2.28200", "2011-03-31": "-7.98670", "2010-12-31": "5.33780", "2010-09-30": "4.63760", "2010-06-30": "4.28540", "2010-03-31": "2.48220", "2009-12-31": "5.82540", "2009-09-30": "-1.76950", "2009-06-30": "3.81890", "2009-03-31": "3.12810", "2008-12-31": "3.53640", "2008-09-30": "-5.85510", "2008-06-30": "5.04890", "2008-03-31": "5.06920", "2007-12-31": "6.76810", "2007-09-30": "6.28130", "2007-06-30": "6.21900", "2007-03-31": "5.71700", "2006-12-31": "7.41620", "2006-09-30": "5.68610", "2006-06-30": "6.09200", "2006-03-31": "5.61900", "2005-12-31": "6.77270", "2005-09-30": "-16.30080", "2005-06-30": "5.45840", "2005-03-31": "5.12480"}, "Return On Tangible Equity": {"2020-09-30": "-1.32310", "2020-06-30": "2.41490", "2020-03-31": "-3.94320", "2019-12-31": "-0.01440", "2019-09-30": "0.73140", "2019-06-30": "3.38610", "2019-03-31": "2.19340", "2018-12-31": "-4.00700", "2018-09-30": "1.09900", "2018-06-30": "2.11230", "2018-03-31": "1.49130", "2017-12-31": "-0.55060", "2017-09-30": "-8.51580", "2017-06-30": "1.64790", "2017-03-31": "0.32310", "2016-12-31": "2.40670", "2016-09-30": "3.14160", "2016-06-30": "2.20240", "2016-03-31": "0.82520", "2015-12-31": "2.50510", "2015-09-30": "4.48930", "2015-06-30": "1.25470", "2015-03-31": "2.78340", "2014-12-31": "2.95060", "2014-09-30": "4.88600", "2014-06-30": "3.41740", "2014-03-31": "2.56520", "2013-12-31": "3.14180", "2013-09-30": "2.64450", "2013-06-30": "1.53050", "2013-03-31": "5.37870", "2012-12-31": "-0.17260", "2012-09-30": "4.03170", "2012-06-30": "3.37640", "2012-03-31": "2.34210", "2011-12-31": "1.67050", "2011-09-30": "4.20770", "2011-06-30": "2.10890", "2011-03-31": "-7.36310", "2010-12-31": "4.95430", "2010-09-30": "4.30720", "2010-06-30": "3.96070", "2010-03-31": "2.29020", "2009-12-31": "5.38540", "2009-09-30": "-1.63380", "2009-06-30": "3.49770", "2009-03-31": "2.84020", "2008-12-31": "3.18310", "2008-09-30": "-5.28860", "2008-06-30": "4.62280", "2008-03-31": "4.65040", "2007-12-31": "6.18610", "2007-09-30": "5.71770", "2007-06-30": "5.63150", "2007-03-31": "5.13300", "2006-12-31": "6.61940", "2006-09-30": "5.73370", "2006-06-30": "6.14890", "2006-03-31": "5.67490", "2005-12-31": "6.84450", "2005-09-30": "-16.51850", "2005-06-30": "5.51050", "2005-03-31": "5.17880"}, "ROA - Return On Assets": {"2020-09-30": "-0.24720", "2020-06-30": "0.45540", "2020-03-31": "-0.68530", "2019-12-31": "-0.00290", "2019-09-30": "0.15060", "2019-06-30": "0.68440", "2019-03-31": "0.42560", "2018-12-31": "-0.77820", "2018-09-30": "0.21770", "2018-06-30": "0.41380", "2018-03-31": "0.29180", "2017-12-31": "-0.11080", "2017-09-30": "-2.09500", "2017-06-30": "0.44510", "2017-03-31": "0.09340", "2016-12-31": "0.71540", "2016-09-30": "0.87930", "2016-06-30": "0.60920", "2016-03-31": "0.23060", "2015-12-31": "0.72460", "2015-09-30": "1.25330", "2015-06-30": "0.35440", "2015-03-31": "0.81050", "2014-12-31": "0.85620", "2014-09-30": "1.34970", "2014-06-30": "0.94310", "2014-03-31": "0.70710", "2013-12-31": "0.92460", "2013-09-30": "0.75570", "2013-06-30": "0.42190", "2013-03-31": "1.58060", "2012-12-31": "-0.05200", "2012-09-30": "1.22840", "2012-06-30": "1.00990", "2012-03-31": "0.71400", "2011-12-31": "0.50140", "2011-09-30": "1.23320", "2011-06-30": "0.60610", "2011-03-31": "-2.11920", "2010-12-31": "1.66340", "2010-09-30": "1.47250", "2010-06-30": "1.29280", "2010-03-31": "0.74120", "2009-12-31": "1.90300", "2009-09-30": "-0.54450", "2009-06-30": "1.09490", "2009-03-31": "0.84520", "2008-12-31": "0.98070", "2008-09-30": "-1.58230", "2008-06-30": "1.54090", "2008-03-31": "1.57890", "2007-12-31": "2.14850", "2007-09-30": "1.89720", "2007-06-30": "1.74700", "2007-03-31": "1.62040", "2006-12-31": "2.12340", "2006-09-30": "1.77640", "2006-06-30": "1.81750", "2006-03-31": "1.61840", "2005-12-31": "1.99460", "2005-09-30": "-4.09140", "2005-06-30": "1.70850", "2005-03-31": "1.55050"}, "ROI - Return On Investment": {"2020-09-30": "-0.92960", "2020-06-30": "1.72540", "2020-03-31": "-2.62600", "2019-12-31": "-0.01020", "2019-09-30": "0.54360", "2019-06-30": "2.48120", "2019-03-31": "1.59920", "2018-12-31": "-2.89630", "2018-09-30": "0.78740", "2018-06-30": "1.51860", "2018-03-31": "1.07880", "2017-12-31": "-0.40220", "2017-09-30": "-6.95650", "2017-06-30": "1.37050", "2017-03-31": "0.27170", "2016-12-31": "2.03210", "2016-09-30": "2.60650", "2016-06-30": "1.82320", "2016-03-31": "0.68360", "2015-12-31": "2.10820", "2015-09-30": "3.61760", "2015-06-30": "1.02570", "2015-03-31": "2.29240", "2014-12-31": "2.42060", "2014-09-30": "3.74280", "2014-06-30": "2.61450", "2014-03-31": "1.97140", "2013-12-31": "2.63660", "2013-09-30": "2.16510", "2013-06-30": "1.23280", "2013-03-31": "4.41640", "2012-12-31": "-0.14340", "2012-09-30": "3.33720", "2012-06-30": "2.77810", "2012-03-31": "1.93810", "2011-12-31": "1.35470", "2011-09-30": "3.41500", "2011-06-30": "1.70140", "2011-03-31": "-5.89950", "2010-12-31": "4.12030", "2010-09-30": "3.57730", "2010-06-30": "3.20610", "2010-03-31": "1.87330", "2009-12-31": "4.74980", "2009-09-30": "-1.39920", "2009-06-30": "2.94660", "2009-03-31": "2.32980", "2008-12-31": "2.57470", "2008-09-30": "-4.07320", "2008-06-30": "3.63680", "2008-03-31": "3.58120", "2007-12-31": "4.83460", "2007-09-30": "4.39530", "2007-06-30": "4.18780", "2007-03-31": "3.86440", "2006-12-31": "5.03270", "2006-09-30": "4.13450", "2006-06-30": "4.41770", "2006-03-31": "3.85500", "2005-12-31": "4.75100", "2005-09-30": "-10.39010", "2005-06-30": "3.62170", "2005-03-31": "3.29500"}, "Book Value Per Share": {"2020-09-30": "62.45950", "2020-06-30": "62.84040", "2020-03-31": "57.41040", "2019-12-31": "66.03230", "2019-09-30": "66.54040", "2019-06-30": "66.30940", "2019-03-31": "63.14670", "2018-12-31": "60.17840", "2018-09-30": "63.09790", "2018-06-30": "62.86810", "2018-03-31": "63.03310", "2017-12-31": "64.22800", "2017-09-30": "65.59520", "2017-06-30": "70.82310", "2017-03-31": "73.15210", "2016-12-31": "72.56240", "2016-09-30": "68.13350", "2016-06-30": "65.79060", "2016-03-31": "64.04810", "2015-12-31": "61.07140", "2015-09-30": "60.66040", "2015-06-30": "59.31710", "2015-03-31": "60.33020", "2014-12-31": "59.13890", "2014-09-30": "58.31890", "2014-06-30": "57.82640", "2014-03-31": "55.06840", "2013-12-31": "53.59600", "2013-09-30": "51.83860", "2013-06-30": "49.84360", "2013-03-31": "50.63740", "2012-12-31": "49.01430", "2012-09-30": "49.68960", "2012-06-30": "46.40960", "2012-03-31": "47.05600", "2011-12-31": "43.34870", "2011-09-30": "42.46920", "2011-06-30": "42.38850", "2011-03-31": "45.56180", "2010-12-31": "50.04730", "2010-09-30": "48.75820", "2010-06-30": "45.69750", "2010-03-31": "43.30090", "2009-12-31": "41.62440", "2009-09-30": "39.16350", "2009-06-30": "35.64820", "2009-03-31": "32.64620", "2008-12-31": "32.75070", "2008-09-30": "36.65120", "2008-06-30": "40.80700", "2008-03-31": "38.64190", "2007-12-31": "36.19580", "2007-09-30": "33.41710", "2007-06-30": "31.73170", "2007-03-31": "30.85920", "2006-12-31": "29.42120", "2006-09-30": "27.60740", "2006-06-30": "25.49040", "2006-03-31": "24.34160", "2005-12-31": "23.59960", "2005-09-30": "20.28630", "2005-06-30": "22.51110", "2005-03-31": "21.13620"}, "Operating Cash Flow Per Share": {"2020-09-30": 2.8841, "2020-06-30": 1.8444, "2020-03-31": "-0.59150", "2019-12-31": -0.4996, "2019-09-30": 3.0519, "2019-06-30": 0.4881, "2019-03-31": "-0.68460", "2018-12-31": -1.4313, "2018-09-30": 2.065, "2018-06-30": 0.5442, "2018-03-31": "-1.04970", "2017-12-31": -0.6642, "2017-09-30": 1.9845, "2017-06-30": 2.1796, "2017-03-31": "-0.41780", "2016-12-31": 1.5064, "2016-09-30": 2.2608, "2016-06-30": 0.8258, "2016-03-31": "-0.15020", "2015-12-31": 0.8501, "2015-09-30": 5.9485, "2015-06-30": 1.4206, "2015-03-31": "-0.27770", "2014-12-31": 1.0982, "2014-09-30": 3.3674, "2014-06-30": 2.32, "2014-03-31": "1.37030", "2013-12-31": 1.6724, "2013-09-30": 3.923, "2013-06-30": 2.0573, "2013-03-31": "1.85900", "2012-12-31": 1.84, "2012-09-30": 3.5135, "2012-06-30": 2.3232, "2012-03-31": "1.38580", "2011-12-31": 1.5421, "2011-09-30": 3.1341, "2011-06-30": 2.1631, "2011-03-31": "2.44980", "2010-12-31": 2.2709, "2010-09-30": 2.4826, "2010-06-30": 1.6079, "2010-03-31": "2.35950", "2009-12-31": -0.8289, "2009-09-30": 3.4682, "2009-06-30": 1.3753, "2009-03-31": "1.63710", "2008-12-31": 1.008, "2008-09-30": 4.126, "2008-06-30": 2.6672, "2008-03-31": "2.02190", "2007-12-31": 1.77, "2007-09-30": 3.4906, "2007-06-30": 2.4658, "2007-03-31": "1.83510", "2006-12-31": 2.3471, "2006-09-30": 3.4284, "2006-06-30": 2.2196, "2006-03-31": "1.81850", "2005-12-31": 2.092, "2005-09-30": 2.3862, "2005-06-30": 2.8036, "2005-03-31": "2.76710"}, "Free Cash Flow Per Share": {"2020-09-30": 2.7868, "2020-06-30": 1.6682, "2020-03-31": "-0.75190", "2019-12-31": -0.7524, "2019-09-30": 2.9457, "2019-06-30": 0.2431, "2019-03-31": "-0.82760", "2018-12-31": -1.529, "2018-09-30": 2.0192, "2018-06-30": 0.3889, "2018-03-31": "-1.04970", "2017-12-31": -0.8615, "2017-09-30": 1.8187, "2017-06-30": 2.0862, "2017-03-31": "-0.46880", "2016-12-31": 1.4207, "2016-09-30": 2.1937, "2016-06-30": 1.1535, "2016-03-31": "-0.62170", "2015-12-31": 0.6976, "2015-09-30": 5.8825, "2015-06-30": 1.347, "2015-03-31": "-0.32370", "2014-12-31": 1.0957, "2014-09-30": 3.3235, "2014-06-30": 2.3426, "2014-03-31": "1.19680", "2013-12-31": 1.6152, "2013-09-30": 3.8607, "2013-06-30": 2.0301, "2013-03-31": "1.79500", "2012-12-31": 1.7686, "2012-09-30": 3.4057, "2012-06-30": 2.2601, "2012-03-31": "1.34250", "2011-12-31": 1.3605, "2011-09-30": 3.0812, "2011-06-30": 2.1246, "2011-03-31": "2.39350", "2010-12-31": 2.2289, "2010-09-30": 2.4303, "2010-06-30": 1.5835, "2010-03-31": "2.34710", "2009-12-31": -0.792, "2009-09-30": 3.4181, "2009-06-30": 1.3626, "2009-03-31": "1.38520", "2008-12-31": 0.9974, "2008-09-30": 4.0995, "2008-06-30": 2.6509, "2008-03-31": "2.00270", "2007-12-31": 1.7174, "2007-09-30": 3.4602, "2007-06-30": 2.263, "2007-03-31": "1.83510", "2006-12-31": 2.3471, "2006-09-30": 3.4284, "2006-06-30": 2.2196, "2006-03-31": "1.81850", "2005-12-31": 1.9158, "2005-09-30": 2.3862, "2005-06-30": 2.8036, "2005-03-31": "2.76710"}}, "revenue": {"Axis Capital Holdings Annual Revenue (Millions of US $)": {"2019": "$5,173", "2018": "$5,090", "2017": "$4,592", "2016": "$4,006", "2015": "$4,130", "2014": "$4,347", "2013": "$4,196", "2012": "$3,927", "2011": "$3,801", "2010": "$3,551", "2009": "$2,815", "2008": "$2,810", "2007": "$3,226", "2006": "$3,079", "2005": "$2,788"}, "Axis Capital Holdings Quarterly Revenue (Millions of US $)": {"2020-09-30": "$1,250", "2020-06-30": "$1,204", "2020-03-31": "$1,110", "2019-12-31": "$1,337", "2019-09-30": "$1,289", "2019-06-30": "$1,286", "2019-03-31": "$1,261", "2018-12-31": "$1,247", "2018-09-30": "$1,329", "2018-06-30": "$1,254", "2018-03-31": "$1,260", "2017-12-31": "$1,359", "2017-09-30": "$1,124", "2017-06-30": "$1,101", "2017-03-31": "$1,009", "2016-12-31": "$1,000", "2016-09-30": "$1,062", "2016-06-30": "$1,059", "2016-03-31": "$885", "2015-12-31": "$971", "2015-09-30": "$1,176", "2015-06-30": "$1,022", "2015-03-31": "$961", "2014-12-31": "$1,036", "2014-09-30": "$1,118", "2014-06-30": "$1,150", "2014-03-31": "$1,042", "2013-12-31": "$1,078", "2013-09-30": "$1,045", "2013-06-30": "$1,046", "2013-03-31": "$1,028", "2012-12-31": "$975", "2012-09-30": "$1,018", "2012-06-30": "$956", "2012-03-31": "$978", "2011-12-31": "$946", "2011-09-30": "$948", "2011-06-30": "$978", "2011-03-31": "$930", "2010-12-31": "$943", "2010-09-30": "$948", "2010-06-30": "$842", "2010-03-31": "$818", "2009-12-31": "$868", "2009-09-30": "$452", "2009-06-30": "$781", "2009-03-31": "$715", "2008-12-31": "$579", "2008-09-30": "$638", "2008-06-30": "$812", "2008-03-31": "$782", "2007-12-31": "$805", "2007-09-30": "$805", "2007-06-30": "$804", "2007-03-31": "$813", "2006-12-31": "$810", "2006-09-30": "$791", "2006-06-30": "$761", "2006-03-31": "$717", "2005-12-31": "$755", "2005-09-30": "$678", "2005-06-30": "$679", "2005-03-31": "$677"}}, "gross-profit": {"Axis Capital Holdings Annual Gross Profit (Millions of US $)": {"2019": "$1,104", "2018": "$931", "2017": "$480", "2016": "$1,055", "2015": "$1,236", "2014": "$1,423", "2013": "$1,398", "2012": "$1,203", "2011": "$539", "2010": "$1,386", "2009": "$971", "2008": "$731", "2007": "$1,472", "2006": "$1,266", "2005": "$400"}, "Axis Capital Holdings Quarterly Gross Profit (Millions of US $)": {"2020-09-30": "$140", "2020-06-30": "$299", "2020-03-31": "$-37", "2019-12-31": "$218", "2019-09-30": "$178", "2019-06-30": "$371", "2019-03-31": "$337", "2018-12-31": "$-40", "2018-09-30": "$286", "2018-06-30": "$316", "2018-03-31": "$370", "2017-12-31": "$284", "2017-09-30": "$-306", "2017-06-30": "$291", "2017-03-31": "$212", "2016-12-31": "$272", "2016-09-30": "$340", "2016-06-30": "$237", "2016-03-31": "$205", "2015-12-31": "$267", "2015-09-30": "$433", "2015-06-30": "$259", "2015-03-31": "$277", "2014-12-31": "$324", "2014-09-30": "$380", "2014-06-30": "$393", "2014-03-31": "$326", "2013-12-31": "$351", "2013-09-30": "$369", "2013-06-30": "$233", "2013-03-31": "$444", "2012-12-31": "$156", "2012-09-30": "$416", "2012-06-30": "$332", "2012-03-31": "$298", "2011-12-31": "$205", "2011-09-30": "$294", "2011-06-30": "$265", "2011-03-31": "$-225", "2010-12-31": "$436", "2010-09-30": "$402", "2010-06-30": "$315", "2010-03-31": "$233", "2009-12-31": "$419", "2009-09-30": "$27", "2009-06-30": "$299", "2009-03-31": "$225", "2008-12-31": "$222", "2008-09-30": "$-158", "2008-06-30": "$342", "2008-03-31": "$326", "2007-12-31": "$424", "2007-09-30": "$376", "2007-06-30": "$349", "2007-03-31": "$322", "2006-12-31": "$389", "2006-09-30": "$321", "2006-06-30": "$288", "2006-03-31": "$268", "2005-12-31": "$310", "2005-09-30": "$-422", "2005-06-30": "$270", "2005-03-31": "$241"}}, "operating-income": {"Axis Capital Holdings Annual Operating Income (Millions of US $)": {"2019": "$431", "2018": "$118", "2017": "$-152", "2016": "$452", "2015": "$639", "2014": "$801", "2013": "$823", "2012": "$642", "2011": "$80", "2010": "$936", "2009": "$600", "2008": "$395", "2007": "$1,168", "2006": "$997", "2005": "$187"}, "Axis Capital Holdings Quarterly Operating Income (Millions of US $)": {"2020-09-30": "$-3", "2020-06-30": "$155", "2020-03-31": "$-198", "2019-12-31": "$74", "2019-09-30": "$15", "2019-06-30": "$195", "2019-03-31": "$146", "2018-12-31": "$-205", "2018-09-30": "$90", "2018-06-30": "$93", "2018-03-31": "$140", "2017-12-31": "$85", "2017-09-30": "$-431", "2017-06-30": "$143", "2017-03-31": "$51", "2016-12-31": "$108", "2016-09-30": "$197", "2016-06-30": "$91", "2016-03-31": "$55", "2015-12-31": "$126", "2015-09-30": "$288", "2015-06-30": "$110", "2015-03-31": "$114", "2014-12-31": "$159", "2014-09-30": "$227", "2014-06-30": "$241", "2014-03-31": "$173", "2013-12-31": "$207", "2013-09-30": "$229", "2013-06-30": "$84", "2013-03-31": "$303", "2012-12-31": "$15", "2012-09-30": "$282", "2012-06-30": "$170", "2012-03-31": "$175", "2011-12-31": "$95", "2011-09-30": "$180", "2011-06-30": "$147", "2011-03-31": "$-342", "2010-12-31": "$295", "2010-09-30": "$299", "2010-06-30": "$209", "2010-03-31": "$133", "2009-12-31": "$315", "2009-09-30": "$-65", "2009-06-30": "$213", "2009-03-31": "$138", "2008-12-31": "$134", "2008-09-30": "$-245", "2008-06-30": "$259", "2008-03-31": "$247", "2007-12-31": "$331", "2007-09-30": "$297", "2007-06-30": "$281", "2007-03-31": "$259", "2006-12-31": "$302", "2006-09-30": "$253", "2006-06-30": "$230", "2006-03-31": "$213", "2005-12-31": "$253", "2005-09-30": "$-466", "2005-06-30": "$214", "2005-03-31": "$187"}}, "ebitda": {"Axis Capital Holdings Annual EBITDA (Millions of US $)": {"2019": "$551", "2018": "$325", "2017": "$-27", "2016": "$542", "2015": "$763", "2014": "$940", "2013": "$986", "2012": "$791", "2011": "$190", "2010": "$1,011", "2009": "$635", "2008": "$432", "2007": "$1,183", "2006": "$1,038", "2005": "$228"}, "Axis Capital Holdings Quarterly EBITDA (Millions of US $)": {"2020-09-30": "$24", "2020-06-30": "$179", "2020-03-31": "$-175", "2019-12-31": "$100", "2019-09-30": "$40", "2019-06-30": "$223", "2019-03-31": "$188", "2018-12-31": "$-202", "2018-09-30": "$145", "2018-06-30": "$163", "2018-03-31": "$218", "2017-12-31": "$158", "2017-09-30": "$-413", "2017-06-30": "$158", "2017-03-31": "$70", "2016-12-31": "$130", "2016-09-30": "$220", "2016-06-30": "$113", "2016-03-31": "$80", "2015-12-31": "$148", "2015-09-30": "$326", "2015-06-30": "$137", "2015-03-31": "$152", "2014-12-31": "$196", "2014-09-30": "$262", "2014-06-30": "$262", "2014-03-31": "$220", "2013-12-31": "$248", "2013-09-30": "$267", "2013-06-30": "$123", "2013-03-31": "$348", "2012-12-31": "$53", "2012-09-30": "$324", "2012-06-30": "$206", "2012-03-31": "$208", "2011-12-31": "$128", "2011-09-30": "$210", "2011-06-30": "$170", "2011-03-31": "$-318", "2010-12-31": "$320", "2010-09-30": "$318", "2010-06-30": "$228", "2010-03-31": "$144", "2009-12-31": "$326", "2009-09-30": "$-54", "2009-06-30": "$217", "2009-03-31": "$145", "2008-12-31": "$152", "2008-09-30": "$-233", "2008-06-30": "$260", "2008-03-31": "$253", "2007-12-31": "$343", "2007-09-30": "$291", "2007-06-30": "$283", "2007-03-31": "$266", "2006-12-31": "$316", "2006-09-30": "$259", "2006-06-30": "$240", "2006-03-31": "$223", "2005-12-31": "$249", "2005-09-30": "$-449", "2005-06-30": "$226", "2005-03-31": "$202"}}, "net-income": {"Axis Capital Holdings Annual Net Income (Millions of US $)": {"2019": "$282", "2018": "$0", "2017": "$-416", "2016": "$465", "2015": "$602", "2014": "$771", "2013": "$684", "2012": "$495", "2011": "$9", "2010": "$820", "2009": "$461", "2008": "$351", "2007": "$1,055", "2006": "$926", "2005": "$90"}, "Axis Capital Holdings Quarterly Net Income (Millions of US $)": {"2020-09-30": "$-73", "2020-06-30": "$112", "2020-03-31": "$-185", "2019-12-31": "$-10", "2019-09-30": "$28", "2019-06-30": "$166", "2019-03-31": "$98", "2018-12-31": "$-198", "2018-09-30": "$43", "2018-06-30": "$93", "2018-03-31": "$63", "2017-12-31": "$-38", "2017-09-30": "$-468", "2017-06-30": "$85", "2017-03-31": "$5", "2016-12-31": "$131", "2016-09-30": "$177", "2016-06-30": "$119", "2016-03-31": "$38", "2015-12-31": "$135", "2015-09-30": "$248", "2015-06-30": "$63", "2015-03-31": "$156", "2014-12-31": "$164", "2014-09-30": "$279", "2014-06-30": "$191", "2014-03-31": "$137", "2013-12-31": "$172", "2013-09-30": "$137", "2013-06-30": "$72", "2013-03-31": "$303", "2012-12-31": "$-19", "2012-09-30": "$223", "2012-06-30": "$168", "2012-03-31": "$122", "2011-12-31": "$80", "2011-09-30": "$212", "2011-06-30": "$101", "2011-03-31": "$-384", "2010-12-31": "$264", "2010-09-30": "$239", "2010-06-30": "$205", "2010-03-31": "$112", "2009-12-31": "$282", "2009-09-30": "$-96", "2009-06-30": "$159", "2009-03-31": "$116", "2008-12-31": "$131", "2008-09-30": "$-249", "2008-06-30": "$231", "2008-03-31": "$238", "2007-12-31": "$306", "2007-09-30": "$270", "2007-06-30": "$252", "2007-03-31": "$228", "2006-12-31": "$281", "2006-09-30": "$226", "2006-06-30": "$223", "2006-03-31": "$195", "2005-12-31": "$233", "2005-09-30": "$-468", "2005-06-30": "$173", "2005-03-31": "$152"}}, "eps-earnings-per-share-diluted": {"Axis Capital Holdings Annual EPS": {"2019": "$3.34", "2018": "$0.01", "2017": "$-4.94", "2016": "$5.08", "2015": "$6.04", "2014": "$7.29", "2013": "$5.93", "2012": "$4.00", "2011": "$0.07", "2010": "$6.02", "2009": "$3.07", "2008": "$2.26", "2007": "$6.41", "2006": "$5.63", "2005": "$0.57"}, "Axis Capital Holdings Quarterly EPS": {"2020-09-30": "$-0.87", "2020-06-30": "$1.33", "2020-03-31": "$-2.20", "2019-12-31": "$-0.12", "2019-09-30": "$0.33", "2019-06-30": "$1.97", "2019-03-31": "$1.16", "2018-12-31": "$-2.38", "2018-09-30": "$0.52", "2018-06-30": "$1.11", "2018-03-31": "$0.75", "2017-12-31": "$-0.40", "2017-09-30": "$-5.61", "2017-06-30": "$1.01", "2017-03-31": "$0.06", "2016-12-31": "$1.42", "2016-09-30": "$1.96", "2016-06-30": "$1.29", "2016-03-31": "$0.41", "2015-12-31": "$1.37", "2015-09-30": "$2.50", "2015-06-30": "$0.63", "2015-03-31": "$1.54", "2014-12-31": "$1.58", "2014-09-30": "$2.68", "2014-06-30": "$1.79", "2014-03-31": "$1.24", "2013-12-31": "$1.55", "2013-09-30": "$1.21", "2013-06-30": "$0.62", "2013-03-31": "$2.55", "2012-12-31": "$-0.13", "2012-09-30": "$1.82", "2012-06-30": "$1.35", "2012-03-31": "$0.96", "2011-12-31": "$1.01", "2011-09-30": "$1.66", "2011-06-30": "$0.79", "2011-03-31": "$-3.39", "2010-12-31": "$1.94", "2010-09-30": "$1.78", "2010-06-30": "$1.51", "2010-03-31": "$0.79", "2009-12-31": "$1.93", "2009-09-30": "$-0.70", "2009-06-30": "$1.06", "2009-03-31": "$0.78", "2008-12-31": "$1.10", "2008-09-30": "$-1.79", "2008-06-30": "$1.47", "2008-03-31": "$1.48", "2007-12-31": "$1.88", "2007-09-30": "$1.65", "2007-06-30": "$1.51", "2007-03-31": "$1.37", "2006-12-31": "$1.70", "2006-09-30": "$1.37", "2006-06-30": "$1.37", "2006-03-31": "$1.19", "2005-12-31": "$1.81", "2005-09-30": "$-3.32", "2005-06-30": "$1.13", "2005-03-31": "$0.95"}}, "shares-outstanding": {"Axis Capital Holdings Annual Shares Outstanding (Millions of Shares)": {"2019": "84", "2018": "84", "2017": "84", "2016": "92", "2015": "100", "2014": "106", "2013": "115", "2012": "124", "2011": "128", "2010": "136", "2009": "150", "2008": "155", "2007": "165", "2006": "164", "2005": "158"}, "Axis Capital Holdings Quarterly Shares Outstanding (Millions of Shares)": {"2020-09-30": "84", "2020-06-30": "85", "2020-03-31": "84", "2019-12-31": "84", "2019-09-30": "85", "2019-06-30": "84", "2019-03-31": "84", "2018-12-31": "84", "2018-09-30": "84", "2018-06-30": "84", "2018-03-31": "84", "2017-12-31": "84", "2017-09-30": "83", "2017-06-30": "85", "2017-03-31": "87", "2016-12-31": "92", "2016-09-30": "90", "2016-06-30": "93", "2016-03-31": "95", "2015-12-31": "100", "2015-09-30": "99", "2015-06-30": "101", "2015-03-31": "101", "2014-12-31": "106", "2014-09-30": "104", "2014-06-30": "106", "2014-03-31": "110", "2013-12-31": "115", "2013-09-30": "113", "2013-06-30": "117", "2013-03-31": "119", "2012-12-31": "124", "2012-09-30": "123", "2012-06-30": "125", "2012-03-31": "127", "2011-12-31": "128", "2011-09-30": "128", "2011-06-30": "128", "2011-03-31": "113", "2010-12-31": "136", "2010-09-30": "134", "2010-06-30": "136", "2010-03-31": "142", "2009-12-31": "150", "2009-09-30": "138", "2009-06-30": "150", "2009-03-31": "149", "2008-12-31": "155", "2008-09-30": "139", "2008-06-30": "158", "2008-03-31": "160", "2007-12-31": "165", "2007-09-30": "164", "2007-06-30": "166", "2007-03-31": "166", "2006-12-31": "164", "2006-09-30": "165", "2006-06-30": "163", "2006-03-31": "164", "2005-12-31": "158", "2005-09-30": "141", "2005-06-30": "154", "2005-03-31": "160"}}, "total-assets": {"Axis Capital Holdings Annual Total Assets (Millions of US $)": {"2019": "$25,604", "2018": "$24,133", "2017": "$24,760", "2016": "$20,814", "2015": "$19,982", "2014": "$19,956", "2013": "$19,635", "2012": "$18,852", "2011": "$17,806", "2010": "$16,446", "2009": "$15,307", "2008": "$14,283", "2007": "$14,675", "2006": "$13,665", "2005": "$11,926"}, "Axis Capital Holdings Quarterly Total Assets (Millions of US $)": {"2020-09-30": "$26,453", "2020-06-30": "$26,359", "2020-03-31": "$25,949", "2019-12-31": "$25,604", "2019-09-30": "$25,496", "2019-06-30": "$25,870", "2019-03-31": "$25,558", "2018-12-31": "$24,133", "2018-09-30": "$24,843", "2018-06-30": "$25,018", "2018-03-31": "$25,087", "2017-12-31": "$24,760", "2017-09-30": "$21,818", "2017-06-30": "$21,500", "2017-03-31": "$21,247", "2016-12-31": "$20,814", "2016-09-30": "$21,222", "2016-06-30": "$21,249", "2016-03-31": "$20,978", "2015-12-31": "$19,982", "2015-09-30": "$20,557", "2015-06-30": "$20,705", "2015-03-31": "$20,459", "2014-12-31": "$19,956", "2014-09-30": "$20,965", "2014-06-30": "$21,446", "2014-03-31": "$20,998", "2013-12-31": "$19,635", "2013-09-30": "$19,933", "2013-06-30": "$19,846", "2013-03-31": "$19,711", "2012-12-31": "$18,852", "2012-09-30": "$18,898", "2012-06-30": "$18,721", "2012-03-31": "$19,026", "2011-12-31": "$17,806", "2011-09-30": "$17,944", "2011-06-30": "$18,197", "2011-03-31": "$17,674", "2010-12-31": "$16,446", "2010-09-30": "$16,847", "2010-06-30": "$16,558", "2010-03-31": "$16,329", "2009-12-31": "$15,307", "2009-09-30": "$15,919", "2009-06-30": "$15,379", "2009-03-31": "$14,777", "2008-12-31": "$14,283", "2008-09-30": "$15,175", "2008-06-30": "$15,606", "2008-03-31": "$15,640", "2007-12-31": "$14,675", "2007-09-30": "$14,712", "2007-06-30": "$14,929", "2007-03-31": "$14,612", "2006-12-31": "$13,665", "2006-09-30": "$13,254", "2006-06-30": "$12,799", "2006-03-31": "$12,656", "2005-12-31": "$11,926", "2005-09-30": "$11,441", "2005-06-30": "$10,117", "2005-03-31": "$9,791"}}, "cash-on-hand": {"Axis Capital Holdings Annual Cash on Hand (Millions of US $)": {"2019": "$1,576", "2018": "$1,830", "2017": "$1,364", "2016": "$1,242", "2015": "$1,175", "2014": "$1,210", "2013": "$988", "2012": "$851", "2011": "$1,083", "2010": "$1,045", "2009": "$864", "2008": "$1,821", "2007": "$1,333", "2006": "$1,989", "2005": "$1,281"}, "Axis Capital Holdings Quarterly Cash on Hand (Millions of US $)": {"2020-09-30": "$1,441", "2020-06-30": "$1,649", "2020-03-31": "$1,241", "2019-12-31": "$1,576", "2019-09-30": "$1,209", "2019-06-30": "$1,095", "2019-03-31": "$1,606", "2018-12-31": "$1,830", "2018-09-30": "$1,752", "2018-06-30": "$1,527", "2018-03-31": "$1,645", "2017-12-31": "$1,364", "2017-09-30": "$1,631", "2017-06-30": "$1,015", "2017-03-31": "$1,452", "2016-12-31": "$1,242", "2016-09-30": "$1,077", "2016-06-30": "$993", "2016-03-31": "$952", "2015-12-31": "$1,175", "2015-09-30": "$1,180", "2015-06-30": "$1,180", "2015-03-31": "$1,270", "2014-12-31": "$1,210", "2014-09-30": "$1,408", "2014-06-30": "$1,189", "2014-03-31": "$1,295", "2013-12-31": "$988", "2013-09-30": "$1,110", "2013-06-30": "$1,116", "2013-03-31": "$856", "2012-12-31": "$851", "2012-09-30": "$869", "2012-06-30": "$873", "2012-03-31": "$1,174", "2011-12-31": "$1,083", "2011-09-30": "$1,201", "2011-06-30": "$1,067", "2011-03-31": "$1,086", "2010-12-31": "$1,045", "2010-09-30": "$1,205", "2010-06-30": "$1,198", "2010-03-31": "$1,510", "2009-12-31": "$864", "2009-09-30": "$1,239", "2009-06-30": "$1,381", "2009-03-31": "$1,412", "2008-12-31": "$1,821", "2008-09-30": "$1,420", "2008-06-30": "$1,094", "2008-03-31": "$1,579", "2007-12-31": "$1,333", "2007-09-30": "$1,831", "2007-06-30": "$1,838", "2007-03-31": "$2,091", "2006-12-31": "$1,989", "2006-09-30": "$1,641", "2006-06-30": "$1,615", "2006-03-31": "$1,512", "2005-12-31": "$1,281", "2005-09-30": "$862", "2005-06-30": "$793", "2005-03-31": "$746"}}, "long-term-debt": {"Axis Capital Holdings Annual Long Term Debt (Millions of US $)": {"2019": "$1,841", "2018": "$1,454", "2017": "$1,477", "2016": "$1,056", "2015": "$1,001", "2014": "$1,179", "2013": "$1,018", "2012": "$1,060", "2011": "$1,147", "2010": "$1,014", "2009": "$632", "2008": "$979", "2007": "$1,363", "2006": "$1,353", "2005": "$1,494"}, "Axis Capital Holdings Quarterly Long Term Debt (Millions of US $)": {"2020-09-30": "$1,767", "2020-06-30": "$1,659", "2020-03-31": "$1,932", "2019-12-31": "$1,841", "2019-09-30": "$1,478", "2019-06-30": "$1,569", "2019-03-31": "$1,502", "2018-12-31": "$1,454", "2018-09-30": "$1,598", "2018-06-30": "$1,563", "2018-03-31": "$1,521", "2017-12-31": "$1,477", "2017-09-30": "$1,116", "2017-06-30": "$1,089", "2017-03-31": "$1,077", "2016-12-31": "$1,056", "2016-09-30": "$1,134", "2016-06-30": "$1,136", "2016-03-31": "$1,128", "2015-12-31": "$1,001", "2015-09-30": "$1,295", "2015-06-30": "$1,204", "2015-03-31": "$1,188", "2014-12-31": "$1,179", "2014-09-30": "$1,680", "2014-06-30": "$1,727", "2014-03-31": "$1,653", "2013-12-31": "$1,018", "2013-09-30": "$1,170", "2013-06-30": "$1,230", "2013-03-31": "$1,165", "2012-12-31": "$1,060", "2012-09-30": "$1,100", "2012-06-30": "$1,108", "2012-03-31": "$1,110", "2011-12-31": "$1,147", "2011-09-30": "$1,123", "2011-06-30": "$1,149", "2011-03-31": "$1,159", "2010-12-31": "$1,014", "2010-09-30": "$1,085", "2010-06-30": "$1,182", "2010-03-31": "$1,085", "2009-12-31": "$632", "2009-09-30": "$797", "2009-06-30": "$805", "2009-03-31": "$868", "2008-12-31": "$979", "2008-09-30": "$1,294", "2008-06-30": "$1,349", "2008-03-31": "$1,524", "2007-12-31": "$1,363", "2007-09-30": "$1,407", "2007-06-30": "$1,534", "2007-03-31": "$1,485", "2006-12-31": "$1,353", "2006-09-30": "$1,554", "2006-06-30": "$1,447", "2006-03-31": "$1,668", "2005-12-31": "$1,494", "2005-09-30": "$1,633", "2005-06-30": "$1,606", "2005-03-31": "$1,645"}}, "total-liabilities": {"Axis Capital Holdings Annual Total Liabilities (Millions of US $)": {"2019": "$20,060", "2018": "$19,102", "2017": "$19,419", "2016": "$14,541", "2015": "$14,115", "2014": "$14,076", "2013": "$13,767", "2012": "$13,073", "2011": "$12,362", "2010": "$10,821", "2009": "$9,806", "2008": "$9,822", "2007": "$9,517", "2006": "$9,253", "2005": "$8,414"}, "Axis Capital Holdings Quarterly Total Liabilities (Millions of US $)": {"2020-09-30": "$21,187", "2020-06-30": "$21,061", "2020-03-31": "$21,109", "2019-12-31": "$20,060", "2019-09-30": "$19,910", "2019-06-30": "$20,304", "2019-03-31": "$20,257", "2018-12-31": "$19,102", "2018-09-30": "$19,571", "2018-06-30": "$19,765", "2018-03-31": "$19,823", "2017-12-31": "$19,419", "2017-09-30": "$16,363", "2017-06-30": "$15,607", "2017-03-31": "$15,017", "2016-12-31": "$14,541", "2016-09-30": "$15,197", "2016-06-30": "$15,285", "2016-03-31": "$15,028", "2015-12-31": "$14,115", "2015-09-30": "$14,731", "2015-06-30": "$14,756", "2015-03-31": "$14,413", "2014-12-31": "$14,076", "2014-09-30": "$15,085", "2014-06-30": "$15,438", "2014-03-31": "$15,119", "2013-12-31": "$13,767", "2013-09-30": "$14,145", "2013-06-30": "$14,284", "2013-03-31": "$13,822", "2012-12-31": "$13,073", "2012-09-30": "$13,042", "2012-06-30": "$13,024", "2012-03-31": "$13,126", "2011-12-31": "$12,362", "2011-09-30": "$12,587", "2011-06-30": "$12,864", "2011-03-31": "$12,484", "2010-12-31": "$10,821", "2010-09-30": "$10,998", "2010-06-30": "$11,063", "2010-03-31": "$10,953", "2009-12-31": "$9,806", "2009-09-30": "$10,521", "2009-06-30": "$10,470", "2009-03-31": "$10,285", "2008-12-31": "$9,822", "2008-09-30": "$10,574", "2008-06-30": "$10,343", "2008-03-31": "$10,269", "2007-12-31": "$9,517", "2007-09-30": "$9,768", "2007-06-30": "$10,235", "2007-03-31": "$9,971", "2006-12-31": "$9,253", "2006-09-30": "$9,113", "2006-06-30": "$8,980", "2006-03-31": "$9,010", "2005-12-31": "$8,414", "2005-09-30": "$8,569", "2005-06-30": "$6,950", "2005-03-31": "$6,828"}}, "total-share-holder-equity": {"Axis Capital Holdings Annual Share Holder Equity (Millions of US $)": {"2019": "$5,544", "2018": "$5,030", "2017": "$5,341", "2016": "$6,272", "2015": "$5,867", "2014": "$5,880", "2013": "$5,868", "2012": "$5,780", "2011": "$5,444", "2010": "$5,625", "2009": "$5,500", "2008": "$4,461", "2007": "$5,159", "2006": "$4,413", "2005": "$3,512"}, "Axis Capital Holdings Quarterly Share Holder Equity (Millions of US $)": {"2020-09-30": "$5,266", "2020-06-30": "$5,298", "2020-03-31": "$4,840", "2019-12-31": "$5,544", "2019-09-30": "$5,586", "2019-06-30": "$5,566", "2019-03-31": "$5,300", "2018-12-31": "$5,030", "2018-09-30": "$5,272", "2018-06-30": "$5,253", "2018-03-31": "$5,264", "2017-12-31": "$5,341", "2017-09-30": "$5,455", "2017-06-30": "$5,893", "2017-03-31": "$6,230", "2016-12-31": "$6,272", "2016-09-30": "$6,026", "2016-06-30": "$5,964", "2016-03-31": "$5,950", "2015-12-31": "$5,867", "2015-09-30": "$5,826", "2015-06-30": "$5,949", "2015-03-31": "$6,046", "2014-12-31": "$5,880", "2014-09-30": "$5,880", "2014-06-30": "$6,009", "2014-03-31": "$5,878", "2013-12-31": "$5,868", "2013-09-30": "$5,788", "2013-06-30": "$5,562", "2013-03-31": "$5,889", "2012-12-31": "$5,780", "2012-09-30": "$5,856", "2012-06-30": "$5,698", "2012-03-31": "$5,899", "2011-12-31": "$5,444", "2011-09-30": "$5,357", "2011-06-30": "$5,333", "2011-03-31": "$5,190", "2010-12-31": "$5,625", "2010-09-30": "$5,849", "2010-06-30": "$5,495", "2010-03-31": "$5,376", "2009-12-31": "$5,500", "2009-09-30": "$5,398", "2009-06-30": "$4,909", "2009-03-31": "$4,493", "2008-12-31": "$4,461", "2008-09-30": "$4,601", "2008-06-30": "$5,263", "2008-03-31": "$5,371", "2007-12-31": "$5,159", "2007-09-30": "$4,944", "2007-06-30": "$4,694", "2007-03-31": "$4,642", "2006-12-31": "$4,413", "2006-09-30": "$4,141", "2006-06-30": "$3,819", "2006-03-31": "$3,645", "2005-12-31": "$3,512", "2005-09-30": "$2,872", "2005-06-30": "$3,167", "2005-03-31": "$2,962"}}, "profit-margins": {"current": "-2.49%"}, "gross margin": {"2020-09-30": "12.65%", "2020-06-30": "13.32%", "2020-03-31": "14.54%", "2019-12-31": "21.34%", "2019-09-30": "16.64%", "2019-06-30": "18.62%", "2019-03-31": "17.66%", "2018-12-31": "18.31%", "2018-09-30": "24.14%", "2018-06-30": "13.29%", "2018-03-31": "13.19%", "2017-12-31": "10.47%", "2017-09-30": "11.08%", "2017-06-30": "26.73%", "2017-03-31": "25.69%", "2016-12-31": "26.31%", "2016-09-30": "26.38%", "2016-06-30": "27.91%", "2016-03-31": "28.71%", "2015-12-31": "29.93%", "2015-09-30": "30.82%", "2015-06-30": "29.97%", "2015-03-31": "32.22%", "2014-12-31": "32.74%", "2014-09-30": "33.04%", "2014-06-30": "33.35%", "2014-03-31": "30.37%", "2013-12-31": "33.29%", "2013-09-30": "29.36%", "2013-06-30": "30.71%", "2013-03-31": "33.89%", "2012-12-31": "30.61%", "2012-09-30": "32.09%", "2012-06-30": "29.49%", "2012-03-31": "27.58%", "2011-12-31": "14.18%", "2011-09-30": "20.27%", "2011-06-30": "23.11%", "2011-03-31": "25.33%", "2010-12-31": "39.03%", "2010-09-30": "39.38%", "2010-06-30": "33.36%", "2010-03-31": "33.50%", "2009-12-31": "34.45%", "2009-09-30": "30.59%", "2009-06-30": "21.67%", "2009-03-31": "23.00%", "2008-12-31": "26.04%", "2008-09-30": "30.75%", "2008-06-30": "45.82%", "2008-03-31": "46.15%", "2007-12-31": "45.58%", "2007-09-30": "44.43%", "2007-06-30": "42.91%", "2007-03-31": "41.57%", "2006-12-31": "41.12%", "2006-09-30": "39.25%", "2006-06-30": "15.25%", "2006-03-31": "15.06%", "2005-12-31": "14.31%"}, "operating margin": {"2020-09-30": "0.57%", "2020-06-30": "0.93%", "2020-03-31": "1.71%", "2019-12-31": "8.31%", "2019-09-30": "2.97%", "2019-06-30": "4.41%", "2019-03-31": "2.44%", "2018-12-31": "2.32%", "2018-09-30": "7.84%", "2018-06-30": "-2.26%", "2018-03-31": "-1.30%", "2017-12-31": "-3.31%", "2017-09-30": "-3.05%", "2017-06-30": "11.96%", "2017-03-31": "10.82%", "2016-12-31": "11.26%", "2016-09-30": "11.79%", "2016-06-30": "13.69%", "2016-03-31": "14.28%", "2015-12-31": "15.45%", "2015-09-30": "16.00%", "2015-06-30": "14.74%", "2015-03-31": "17.37%", "2014-12-31": "18.41%", "2014-09-30": "19.33%", "2014-06-30": "19.70%", "2014-03-31": "16.46%", "2013-12-31": "19.61%", "2013-09-30": "15.41%", "2013-06-30": "16.82%", "2013-03-31": "19.36%", "2012-12-31": "16.35%", "2012-09-30": "18.52%", "2012-06-30": "16.20%", "2012-03-31": "15.51%", "2011-12-31": "2.10%", "2011-09-30": "7.37%", "2011-06-30": "10.50%", "2011-03-31": "12.59%", "2010-12-31": "26.36%", "2010-09-30": "27.50%", "2010-06-30": "19.87%", "2010-03-31": "20.42%", "2009-12-31": "21.34%", "2009-09-30": "16.62%", "2009-06-30": "8.85%", "2009-03-31": "10.42%", "2008-12-31": "14.05%", "2008-09-30": "19.49%", "2008-06-30": "35.39%", "2008-03-31": "36.17%", "2007-12-31": "36.19%", "2007-09-30": "35.24%", "2007-06-30": "34.03%", "2007-03-31": "32.88%", "2006-12-31": "32.41%", "2006-09-30": "31.38%", "2006-06-30": "7.90%", "2006-03-31": "7.56%", "2005-12-31": "6.74%"}, "ebitda margin": {"2020-09-30": "2.61%", "2020-06-30": "2.91%", "2020-03-31": "3.74%", "2019-12-31": "10.65%", "2019-09-30": "4.90%", "2019-06-30": "6.91%", "2019-03-31": "5.77%", "2018-12-31": "6.37%", "2018-09-30": "13.15%", "2018-06-30": "2.52%", "2018-03-31": "2.50%", "2017-12-31": "-0.59%", "2017-09-30": "-1.30%", "2017-06-30": "13.85%", "2017-03-31": "12.91%", "2016-12-31": "13.55%", "2016-09-30": "14.11%", "2016-06-30": "16.30%", "2016-03-31": "17.04%", "2015-12-31": "18.47%", "2015-09-30": "19.33%", "2015-06-30": "18.06%", "2015-03-31": "20.45%", "2014-12-31": "21.63%", "2014-09-30": "22.61%", "2014-06-30": "23.11%", "2014-03-31": "20.38%", "2013-12-31": "23.49%", "2013-09-30": "19.32%", "2013-06-30": "20.85%", "2013-03-31": "23.41%", "2012-12-31": "20.14%", "2012-09-30": "22.22%", "2012-06-30": "19.64%", "2012-03-31": "18.60%", "2011-12-31": "5.00%", "2011-09-30": "10.06%", "2011-06-30": "12.90%", "2011-03-31": "14.96%", "2010-12-31": "28.44%", "2010-09-30": "29.23%", "2010-06-30": "21.61%", "2010-03-31": "21.69%", "2009-12-31": "22.51%", "2009-09-30": "18.20%", "2009-06-30": "10.36%", "2009-03-31": "11.81%", "2008-12-31": "15.37%", "2008-09-30": "20.51%", "2008-06-30": "35.80%", "2008-03-31": "36.61%", "2007-12-31": "36.66%", "2007-09-30": "35.77%", "2007-06-30": "34.93%", "2007-03-31": "34.05%", "2006-12-31": "33.71%", "2006-09-30": "32.11%", "2006-06-30": "9.03%", "2006-03-31": "8.80%", "2005-12-31": "8.17%"}, "pre tax profit margin": {"2020-09-30": "-2.45%", "2020-06-30": "0.12%", "2020-03-31": "1.41%", "2019-12-31": "6.53%", "2019-09-30": "2.62%", "2019-06-30": "2.65%", "2019-03-31": "0.94%", "2018-12-31": "0.24%", "2018-09-30": "4.34%", "2018-06-30": "-6.10%", "2018-03-31": "-6.44%", "2017-12-31": "-8.01%", "2017-09-30": "-5.31%", "2017-06-30": "10.91%", "2017-03-31": "11.99%", "2016-12-31": "13.01%", "2016-09-30": "13.10%", "2016-06-30": "14.20%", "2016-03-31": "12.88%", "2015-12-31": "15.62%", "2015-09-30": "16.33%", "2015-06-30": "17.07%", "2015-03-31": "19.77%", "2014-12-31": "19.12%", "2014-09-30": "18.71%", "2014-06-30": "16.20%", "2014-03-31": "13.44%", "2013-12-31": "17.51%", "2013-09-30": "13.09%", "2013-06-30": "15.27%", "2013-03-31": "18.43%", "2012-12-31": "14.01%", "2012-09-30": "17.16%", "2012-06-30": "17.03%", "2012-03-31": "14.91%", "2011-12-31": "1.63%", "2011-09-30": "6.58%", "2011-06-30": "7.45%", "2011-03-31": "10.65%", "2010-12-31": "25.20%", "2010-09-30": "26.41%", "2010-06-30": "19.46%", "2010-03-31": "18.50%", "2009-12-31": "19.14%", "2009-09-30": "15.04%", "2009-06-30": "7.92%", "2009-03-31": "10.20%", "2008-12-31": "14.51%", "2008-09-30": "19.20%", "2008-06-30": "34.89%", "2008-03-31": "35.86%", "2007-12-31": "35.14%", "2007-09-30": "34.34%", "2007-06-30": "33.00%", "2007-03-31": "32.44%", "2006-12-31": "32.38%", "2006-09-30": "31.08%", "2006-06-30": "7.63%", "2006-03-31": "5.66%", "2005-12-31": "3.62%"}, "net profit margin": {"2020-09-30": "-3.18%", "2020-06-30": "-1.11%", "2020-03-31": "-0.02%", "2019-12-31": "5.45%", "2019-09-30": "1.85%", "2019-06-30": "2.13%", "2019-03-31": "0.71%", "2018-12-31": "0.02%", "2018-09-30": "3.09%", "2018-06-30": "-7.00%", "2018-03-31": "-7.39%", "2017-12-31": "-9.06%", "2017-09-30": "-5.83%", "2017-06-30": "9.54%", "2017-03-31": "10.46%", "2016-12-31": "11.61%", "2016-09-30": "11.79%", "2016-06-30": "13.20%", "2016-03-31": "11.94%", "2015-12-31": "14.58%", "2015-09-30": "15.04%", "2015-06-30": "16.00%", "2015-03-31": "18.52%", "2014-12-31": "17.74%", "2014-09-30": "17.75%", "2014-06-30": "14.76%", "2014-03-31": "12.30%", "2013-12-31": "16.30%", "2013-09-30": "12.04%", "2013-06-30": "14.24%", "2013-03-31": "16.97%", "2012-12-31": "12.58%", "2012-09-30": "15.21%", "2012-06-30": "15.20%", "2012-03-31": "13.38%", "2011-12-31": "0.24%", "2011-09-30": "5.08%", "2011-06-30": "5.79%", "2011-03-31": "8.85%", "2010-12-31": "23.09%", "2010-09-30": "24.11%", "2010-06-30": "16.88%", "2010-03-31": "15.66%", "2009-12-31": "16.37%", "2009-09-30": "12.27%", "2009-06-30": "5.79%", "2009-03-31": "8.35%", "2008-12-31": "12.49%", "2008-09-30": "17.32%", "2008-06-30": "32.62%", "2008-03-31": "33.35%", "2007-12-31": "32.72%", "2007-09-30": "31.90%", "2007-06-30": "30.67%", "2007-03-31": "30.17%", "2006-12-31": "30.04%", "2006-09-30": "29.00%", "2006-06-30": "6.29%", "2006-03-31": "4.70%", "2005-12-31": "3.23%"}, "pe ratio": {"current": "0.00", "2021-02-05": "0.00", "2020-09-30": "0.00", "2020-06-30": "0.00", "2020-03-31": "0.00", "2019-12-31": "17.12", "2019-09-30": "58.14", "2019-06-30": "44.26", "2019-03-31": "123.04", "2018-12-31": "0.00", "2018-09-30": "27.74", "2018-06-30": "0.00", "2018-03-31": "0.00", "2017-12-31": "0.00", "2017-09-30": "0.00", "2017-06-30": "12.87", "2017-03-31": "12.48", "2016-12-31": "11.26", "2016-09-30": "9.49", "2016-06-30": "8.62", "2016-03-31": "9.79", "2015-12-31": "8.02", "2015-09-30": "7.36", "2015-06-30": "7.07", "2015-03-31": "5.76", "2014-12-31": "5.91", "2014-09-30": "5.50", "2014-06-30": "6.43", "2014-03-31": "8.30", "2013-12-31": "6.66", "2013-09-30": "8.43", "2013-06-30": "7.74", "2013-03-31": "6.08", "2012-12-31": "7.04", "2012-09-30": "5.88", "2012-06-30": "5.63", "2012-03-31": "6.49", "2011-12-31": "0.00", "2011-09-30": "19.24", "2011-06-30": "20.42", "2011-03-31": "14.15", "2010-12-31": "4.50", "2010-09-30": "4.19", "2010-06-30": "6.43", "2010-03-31": "7.72", "2009-12-31": "7.00", "2009-09-30": "10.99", "2009-06-30": "20.58", "2009-03-31": "12.20", "2008-12-31": "10.26", "2008-09-30": "7.42", "2008-06-30": "3.26", "2008-03-31": "3.67", "2007-12-31": "4.26", "2007-09-30": "4.37", "2007-06-30": "4.76", "2007-03-31": "4.04", "2006-12-31": "4.09"}, "price sales": {"2021-02-05": "0.84", "2020-09-30": "0.74", "2020-06-30": "0.68", "2020-03-31": "0.63", "2019-12-31": "0.93", "2019-09-30": "1.05", "2019-06-30": "0.93", "2019-03-31": "0.85", "2018-12-31": "0.80", "2018-09-30": "0.86", "2018-06-30": "0.86", "2018-03-31": "0.91", "2017-12-31": "0.84", "2017-09-30": "1.05", "2017-06-30": "1.23", "2017-03-31": "1.31", "2016-12-31": "1.33", "2016-09-30": "1.13", "2016-06-30": "1.14", "2016-03-31": "1.18", "2015-12-31": "1.18", "2015-09-30": "1.12", "2015-06-30": "1.14", "2015-03-31": "1.07", "2014-12-31": "1.06", "2014-09-30": "0.99", "2014-06-30": "0.95", "2014-03-31": "1.03", "2013-12-31": "1.09", "2013-09-30": "1.02", "2013-06-30": "1.11", "2013-03-31": "1.04", "2012-12-31": "0.89", "2012-09-30": "0.90", "2012-06-30": "0.86", "2012-03-31": "0.87", "2011-12-31": "0.82", "2011-09-30": "0.67", "2011-06-30": "0.80", "2011-03-31": "0.94", "2010-12-31": "1.05", "2010-09-30": "1.00", "2010-06-30": "1.06", "2010-03-31": "1.17", "2009-12-31": "1.11", "2009-09-30": "1.31", "2009-06-30": "1.05", "2009-03-31": "0.90", "2008-12-31": "1.14", "2008-09-30": "1.16", "2008-06-30": "1.07", "2008-03-31": "1.23", "2007-12-31": "1.40", "2007-09-30": "1.39", "2007-06-30": "1.45", "2007-03-31": "1.22", "2006-12-31": "1.22"}, "price book": {"current": "0.88", "2021-02-05": "0.79", "2020-09-30": "0.69", "2020-06-30": "0.63", "2020-03-31": "0.65", "2019-12-31": "0.87", "2019-09-30": "0.95", "2019-06-30": "0.85", "2019-03-31": "0.82", "2018-12-31": "0.80", "2018-09-30": "0.84", "2018-06-30": "0.82", "2018-03-31": "0.84", "2017-12-31": "0.71", "2017-09-30": "0.78", "2017-06-30": "0.82", "2017-03-31": "0.82", "2016-12-31": "0.80", "2016-09-30": "0.70", "2016-06-30": "0.73", "2016-03-31": "0.75", "2015-12-31": "0.80", "2015-09-30": "0.76", "2015-06-30": "0.77", "2015-03-31": "0.73", "2014-12-31": "0.73", "2014-09-30": "0.68", "2014-06-30": "0.64", "2014-03-31": "0.69", "2013-12-31": "0.73", "2013-09-30": "0.69", "2013-06-30": "0.75", "2013-03-31": "0.67", "2012-12-31": "0.57", "2012-09-30": "0.56", "2012-06-30": "0.56", "2012-03-31": "0.56", "2011-12-31": "0.58", "2011-09-30": "0.48", "2011-06-30": "0.56", "2011-03-31": "0.59", "2010-12-31": "0.55", "2010-09-30": "0.51", "2010-06-30": "0.49", "2010-03-31": "0.54", "2009-12-31": "0.51", "2009-09-30": "0.57", "2009-06-30": "0.54", "2009-03-31": "0.50", "2008-12-31": "0.64", "2008-09-30": "0.62", "2008-06-30": "0.52", "2008-03-31": "0.62", "2007-12-31": "0.76", "2007-09-30": "0.81", "2007-06-30": "0.89", "2007-03-31": "0.76", "2006-12-31": "0.78", "2006-09-30": "0.86", "2006-06-30": "0.77", "2006-03-31": "0.83"}, "price fcf": {"2021-02-05": "", "2020-09-30": "$2.95", "2020-06-30": "$3.11", "2020-03-31": "$1.68", "2019-12-31": "$1.61", "2019-09-30": "$0.83", "2019-06-30": "$-0.09", "2019-03-31": "$0.05", "2018-12-31": "$-0.17", "2018-09-30": "$0.50", "2018-06-30": "$0.30", "2018-03-31": "$1.99", "2017-12-31": "$2.57", "2017-09-30": "$4.86", "2017-06-30": "$5.23", "2017-03-31": "$4.30", "2016-12-31": "$4.15", "2016-09-30": "$3.42", "2016-06-30": "$7.11", "2016-03-31": "$7.31", "2015-12-31": "$7.60", "2015-09-30": "$8.00", "2015-06-30": "$5.44", "2015-03-31": "$6.44", "2014-12-31": "$7.96", "2014-09-30": "$8.48", "2014-06-30": "$9.02", "2014-03-31": "$8.70", "2013-12-31": "$9.30", "2013-09-30": "$9.45", "2013-06-30": "$9.00", "2013-03-31": "$9.23", "2012-12-31": "$8.78", "2012-09-30": "$8.37", "2012-06-30": "$8.04", "2012-03-31": "$7.91", "2011-12-31": "$8.96", "2011-09-30": "$9.83", "2011-06-30": "$9.18", "2011-03-31": "$8.64", "2010-12-31": "$8.59", "2010-09-30": "$5.57", "2010-06-30": "$6.56", "2010-03-31": "$6.34", "2009-12-31": "$5.37", "2009-09-30": "$7.16", "2009-06-30": "$7.84", "2009-03-31": "$9.13", "2008-12-31": "$9.75", "2008-09-30": "$10.47", "2008-06-30": "$9.83", "2008-03-31": "$9.44", "2007-12-31": "$9.28", "2007-09-30": "$9.91", "2007-06-30": "$9.87", "2007-03-31": "$9.83", "2006-12-31": "$9.81"}, "net worth": {"value": "$4.14B"}, "current ratio": {"2020-09-30": "0.56", "2020-06-30": "0.59", "2020-03-31": "0.56", "2019-12-31": "0.57", "2019-09-30": "0.55", "2019-06-30": "0.56", "2019-03-31": "0.58", "2018-12-31": "0.56", "2018-09-30": "0.56", "2018-06-30": "0.55", "2018-03-31": "0.54", "2017-12-31": "0.49", "2017-09-30": "0.52", "2017-06-30": "0.50", "2017-03-31": "0.52", "2016-12-31": "0.50", "2016-09-30": "0.49", "2016-06-30": "0.48", "2016-03-31": "0.46", "2015-12-31": "0.45", "2015-09-30": "0.45", "2015-06-30": "0.46", "2015-03-31": "0.45", "2014-12-31": "0.43", "2014-09-30": "0.45", "2014-06-30": "0.45", "2014-03-31": "0.45", "2013-12-31": "0.40", "2013-09-30": "0.42", "2013-06-30": "0.44", "2013-03-31": "0.42", "2012-12-31": "0.39", "2012-09-30": "0.41", "2012-06-30": "0.42", "2012-03-31": "0.44", "2011-12-31": "0.42", "2011-09-30": "0.44", "2011-06-30": "0.45", "2011-03-31": "0.45", "2010-12-31": "0.45", "2010-09-30": "0.48", "2010-06-30": "0.50", "2010-03-31": "0.52", "2009-12-31": "0.44", "2009-09-30": "0.49", "2009-06-30": "0.52", "2009-03-31": "0.52", "2008-12-31": "0.55", "2008-09-30": "0.51", "2008-06-30": "0.51", "2008-03-31": "0.57", "2007-12-31": "0.53", "2007-09-30": "0.59", "2007-06-30": "0.63", "2007-03-31": "0.67", "2006-12-31": "0.65", "2006-09-30": "0.61", "2006-06-30": "0.64", "2006-03-31": "0.63", "2005-12-31": "0.61", "2005-09-30": "0.53", "2005-06-30": "0.56", "2005-03-31": "0.58"}, "quick ratio": {"2020-09-30": "0.00", "2020-06-30": "0.00", "2020-03-31": "0.00", "2019-12-31": "0.00", "2019-09-30": "0.00", "2019-06-30": "0.00", "2019-03-31": "0.00", "2018-12-31": "0.00", "2018-09-30": "0.00", "2018-06-30": "0.00", "2018-03-31": "0.00", "2017-12-31": "0.00", "2017-09-30": "0.00", "2017-06-30": "0.00", "2017-03-31": "0.00", "2016-12-31": "0.00", "2016-09-30": "0.00", "2016-06-30": "0.00", "2016-03-31": "0.00", "2015-12-31": "0.00", "2015-09-30": "0.00", "2015-06-30": "0.00", "2015-03-31": "0.00", "2014-12-31": "0.00", "2014-09-30": "0.00", "2014-06-30": "0.00", "2014-03-31": "0.00", "2013-12-31": "0.00", "2013-09-30": "0.00", "2013-06-30": "0.00", "2013-03-31": "0.00", "2012-12-31": "0.00", "2012-09-30": "0.00", "2012-06-30": "0.00", "2012-03-31": "0.00", "2011-12-31": "0.00", "2011-09-30": "0.00", "2011-06-30": "0.00", "2011-03-31": "0.00", "2010-12-31": "0.00", "2010-09-30": "0.00", "2010-06-30": "0.00", "2010-03-31": "0.00", "2009-12-31": "0.00", "2009-09-30": "0.00", "2009-06-30": "0.00", "2009-03-31": "0.00", "2008-12-31": "0.00", "2008-09-30": "0.00", "2008-06-30": "0.00", "2008-03-31": "0.00", "2007-12-31": "0.00", "2007-09-30": "0.00", "2007-06-30": "0.00", "2007-03-31": "0.00", "2006-12-31": "0.00", "2006-09-30": "0.00", "2006-06-30": "0.00", "2006-03-31": "0.00", "2005-12-31": "0.00", "2005-09-30": "0.00", "2005-06-30": "0.00", "2005-03-31": "0.00"}, "debt equity ratio": {"current": "0.37", "2020-09-30": "4.02", "2020-06-30": "3.98", "2020-03-31": "4.36", "2019-12-31": "3.62", "2019-09-30": "3.56", "2019-06-30": "3.65", "2019-03-31": "3.82", "2018-12-31": "3.80", "2018-09-30": "3.71", "2018-06-30": "3.76", "2018-03-31": "3.77", "2017-12-31": "3.64", "2017-09-30": "3.00", "2017-06-30": "2.65", "2017-03-31": "2.41", "2016-12-31": "2.32", "2016-09-30": "2.52", "2016-06-30": "2.56", "2016-03-31": "2.53", "2015-12-31": "2.41", "2015-09-30": "2.53", "2015-06-30": "2.48", "2015-03-31": "2.38", "2014-12-31": "2.39", "2014-09-30": "2.57", "2014-06-30": "2.57", "2014-03-31": "2.57", "2013-12-31": "2.35", "2013-09-30": "2.44", "2013-06-30": "2.57", "2013-03-31": "2.35", "2012-12-31": "2.26", "2012-09-30": "2.23", "2012-06-30": "2.29", "2012-03-31": "2.23", "2011-12-31": "2.27", "2011-09-30": "2.35", "2011-06-30": "2.41", "2011-03-31": "2.41", "2010-12-31": "1.92", "2010-09-30": "1.88", "2010-06-30": "2.01", "2010-03-31": "2.04", "2009-12-31": "1.78", "2009-09-30": "1.95", "2009-06-30": "2.13", "2009-03-31": "2.29", "2008-12-31": "2.20", "2008-09-30": "2.30", "2008-06-30": "1.97", "2008-03-31": "1.91", "2007-12-31": "1.85", "2007-09-30": "1.98", "2007-06-30": "2.18", "2007-03-31": "2.15", "2006-12-31": "2.10", "2006-09-30": "2.20", "2006-06-30": "2.35", "2006-03-31": "2.47", "2005-12-31": "2.40", "2005-09-30": "2.98", "2005-06-30": "2.20", "2005-03-31": "2.31"}, "return on equity": {"2020-09-30": "-2.98%", "2020-06-30": "-1.03%", "2020-03-31": "-0.02%", "2019-12-31": "5.13%", "2019-09-30": "1.75%", "2019-06-30": "2.06%", "2019-03-31": "0.69%", "2018-12-31": "0.02%", "2018-09-30": "3.05%", "2018-06-30": "-6.57%", "2018-03-31": "-6.52%", "2017-12-31": "-7.26%", "2017-09-30": "-4.14%", "2017-06-30": "6.52%", "2017-03-31": "7.06%", "2016-12-31": "7.68%", "2016-09-30": "7.88%", "2016-06-30": "9.15%", "2016-03-31": "8.21%", "2015-12-31": "10.17%", "2015-09-30": "10.65%", "2015-06-30": "11.15%", "2015-03-31": "13.27%", "2014-12-31": "13.04%", "2014-09-30": "13.18%", "2014-06-30": "10.82%", "2014-03-31": "8.97%", "2013-12-31": "11.84%", "2013-09-30": "8.57%", "2013-06-30": "10.03%", "2013-03-31": "11.63%", "2012-12-31": "8.51%", "2012-09-30": "10.36%", "2012-06-30": "10.39%", "2012-03-31": "9.35%", "2011-12-31": "0.17%", "2011-09-30": "3.59%", "2011-06-30": "4.00%", "2011-03-31": "5.85%", "2010-12-31": "14.68%", "2010-09-30": "15.09%", "2010-06-30": "9.24%", "2010-03-31": "8.63%", "2009-12-31": "9.08%", "2009-09-30": "6.44%", "2009-06-30": "3.40%", "2009-03-31": "4.87%", "2008-12-31": "7.13%", "2008-09-30": "10.32%", "2008-06-30": "20.16%", "2008-03-31": "21.14%", "2007-12-31": "21.73%", "2007-09-30": "22.06%", "2007-06-30": "22.07%", "2007-03-31": "22.52%", "2006-12-31": "23.10%", "2006-09-30": "23.21%", "2006-06-30": "5.29%", "2006-03-31": "4.03%", "2005-12-31": "2.88%"}, "return on assets": {"2020-09-30": "-0.60%", "2020-06-30": "-0.21%", "2020-03-31": "0.00%", "2019-12-31": "1.10%", "2019-09-30": "0.37%", "2019-06-30": "0.43%", "2019-03-31": "0.14%", "2018-12-31": "0.00%", "2018-09-30": "0.65%", "2018-06-30": "-1.45%", "2018-03-31": "-1.54%", "2017-12-31": "-1.86%", "2017-09-30": "-1.16%", "2017-06-30": "1.88%", "2017-03-31": "2.04%", "2016-12-31": "2.21%", "2016-09-30": "2.25%", "2016-06-30": "2.61%", "2016-03-31": "2.35%", "2015-12-31": "2.95%", "2015-09-30": "3.09%", "2015-06-30": "3.23%", "2015-03-31": "3.82%", "2014-12-31": "3.70%", "2014-09-30": "3.75%", "2014-06-30": "3.11%", "2014-03-31": "2.58%", "2013-12-31": "3.46%", "2013-09-30": "2.52%", "2013-06-30": "3.00%", "2013-03-31": "3.54%", "2012-12-31": "2.62%", "2012-09-30": "3.19%", "2012-06-30": "3.17%", "2012-03-31": "2.82%", "2011-12-31": "0.05%", "2011-09-30": "1.10%", "2011-06-30": "1.27%", "2011-03-31": "1.92%", "2010-12-31": "4.96%", "2010-09-30": "5.15%", "2010-06-30": "3.14%", "2010-03-31": "2.90%", "2009-12-31": "3.00%", "2009-09-30": "2.05%", "2009-06-30": "1.05%", "2009-03-31": "1.53%", "2008-12-31": "2.31%", "2008-09-30": "3.44%", "2008-06-30": "6.89%", "2008-03-31": "7.11%", "2007-12-31": "7.17%", "2007-09-30": "7.12%", "2007-06-30": "6.99%", "2007-03-31": "7.05%", "2006-12-31": "7.06%", "2006-09-30": "6.93%", "2006-06-30": "1.50%", "2006-03-31": "1.15%", "2005-12-31": "0.83%"}, "return on investments": {"2020-09-30": "0.40%", "2020-06-30": "0.65%", "2020-03-31": "1.21%", "2019-12-31": "6.06%", "2019-09-30": "2.20%", "2019-06-30": "3.31%", "2019-03-31": "1.84%", "2018-12-31": "1.75%", "2018-09-30": "5.98%", "2018-06-30": "-1.67%", "2018-03-31": "-0.93%", "2017-12-31": "-2.20%", "2017-09-30": "-1.83%", "2017-06-30": "6.94%", "2017-03-31": "6.19%", "2016-12-31": "6.29%", "2016-09-30": "6.65%", "2016-06-30": "7.95%", "2016-03-31": "8.21%", "2015-12-31": "8.99%", "2015-09-30": "9.40%", "2015-06-30": "8.41%", "2015-03-31": "10.02%", "2014-12-31": "10.71%", "2014-09-30": "11.42%", "2014-06-30": "11.68%", "2014-03-31": "9.84%", "2013-12-31": "11.89%", "2013-09-30": "9.13%", "2013-06-30": "9.90%", "2013-03-31": "11.14%", "2012-12-31": "9.30%", "2012-09-30": "10.55%", "2012-06-30": "9.22%", "2012-03-31": "8.99%", "2011-12-31": "1.24%", "2011-09-30": "4.32%", "2011-06-30": "6.04%", "2011-03-31": "6.93%", "2010-12-31": "14.02%", "2010-09-30": "14.59%", "2010-06-30": "9.30%", "2010-03-31": "9.73%", "2009-12-31": "10.27%", "2009-09-30": "7.40%", "2009-06-30": "4.28%", "2009-03-31": "4.91%", "2008-12-31": "6.36%", "2008-09-30": "9.13%", "2008-06-30": "17.19%", "2008-03-31": "17.79%", "2007-12-31": "18.52%", "2007-09-30": "18.62%", "2007-06-30": "18.39%", "2007-03-31": "18.27%", "2006-12-31": "18.11%", "2006-09-30": "17.84%", "2006-06-30": "4.58%", "2006-03-31": "4.37%", "2005-12-31": "3.98%"}, "return on tangible equity": {"2020-09-30": "-3.18%", "2020-06-30": "-1.10%", "2020-03-31": "-0.02%", "2019-12-31": "5.46%", "2019-09-30": "1.87%", "2019-06-30": "2.20%", "2019-03-31": "0.74%", "2018-12-31": "0.02%", "2018-09-30": "3.27%", "2018-06-30": "-6.95%", "2018-03-31": "-6.80%", "2017-12-31": "-7.46%", "2017-09-30": "-4.20%", "2017-06-30": "6.61%", "2017-03-31": "7.15%", "2016-12-31": "7.79%", "2016-09-30": "8.00%", "2016-06-30": "9.29%", "2016-03-31": "8.33%", "2015-12-31": "10.32%", "2015-09-30": "10.82%", "2015-06-30": "11.32%", "2015-03-31": "13.47%", "2014-12-31": "13.24%", "2014-09-30": "13.39%", "2014-06-30": "10.99%", "2014-03-31": "9.11%", "2013-12-31": "12.03%", "2013-09-30": "8.71%", "2013-06-30": "10.20%", "2013-03-31": "11.83%", "2012-12-31": "8.65%", "2012-09-30": "10.54%", "2012-06-30": "10.58%", "2012-03-31": "9.52%", "2011-12-31": "0.17%", "2011-09-30": "3.66%", "2011-06-30": "4.07%", "2011-03-31": "5.95%", "2010-12-31": "14.93%", "2010-09-30": "15.34%", "2010-06-30": "9.40%", "2010-03-31": "8.78%", "2009-12-31": "9.25%", "2009-09-30": "6.55%", "2009-06-30": "3.46%", "2009-03-31": "4.94%", "2008-12-31": "7.22%", "2008-09-30": "10.44%", "2008-06-30": "20.40%", "2008-03-31": "21.41%", "2007-12-31": "21.97%", "2007-09-30": "22.28%", "2007-06-30": "22.26%", "2007-03-31": "22.69%", "2006-12-31": "23.30%", "2006-09-30": "23.43%", "2006-06-30": "5.34%", "2006-03-31": "4.08%", "2005-12-31": "2.91%"}, "dividend yield history": {"last payout": "$1.68", "last yield": "3.42%"}}