{"ticker": "AZO", "price": {"title": "AutoZone Historical Annual Stock Price Data", "value": 1150.42, "historical": {"2021": {"Average Stock Price": "1212.0800", "Year Open": "1180.4000", "Year High": "1282.1500", "Year Low": "1118.3700", "Year Close": "1150.4200", "Annual % Change": "-2.95%"}, "2020": {"Average Stock Price": "1108.8464", "Year Open": "1189.7400", "Year High": "1250.3500", "Year Low": "723.2200", "Year Close": "1185.4400", "Annual % Change": "-0.49%"}, "2019": {"Average Stock Price": "1058.3318", "Year Open": "838.4800", "Year High": "1250.0000", "Year Low": "811.3700", "Year Close": "1191.3100", "Annual % Change": "42.10%"}, "2018": {"Average Stock Price": "724.4301", "Year Open": "736.5400", "Year High": "889.3400", "Year Low": "595.8400", "Year Close": "838.3400", "Annual % Change": "17.85%"}, "2017": {"Average Stock Price": "640.4365", "Year Open": "791.4600", "Year High": "793.6800", "Year Low": "493.1500", "Year Close": "711.3700", "Annual % Change": "-9.93%"}, "2016": {"Average Stock Price": "768.8588", "Year Open": "735.4800", "Year High": "815.9800", "Year Low": "695.4600", "Year Close": "789.7900", "Annual % Change": "6.45%"}, "2015": {"Average Stock Price": "696.8780", "Year Open": "616.7900", "Year High": "797.2900", "Year Low": "575.2800", "Year Close": "741.9100", "Annual % Change": "19.83%"}, "2014": {"Average Stock Price": "534.7136", "Year Open": "474.1100", "Year High": "624.4900", "Year Low": "474.1100", "Year Close": "619.1100", "Annual % Change": "29.54%"}, "2013": {"Average Stock Price": "415.1743", "Year Open": "356.8800", "Year High": "479.3300", "Year Low": "344.9900", "Year Close": "477.9400", "Annual % Change": "34.85%"}, "2012": {"Average Stock Price": "370.0038", "Year Open": "319.7900", "Year High": "397.1300", "Year Low": "319.7900", "Year Close": "354.4300", "Annual % Change": "9.07%"}, "2011": {"Average Stock Price": "293.6033", "Year Open": "268.4000", "Year High": "338.9700", "Year Low": "248.7000", "Year Close": "324.9700", "Annual % Change": "19.22%"}, "2010": {"Average Stock Price": "203.0363", "Year Open": "158.0300", "Year High": "275.5000", "Year Low": "154.3800", "Year Close": "272.5900", "Annual % Change": "72.45%"}, "2009": {"Average Stock Price": "150.3897", "Year Open": "140.5700", "Year High": "166.8200", "Year Low": "127.0600", "Year Close": "158.0700", "Annual % Change": "13.34%"}, "2008": {"Average Stock Price": "120.5261", "Year Open": "116.2100", "Year High": "141.1300", "Year Low": "89.0900", "Year Close": "139.4700", "Annual % Change": "16.31%"}, "2007": {"Average Stock Price": "125.0602", "Year Open": "118.6100", "Year High": "140.1000", "Year Low": "103.4300", "Year Close": "119.9100", "Annual % Change": "3.76%"}, "2006": {"Average Stock Price": "98.3679", "Year Open": "92.7600", "Year High": "119.4100", "Year Low": "84.4200", "Year Close": "115.5600", "Annual % Change": "25.95%"}, "2005": {"Average Stock Price": "90.4315", "Year Open": "90.7500", "Year High": "103.8000", "Year Low": "77.7600", "Year Close": "91.7500", "Annual % Change": "0.48%"}, "2004": {"Average Stock Price": "83.0692", "Year Open": "84.1800", "Year High": "91.3100", "Year Low": "72.2500", "Year Close": "91.3100", "Annual % Change": "7.16%"}, "2003": {"Average Stock Price": "80.9075", "Year Open": "73.5500", "Year High": "103.5300", "Year Low": "58.6100", "Year Close": "85.2100", "Annual % Change": "20.61%"}, "2002": {"Average Stock Price": "73.9027", "Year Open": "70.0000", "Year High": "87.9000", "Year Low": "61.7300", "Year Close": "70.6500", "Annual % Change": "-1.60%"}, "2001": {"Average Stock Price": "42.3475", "Year Open": "27.8800", "Year High": "79.1500", "Year Low": "24.4600", "Year Close": "71.8000", "Annual % Change": "151.93%"}, "2000": {"Average Stock Price": "25.0967", "Year Open": "30.5600", "Year High": "30.6900", "Year Low": "21.1300", "Year Close": "28.5000", "Annual % Change": "-11.79%"}, "1999": {"Average Stock Price": "29.3349", "Year Open": "32.9400", "Year High": "37.0600", "Year Low": "23.1300", "Year Close": "32.3100", "Annual % Change": "-1.91%"}, "1998": {"Average Stock Price": "30.1209", "Year Open": "28.8100", "Year High": "37.3800", "Year Low": "21.5000", "Year Close": "32.9400", "Annual % Change": "13.59%"}, "1997": {"Average Stock Price": "26.3456", "Year Open": "25.7500", "Year High": "32.6300", "Year Low": "20.1300", "Year Close": "29.0000", "Annual % Change": "5.45%"}, "1996": {"Average Stock Price": "29.8219", "Year Open": "28.8800", "Year High": "37.5000", "Year Low": "22.8800", "Year Close": "27.5000", "Annual % Change": "-4.78%"}, "1995": {"Average Stock Price": "25.8456", "Year Open": "23.5000", "Year High": "30.1300", "Year Low": "22.0000", "Year Close": "28.8800", "Annual % Change": "20.94%"}, "1994": {"Average Stock Price": "25.9024", "Year Open": "28.1250", "Year High": "30.7500", "Year Low": "21.7500", "Year Close": "23.8800", "Annual % Change": "-16.58%"}, "1993": {"Average Stock Price": "23.3586", "Year Open": "19.3100", "Year High": "29.4400", "Year Low": "17.1250", "Year Close": "28.6250", "Annual % Change": "45.86%"}, "1992": {"Average Stock Price": "16.9785", "Year Open": "16.7800", "Year High": "20.4400", "Year Low": "12.8750", "Year Close": "19.6250", "Annual % Change": "16.95%"}}}, "market cap": {"value": "$27.86B"}, "income statement": {"Revenue": {"2020-08-31": "12631.97000", "2019-08-31": "11863.74000", "2018-08-31": "11221.08000", "2017-08-31": "10888.68000", "2016-08-31": "10635.68000", "2015-08-31": "10187.34000", "2014-08-31": "9475.31300", "2013-08-31": "9147.53000", "2012-08-31": "8603.86300", "2011-08-31": "8072.97300", "2010-08-31": "7362.61800", "2009-08-31": "6816.82400", "2008-08-31": "6522.70600", "2007-08-31": "6169.80400", "2006-08-31": "5948.35500", "2005-08-31": "5710.88200"}, "Cost Of Goods Sold": {"2020-08-31": "5861.21400", "2019-08-31": "5498.74200", "2018-08-31": "5247.33100", "2017-08-31": "5149.05600", "2016-08-31": "5026.94000", "2015-08-31": "4860.30900", "2014-08-31": "4540.40600", "2013-08-31": "4406.59500", "2012-08-31": "4171.82700", "2011-08-31": "3953.51000", "2010-08-31": "3650.87400", "2009-08-31": "3400.37500", "2008-08-31": "3254.64500", "2007-08-31": "3105.55400", "2006-08-31": "3009.83500", "2005-08-31": "2918.33400"}, "Gross Profit": {"2020-08-31": "6770.75300", "2019-08-31": "6365.00100", "2018-08-31": "5973.74600", "2017-08-31": "5739.62000", "2016-08-31": "5608.73600", "2015-08-31": "5327.03100", "2014-08-31": "4934.90800", "2013-08-31": "4740.93500", "2012-08-31": "4432.03600", "2011-08-31": "4119.46300", "2010-08-31": "3711.74400", "2009-08-31": "3416.44900", "2008-08-31": "3268.06100", "2007-08-31": "3064.25000", "2006-08-31": "2938.52000", "2005-08-31": "2792.54800"}, "Research And Development Expenses": {"2020-08-31": "", "2019-08-31": "", "2018-08-31": "", "2017-08-31": "", "2016-08-31": "", "2015-08-31": "", "2014-08-31": "", "2013-08-31": "", "2012-08-31": "", "2011-08-31": "", "2010-08-31": "", "2009-08-31": "", "2008-08-31": "", "2007-08-31": "", "2006-08-31": "", "2005-08-31": ""}, "SG&A Expenses": {"2020-08-31": "4353.07400", "2019-08-31": "4148.86400", "2018-08-31": "4162.89000", "2017-08-31": "3659.55100", "2016-08-31": "3548.34100", "2015-08-31": "3373.98000", "2014-08-31": "3104.68400", "2013-08-31": "2967.83700", "2012-08-31": "2803.14500", "2011-08-31": "2624.66000", "2010-08-31": "2392.33000", "2009-08-31": "2240.38700", "2008-08-31": "2143.92700", "2007-08-31": "2008.98400", "2006-08-31": "1928.59500", "2005-08-31": "1816.88400"}, "Other Operating Income Or Expenses": {"2020-08-31": "", "2019-08-31": "", "2018-08-31": "", "2017-08-31": "", "2016-08-31": "", "2015-08-31": "", "2014-08-31": "", "2013-08-31": "", "2012-08-31": "", "2011-08-31": "", "2010-08-31": "", "2009-08-31": "", "2008-08-31": "", "2007-08-31": "", "2006-08-31": "", "2005-08-31": ""}, "Operating Expenses": {"2020-08-31": "10214.29000", "2019-08-31": "9647.60500", "2018-08-31": "9410.22100", "2017-08-31": "8808.60700", "2016-08-31": "8575.28100", "2015-08-31": "8234.28900", "2014-08-31": "7645.09000", "2013-08-31": "7374.43200", "2012-08-31": "6974.97200", "2011-08-31": "6578.17000", "2010-08-31": "6043.20400", "2009-08-31": "5640.76200", "2008-08-31": "5398.57200", "2007-08-31": "5114.53800", "2006-08-31": "4938.43000", "2005-08-31": "4735.21800"}, "Operating Income": {"2020-08-31": "2417.67900", "2019-08-31": "2216.13800", "2018-08-31": "1810.85600", "2017-08-31": "2080.06800", "2016-08-31": "2060.39500", "2015-08-31": "1953.05100", "2014-08-31": "1830.22400", "2013-08-31": "1773.09800", "2012-08-31": "1628.89100", "2011-08-31": "1494.80300", "2010-08-31": "1319.41400", "2009-08-31": "1176.06300", "2008-08-31": "1124.13400", "2007-08-31": "1055.26600", "2006-08-31": "1009.92500", "2005-08-31": "975.66410"}, "Total Non-Operating Income/Expense": {"2020-08-31": "-201.16500", "2019-08-31": "-184.80400", "2018-08-31": "-174.52700", "2017-08-31": "-154.58000", "2016-08-31": "-147.68100", "2015-08-31": "-150.43900", "2014-08-31": "-167.50900", "2013-08-31": "-185.41500", "2012-08-31": "-175.90500", "2011-08-31": "-170.55700", "2010-08-31": "-158.90900", "2009-08-31": "-142.31600", "2008-08-31": "-116.74500", "2007-08-31": "-119.11600", "2006-08-31": "-107.88900", "2005-08-31": "-102.44300"}, "Pre-Tax Income": {"2020-08-31": "2216.51400", "2019-08-31": "2031.33300", "2018-08-31": "1636.32900", "2017-08-31": "1925.48900", "2016-08-31": "1912.71400", "2015-08-31": "1802.61200", "2014-08-31": "1662.71400", "2013-08-31": "1587.68300", "2012-08-31": "1452.98600", "2011-08-31": "1324.24600", "2010-08-31": "1160.50500", "2009-08-31": "1033.74600", "2008-08-31": "1007.38900", "2007-08-31": "936.15000", "2006-08-31": "902.03600", "2005-08-31": "873.22100"}, "Income Taxes": {"2020-08-31": "483.54200", "2019-08-31": "414.11200", "2018-08-31": "298.79300", "2017-08-31": "644.62000", "2016-08-31": "671.70700", "2015-08-31": "642.37100", "2014-08-31": "592.97000", "2013-08-31": "571.20300", "2012-08-31": "522.61300", "2011-08-31": "475.27200", "2010-08-31": "422.19400", "2009-08-31": "376.69700", "2008-08-31": "365.78300", "2007-08-31": "340.47800", "2006-08-31": "332.76100", "2005-08-31": "302.20200"}, "Income After Taxes": {"2020-08-31": "1732.97200", "2019-08-31": "1617.22100", "2018-08-31": "1337.53600", "2017-08-31": "1280.86900", "2016-08-31": "1241.00700", "2015-08-31": "1160.24100", "2014-08-31": "1069.74400", "2013-08-31": "1016.48000", "2012-08-31": "930.37300", "2011-08-31": "848.97400", "2010-08-31": "738.31100", "2009-08-31": "657.04900", "2008-08-31": "641.60600", "2007-08-31": "595.67200", "2006-08-31": "569.27500", "2005-08-31": "571.01900"}, "Other Income": {"2020-08-31": "", "2019-08-31": "", "2018-08-31": "", "2017-08-31": "", "2016-08-31": "", "2015-08-31": "", "2014-08-31": "", "2013-08-31": "", "2012-08-31": "", "2011-08-31": "", "2010-08-31": "", "2009-08-31": "", "2008-08-31": "", "2007-08-31": "", "2006-08-31": "", "2005-08-31": ""}, "Income From Continuous Operations": {"2020-08-31": "1732.97200", "2019-08-31": "1617.22100", "2018-08-31": "1337.53600", "2017-08-31": "1280.86900", "2016-08-31": "1241.00700", "2015-08-31": "1160.24100", "2014-08-31": "1069.74400", "2013-08-31": "1016.48000", "2012-08-31": "930.37300", "2011-08-31": "848.97400", "2010-08-31": "738.31100", "2009-08-31": "657.04900", "2008-08-31": "641.60600", "2007-08-31": "595.67200", "2006-08-31": "569.27500", "2005-08-31": "571.01900"}, "Income From Discontinued Operations": {"2020-08-31": "", "2019-08-31": "", "2018-08-31": "", "2017-08-31": "", "2016-08-31": "", "2015-08-31": "", "2014-08-31": "", "2013-08-31": "", "2012-08-31": "", "2011-08-31": "", "2010-08-31": "", "2009-08-31": "", "2008-08-31": "", "2007-08-31": "", "2006-08-31": "", "2005-08-31": ""}, "Net Income": {"2020-08-31": "1732.97200", "2019-08-31": "1617.22100", "2018-08-31": "1337.53600", "2017-08-31": "1280.86900", "2016-08-31": "1241.00700", "2015-08-31": "1160.24100", "2014-08-31": "1069.74400", "2013-08-31": "1016.48000", "2012-08-31": "930.37300", "2011-08-31": "848.97400", "2010-08-31": "738.31100", "2009-08-31": "657.04900", "2008-08-31": "641.60600", "2007-08-31": "595.67200", "2006-08-31": "569.27500", "2005-08-31": "571.01900"}, "EBITDA": {"2020-08-31": "2825.87500", "2019-08-31": "2594.25700", "2018-08-31": "2164.33300", "2017-08-31": "2411.48800", "2016-08-31": "2365.77100", "2015-08-31": "2229.20000", "2014-08-31": "2088.34700", "2013-08-31": "2008.58800", "2012-08-31": "1848.78800", "2011-08-31": "1699.97400", "2010-08-31": "1517.99300", "2009-08-31": "1360.14000", "2008-08-31": "1295.48000", "2007-08-31": "1216.39600", "2006-08-31": "1150.94900", "2005-08-31": "1113.60400"}, "EBIT": {"2020-08-31": "2417.67900", "2019-08-31": "2216.13800", "2018-08-31": "1810.85600", "2017-08-31": "2080.06800", "2016-08-31": "2060.39500", "2015-08-31": "1953.05100", "2014-08-31": "1830.22400", "2013-08-31": "1773.09800", "2012-08-31": "1628.89100", "2011-08-31": "1494.80300", "2010-08-31": "1319.41400", "2009-08-31": "1176.06300", "2008-08-31": "1124.13400", "2007-08-31": "1055.26600", "2006-08-31": "1009.92500", "2005-08-31": "975.66410"}, "Basic Shares Outstanding": {"2020-08-31": "23.54000", "2019-08-31": "24.96600", "2018-08-31": "26.97000", "2017-08-31": "28.43000", "2016-08-31": "29.88900", "2015-08-31": "31.56000", "2014-08-31": "33.26700", "2013-08-31": "35.94300", "2012-08-31": "38.69600", "2011-08-31": "42.63200", "2010-08-31": "48.48800", "2009-08-31": "55.28200", "2008-08-31": "63.29500", "2007-08-31": "69.10100", "2006-08-31": "75.23700", "2005-08-31": "78.53000"}, "Shares Outstanding": {"2020-08-31": "24.09300", "2019-08-31": "25.49800", "2018-08-31": "27.42400", "2017-08-31": "29.06500", "2016-08-31": "30.48800", "2015-08-31": "32.20600", "2014-08-31": "33.88200", "2013-08-31": "36.58100", "2012-08-31": "39.62500", "2011-08-31": "43.60300", "2010-08-31": "49.30400", "2009-08-31": "55.99200", "2008-08-31": "63.87500", "2007-08-31": "69.84400", "2006-08-31": "75.85900", "2005-08-31": "79.50800"}, "Basic EPS": {"2020-08-31": "73.62000", "2019-08-31": "64.78000", "2018-08-31": "49.59000", "2017-08-31": "45.05000", "2016-08-31": "41.52000", "2015-08-31": "36.76000", "2014-08-31": "32.16000", "2013-08-31": "28.28000", "2012-08-31": "24.04000", "2011-08-31": "19.91000", "2010-08-31": "15.23000", "2009-08-31": "11.89000", "2008-08-31": "10.14000", "2007-08-31": "8.62000", "2006-08-31": "7.57000", "2005-08-31": "7.27000"}, "EPS - Earnings Per Share": {"2020-08-31": "71.93000", "2019-08-31": "63.43000", "2018-08-31": "48.77000", "2017-08-31": "44.07000", "2016-08-31": "40.70000", "2015-08-31": "36.03000", "2014-08-31": "31.57000", "2013-08-31": "27.79000", "2012-08-31": "23.48000", "2011-08-31": "19.47000", "2010-08-31": "14.97000", "2009-08-31": "11.73000", "2008-08-31": "10.04000", "2007-08-31": "8.53000", "2006-08-31": "7.50000", "2005-08-31": "7.18000"}}, "income statement, quarterly": {"Revenue": {"2020-11-30": "3154.26100", "2020-08-31": "4545.96700", "2020-05-31": "2779.29900", "2020-02-29": "2513.66300", "2019-11-30": "2793.03800", "2019-08-31": "3988.43600", "2019-05-31": "2783.00600", "2019-02-28": "2450.56800", "2018-11-30": "2641.73300", "2018-08-31": "3558.76800", "2018-05-31": "2660.15200", "2018-02-28": "2413.02600", "2017-11-30": "2589.13100", "2017-08-31": "3512.60500", "2017-05-31": "2619.00700", "2017-02-28": "2289.21900", "2016-11-30": "2467.84500", "2016-08-31": "3398.76900", "2016-05-31": "2593.67200", "2016-02-29": "2257.19200", "2015-11-30": "2386.04300", "2015-08-31": "3290.40400", "2015-05-31": "2493.02100", "2015-02-28": "2143.65100", "2014-11-30": "2260.26400", "2014-08-31": "3049.69700", "2014-05-31": "2341.54500", "2014-02-28": "1990.49400", "2013-11-30": "2093.57800", "2013-08-31": "3095.41400", "2013-05-31": "2205.87800", "2013-02-28": "1855.19800", "2012-11-30": "1991.04000", "2012-08-31": "2763.58700", "2012-05-31": "2111.86600", "2012-02-29": "1804.06900", "2011-11-30": "1924.34100", "2011-08-31": "2641.99600", "2011-05-31": "1978.36900", "2011-02-28": "1660.94600", "2010-11-30": "1791.66200", "2010-08-31": "2445.15900", "2010-05-31": "1821.99000", "2010-02-28": "1506.22500", "2009-11-30": "1589.24400", "2009-08-31": "2232.49500", "2009-05-31": "1658.16000", "2009-02-28": "1447.87700", "2008-11-30": "1478.29200", "2008-08-31": "2210.51400", "2008-05-31": "1517.29300", "2008-02-29": "1339.24400", "2007-11-30": "1455.65500", "2007-08-31": "2002.70700", "2007-05-31": "1473.67100", "2007-02-28": "1300.35700", "2006-11-30": "1393.06900", "2006-08-31": "1939.03100", "2006-05-31": "1417.43300", "2006-02-28": "1253.81500", "2005-11-30": "1338.07600", "2005-08-31": "1882.23700", "2005-05-31": "1338.38700", "2005-02-28": "1204.05500"}, "Cost Of Goods Sold": {"2020-11-30": "1478.64400", "2020-08-31": "2132.99300", "2020-05-31": "1288.65100", "2020-02-29": "1147.60000", "2019-11-30": "1291.97000", "2019-08-31": "1858.03600", "2019-05-31": "1290.98600", "2019-02-28": "1125.46100", "2018-11-30": "1224.25900", "2018-08-31": "1650.89000", "2018-05-31": "1237.17800", "2018-02-28": "1135.98000", "2017-11-30": "1223.28300", "2017-08-31": "1658.48100", "2017-05-31": "1240.58900", "2017-02-28": "1083.68300", "2016-11-30": "1166.30300", "2016-08-31": "1604.02100", "2016-05-31": "1223.21400", "2016-02-29": "1066.59600", "2015-11-30": "1133.10900", "2015-08-31": "1562.85600", "2015-05-31": "1190.23200", "2015-02-28": "1023.61800", "2014-11-30": "1083.60300", "2014-08-31": "1454.47900", "2014-05-31": "1124.58700", "2014-02-28": "953.45900", "2013-11-30": "1007.88100", "2013-08-31": "1491.03900", "2013-05-31": "1063.16500", "2013-02-28": "893.21700", "2012-11-30": "959.17400", "2012-08-31": "1331.19200", "2012-05-31": "1022.06700", "2012-02-29": "877.85400", "2011-11-30": "940.71400", "2011-08-31": "1289.42200", "2011-05-31": "964.83900", "2011-02-28": "815.33500", "2010-11-30": "883.91400", "2010-08-31": "1210.19600", "2010-05-31": "898.86900", "2010-02-28": "752.48900", "2009-11-30": "789.32000", "2009-08-31": "1109.44200", "2009-05-31": "825.25300", "2009-02-28": "728.57900", "2008-11-30": "737.10100", "2008-08-31": "1098.70200", "2008-05-31": "755.28700", "2008-02-29": "671.44900", "2007-11-30": "729.20700", "2007-08-31": "998.36300", "2007-05-31": "738.27200", "2007-02-28": "661.14500", "2006-11-30": "707.77400", "2006-08-31": "976.27090", "2006-05-31": "713.39200", "2006-02-28": "637.62500", "2005-11-30": "682.54700", "2005-08-31": "965.96400", "2005-05-31": "665.28400", "2005-02-28": "621.68400"}, "Gross Profit": {"2020-11-30": "1675.61700", "2020-08-31": "2412.97400", "2020-05-31": "1490.64800", "2020-02-29": "1366.06300", "2019-11-30": "1501.06800", "2019-08-31": "2130.40000", "2019-05-31": "1492.02000", "2019-02-28": "1325.10700", "2018-11-30": "1417.47400", "2018-08-31": "1907.87800", "2018-05-31": "1422.97400", "2018-02-28": "1277.04600", "2017-11-30": "1365.84800", "2017-08-31": "1854.12400", "2017-05-31": "1378.41800", "2017-02-28": "1205.53600", "2016-11-30": "1301.54200", "2016-08-31": "1794.74800", "2016-05-31": "1370.45800", "2016-02-29": "1190.59600", "2015-11-30": "1252.93400", "2015-08-31": "1727.54800", "2015-05-31": "1302.78900", "2015-02-28": "1120.03300", "2014-11-30": "1176.66100", "2014-08-31": "1595.21800", "2014-05-31": "1216.95800", "2014-02-28": "1037.03500", "2013-11-30": "1085.69700", "2013-08-31": "1604.37500", "2013-05-31": "1142.71300", "2013-02-28": "961.98100", "2012-11-30": "1031.86600", "2012-08-31": "1432.39500", "2012-05-31": "1089.79900", "2012-02-29": "926.21500", "2011-11-30": "983.62700", "2011-08-31": "1352.57400", "2011-05-31": "1013.53000", "2011-02-28": "845.61100", "2010-11-30": "907.74800", "2010-08-31": "1234.96300", "2010-05-31": "923.12100", "2010-02-28": "753.73600", "2009-11-30": "799.92400", "2009-08-31": "1123.05300", "2009-05-31": "832.90700", "2009-02-28": "719.29800", "2008-11-30": "741.19100", "2008-08-31": "1111.81200", "2008-05-31": "762.00600", "2008-02-29": "667.79500", "2007-11-30": "726.44810", "2007-08-31": "1004.34400", "2007-05-31": "735.39900", "2007-02-28": "639.21200", "2006-11-30": "685.29500", "2006-08-31": "962.76000", "2006-05-31": "704.04100", "2006-02-28": "616.18990", "2005-11-30": "655.52910", "2005-08-31": "916.27290", "2005-05-31": "673.10300", "2005-02-28": "582.37100"}, "Research And Development Expenses": {"2020-11-30": "", "2020-08-31": "", "2020-05-31": "", "2020-02-29": "", "2019-11-30": "", "2019-08-31": "", "2019-05-31": "", "2019-02-28": "", "2018-11-30": "", "2018-08-31": "", "2018-05-31": "", "2018-02-28": "", "2017-11-30": "", "2017-08-31": "", "2017-05-31": "", "2017-02-28": "", "2016-11-30": "", "2016-08-31": "", "2016-05-31": "", "2016-02-29": "", "2015-11-30": "", "2015-08-31": "", "2015-05-31": "", "2015-02-28": "", "2014-11-30": "", "2014-08-31": "", "2014-05-31": "", "2014-02-28": "", "2013-11-30": "", "2013-08-31": "", "2013-05-31": "", "2013-02-28": "", "2012-11-30": "", "2012-08-31": "", "2012-05-31": "", "2012-02-29": "", "2011-11-30": "", "2011-08-31": "", "2011-05-31": "", "2011-02-28": "", "2010-11-30": "", "2010-08-31": "", "2010-05-31": "", "2010-02-28": "", "2009-11-30": "", "2009-08-31": "", "2009-05-31": "", "2009-02-28": "", "2008-11-30": "", "2008-08-31": "", "2008-05-31": "", "2008-02-29": "", "2007-11-30": "", "2007-08-31": "", "2007-05-31": "", "2007-02-28": "", "2006-11-30": "", "2006-08-31": "", "2006-05-31": "", "2006-02-28": "", "2005-11-30": "", "2005-08-31": "", "2005-05-31": "", "2005-02-28": ""}, "SG&A Expenses": {"2020-11-30": "1060.39200", "2020-08-31": "1394.92900", "2020-05-31": "998.97500", "2020-02-29": "958.12500", "2019-11-30": "1001.04500", "2019-08-31": "1349.62400", "2019-05-31": "944.49700", "2019-02-28": "925.08700", "2018-11-30": "929.65600", "2018-08-31": "1316.63900", "2018-05-31": "877.20900", "2018-02-28": "1071.94800", "2017-11-30": "897.09400", "2017-08-31": "1146.49600", "2017-05-31": "848.84800", "2017-02-28": "821.56700", "2016-11-30": "842.64000", "2016-08-31": "1091.38200", "2016-05-31": "834.08400", "2016-02-29": "807.93600", "2015-11-30": "814.93900", "2015-08-31": "1058.27700", "2015-05-31": "788.84000", "2015-02-28": "758.76400", "2014-11-30": "768.09900", "2014-08-31": "965.01630", "2014-05-31": "738.00600", "2014-02-28": "699.69100", "2013-11-30": "701.97100", "2013-08-31": "968.15390", "2013-05-31": "686.68300", "2013-02-28": "644.41000", "2012-11-30": "668.59000", "2012-08-31": "872.33900", "2012-05-31": "662.54900", "2012-02-29": "625.56400", "2011-11-30": "642.69300", "2011-08-31": "828.56490", "2011-05-31": "620.60500", "2011-02-28": "573.86300", "2010-11-30": "601.62700", "2010-08-31": "762.22310", "2010-05-31": "567.25600", "2010-02-28": "523.35500", "2009-11-30": "539.49600", "2009-08-31": "705.45790", "2009-05-31": "527.67500", "2009-02-28": "504.60200", "2008-11-30": "502.65200", "2008-08-31": "694.97200", "2008-05-31": "488.97200", "2008-02-29": "470.91000", "2007-11-30": "489.07300", "2007-08-31": "625.97390", "2007-05-31": "470.42200", "2007-02-28": "450.28900", "2006-11-30": "462.29900", "2006-08-31": "589.64200", "2006-05-31": "450.87200", "2006-02-28": "437.84500", "2005-11-30": "450.23600", "2005-08-31": "565.10300", "2005-05-31": "413.64100", "2005-02-28": "433.65200"}, "Other Operating Income Or Expenses": {"2020-11-30": "", "2020-08-31": "", "2020-05-31": "", "2020-02-29": "", "2019-11-30": "", "2019-08-31": "", "2019-05-31": "", "2019-02-28": "", "2018-11-30": "", "2018-08-31": "", "2018-05-31": "", "2018-02-28": "", "2017-11-30": "", "2017-08-31": "", "2017-05-31": "", "2017-02-28": "", "2016-11-30": "", "2016-08-31": "", "2016-05-31": "", "2016-02-29": "", "2015-11-30": "", "2015-08-31": "", "2015-05-31": "", "2015-02-28": "", "2014-11-30": "", "2014-08-31": "", "2014-05-31": "", "2014-02-28": "", "2013-11-30": "", "2013-08-31": "", "2013-05-31": "", "2013-02-28": "", "2012-11-30": "", "2012-08-31": "", "2012-05-31": "", "2012-02-29": "", "2011-11-30": "", "2011-08-31": "", "2011-05-31": "", "2011-02-28": "", "2010-11-30": "", "2010-08-31": "", "2010-05-31": "", "2010-02-28": "", "2009-11-30": "", "2009-08-31": "", "2009-05-31": "", "2009-02-28": "", "2008-11-30": "", "2008-08-31": "", "2008-05-31": "", "2008-02-29": "", "2007-11-30": "", "2007-08-31": "", "2007-05-31": "", "2007-02-28": "", "2006-11-30": "", "2006-08-31": "", "2006-05-31": "", "2006-02-28": "", "2005-11-30": "", "2005-08-31": "", "2005-05-31": "", "2005-02-28": ""}, "Operating Expenses": {"2020-11-30": "2539.03600", "2020-08-31": "3527.92200", "2020-05-31": "2287.62600", "2020-02-29": "2105.72500", "2019-11-30": "2293.01500", "2019-08-31": "3207.65900", "2019-05-31": "2235.48300", "2019-02-28": "2050.54800", "2018-11-30": "2153.91500", "2018-08-31": "2967.52900", "2018-05-31": "2114.38700", "2018-02-28": "2207.92800", "2017-11-30": "2120.37700", "2017-08-31": "2804.97800", "2017-05-31": "2089.43700", "2017-02-28": "1905.25000", "2016-11-30": "2008.94300", "2016-08-31": "2695.40300", "2016-05-31": "2057.29800", "2016-02-29": "1874.53200", "2015-11-30": "1948.04800", "2015-08-31": "2621.13300", "2015-05-31": "1979.07200", "2015-02-28": "1782.38200", "2014-11-30": "1851.70200", "2014-08-31": "2419.49500", "2014-05-31": "1862.59300", "2014-02-28": "1653.15000", "2013-11-30": "1709.85200", "2013-08-31": "2459.19300", "2013-05-31": "1749.84800", "2013-02-28": "1537.62700", "2012-11-30": "1627.76400", "2012-08-31": "2203.53100", "2012-05-31": "1684.61600", "2012-02-29": "1503.41800", "2011-11-30": "1583.40700", "2011-08-31": "2117.98700", "2011-05-31": "1585.44400", "2011-02-28": "1389.19800", "2010-11-30": "1485.54100", "2010-08-31": "1972.41900", "2010-05-31": "1466.12500", "2010-02-28": "1275.84400", "2009-11-30": "1328.81600", "2009-08-31": "1814.90000", "2009-05-31": "1352.92800", "2009-02-28": "1233.18100", "2008-11-30": "1239.75300", "2008-08-31": "1793.67500", "2008-05-31": "1244.25900", "2008-02-29": "1142.35900", "2007-11-30": "1218.28000", "2007-08-31": "1624.33700", "2007-05-31": "1208.69400", "2007-02-28": "1111.43400", "2006-11-30": "1170.07300", "2006-08-31": "1565.91300", "2006-05-31": "1164.26400", "2006-02-28": "1075.47000", "2005-11-30": "1132.78300", "2005-08-31": "1531.06700", "2005-05-31": "1078.92500", "2005-02-28": "1055.33600"}, "Operating Income": {"2020-11-30": "615.22490", "2020-08-31": "1018.04500", "2020-05-31": "491.67310", "2020-02-29": "407.93800", "2019-11-30": "500.02320", "2019-08-31": "780.77690", "2019-05-31": "547.52320", "2019-02-28": "400.02000", "2018-11-30": "487.81790", "2018-08-31": "591.23850", "2018-05-31": "545.76510", "2018-02-28": "205.09790", "2017-11-30": "468.75420", "2017-08-31": "707.62770", "2017-05-31": "529.57010", "2017-02-28": "383.96900", "2016-11-30": "458.90200", "2016-08-31": "703.36600", "2016-05-31": "536.37430", "2016-02-29": "382.65990", "2015-11-30": "437.99490", "2015-08-31": "669.27120", "2015-05-31": "513.94900", "2015-02-28": "361.26890", "2014-11-30": "408.56190", "2014-08-31": "630.20140", "2014-05-31": "478.95190", "2014-02-28": "337.34410", "2013-11-30": "383.72580", "2013-08-31": "636.22120", "2013-05-31": "456.02990", "2013-02-28": "317.57100", "2012-11-30": "363.27600", "2012-08-31": "560.05590", "2012-05-31": "427.25000", "2012-02-29": "300.65100", "2011-11-30": "340.93400", "2011-08-31": "524.00900", "2011-05-31": "392.92500", "2011-02-28": "271.74800", "2010-11-30": "306.12100", "2010-08-31": "472.73950", "2010-05-31": "355.86500", "2010-02-28": "230.38100", "2009-11-30": "260.42810", "2009-08-31": "417.59510", "2009-05-31": "305.23210", "2009-02-28": "214.69600", "2008-11-30": "238.53890", "2008-08-31": "416.83940", "2008-05-31": "273.03390", "2008-02-29": "196.88500", "2007-11-30": "237.37500", "2007-08-31": "378.37020", "2007-05-31": "264.97710", "2007-02-28": "188.92300", "2006-11-30": "222.99600", "2006-08-31": "373.11830", "2006-05-31": "253.16890", "2006-02-28": "178.34500", "2005-11-30": "205.29310", "2005-08-31": "351.17040", "2005-05-31": "259.46190", "2005-02-28": "148.71900"}, "Total Non-Operating Income/Expense": {"2020-11-30": "-46.17900", "2020-08-31": "-65.63700", "2020-05-31": "-47.45000", "2020-02-29": "-44.33500", "2019-11-30": "-43.74300", "2019-08-31": "-61.19700", "2019-05-31": "-43.23900", "2019-02-28": "-41.36200", "2018-11-30": "-39.00600", "2018-08-31": "-54.34000", "2018-05-31": "-41.95800", "2018-02-28": "-39.34000", "2017-11-30": "-38.88900", "2017-08-31": "-51.40100", "2017-05-31": "-35.67500", "2017-02-28": "-34.19800", "2016-11-30": "-33.30600", "2016-08-31": "-45.78800", "2016-05-31": "-34.05100", "2016-02-29": "-32.83200", "2015-11-30": "-35.01000", "2015-08-31": "-47.06400", "2015-05-31": "-31.77900", "2015-02-28": "-34.53600", "2014-11-30": "-37.06000", "2014-08-31": "-49.42600", "2014-05-31": "-36.16200", "2014-02-28": "-39.49000", "2013-11-30": "-42.43100", "2013-08-31": "-60.89700", "2013-05-31": "-42.09100", "2013-02-28": "-41.32300", "2012-11-30": "-41.10400", "2012-08-31": "-58.14500", "2012-05-31": "-39.74300", "2012-02-29": "-38.92300", "2011-11-30": "-39.09400", "2011-08-31": "-53.81200", "2011-05-31": "-39.91600", "2011-02-28": "-39.57600", "2010-11-30": "-37.25300", "2010-08-31": "-49.42700", "2010-05-31": "-36.83300", "2010-02-28": "-36.30900", "2009-11-30": "-36.34000", "2009-08-31": "-47.76100", "2009-05-31": "-31.48200", "2009-02-28": "-31.90700", "2008-11-30": "-31.16600", "2008-08-31": "-34.76400", "2008-05-31": "-25.33100", "2008-02-29": "-28.58800", "2007-11-30": "-28.06200", "2007-08-31": "-38.09000", "2007-05-31": "-27.11500", "2007-02-28": "-26.81800", "2006-11-30": "-27.09300", "2006-08-31": "-34.89600", "2006-05-31": "-24.92100", "2006-02-28": "-24.33300", "2005-11-30": "-23.73900", "2005-08-31": "-32.78500", "2005-05-31": "-24.22300", "2005-02-28": "-23.64500"}, "Pre-Tax Income": {"2020-11-30": "569.04600", "2020-08-31": "952.40780", "2020-05-31": "444.22300", "2020-02-29": "363.60300", "2019-11-30": "456.28000", "2019-08-31": "719.57910", "2019-05-31": "504.28400", "2019-02-28": "358.65800", "2018-11-30": "448.81200", "2018-08-31": "536.89900", "2018-05-31": "503.80700", "2018-02-28": "165.75800", "2017-11-30": "429.86500", "2017-08-31": "656.22700", "2017-05-31": "493.89500", "2017-02-28": "349.77100", "2016-11-30": "425.59600", "2016-08-31": "657.57800", "2016-05-31": "502.32300", "2016-02-29": "349.82800", "2015-11-30": "402.98500", "2015-08-31": "622.20700", "2015-05-31": "482.17000", "2015-02-28": "326.73300", "2014-11-30": "371.50200", "2014-08-31": "580.77490", "2014-05-31": "442.79000", "2014-02-28": "297.85400", "2013-11-30": "341.29500", "2013-08-31": "575.32400", "2013-05-31": "413.93900", "2013-02-28": "276.24800", "2012-11-30": "322.17200", "2012-08-31": "501.91100", "2012-05-31": "387.50700", "2012-02-29": "261.72800", "2011-11-30": "301.84000", "2011-08-31": "470.19690", "2011-05-31": "353.00900", "2011-02-28": "232.17200", "2010-11-30": "268.86800", "2010-08-31": "423.31300", "2010-05-31": "319.03200", "2010-02-28": "194.07200", "2009-11-30": "224.08800", "2009-08-31": "369.83400", "2009-05-31": "273.75000", "2009-02-28": "182.78900", "2008-11-30": "207.37300", "2008-08-31": "382.07600", "2008-05-31": "247.70300", "2008-02-29": "168.29700", "2007-11-30": "209.31300", "2007-08-31": "340.28000", "2007-05-31": "237.86200", "2007-02-28": "162.10500", "2006-11-30": "195.90300", "2006-08-31": "338.22200", "2006-05-31": "228.24800", "2006-02-28": "154.01200", "2005-11-30": "181.55400", "2005-08-31": "318.38500", "2005-05-31": "235.23900", "2005-02-28": "125.07400"}, "Income Taxes": {"2020-11-30": "126.61300", "2020-08-31": "211.95200", "2020-05-31": "101.32700", "2020-02-29": "64.32100", "2019-11-30": "105.94200", "2019-08-31": "154.35100", "2019-05-31": "98.33500", "2019-02-28": "64.02000", "2018-11-30": "97.40600", "2018-08-31": "136.61700", "2018-05-31": "137.08600", "2018-02-28": "-123.77200", "2017-11-30": "148.86200", "2017-08-31": "222.32800", "2017-05-31": "162.19500", "2017-02-28": "112.62600", "2016-11-30": "147.47100", "2016-08-31": "230.81100", "2016-05-31": "174.80800", "2016-02-29": "121.21500", "2015-11-30": "144.87300", "2015-08-31": "221.07000", "2015-05-31": "173.09900", "2015-02-28": "115.01000", "2014-11-30": "133.19200", "2014-08-31": "207.10500", "2014-05-31": "157.63300", "2014-02-28": "105.02400", "2013-11-30": "123.20800", "2013-08-31": "204.12600", "2013-05-31": "148.35600", "2013-02-28": "100.00100", "2012-11-30": "118.72000", "2012-08-31": "178.17900", "2012-05-31": "138.92100", "2012-02-29": "94.79800", "2011-11-30": "110.71500", "2011-08-31": "168.72800", "2011-05-31": "125.63600", "2011-02-28": "84.11600", "2010-11-30": "96.79200", "2010-08-31": "154.38000", "2010-05-31": "116.28700", "2010-02-28": "70.73900", "2009-11-30": "80.78800", "2009-08-31": "133.70900", "2009-05-31": "100.06100", "2009-02-28": "66.92500", "2008-11-30": "76.00200", "2008-08-31": "138.32800", "2008-05-31": "89.06500", "2008-02-29": "61.59300", "2007-11-30": "76.79700", "2007-08-31": "123.10400", "2007-05-31": "86.27100", "2007-02-28": "59.08900", "2006-11-30": "72.01400", "2006-08-31": "124.77100", "2006-05-31": "83.82000", "2006-02-28": "56.99000", "2005-11-30": "67.18000", "2005-08-31": "111.77100", "2005-05-31": "87.45000", "2005-02-28": "30.98100"}, "Income After Taxes": {"2020-11-30": "442.43300", "2020-08-31": "740.45590", "2020-05-31": "342.89600", "2020-02-29": "299.28200", "2019-11-30": "350.33800", "2019-08-31": "565.22800", "2019-05-31": "405.94900", "2019-02-28": "294.63800", "2018-11-30": "351.40600", "2018-08-31": "400.28200", "2018-05-31": "366.72100", "2018-02-28": "289.53000", "2017-11-30": "281.00300", "2017-08-31": "433.89900", "2017-05-31": "331.70000", "2017-02-28": "237.14500", "2016-11-30": "278.12500", "2016-08-31": "426.76700", "2016-05-31": "327.51500", "2016-02-29": "228.61300", "2015-11-30": "258.11200", "2015-08-31": "401.13700", "2015-05-31": "309.07100", "2015-02-28": "211.72300", "2014-11-30": "238.31000", "2014-08-31": "373.67000", "2014-05-31": "285.15700", "2014-02-28": "192.83000", "2013-11-30": "218.08700", "2013-08-31": "371.19800", "2013-05-31": "265.58300", "2013-02-28": "176.24700", "2012-11-30": "203.45200", "2012-08-31": "323.73200", "2012-05-31": "248.58600", "2012-02-29": "166.93000", "2011-11-30": "191.12500", "2011-08-31": "301.46900", "2011-05-31": "227.37300", "2011-02-28": "148.05600", "2010-11-30": "172.07600", "2010-08-31": "268.93300", "2010-05-31": "202.74500", "2010-02-28": "123.33300", "2009-11-30": "143.30000", "2009-08-31": "236.12500", "2009-05-31": "173.68900", "2009-02-28": "115.86400", "2008-11-30": "131.37100", "2008-08-31": "243.74800", "2008-05-31": "158.63800", "2008-02-29": "106.70400", "2007-11-30": "132.51600", "2007-08-31": "217.17600", "2007-05-31": "151.59100", "2007-02-28": "103.01600", "2006-11-30": "123.88900", "2006-08-31": "213.45100", "2006-05-31": "144.42800", "2006-02-28": "97.02200", "2005-11-30": "114.37400", "2005-08-31": "206.61410", "2005-05-31": "147.78900", "2005-02-28": "94.09300"}, "Other Income": {"2020-11-30": "", "2020-08-31": "", "2020-05-31": "", "2020-02-29": "", "2019-11-30": "", "2019-08-31": "", "2019-05-31": "", "2019-02-28": "", "2018-11-30": "", "2018-08-31": "", "2018-05-31": "", "2018-02-28": "", "2017-11-30": "", "2017-08-31": "", "2017-05-31": "", "2017-02-28": "", "2016-11-30": "", "2016-08-31": "", "2016-05-31": "", "2016-02-29": "", "2015-11-30": "", "2015-08-31": "", "2015-05-31": "", "2015-02-28": "", "2014-11-30": "", "2014-08-31": "", "2014-05-31": "", "2014-02-28": "", "2013-11-30": "", "2013-08-31": "", "2013-05-31": "", "2013-02-28": "", "2012-11-30": "", "2012-08-31": "", "2012-05-31": "", "2012-02-29": "", "2011-11-30": "", "2011-08-31": "", "2011-05-31": "", "2011-02-28": "", "2010-11-30": "", "2010-08-31": "", "2010-05-31": "", "2010-02-28": "", "2009-11-30": "", "2009-08-31": "", "2009-05-31": "", "2009-02-28": "", "2008-11-30": "", "2008-08-31": "", "2008-05-31": "", "2008-02-29": "", "2007-11-30": "", "2007-08-31": "", "2007-05-31": "", "2007-02-28": "", "2006-11-30": "", "2006-08-31": "", "2006-05-31": "", "2006-02-28": "", "2005-11-30": "", "2005-08-31": "", "2005-05-31": "", "2005-02-28": ""}, "Income From Continuous Operations": {"2020-11-30": "442.43300", "2020-08-31": "740.45590", "2020-05-31": "342.89600", "2020-02-29": "299.28200", "2019-11-30": "350.33800", "2019-08-31": "565.22800", "2019-05-31": "405.94900", "2019-02-28": "294.63800", "2018-11-30": "351.40600", "2018-08-31": "400.28200", "2018-05-31": "366.72100", "2018-02-28": "289.53000", "2017-11-30": "281.00300", "2017-08-31": "433.89900", "2017-05-31": "331.70000", "2017-02-28": "237.14500", "2016-11-30": "278.12500", "2016-08-31": "426.76700", "2016-05-31": "327.51500", "2016-02-29": "228.61300", "2015-11-30": "258.11200", "2015-08-31": "401.13700", "2015-05-31": "309.07100", "2015-02-28": "211.72300", "2014-11-30": "238.31000", "2014-08-31": "373.67000", "2014-05-31": "285.15700", "2014-02-28": "192.83000", "2013-11-30": "218.08700", "2013-08-31": "371.19800", "2013-05-31": "265.58300", "2013-02-28": "176.24700", "2012-11-30": "203.45200", "2012-08-31": "323.73200", "2012-05-31": "248.58600", "2012-02-29": "166.93000", "2011-11-30": "191.12500", "2011-08-31": "301.46900", "2011-05-31": "227.37300", "2011-02-28": "148.05600", "2010-11-30": "172.07600", "2010-08-31": "268.93300", "2010-05-31": "202.74500", "2010-02-28": "123.33300", "2009-11-30": "143.30000", "2009-08-31": "236.12500", "2009-05-31": "173.68900", "2009-02-28": "115.86400", "2008-11-30": "131.37100", "2008-08-31": "243.74800", "2008-05-31": "158.63800", "2008-02-29": "106.70400", "2007-11-30": "132.51600", "2007-08-31": "217.17600", "2007-05-31": "151.59100", "2007-02-28": "103.01600", "2006-11-30": "123.88900", "2006-08-31": "213.45100", "2006-05-31": "144.42800", "2006-02-28": "97.02200", "2005-11-30": "114.37400", "2005-08-31": "206.61410", "2005-05-31": "147.78900", "2005-02-28": "94.09300"}, "Income From Discontinued Operations": {"2020-11-30": "", "2020-08-31": "", "2020-05-31": "", "2020-02-29": "", "2019-11-30": "", "2019-08-31": "", "2019-05-31": "", "2019-02-28": "", "2018-11-30": "", "2018-08-31": "", "2018-05-31": "", "2018-02-28": "", "2017-11-30": "", "2017-08-31": "", "2017-05-31": "", "2017-02-28": "", "2016-11-30": "", "2016-08-31": "", "2016-05-31": "", "2016-02-29": "", "2015-11-30": "", "2015-08-31": "", "2015-05-31": "", "2015-02-28": "", "2014-11-30": "", "2014-08-31": "", "2014-05-31": "", "2014-02-28": "", "2013-11-30": "", "2013-08-31": "", "2013-05-31": "", "2013-02-28": "", "2012-11-30": "", "2012-08-31": "", "2012-05-31": "", "2012-02-29": "", "2011-11-30": "", "2011-08-31": "", "2011-05-31": "", "2011-02-28": "", "2010-11-30": "", "2010-08-31": "", "2010-05-31": "", "2010-02-28": "", "2009-11-30": "", "2009-08-31": "", "2009-05-31": "", "2009-02-28": "", "2008-11-30": "", "2008-08-31": "", "2008-05-31": "", "2008-02-29": "", "2007-11-30": "", "2007-08-31": "", "2007-05-31": "", "2007-02-28": "", "2006-11-30": "", "2006-08-31": "", "2006-05-31": "", "2006-02-28": "", "2005-11-30": "", "2005-08-31": "", "2005-05-31": "", "2005-02-28": ""}, "Net Income": {"2020-11-30": "442.43300", "2020-08-31": "740.45610", "2020-05-31": "342.89600", "2020-02-29": "299.28200", "2019-11-30": "350.33800", "2019-08-31": "565.22800", "2019-05-31": "405.94900", "2019-02-28": "294.63800", "2018-11-30": "351.40600", "2018-08-31": "400.28200", "2018-05-31": "366.72100", "2018-02-28": "289.53000", "2017-11-30": "281.00300", "2017-08-31": "433.89900", "2017-05-31": "331.70000", "2017-02-28": "237.14500", "2016-11-30": "278.12500", "2016-08-31": "426.76690", "2016-05-31": "327.51500", "2016-02-29": "228.61300", "2015-11-30": "258.11200", "2015-08-31": "401.13690", "2015-05-31": "309.07100", "2015-02-28": "211.72300", "2014-11-30": "238.31000", "2014-08-31": "373.67000", "2014-05-31": "285.15700", "2014-02-28": "192.83000", "2013-11-30": "218.08700", "2013-08-31": "371.19800", "2013-05-31": "265.58300", "2013-02-28": "176.24700", "2012-11-30": "203.45200", "2012-08-31": "323.73200", "2012-05-31": "248.58600", "2012-02-29": "166.93000", "2011-11-30": "191.12500", "2011-08-31": "301.46900", "2011-05-31": "227.37300", "2011-02-28": "148.05600", "2010-11-30": "172.07600", "2010-08-31": "268.93300", "2010-05-31": "202.74500", "2010-02-28": "123.33300", "2009-11-30": "143.30000", "2009-08-31": "236.12500", "2009-05-31": "173.68900", "2009-02-28": "115.86400", "2008-11-30": "131.37100", "2008-08-31": "243.74800", "2008-05-31": "158.63800", "2008-02-29": "106.70400", "2007-11-30": "132.51600", "2007-08-31": "217.17600", "2007-05-31": "151.59100", "2007-02-28": "103.01600", "2006-11-30": "123.88900", "2006-08-31": "213.45100", "2006-05-31": "144.42800", "2006-02-28": "97.02200", "2005-11-30": "114.37400", "2005-08-31": "206.61400", "2005-05-31": "147.78900", "2005-02-28": "94.09300"}, "EBITDA": {"2020-11-30": "707.92580", "2020-08-31": "1147.55400", "2020-05-31": "585.72410", "2020-02-29": "500.62900", "2019-11-30": "591.96820", "2019-08-31": "902.27190", "2019-05-31": "634.24920", "2019-02-28": "485.60200", "2018-11-30": "572.13390", "2018-08-31": "701.76650", "2018-05-31": "627.45010", "2018-02-28": "286.37690", "2017-11-30": "548.73910", "2017-08-31": "813.25770", "2017-05-31": "606.76710", "2017-02-28": "458.80000", "2016-11-30": "532.66390", "2016-08-31": "799.87100", "2016-05-31": "606.77230", "2016-02-29": "453.12490", "2015-11-30": "506.00390", "2015-08-31": "757.93520", "2015-05-31": "577.60400", "2015-02-28": "422.53290", "2014-11-30": "471.12790", "2014-08-31": "711.14340", "2014-05-31": "538.72090", "2014-02-28": "397.27310", "2013-11-30": "441.20880", "2013-08-31": "709.92220", "2013-05-31": "510.86990", "2013-02-28": "371.87900", "2012-11-30": "415.91700", "2012-08-31": "629.34990", "2012-05-31": "478.11000", "2012-02-29": "350.00900", "2011-11-30": "391.31900", "2011-08-31": "589.77310", "2011-05-31": "440.01700", "2011-02-28": "318.04710", "2010-11-30": "352.13700", "2010-08-31": "536.89550", "2010-05-31": "400.19000", "2010-02-28": "276.42400", "2009-11-30": "304.48310", "2009-08-31": "476.53810", "2009-05-31": "347.16200", "2009-02-28": "257.12700", "2008-11-30": "279.31200", "2008-08-31": "470.25340", "2008-05-31": "311.58890", "2008-02-29": "236.15500", "2007-11-30": "277.48200", "2007-08-31": "429.69020", "2007-05-31": "302.31810", "2007-02-28": "225.42900", "2006-11-30": "258.95900", "2006-08-31": "418.49530", "2006-05-31": "285.77590", "2006-02-28": "210.20700", "2005-11-30": "236.47110", "2005-08-31": "390.61240", "2005-05-31": "285.42490", "2005-02-28": "195.01100"}, "EBIT": {"2020-11-30": "615.22490", "2020-08-31": "1018.04400", "2020-05-31": "491.67310", "2020-02-29": "407.93800", "2019-11-30": "500.02320", "2019-08-31": "780.77660", "2019-05-31": "547.52320", "2019-02-28": "400.02000", "2018-11-30": "487.81790", "2018-08-31": "591.23930", "2018-05-31": "545.76510", "2018-02-28": "205.09790", "2017-11-30": "468.75420", "2017-08-31": "707.62730", "2017-05-31": "529.57010", "2017-02-28": "383.96900", "2016-11-30": "458.90200", "2016-08-31": "703.36550", "2016-05-31": "536.37430", "2016-02-29": "382.65990", "2015-11-30": "437.99490", "2015-08-31": "669.27100", "2015-05-31": "513.94900", "2015-02-28": "361.26890", "2014-11-30": "408.56190", "2014-08-31": "630.20180", "2014-05-31": "478.95190", "2014-02-28": "337.34410", "2013-11-30": "383.72580", "2013-08-31": "636.22120", "2013-05-31": "456.02990", "2013-02-28": "317.57100", "2012-11-30": "363.27600", "2012-08-31": "560.05620", "2012-05-31": "427.25000", "2012-02-29": "300.65100", "2011-11-30": "340.93400", "2011-08-31": "524.00920", "2011-05-31": "392.92500", "2011-02-28": "271.74800", "2010-11-30": "306.12100", "2010-08-31": "472.74000", "2010-05-31": "355.86500", "2010-02-28": "230.38100", "2009-11-30": "260.42810", "2009-08-31": "417.59550", "2009-05-31": "305.23210", "2009-02-28": "214.69600", "2008-11-30": "238.53890", "2008-08-31": "416.83980", "2008-05-31": "273.03390", "2008-02-29": "196.88500", "2007-11-30": "237.37500", "2007-08-31": "378.37010", "2007-05-31": "264.97710", "2007-02-28": "188.92300", "2006-11-30": "222.99600", "2006-08-31": "373.11830", "2006-05-31": "253.16890", "2006-02-28": "178.34500", "2005-11-30": "205.29310", "2005-08-31": "351.17020", "2005-05-31": "259.46190", "2005-02-28": "148.71900"}, "Basic Shares Outstanding": {"2020-11-30": "23.22300", "2020-08-31": "23.54000", "2020-05-31": "23.38600", "2020-02-29": "23.57000", "2019-11-30": "23.87500", "2019-08-31": "24.96600", "2019-05-31": "24.83600", "2019-02-28": "25.16600", "2018-11-30": "25.62900", "2018-08-31": "26.97000", "2018-05-31": "26.92600", "2018-02-28": "27.35500", "2017-11-30": "27.63800", "2017-08-31": "28.43000", "2017-05-31": "28.35800", "2017-02-28": "28.60600", "2016-11-30": "28.95100", "2016-08-31": "29.88900", "2016-05-31": "29.80900", "2016-02-29": "30.17000", "2015-11-30": "30.49800", "2015-08-31": "31.56000", "2015-05-31": "31.64300", "2015-02-28": "31.90300", "2014-11-30": "32.13200", "2014-08-31": "33.26700", "2014-05-31": "33.07300", "2014-02-28": "33.64700", "2013-11-30": "34.11100", "2013-08-31": "35.94300", "2013-05-31": "35.92200", "2013-02-28": "36.25800", "2012-11-30": "36.84500", "2012-08-31": "38.69600", "2012-05-31": "38.64400", "2012-02-29": "39.28100", "2011-11-30": "39.86500", "2011-08-31": "42.63200", "2011-05-31": "41.97800", "2011-02-28": "43.39900", "2010-11-30": "44.66900", "2010-08-31": "48.48800", "2010-05-31": "48.37700", "2010-02-28": "49.43600", "2009-11-30": "50.11400", "2009-08-31": "55.28200", "2009-05-31": "54.65200", "2009-02-28": "56.51700", "2008-11-30": "58.32500", "2008-08-31": "63.29500", "2008-05-31": "63.23700", "2008-02-29": "63.20100", "2007-11-30": "64.85500", "2007-08-31": "69.10100", "2007-05-31": "69.14200", "2007-02-28": "70.47600", "2006-11-30": "71.08200", "2006-08-31": "75.23700", "2006-05-31": "75.90900", "2006-02-28": "76.78400", "2005-11-30": "76.58800", "2005-08-31": "78.53000", "2005-05-31": "78.52100", "2005-02-28": "79.69200"}, "Shares Outstanding": {"2020-11-30": "23.77800", "2020-08-31": "24.09300", "2020-05-31": "23.82800", "2020-02-29": "24.16000", "2019-11-30": "24.49300", "2019-08-31": "25.49800", "2019-05-31": "25.39400", "2019-02-28": "25.64300", "2018-11-30": "26.09700", "2018-08-31": "27.42400", "2018-05-31": "27.32900", "2018-02-28": "27.88200", "2017-11-30": "28.09600", "2017-08-31": "29.06500", "2017-05-31": "29.00500", "2017-02-28": "29.34000", "2016-11-30": "29.70300", "2016-08-31": "30.48800", "2016-05-31": "30.40500", "2016-02-29": "30.77800", "2015-11-30": "31.13800", "2015-08-31": "32.20600", "2015-05-31": "32.30100", "2015-02-28": "32.54000", "2014-11-30": "32.76100", "2014-08-31": "33.88200", "2014-05-31": "33.71600", "2014-02-28": "34.26100", "2013-11-30": "34.67600", "2013-08-31": "36.58100", "2013-05-31": "36.52900", "2013-02-28": "36.90400", "2012-11-30": "37.58600", "2012-08-31": "39.62500", "2012-05-31": "39.59000", "2012-02-29": "40.23700", "2011-11-30": "40.86400", "2011-08-31": "43.60300", "2011-05-31": "42.95500", "2011-02-28": "44.37800", "2010-11-30": "45.63400", "2010-08-31": "49.30400", "2010-05-31": "49.21200", "2010-02-28": "50.18600", "2009-11-30": "50.82400", "2009-08-31": "55.99200", "2009-05-31": "55.45600", "2009-02-28": "57.16500", "2008-11-30": "58.91500", "2008-08-31": "63.87500", "2008-05-31": "63.79200", "2008-02-29": "63.74000", "2007-11-30": "65.44400", "2007-08-31": "69.84400", "2007-05-31": "69.90100", "2007-02-28": "71.22700", "2006-11-30": "71.81300", "2006-08-31": "75.85900", "2006-05-31": "76.58300", "2006-02-28": "77.47400", "2005-11-30": "77.15200", "2005-08-31": "79.50800", "2005-05-31": "79.49400", "2005-02-28": "80.86000"}, "Basic EPS": {"2020-11-30": "19.05000", "2020-08-31": "31.59000", "2020-05-31": "14.66000", "2020-02-29": "12.70000", "2019-11-30": "14.67000", "2019-08-31": "23.01000", "2019-05-31": "16.35000", "2019-02-28": "11.71000", "2018-11-30": "13.71000", "2018-08-31": "15.22000", "2018-05-31": "13.62000", "2018-02-28": "10.58000", "2017-11-30": "10.17000", "2017-08-31": "15.45000", "2017-05-31": "11.70000", "2017-02-28": "8.29000", "2016-11-30": "9.61000", "2016-08-31": "14.49000", "2016-05-31": "10.99000", "2016-02-29": "7.58000", "2015-11-30": "8.46000", "2015-08-31": "12.93000", "2015-05-31": "9.77000", "2015-02-28": "6.64000", "2014-11-30": "7.42000", "2014-08-31": "11.42000", "2014-05-31": "8.62000", "2014-02-28": "5.73000", "2013-11-30": "6.39000", "2013-08-31": "10.51000", "2013-05-31": "7.39000", "2013-02-28": "4.86000", "2012-11-30": "5.52000", "2012-08-31": "8.57000", "2012-05-31": "6.43000", "2012-02-29": "4.25000", "2011-11-30": "4.79000", "2011-08-31": "7.23000", "2011-05-31": "5.42000", "2011-02-28": "3.41000", "2010-11-30": "3.85000", "2010-08-31": "5.69000", "2010-05-31": "4.19000", "2010-02-28": "2.49000", "2009-11-30": "2.86000", "2009-08-31": "4.41000", "2009-05-31": "3.18000", "2009-02-28": "2.05000", "2008-11-30": "2.25000", "2008-08-31": "3.90000", "2008-05-31": "2.51000", "2008-02-29": "1.69000", "2007-11-30": "2.04000", "2007-08-31": "3.23000", "2007-05-31": "2.19000", "2007-02-28": "1.46000", "2006-11-30": "1.74000", "2006-08-31": "2.92000", "2006-05-31": "1.90000", "2006-02-28": "1.26000", "2005-11-30": "1.49000", "2005-08-31": "2.67000", "2005-05-31": "1.88000", "2005-02-28": "1.18000"}, "EPS - Earnings Per Share": {"2020-11-30": "18.61000", "2020-08-31": "30.85000", "2020-05-31": "14.39000", "2020-02-29": "12.39000", "2019-11-30": "14.30000", "2019-08-31": "22.48000", "2019-05-31": "15.99000", "2019-02-28": "11.49000", "2018-11-30": "13.47000", "2018-08-31": "14.97000", "2018-05-31": "13.42000", "2018-02-28": "10.38000", "2017-11-30": "10.00000", "2017-08-31": "15.19000", "2017-05-31": "11.44000", "2017-02-28": "8.08000", "2016-11-30": "9.36000", "2016-08-31": "14.21000", "2016-05-31": "10.77000", "2016-02-29": "7.43000", "2015-11-30": "8.29000", "2015-08-31": "12.68000", "2015-05-31": "9.57000", "2015-02-28": "6.51000", "2014-11-30": "7.27000", "2014-08-31": "11.19000", "2014-05-31": "8.46000", "2014-02-28": "5.63000", "2013-11-30": "6.29000", "2013-08-31": "10.33000", "2013-05-31": "7.27000", "2013-02-28": "4.78000", "2012-11-30": "5.41000", "2012-08-31": "8.37000", "2012-05-31": "6.28000", "2012-02-29": "4.15000", "2011-11-30": "4.68000", "2011-08-31": "7.07000", "2011-05-31": "5.29000", "2011-02-28": "3.34000", "2010-11-30": "3.77000", "2010-08-31": "5.57000", "2010-05-31": "4.12000", "2010-02-28": "2.46000", "2009-11-30": "2.82000", "2009-08-31": "4.34000", "2009-05-31": "3.13000", "2009-02-28": "2.03000", "2008-11-30": "2.23000", "2008-08-31": "3.86000", "2008-05-31": "2.49000", "2008-02-29": "1.67000", "2007-11-30": "2.02000", "2007-08-31": "3.18000", "2007-05-31": "2.17000", "2007-02-28": "1.45000", "2006-11-30": "1.73000", "2006-08-31": "2.88000", "2006-05-31": "1.89000", "2006-02-28": "1.25000", "2005-11-30": "1.48000", "2005-08-31": "2.64000", "2005-05-31": "1.86000", "2005-02-28": "1.16000"}}, "balance sheet": {"Cash On Hand": {"2020-08-31": "1750.81500", "2019-08-31": "176.30000", "2018-08-31": "217.82400", "2017-08-31": "293.27000", "2016-08-31": "189.73400", "2015-08-31": "175.30900", "2014-08-31": "124.48500", "2013-08-31": "142.19100", "2012-08-31": "103.09300", "2011-08-31": "97.60600", "2010-08-31": "98.28000", "2009-08-31": "92.70600", "2008-08-31": "242.46100", "2007-08-31": "86.65400", "2006-08-31": "91.55800", "2005-08-31": "74.81000"}, "Receivables": {"2020-08-31": "364.77400", "2019-08-31": "308.99500", "2018-08-31": "258.13600", "2017-08-31": "280.73300", "2016-08-31": "287.68000", "2015-08-31": "247.87200", "2014-08-31": "200.89900", "2013-08-31": "171.63800", "2012-08-31": "161.37500", "2011-08-31": "140.69000", "2010-08-31": "125.80200", "2009-08-31": "126.51400", "2008-08-31": "71.24100", "2007-08-31": "59.87600", "2006-08-31": "80.36300", "2005-08-31": "118.26300"}, "Inventory": {"2020-08-31": "4473.28200", "2019-08-31": "4319.11300", "2018-08-31": "3943.67000", "2017-08-31": "3882.08600", "2016-08-31": "3631.91600", "2015-08-31": "3421.63500", "2014-08-31": "3140.10000", "2013-08-31": "2861.01400", "2012-08-31": "2627.98300", "2011-08-31": "2466.10700", "2010-08-31": "2304.57900", "2009-08-31": "2207.49700", "2008-08-31": "2150.10900", "2007-08-31": "2007.43000", "2006-08-31": "1846.65000", "2005-08-31": "1663.86000"}, "Pre-Paid Expenses": {"2020-08-31": "", "2019-08-31": "", "2018-08-31": "", "2017-08-31": "", "2016-08-31": "", "2015-08-31": "", "2014-08-31": "", "2013-08-31": "", "2012-08-31": "", "2011-08-31": "", "2010-08-31": "", "2009-08-31": "", "2008-08-31": "", "2007-08-31": "", "2006-08-31": "", "2005-08-31": ""}, "Other Current Assets": {"2020-08-31": "223.00100", "2019-08-31": "224.27700", "2018-08-31": "216.23900", "2017-08-31": "155.16600", "2016-08-31": "130.24300", "2015-08-31": "121.84700", "2014-08-31": "110.42000", "2013-08-31": "101.44300", "2012-08-31": "85.64900", "2011-08-31": "88.02200", "2010-08-31": "83.16000", "2009-08-31": "135.01300", "2008-08-31": "122.49000", "2007-08-31": "116.49500", "2006-08-31": "100.35600", "2005-08-31": "72.52600"}, "Total Current Assets": {"2020-08-31": "6811.87200", "2019-08-31": "5028.68500", "2018-08-31": "4635.86900", "2017-08-31": "4611.25500", "2016-08-31": "4239.57300", "2015-08-31": "3970.29400", "2014-08-31": "3580.61200", "2013-08-31": "3278.01300", "2012-08-31": "2978.94600", "2011-08-31": "2792.42500", "2010-08-31": "2611.82100", "2009-08-31": "2561.73000", "2008-08-31": "2586.30100", "2007-08-31": "2270.45500", "2006-08-31": "2118.92700", "2005-08-31": "1929.45900"}, "Property, Plant, And Equipment": {"2020-08-31": "4509.22100", "2019-08-31": "4398.75100", "2018-08-31": "4218.40000", "2017-08-31": "4031.01800", "2016-08-31": "3733.25400", "2015-08-31": "3505.63200", "2014-08-31": "3310.47500", "2013-08-31": "3071.36100", "2012-08-31": "2855.92800", "2011-08-31": "2668.87500", "2010-08-31": "2519.94600", "2009-08-31": "2354.35700", "2008-08-31": "2289.65600", "2007-08-31": "2177.84200", "2006-08-31": "2051.30800", "2005-08-31": "1937.61500"}, "Long-Term Investments": {"2020-08-31": "", "2019-08-31": "", "2018-08-31": "", "2017-08-31": "", "2016-08-31": "", "2015-08-31": "", "2014-08-31": "", "2013-08-31": "", "2012-08-31": "", "2011-08-31": "", "2010-08-31": "", "2009-08-31": "", "2008-08-31": "", "2007-08-31": "", "2006-08-31": "", "2005-08-31": ""}, "Goodwill And Intangible Assets": {"2020-08-31": "302.64500", "2019-08-31": "302.64500", "2018-08-31": "302.64500", "2017-08-31": "391.88700", "2016-08-31": "391.88700", "2015-08-31": "391.88700", "2014-08-31": "367.82900", "2013-08-31": "367.82900", "2012-08-31": "302.64500", "2011-08-31": "302.64500", "2010-08-31": "302.64500", "2009-08-31": "302.64500", "2008-08-31": "302.64500", "2007-08-31": "302.64500", "2006-08-31": "302.64500", "2005-08-31": "302.69900"}, "Other Long-Term Assets": {"2020-08-31": "190.61400", "2019-08-31": "138.97100", "2018-08-31": "155.44600", "2017-08-31": "190.31300", "2016-08-31": "198.21800", "2015-08-31": "191.92100", "2014-08-31": "193.11000", "2013-08-31": "170.81700", "2012-08-31": "94.32400", "2011-08-31": "94.99600", "2010-08-31": "90.95900", "2009-08-31": "40.60600", "2008-08-31": "40.22700", "2007-08-31": "32.43600", "2006-08-31": "32.78300", "2005-08-31": "42.56700"}, "Total Long-Term Assets": {"2020-08-31": "7612.00000", "2019-08-31": "4867.22800", "2018-08-31": "4711.11100", "2017-08-31": "4648.52600", "2016-08-31": "4360.21400", "2015-08-31": "4132.05500", "2014-08-31": "3916.55100", "2013-08-31": "3614.07600", "2012-08-31": "3286.69300", "2011-08-31": "3077.17700", "2010-08-31": "2959.77300", "2009-08-31": "2756.67500", "2008-08-31": "2670.81100", "2007-08-31": "2534.25400", "2006-08-31": "2407.37900", "2005-08-31": "2315.79800"}, "Total Assets": {"2020-08-31": "14423.87000", "2019-08-31": "9895.91300", "2018-08-31": "9346.98000", "2017-08-31": "9259.78100", "2016-08-31": "8599.78700", "2015-08-31": "8102.34900", "2014-08-31": "7497.16300", "2013-08-31": "6892.08900", "2012-08-31": "6265.63900", "2011-08-31": "5869.60200", "2010-08-31": "5571.59400", "2009-08-31": "5318.40500", "2008-08-31": "5257.11200", "2007-08-31": "4804.70900", "2006-08-31": "4526.30600", "2005-08-31": "4245.25700"}, "Total Current Liabilities": {"2020-08-31": "6283.09100", "2019-08-31": "5512.14100", "2018-08-31": "5028.68100", "2017-08-31": "4766.30100", "2016-08-31": "4690.32000", "2015-08-31": "4712.87300", "2014-08-31": "4541.09400", "2013-08-31": "4169.15000", "2012-08-31": "3655.59200", "2011-08-31": "3430.89600", "2010-08-31": "3063.96000", "2009-08-31": "2706.75200", "2008-08-31": "2519.32000", "2007-08-31": "2285.89500", "2006-08-31": "2054.56800", "2005-08-31": "1811.15900"}, "Long Term Debt": {"2020-08-31": "5513.37100", "2019-08-31": "5206.34400", "2018-08-31": "5005.93000", "2017-08-31": "5081.23800", "2016-08-31": "4924.11900", "2015-08-31": "4624.87600", "2014-08-31": "4142.19600", "2013-08-31": "4013.26700", "2012-08-31": "3718.30200", "2011-08-31": "3317.60000", "2010-08-31": "2882.30000", "2009-08-31": "2726.90000", "2008-08-31": "2250.00000", "2007-08-31": "1935.61800", "2006-08-31": "1857.15700", "2005-08-31": "1861.85000"}, "Other Non-Current Liabilities": {"2020-08-31": "649.64100", "2019-08-31": "579.29900", "2018-08-31": "547.52000", "2017-08-31": "469.50800", "2016-08-31": "488.38600", "2015-08-31": "465.99000", "2014-08-31": "435.73000", "2013-08-31": "396.99100", "2012-08-31": "439.77000", "2011-08-31": "375.33800", "2010-08-31": "364.09900", "2009-08-31": "317.82700", "2008-08-31": "258.10500", "2007-08-31": "179.99600", "2006-08-31": "145.05300", "2005-08-31": "181.24100"}, "Total Long Term Liabilities": {"2020-08-31": "9018.75800", "2019-08-31": "6097.62300", "2018-08-31": "5838.65400", "2017-08-31": "5921.85600", "2016-08-31": "5697.00500", "2015-08-31": "5090.86600", "2014-08-31": "4577.92600", "2013-08-31": "4410.25800", "2012-08-31": "4158.07200", "2011-08-31": "3692.93800", "2010-08-31": "3246.39900", "2009-08-31": "3044.72700", "2008-08-31": "2508.10500", "2007-08-31": "2115.61400", "2006-08-31": "2002.21000", "2005-08-31": "2043.09100"}, "Total Liabilities": {"2020-08-31": "15301.85000", "2019-08-31": "11609.76000", "2018-08-31": "10867.33000", "2017-08-31": "10688.16000", "2016-08-31": "10387.33000", "2015-08-31": "9803.73900", "2014-08-31": "9119.02000", "2013-08-31": "8579.40800", "2012-08-31": "7813.66400", "2011-08-31": "7123.83400", "2010-08-31": "6310.35900", "2009-08-31": "5751.47900", "2008-08-31": "5027.42500", "2007-08-31": "4401.50900", "2006-08-31": "4056.77800", "2005-08-31": "3854.25000"}, "Common Stock Net": {"2020-08-31": "0.23700", "2019-08-31": "0.25400", "2018-08-31": "0.27500", "2017-08-31": "0.28700", "2016-08-31": "0.30300", "2015-08-31": "0.32100", "2014-08-31": "0.33900", "2013-08-31": "0.36800", "2012-08-31": "0.39900", "2011-08-31": "0.44100", "2010-08-31": "0.50100", "2009-08-31": "0.57900", "2008-08-31": "0.63600", "2007-08-31": "0.71300", "2006-08-31": "0.77200", "2005-08-31": "0.81100"}, "Retained Earnings (Accumulated Deficit)": {"2020-08-31": "-1450.97000", "2019-08-31": "-1305.34700", "2018-08-31": "-1208.82400", "2017-08-31": "-1642.38700", "2016-08-31": "-1602.18600", "2015-08-31": "-1418.73800", "2014-08-31": "-1529.12300", "2013-08-31": "-1378.93600", "2012-08-31": "-1033.19700", "2011-08-31": "-643.99800", "2010-08-31": "-245.34400", "2009-08-31": "136.93500", "2008-08-31": "206.09900", "2007-08-31": "546.04900", "2006-08-31": "559.20800", "2005-08-31": "370.27600"}, "Comprehensive Income": {"2020-08-31": "-354.25200", "2019-08-31": "-269.32200", "2018-08-31": "-235.80500", "2017-08-31": "-254.55700", "2016-08-31": "-307.52900", "2015-08-31": "-249.51800", "2014-08-31": "-128.90300", "2013-08-31": "-120.78800", "2012-08-31": "-152.01300", "2011-08-31": "-119.69100", "2010-08-31": "-106.46800", "2009-08-31": "-92.03500", "2008-08-31": "-4.13500", "2007-08-31": "-9.55000", "2006-08-31": "-15.50000", "2005-08-31": "-36.58100"}, "Other Share Holders Equity": {"2020-08-31": "", "2019-08-31": "", "2018-08-31": "", "2017-08-31": "", "2016-08-31": "", "2015-08-31": "", "2014-08-31": "", "2013-08-31": "", "2012-08-31": "", "2011-08-31": "", "2010-08-31": "", "2009-08-31": "", "2008-08-31": "", "2007-08-31": "", "2006-08-31": "", "2005-08-31": ""}, "Share Holder Equity": {"2020-08-31": "-877.97700", "2019-08-31": "-1713.85100", "2018-08-31": "-1520.35500", "2017-08-31": "-1428.37700", "2016-08-31": "-1787.53800", "2015-08-31": "-1701.39000", "2014-08-31": "-1621.85700", "2013-08-31": "-1687.31900", "2012-08-31": "-1548.02500", "2011-08-31": "-1254.23200", "2010-08-31": "-738.76500", "2009-08-31": "-433.07400", "2008-08-31": "229.68700", "2007-08-31": "403.20000", "2006-08-31": "469.52800", "2005-08-31": "391.00700"}, "Total Liabilities And Share Holders Equity": {"2020-08-31": "14423.87000", "2019-08-31": "9895.91300", "2018-08-31": "9346.98000", "2017-08-31": "9259.78100", "2016-08-31": "8599.78700", "2015-08-31": "8102.34900", "2014-08-31": "7497.16300", "2013-08-31": "6892.08900", "2012-08-31": "6265.63900", "2011-08-31": "5869.60200", "2010-08-31": "5571.59400", "2009-08-31": "5318.40500", "2008-08-31": "5257.11200", "2007-08-31": "4804.70900", "2006-08-31": "4526.30600", "2005-08-31": "4245.25700"}}, "balance sheet, quarterly": {"Cash On Hand": {"2020-11-30": "1664.00500", "2020-08-31": "1750.81500", "2020-05-31": "509.11800", "2020-02-29": "152.97000", "2019-11-30": "158.08900", "2019-08-31": "176.30000", "2019-05-31": "174.05800", "2019-02-28": "195.66500", "2018-11-30": "252.08600", "2018-08-31": "217.82400", "2018-05-31": "218.38600", "2018-02-28": "288.52200", "2017-11-30": "257.67700", "2017-08-31": "293.27000", "2017-05-31": "227.14100", "2017-02-28": "210.64900", "2016-11-30": "195.53800", "2016-08-31": "189.73400", "2016-05-31": "213.38000", "2016-02-29": "207.95800", "2015-11-30": "165.48600", "2015-08-31": "175.30900", "2015-05-31": "153.28800", "2015-02-28": "151.53900", "2014-11-30": "117.19200", "2014-08-31": "124.48500", "2014-05-31": "145.34900", "2014-02-28": "139.75500", "2013-11-30": "125.85200", "2013-08-31": "142.19100", "2013-05-31": "133.68500", "2013-02-28": "115.54800", "2012-11-30": "99.86400", "2012-08-31": "103.09300", "2012-05-31": "103.10000", "2012-02-29": "103.20700", "2011-11-30": "96.67600", "2011-08-31": "97.60600", "2011-05-31": "100.36700", "2011-02-28": "107.88100", "2010-11-30": "98.01300", "2010-08-31": "98.28000", "2010-05-31": "95.76200", "2010-02-28": "105.16100", "2009-11-30": "79.60300", "2009-08-31": "92.70600", "2009-05-31": "94.28700", "2009-02-28": "107.97300", "2008-11-30": "85.75600", "2008-08-31": "242.46100", "2008-05-31": "81.65400", "2008-02-29": "93.46500", "2007-11-30": "79.81300", "2007-08-31": "86.65400", "2007-05-31": "82.57300", "2007-02-28": "86.06200", "2006-11-30": "73.35900", "2006-08-31": "91.55800", "2006-05-31": "83.96800", "2006-02-28": "81.37200", "2005-11-30": "81.37800", "2005-08-31": "74.81000", "2005-05-31": "77.37800", "2005-02-28": "80.13900"}, "Receivables": {"2020-11-30": "350.91500", "2020-08-31": "364.77400", "2020-05-31": "266.92000", "2020-02-29": "340.28000", "2019-11-30": "333.24600", "2019-08-31": "308.99500", "2019-05-31": "281.61000", "2019-02-28": "298.31900", "2018-11-30": "275.19400", "2018-08-31": "258.13600", "2018-05-31": "261.29900", "2018-02-28": "282.53200", "2017-11-30": "272.45000", "2017-08-31": "280.73300", "2017-05-31": "276.11000", "2017-02-28": "246.88200", "2016-11-30": "270.76800", "2016-08-31": "287.68000", "2016-05-31": "294.52900", "2016-02-29": "295.79200", "2015-11-30": "248.12000", "2015-08-31": "247.87200", "2015-05-31": "212.06800", "2015-02-28": "196.65000", "2014-11-30": "195.52100", "2014-08-31": "200.89900", "2014-05-31": "190.84800", "2014-02-28": "191.11500", "2013-11-30": "173.11400", "2013-08-31": "171.63800", "2013-05-31": "155.55000", "2013-02-28": "160.42000", "2012-11-30": "173.33800", "2012-08-31": "161.37500", "2012-05-31": "133.94100", "2012-02-29": "144.79000", "2011-11-30": "135.69500", "2011-08-31": "140.69000", "2011-05-31": "136.36900", "2011-02-28": "140.22700", "2010-11-30": "116.64500", "2010-08-31": "125.80200", "2010-05-31": "121.32500", "2010-02-28": "147.46600", "2009-11-30": "142.72100", "2009-08-31": "126.51400", "2009-05-31": "140.75400", "2009-02-28": "125.31200", "2008-11-30": "67.44000", "2008-08-31": "71.24100", "2008-05-31": "74.96500", "2008-02-29": "65.27000", "2007-11-30": "53.90000", "2007-08-31": "59.87600", "2007-05-31": "52.74200", "2007-02-28": "59.91500", "2006-11-30": "73.83200", "2006-08-31": "80.36300", "2006-05-31": "102.60000", "2006-02-28": "124.26700", "2005-11-30": "113.76100", "2005-08-31": "118.26300", "2005-05-31": "120.12100", "2005-02-28": "104.57800"}, "Inventory": {"2020-11-30": "4628.33400", "2020-08-31": "4473.28200", "2020-05-31": "4440.60200", "2020-02-29": "4606.21100", "2019-11-30": "4463.12400", "2019-08-31": "4319.11300", "2019-05-31": "4325.65900", "2019-02-28": "4305.46900", "2018-11-30": "4090.37600", "2018-08-31": "3943.67000", "2018-05-31": "4005.82000", "2018-02-28": "4085.52800", "2017-11-30": "4012.10400", "2017-08-31": "3882.08600", "2017-05-31": "3861.05200", "2017-02-28": "3902.12100", "2016-11-30": "3773.24200", "2016-08-31": "3631.91600", "2016-05-31": "3597.25100", "2016-02-29": "3590.68700", "2015-11-30": "3515.70300", "2015-08-31": "3421.63500", "2015-05-31": "3468.24900", "2015-02-28": "3456.81200", "2014-11-30": "3280.22800", "2014-08-31": "3140.10000", "2014-05-31": "3133.35000", "2014-02-28": "3089.24500", "2013-11-30": "2947.55600", "2013-08-31": "2861.01400", "2013-05-31": "2796.78200", "2013-02-28": "2758.54300", "2012-11-30": "2702.10300", "2012-08-31": "2627.98300", "2012-05-31": "2629.82100", "2012-02-29": "2577.70400", "2011-11-30": "2531.21000", "2011-08-31": "2466.10700", "2011-05-31": "2491.98100", "2011-02-28": "2418.75100", "2010-11-30": "2361.51200", "2010-08-31": "2304.57900", "2010-05-31": "2288.36400", "2010-02-28": "2261.52800", "2009-11-30": "2262.82300", "2009-08-31": "2207.49700", "2009-05-31": "2240.51100", "2009-02-28": "2190.19800", "2008-11-30": "2186.62700", "2008-08-31": "2150.10900", "2008-05-31": "2106.47300", "2008-02-29": "2068.48300", "2007-11-30": "2051.52400", "2007-08-31": "2007.43000", "2007-05-31": "1979.23800", "2007-02-28": "1910.84900", "2006-11-30": "1883.34800", "2006-08-31": "1846.65000", "2006-05-31": "1752.68700", "2006-02-28": "1722.68100", "2005-11-30": "1681.01500", "2005-08-31": "1663.86000", "2005-05-31": "1639.19000", "2005-02-28": "1591.99600"}, "Pre-Paid Expenses": {"2020-11-30": "", "2020-08-31": "", "2020-05-31": "", "2020-02-29": "", "2019-11-30": "", "2019-08-31": "", "2019-05-31": "", "2019-02-28": "", "2018-11-30": "", "2018-08-31": "", "2018-05-31": "", "2018-02-28": "", "2017-11-30": "", "2017-08-31": "", "2017-05-31": "", "2017-02-28": "", "2016-11-30": "", "2016-08-31": "", "2016-05-31": "", "2016-02-29": "", "2015-11-30": "", "2015-08-31": "", "2015-05-31": "", "2015-02-28": "", "2014-11-30": "", "2014-08-31": "", "2014-05-31": "", "2014-02-28": "", "2013-11-30": "", "2013-08-31": "", "2013-05-31": "", "2013-02-28": "", "2012-11-30": "", "2012-08-31": "", "2012-05-31": "", "2012-02-29": "", "2011-11-30": "", "2011-08-31": "", "2011-05-31": "", "2011-02-28": "", "2010-11-30": "", "2010-08-31": "", "2010-05-31": "", "2010-02-28": "", "2009-11-30": "", "2009-08-31": "", "2009-05-31": "", "2009-02-28": "", "2008-11-30": "", "2008-08-31": "", "2008-05-31": "", "2008-02-29": "", "2007-11-30": "", "2007-08-31": "", "2007-05-31": "", "2007-02-28": "", "2006-11-30": "", "2006-08-31": "", "2006-05-31": "", "2006-02-28": "", "2005-11-30": "", "2005-08-31": "", "2005-05-31": "75.04900", "2005-02-28": "70.34100"}, "Other Current Assets": {"2020-11-30": "193.54100", "2020-08-31": "223.00100", "2020-05-31": "181.35300", "2020-02-29": "201.08600", "2019-11-30": "202.51600", "2019-08-31": "224.27700", "2019-05-31": "190.01300", "2019-02-28": "197.61900", "2018-11-30": "196.67300", "2018-08-31": "216.23900", "2018-05-31": "185.77200", "2018-02-28": "169.72500", "2017-11-30": "174.96100", "2017-08-31": "155.16600", "2017-05-31": "142.94600", "2017-02-28": "133.11500", "2016-11-30": "129.13800", "2016-08-31": "130.24300", "2016-05-31": "120.32600", "2016-02-29": "115.37600", "2015-11-30": "120.76300", "2015-08-31": "121.84700", "2015-05-31": "110.07500", "2015-02-28": "102.06400", "2014-11-30": "107.54800", "2014-08-31": "110.42000", "2014-05-31": "112.04700", "2014-02-28": "112.45200", "2013-11-30": "121.84300", "2013-08-31": "101.44300", "2013-05-31": "91.07400", "2013-02-28": "87.78900", "2012-11-30": "86.00300", "2012-08-31": "85.64900", "2012-05-31": "77.41000", "2012-02-29": "82.86300", "2011-11-30": "79.09200", "2011-08-31": "88.02200", "2011-05-31": "77.81200", "2011-02-28": "71.25600", "2010-11-30": "84.39400", "2010-08-31": "83.16000", "2010-05-31": "73.49700", "2010-02-28": "134.55800", "2009-11-30": "132.79400", "2009-08-31": "135.01300", "2009-05-31": "132.43200", "2009-02-28": "157.38400", "2008-11-30": "122.32200", "2008-08-31": "122.49000", "2008-05-31": "123.84600", "2008-02-29": "129.42600", "2007-11-30": "134.50000", "2007-08-31": "116.49500", "2007-05-31": "116.22800", "2007-02-28": "123.52200", "2006-11-30": "126.75500", "2006-08-31": "100.35600", "2006-05-31": "101.12100", "2006-02-28": "106.67200", "2005-11-30": "124.60400", "2005-08-31": "72.52600", "2005-05-31": "", "2005-02-28": ""}, "Total Current Assets": {"2020-11-30": "6836.79500", "2020-08-31": "6811.87200", "2020-05-31": "5397.99300", "2020-02-29": "5300.54700", "2019-11-30": "5156.97500", "2019-08-31": "5028.68500", "2019-05-31": "4971.34000", "2019-02-28": "4997.07200", "2018-11-30": "4814.32900", "2018-08-31": "4635.86900", "2018-05-31": "4671.27700", "2018-02-28": "4826.30700", "2017-11-30": "4717.19200", "2017-08-31": "4611.25500", "2017-05-31": "4507.24900", "2017-02-28": "4492.76700", "2016-11-30": "4368.68600", "2016-08-31": "4239.57300", "2016-05-31": "4225.48600", "2016-02-29": "4209.81300", "2015-11-30": "4053.87100", "2015-08-31": "3970.29400", "2015-05-31": "3950.49000", "2015-02-28": "3913.86300", "2014-11-30": "3707.58100", "2014-08-31": "3580.61200", "2014-05-31": "3587.84400", "2014-02-28": "3538.49800", "2013-11-30": "3370.23500", "2013-08-31": "3278.01300", "2013-05-31": "3178.32300", "2013-02-28": "3123.36800", "2012-11-30": "3062.29100", "2012-08-31": "2978.94600", "2012-05-31": "2944.27200", "2012-02-29": "2908.56400", "2011-11-30": "2842.67300", "2011-08-31": "2792.42500", "2011-05-31": "2806.52900", "2011-02-28": "2738.11500", "2010-11-30": "2660.56400", "2010-08-31": "2611.82100", "2010-05-31": "2578.94800", "2010-02-28": "2648.71300", "2009-11-30": "2617.94100", "2009-08-31": "2561.73000", "2009-05-31": "2607.98400", "2009-02-28": "2580.86700", "2008-11-30": "2462.14500", "2008-08-31": "2586.30100", "2008-05-31": "2386.93800", "2008-02-29": "2356.64400", "2007-11-30": "2319.73700", "2007-08-31": "2270.45500", "2007-05-31": "2230.78100", "2007-02-28": "2180.34800", "2006-11-30": "2157.29400", "2006-08-31": "2118.92700", "2006-05-31": "2040.37600", "2006-02-28": "2034.99200", "2005-11-30": "2000.75800", "2005-08-31": "1929.45900", "2005-05-31": "1911.73800", "2005-02-28": "1847.05400"}, "Property, Plant, And Equipment": {"2020-11-30": "4586.00200", "2020-08-31": "4509.22100", "2020-05-31": "4384.58600", "2020-02-29": "4476.42600", "2019-11-30": "4450.65600", "2019-08-31": "4398.75100", "2019-05-31": "4324.93000", "2019-02-28": "4269.92300", "2018-11-30": "4228.80100", "2018-08-31": "4218.40000", "2018-05-31": "4122.96600", "2018-02-28": "4081.30100", "2017-11-30": "4060.95100", "2017-08-31": "4031.01800", "2017-05-31": "3904.15200", "2017-02-28": "3803.80300", "2016-11-30": "3750.51100", "2016-08-31": "3733.25400", "2016-05-31": "3619.30500", "2016-02-29": "3544.88200", "2015-11-30": "3537.05500", "2015-08-31": "3505.63200", "2015-05-31": "3426.38800", "2015-02-28": "3376.48000", "2014-11-30": "3358.06400", "2014-08-31": "3310.47500", "2014-05-31": "3193.28900", "2014-02-28": "3135.25500", "2013-11-30": "3108.77000", "2013-08-31": "3071.36100", "2013-05-31": "3002.82300", "2013-02-28": "2944.54900", "2012-11-30": "2890.26900", "2012-08-31": "2855.92800", "2012-05-31": "2767.09800", "2012-02-29": "2724.39600", "2011-11-30": "2667.10500", "2011-08-31": "2668.87500", "2011-05-31": "2615.02400", "2011-02-28": "2554.86400", "2010-11-30": "2532.20500", "2010-08-31": "2519.94600", "2010-05-31": "2425.04300", "2010-02-28": "2383.14300", "2009-11-30": "2368.84600", "2009-08-31": "2354.35700", "2009-05-31": "2301.79400", "2009-02-28": "2267.40400", "2008-11-30": "2267.19800", "2008-08-31": "2289.65600", "2008-05-31": "2255.74100", "2008-02-29": "2204.10200", "2007-11-30": "2188.53500", "2007-08-31": "2177.84200", "2007-05-31": "2134.27200", "2007-02-28": "2110.93700", "2006-11-30": "2096.37700", "2006-08-31": "2051.30800", "2006-05-31": "2021.69200", "2006-02-28": "1992.41500", "2005-11-30": "1965.63200", "2005-08-31": "1937.61500", "2005-05-31": "1880.21800", "2005-02-28": "1837.26000"}, "Long-Term Investments": {"2020-11-30": "", "2020-08-31": "", "2020-05-31": "", "2020-02-29": "", "2019-11-30": "", "2019-08-31": "", "2019-05-31": "", "2019-02-28": "", "2018-11-30": "", "2018-08-31": "", "2018-05-31": "", "2018-02-28": "", "2017-11-30": "", "2017-08-31": "", "2017-05-31": "", "2017-02-28": "", "2016-11-30": "", "2016-08-31": "", "2016-05-31": "", "2016-02-29": "", "2015-11-30": "", "2015-08-31": "", "2015-05-31": "", "2015-02-28": "", "2014-11-30": "", "2014-08-31": "", "2014-05-31": "", "2014-02-28": "", "2013-11-30": "", "2013-08-31": "", "2013-05-31": "", "2013-02-28": "", "2012-11-30": "", "2012-08-31": "", "2012-05-31": "", "2012-02-29": "", "2011-11-30": "", "2011-08-31": "", "2011-05-31": "", "2011-02-28": "", "2010-11-30": "", "2010-08-31": "", "2010-05-31": "", "2010-02-28": "", "2009-11-30": "", "2009-08-31": "", "2009-05-31": "", "2009-02-28": "", "2008-11-30": "", "2008-08-31": "", "2008-05-31": "", "2008-02-29": "", "2007-11-30": "", "2007-08-31": "", "2007-05-31": "", "2007-02-28": "", "2006-11-30": "", "2006-08-31": "", "2006-05-31": "", "2006-02-28": "", "2005-11-30": "", "2005-08-31": "", "2005-05-31": "", "2005-02-28": ""}, "Goodwill And Intangible Assets": {"2020-11-30": "302.64500", "2020-08-31": "302.64500", "2020-05-31": "302.64500", "2020-02-29": "302.64500", "2019-11-30": "302.64500", "2019-08-31": "302.64500", "2019-05-31": "302.64500", "2019-02-28": "302.64500", "2018-11-30": "302.64500", "2018-08-31": "302.64500", "2018-05-31": "302.64500", "2018-02-28": "302.64500", "2017-11-30": "391.88700", "2017-08-31": "391.88700", "2017-05-31": "391.88700", "2017-02-28": "391.88700", "2016-11-30": "391.88700", "2016-08-31": "391.88700", "2016-05-31": "391.88700", "2016-02-29": "391.88700", "2015-11-30": "391.88700", "2015-08-31": "391.88700", "2015-05-31": "384.61300", "2015-02-28": "384.01300", "2014-11-30": "383.91700", "2014-08-31": "367.82900", "2014-05-31": "367.82900", "2014-02-28": "367.82900", "2013-11-30": "367.82900", "2013-08-31": "367.82900", "2013-05-31": "386.08500", "2013-02-28": "385.98500", "2012-11-30": "302.64500", "2012-08-31": "302.64500", "2012-05-31": "302.64500", "2012-02-29": "302.64500", "2011-11-30": "302.64500", "2011-08-31": "302.64500", "2011-05-31": "302.64500", "2011-02-28": "302.64500", "2010-11-30": "302.64500", "2010-08-31": "302.64500", "2010-05-31": "302.64500", "2010-02-28": "302.64500", "2009-11-30": "302.64500", "2009-08-31": "302.64500", "2009-05-31": "302.64500", "2009-02-28": "302.64500", "2008-11-30": "302.64500", "2008-08-31": "302.64500", "2008-05-31": "302.64500", "2008-02-29": "302.64500", "2007-11-30": "302.64500", "2007-08-31": "302.64500", "2007-05-31": "302.64500", "2007-02-28": "302.64500", "2006-11-30": "302.64500", "2006-08-31": "302.64500", "2006-05-31": "302.64500", "2006-02-28": "302.64500", "2005-11-30": "302.64500", "2005-08-31": "302.69900", "2005-05-31": "302.72500", "2005-02-28": "302.76900"}, "Other Long-Term Assets": {"2020-11-30": "206.22600", "2020-08-31": "190.61400", "2020-05-31": "179.71290", "2020-02-29": "176.96900", "2019-11-30": "177.71000", "2019-08-31": "138.97100", "2019-05-31": "139.67500", "2019-02-28": "140.61100", "2018-11-30": "144.68800", "2018-08-31": "155.44600", "2018-05-31": "171.09700", "2018-02-28": "159.21500", "2017-11-30": "193.06400", "2017-08-31": "190.31300", "2017-05-31": "186.74600", "2017-02-28": "178.36400", "2016-11-30": "195.87900", "2016-08-31": "198.21800", "2016-05-31": "196.49100", "2016-02-29": "196.25700", "2015-11-30": "193.24000", "2015-08-31": "191.92100", "2015-05-31": "222.50200", "2015-02-28": "225.59300", "2014-11-30": "221.81600", "2014-08-31": "193.11000", "2014-05-31": "205.55800", "2014-02-28": "205.65900", "2013-11-30": "170.77000", "2013-08-31": "170.81700", "2013-05-31": "168.37500", "2013-02-28": "167.70700", "2012-11-30": "106.28700", "2012-08-31": "94.32400", "2012-05-31": "112.44900", "2012-02-29": "101.17400", "2011-11-30": "100.84500", "2011-08-31": "94.99600", "2011-05-31": "97.99400", "2011-02-28": "110.34500", "2010-11-30": "95.03500", "2010-08-31": "90.95900", "2010-05-31": "99.49200", "2010-02-28": "39.74500", "2009-11-30": "41.23700", "2009-08-31": "40.60600", "2009-05-31": "33.84700", "2009-02-28": "38.75200", "2008-11-30": "39.88900", "2008-08-31": "40.22700", "2008-05-31": "34.98000", "2008-02-29": "28.69900", "2007-11-30": "27.02000", "2007-08-31": "32.43600", "2007-05-31": "27.45500", "2007-02-28": "30.61900", "2006-11-30": "31.14000", "2006-08-31": "32.78300", "2006-05-31": "34.95700", "2006-02-28": "35.01400", "2005-11-30": "38.75100", "2005-08-31": "42.56700", "2005-05-31": "48.74400", "2005-02-28": "47.77400"}, "Total Long-Term Assets": {"2020-11-30": "7731.77900", "2020-08-31": "7612.00000", "2020-05-31": "7504.13800", "2020-02-29": "7563.20100", "2019-11-30": "7543.48100", "2019-08-31": "4867.22800", "2019-05-31": "4802.40000", "2019-02-28": "4748.02300", "2018-11-30": "4709.25200", "2018-08-31": "4711.11100", "2018-05-31": "4630.49200", "2018-02-28": "4577.41200", "2017-11-30": "4679.89200", "2017-08-31": "4648.52600", "2017-05-31": "4521.01500", "2017-02-28": "4409.86300", "2016-11-30": "4373.85800", "2016-08-31": "4360.21400", "2016-05-31": "4238.61900", "2016-02-29": "4156.60100", "2015-11-30": "4163.65700", "2015-08-31": "4132.05500", "2015-05-31": "4081.95000", "2015-02-28": "4036.10200", "2014-11-30": "4009.52000", "2014-08-31": "3916.55100", "2014-05-31": "3783.95800", "2014-02-28": "3724.39400", "2013-11-30": "3653.18800", "2013-08-31": "3614.07600", "2013-05-31": "3604.71800", "2013-02-28": "3538.82000", "2012-11-30": "3335.74800", "2012-08-31": "3286.69300", "2012-05-31": "3204.58200", "2012-02-29": "3147.90000", "2011-11-30": "3089.90700", "2011-08-31": "3077.17700", "2011-05-31": "3078.34900", "2011-02-28": "3027.48800", "2010-11-30": "2979.92500", "2010-08-31": "2959.77300", "2010-05-31": "2873.82200", "2010-02-28": "2776.27900", "2009-11-30": "2767.88200", "2009-08-31": "2756.67500", "2009-05-31": "2688.19200", "2009-02-28": "2654.21800", "2008-11-30": "2651.06900", "2008-08-31": "2670.81100", "2008-05-31": "2639.96600", "2008-02-29": "2581.75300", "2007-11-30": "2554.48000", "2007-08-31": "2534.25400", "2007-05-31": "2491.71700", "2007-02-28": "2466.15800", "2006-11-30": "2454.39100", "2006-08-31": "2407.37900", "2006-05-31": "2402.54300", "2006-02-28": "2366.86100", "2005-11-30": "2339.07300", "2005-08-31": "2315.79800", "2005-05-31": "2256.76400", "2005-02-28": "2212.38300"}, "Total Assets": {"2020-11-30": "14568.57000", "2020-08-31": "14423.87000", "2020-05-31": "12902.13000", "2020-02-29": "12863.75000", "2019-11-30": "12700.46000", "2019-08-31": "9895.91300", "2019-05-31": "9773.74000", "2019-02-28": "9745.09500", "2018-11-30": "9523.58100", "2018-08-31": "9346.98000", "2018-05-31": "9301.76900", "2018-02-28": "9403.71900", "2017-11-30": "9397.08400", "2017-08-31": "9259.78100", "2017-05-31": "9028.26400", "2017-02-28": "8902.63000", "2016-11-30": "8742.54400", "2016-08-31": "8599.78700", "2016-05-31": "8464.10500", "2016-02-29": "8366.41400", "2015-11-30": "8217.52800", "2015-08-31": "8102.34900", "2015-05-31": "8032.44000", "2015-02-28": "7949.96500", "2014-11-30": "7717.10100", "2014-08-31": "7497.16300", "2014-05-31": "7371.80200", "2014-02-28": "7262.89200", "2013-11-30": "7023.42300", "2013-08-31": "6892.08900", "2013-05-31": "6783.04100", "2013-02-28": "6662.18800", "2012-11-30": "6398.03900", "2012-08-31": "6265.63900", "2012-05-31": "6148.85400", "2012-02-29": "6056.46400", "2011-11-30": "5932.58000", "2011-08-31": "5869.60200", "2011-05-31": "5884.87800", "2011-02-28": "5765.60300", "2010-11-30": "5640.48900", "2010-08-31": "5571.59400", "2010-05-31": "5452.77000", "2010-02-28": "5424.99200", "2009-11-30": "5385.82300", "2009-08-31": "5318.40500", "2009-05-31": "5296.17600", "2009-02-28": "5235.08500", "2008-11-30": "5113.21400", "2008-08-31": "5257.11200", "2008-05-31": "5026.90400", "2008-02-29": "4938.39700", "2007-11-30": "4874.21700", "2007-08-31": "4804.70900", "2007-05-31": "4722.49800", "2007-02-28": "4646.50600", "2006-11-30": "4611.68500", "2006-08-31": "4526.30600", "2006-05-31": "4442.91900", "2006-02-28": "4401.85300", "2005-11-30": "4339.83100", "2005-08-31": "4245.25700", "2005-05-31": "4168.50200", "2005-02-28": "4059.43700"}, "Total Current Liabilities": {"2020-11-30": "6456.70300", "2020-08-31": "6283.09100", "2020-05-31": "5769.07600", "2020-02-29": "5779.56000", "2019-11-30": "5868.23600", "2019-08-31": "5512.14100", "2019-05-31": "5316.88900", "2019-02-28": "5334.30300", "2018-11-30": "5168.17200", "2018-08-31": "5028.68100", "2018-05-31": "4918.33600", "2018-02-28": "4947.22800", "2017-11-30": "5067.64000", "2017-08-31": "4766.30100", "2017-05-31": "4793.54000", "2017-02-28": "4784.27200", "2016-11-30": "4850.21900", "2016-08-31": "4690.32000", "2016-05-31": "4647.58900", "2016-02-29": "4994.66100", "2015-11-30": "4775.24100", "2015-08-31": "4712.87300", "2015-05-31": "4693.10200", "2015-02-28": "4623.32300", "2014-11-30": "5090.96400", "2014-08-31": "4541.09400", "2014-05-31": "4603.95200", "2014-02-28": "4399.31000", "2013-11-30": "4332.82500", "2013-08-31": "4169.15000", "2013-05-31": "3836.04900", "2013-02-28": "4231.80800", "2012-11-30": "3744.49200", "2012-08-31": "3655.59200", "2012-05-31": "3567.39300", "2012-02-29": "3516.78900", "2011-11-30": "3578.96600", "2011-08-31": "3430.89600", "2011-05-31": "3461.84300", "2011-02-28": "3225.13600", "2010-11-30": "3244.88700", "2010-08-31": "3063.96000", "2010-05-31": "2872.07600", "2010-02-28": "2749.32400", "2009-11-30": "2804.38000", "2009-08-31": "2706.75200", "2009-05-31": "3135.96000", "2009-02-28": "2468.68200", "2008-11-30": "2527.97700", "2008-08-31": "2519.32000", "2008-05-31": "2383.96700", "2008-02-29": "2325.22200", "2007-11-30": "2319.27000", "2007-08-31": "2285.89500", "2007-05-31": "2160.15000", "2007-02-28": "2080.37900", "2006-11-30": "2047.28900", "2006-08-31": "2054.56800", "2006-05-31": "1865.72900", "2006-02-28": "1794.80100", "2005-11-30": "1844.86800", "2005-08-31": "1811.15900", "2005-05-31": "1816.58500", "2005-02-28": "1645.42000"}, "Long Term Debt": {"2020-11-30": "5514.87400", "2020-08-31": "5513.37100", "2020-05-31": "5418.27100", "2020-02-29": "5451.47100", "2019-11-30": "5287.32400", "2019-08-31": "5206.34400", "2019-05-31": "5151.91700", "2019-02-28": "5111.20100", "2018-11-30": "5156.03700", "2018-08-31": "5005.93000", "2018-05-31": "4954.69700", "2018-02-28": "5043.54100", "2017-11-30": "4982.98400", "2017-08-31": "5081.23800", "2017-05-31": "5152.84300", "2017-02-28": "5151.86200", "2016-11-30": "4997.44600", "2016-08-31": "4924.11900", "2016-05-31": "4953.69700", "2016-02-29": "4387.81100", "2015-11-30": "4754.10100", "2015-08-31": "4624.87600", "2015-05-31": "4533.32900", "2015-02-28": "4361.14400", "2014-11-30": "3862.86500", "2014-08-31": "4142.19600", "2014-05-31": "4163.24400", "2014-02-28": "4163.24400", "2013-11-30": "4013.24400", "2013-08-31": "4013.26700", "2013-05-31": "4001.10000", "2013-02-28": "3513.27300", "2012-11-30": "3802.70500", "2012-08-31": "3718.30200", "2012-05-31": "3599.00000", "2012-02-29": "3434.80000", "2011-11-30": "3318.90000", "2011-08-31": "3317.60000", "2011-05-31": "3171.10000", "2011-02-28": "3208.30000", "2010-11-30": "2845.70000", "2010-08-31": "2882.30000", "2010-05-31": "2698.50000", "2010-02-28": "2774.70000", "2009-11-30": "2739.50000", "2009-08-31": "2726.90000", "2009-05-31": "1949.30000", "2009-02-28": "2690.75500", "2008-11-30": "2268.20000", "2008-08-31": "2250.00000", "2008-05-31": "1932.00000", "2008-02-29": "2095.00000", "2007-11-30": "2161.07000", "2007-08-31": "1935.61800", "2007-05-31": "1938.94200", "2007-02-28": "1854.30400", "2006-11-30": "1858.92100", "2006-08-31": "1857.15700", "2006-05-31": "1825.12500", "2006-02-28": "1779.30000", "2005-11-30": "1789.77500", "2005-08-31": "1861.85000", "2005-05-31": "1914.52500", "2005-02-28": "1901.50000"}, "Other Non-Current Liabilities": {"2020-11-30": "729.89300", "2020-08-31": "649.64100", "2020-05-31": "540.32000", "2020-02-29": "523.73400", "2019-11-30": "498.55500", "2019-08-31": "579.29900", "2019-05-31": "593.36700", "2019-02-28": "603.32700", "2018-11-30": "569.55000", "2018-08-31": "547.52000", "2018-05-31": "552.31600", "2018-02-28": "520.56500", "2017-11-30": "489.31500", "2017-08-31": "469.50800", "2017-05-31": "497.55600", "2017-02-28": "502.96200", "2016-11-30": "496.86300", "2016-08-31": "488.38600", "2016-05-31": "480.80500", "2016-02-29": "476.60200", "2015-11-30": "466.30700", "2015-08-31": "465.99000", "2015-05-31": "449.25400", "2015-02-28": "434.17700", "2014-11-30": "426.08200", "2014-08-31": "435.73000", "2014-05-31": "412.83600", "2014-02-28": "410.60000", "2013-11-30": "398.57400", "2013-08-31": "396.99100", "2013-05-31": "478.23400", "2013-02-28": "467.21600", "2012-11-30": "442.21100", "2012-08-31": "439.77000", "2012-05-31": "399.29000", "2012-02-29": "400.39900", "2011-11-30": "381.81300", "2011-08-31": "375.33800", "2011-05-31": "371.47600", "2011-02-28": "370.57900", "2010-11-30": "367.07000", "2010-08-31": "364.09900", "2010-05-31": "344.14400", "2010-02-28": "322.63900", "2009-11-30": "325.90800", "2009-08-31": "317.82700", "2009-05-31": "256.03500", "2009-02-28": "262.95000", "2008-11-30": "257.04000", "2008-08-31": "258.10500", "2008-05-31": "255.10800", "2008-02-29": "235.94200", "2007-11-30": "222.82400", "2007-08-31": "179.99600", "2007-05-31": "164.05000", "2007-02-28": "168.23300", "2006-11-30": "167.63700", "2006-08-31": "145.05300", "2006-05-31": "183.52000", "2006-02-28": "186.59400", "2005-11-30": "183.90600", "2005-08-31": "181.24100", "2005-05-31": "138.64600", "2005-02-28": "127.78600"}, "Total Long Term Liabilities": {"2020-11-30": "9138.85100", "2020-08-31": "9018.75800", "2020-05-31": "8765.79100", "2020-02-29": "8795.30900", "2019-11-30": "8608.31100", "2019-08-31": "6097.62300", "2019-05-31": "6046.36400", "2019-02-28": "6005.15400", "2018-11-30": "6014.02500", "2018-08-31": "5838.65400", "2018-05-31": "5745.03600", "2018-02-28": "5787.03800", "2017-11-30": "5854.54300", "2017-08-31": "5921.85600", "2017-05-31": "5948.93800", "2017-02-28": "5945.79800", "2016-11-30": "5787.55000", "2016-08-31": "5697.00500", "2016-05-31": "5679.79800", "2016-02-29": "5113.06600", "2015-11-30": "5220.40800", "2015-08-31": "5090.86600", "2015-05-31": "4982.58300", "2015-02-28": "4795.32100", "2014-11-30": "4288.94700", "2014-08-31": "4577.92600", "2014-05-31": "4576.08000", "2014-02-28": "4573.84400", "2013-11-30": "4411.81800", "2013-08-31": "4410.25800", "2013-05-31": "4479.33400", "2013-02-28": "3980.48900", "2012-11-30": "4244.91600", "2012-08-31": "4158.07200", "2012-05-31": "3998.29000", "2012-02-29": "3835.19900", "2011-11-30": "3700.71300", "2011-08-31": "3692.93800", "2011-05-31": "3542.57600", "2011-02-28": "3578.87900", "2010-11-30": "3212.77000", "2010-08-31": "3246.39900", "2010-05-31": "3042.64400", "2010-02-28": "3097.33900", "2009-11-30": "3065.40800", "2009-08-31": "3044.72700", "2009-05-31": "2205.33500", "2009-02-28": "2953.70500", "2008-11-30": "2525.24000", "2008-08-31": "2508.10500", "2008-05-31": "2187.10800", "2008-02-29": "2330.94200", "2007-11-30": "2383.89400", "2007-08-31": "2115.61400", "2007-05-31": "2102.99200", "2007-02-28": "2022.53700", "2006-11-30": "2026.55800", "2006-08-31": "2002.21000", "2006-05-31": "2008.64500", "2006-02-28": "1965.89400", "2005-11-30": "1973.68100", "2005-08-31": "2043.09100", "2005-05-31": "2053.17100", "2005-02-28": "2029.28600"}, "Total Liabilities": {"2020-11-30": "15595.55000", "2020-08-31": "15301.85000", "2020-05-31": "14534.87000", "2020-02-29": "14574.87000", "2019-11-30": "14476.55000", "2019-08-31": "11609.76000", "2019-05-31": "11363.25000", "2019-02-28": "11339.46000", "2018-11-30": "11182.20000", "2018-08-31": "10867.33000", "2018-05-31": "10663.37000", "2018-02-28": "10734.27000", "2017-11-30": "10922.18000", "2017-08-31": "10688.16000", "2017-05-31": "10742.48000", "2017-02-28": "10730.07000", "2016-11-30": "10637.77000", "2016-08-31": "10387.33000", "2016-05-31": "10327.39000", "2016-02-29": "10107.73000", "2015-11-30": "9995.64900", "2015-08-31": "9803.73900", "2015-05-31": "9675.68500", "2015-02-28": "9418.64400", "2014-11-30": "9379.91100", "2014-08-31": "9119.02000", "2014-05-31": "9180.03200", "2014-02-28": "8973.15400", "2013-11-30": "8744.64300", "2013-08-31": "8579.40800", "2013-05-31": "8315.38300", "2013-02-28": "8212.29700", "2012-11-30": "7989.40800", "2012-08-31": "7813.66400", "2012-05-31": "7565.68300", "2012-02-29": "7351.98800", "2011-11-30": "7279.67900", "2011-08-31": "7123.83400", "2011-05-31": "7004.41900", "2011-02-28": "6804.01500", "2010-11-30": "6457.65700", "2010-08-31": "6310.35900", "2010-05-31": "5914.72000", "2010-02-28": "5846.66300", "2009-11-30": "5869.78800", "2009-08-31": "5751.47900", "2009-05-31": "5341.29500", "2009-02-28": "5422.38700", "2008-11-30": "5053.21700", "2008-08-31": "5027.42500", "2008-05-31": "4571.07500", "2008-02-29": "4656.16400", "2007-11-30": "4703.16400", "2007-08-31": "4401.50900", "2007-05-31": "4263.14200", "2007-02-28": "4102.91600", "2006-11-30": "4073.84700", "2006-08-31": "4056.77800", "2006-05-31": "3874.37400", "2006-02-28": "3760.69500", "2005-11-30": "3818.54900", "2005-08-31": "3854.25000", "2005-05-31": "3869.75600", "2005-02-28": "3674.70600"}, "Common Stock Net": {"2020-11-30": "0.23800", "2020-08-31": "0.23700", "2020-05-31": "0.23700", "2020-02-29": "0.23700", "2019-11-30": "0.25400", "2019-08-31": "0.25400", "2019-05-31": "0.25400", "2019-02-28": "0.25300", "2018-11-30": "0.27700", "2018-08-31": "0.27500", "2018-05-31": "0.27500", "2018-02-28": "0.27500", "2017-11-30": "0.28800", "2017-08-31": "0.28700", "2017-05-31": "0.28700", "2017-02-28": "0.28600", "2016-11-30": "0.30400", "2016-08-31": "0.30300", "2016-05-31": "0.30200", "2016-02-29": "0.30100", "2015-11-30": "0.32200", "2015-08-31": "0.32100", "2015-05-31": "0.32100", "2015-02-28": "0.31900", "2014-11-30": "0.34000", "2014-08-31": "0.33900", "2014-05-31": "0.33800", "2014-02-28": "0.33800", "2013-11-30": "0.36900", "2013-08-31": "0.36800", "2013-05-31": "0.36600", "2013-02-28": "0.36400", "2012-11-30": "0.40200", "2012-08-31": "0.39900", "2012-05-31": "0.39600", "2012-02-29": "0.39500", "2011-11-30": "0.44200", "2011-08-31": "0.44100", "2011-05-31": "0.43900", "2011-02-28": "0.43800", "2010-11-30": "0.50300", "2010-08-31": "0.50100", "2010-05-31": "0.49800", "2010-02-28": "", "2009-11-30": "", "2009-08-31": "0.57900", "2009-05-31": "", "2009-02-28": "", "2008-11-30": "", "2008-08-31": "0.63600", "2008-05-31": "", "2008-02-29": "", "2007-11-30": "", "2007-08-31": "0.71300", "2007-05-31": "", "2007-02-28": "", "2006-11-30": "", "2006-08-31": "0.77200", "2006-05-31": "", "2006-02-28": "", "2005-11-30": "", "2005-08-31": "0.81100", "2005-05-31": "", "2005-02-28": ""}, "Retained Earnings (Accumulated Deficit)": {"2020-11-30": "-1008.53700", "2020-08-31": "-1450.97000", "2020-05-31": "-2191.42700", "2020-02-29": "-2534.32200", "2019-11-30": "-955.00900", "2019-08-31": "-1305.34700", "2019-05-31": "-1870.57600", "2019-02-28": "-2276.52500", "2018-11-30": "-864.19100", "2018-08-31": "-1208.82400", "2018-05-31": "-1623.59500", "2018-02-28": "-1990.31700", "2017-11-30": "-1361.38500", "2017-08-31": "-1642.38700", "2017-05-31": "-2076.28700", "2017-02-28": "-2407.98600", "2016-11-30": "-1324.06200", "2016-08-31": "-1602.18600", "2016-05-31": "-2028.95300", "2016-02-29": "-2356.46800", "2015-11-30": "-1160.62600", "2015-08-31": "-1418.73800", "2015-05-31": "-1819.87500", "2015-02-28": "-2128.94600", "2014-11-30": "-1290.81200", "2014-08-31": "-1529.12300", "2014-05-31": "-1902.79300", "2014-02-28": "-2187.95000", "2013-11-30": "-1160.84800", "2013-08-31": "-1378.93600", "2013-05-31": "-1750.13500", "2013-02-28": "-2015.71700", "2012-11-30": "-829.74500", "2012-08-31": "-1033.19700", "2012-05-31": "-1356.93000", "2012-02-29": "-1605.51400", "2011-11-30": "-452.87300", "2011-08-31": "-643.99800", "2011-05-31": "-945.46700", "2011-02-28": "-1172.93500", "2010-11-30": "-73.26900", "2010-08-31": "-245.34400", "2010-05-31": "-514.27800", "2010-02-28": "", "2009-11-30": "", "2009-08-31": "136.93500", "2009-05-31": "", "2009-02-28": "", "2008-11-30": "", "2008-08-31": "206.09900", "2008-05-31": "", "2008-02-29": "", "2007-11-30": "", "2007-08-31": "546.04900", "2007-05-31": "", "2007-02-28": "", "2006-11-30": "", "2006-08-31": "559.20800", "2006-05-31": "", "2006-02-28": "", "2005-11-30": "", "2005-08-31": "370.27600", "2005-05-31": "", "2005-02-28": ""}, "Comprehensive Income": {"2020-11-30": "-306.90700", "2020-08-31": "-354.25200", "2020-05-31": "-344.51600", "2020-02-29": "-228.33700", "2019-11-30": "-250.08100", "2019-08-31": "-269.32200", "2019-05-31": "-236.61200", "2019-02-28": "-235.83700", "2018-11-30": "-276.06600", "2018-08-31": "-235.80500", "2018-05-31": "-295.13900", "2018-02-28": "-286.38400", "2017-11-30": "-296.45100", "2017-08-31": "-254.55700", "2017-05-31": "-310.48200", "2017-02-28": "-346.31700", "2016-11-30": "-346.20300", "2016-08-31": "-307.52900", "2016-05-31": "-269.97700", "2016-02-29": "-307.84900", "2015-11-30": "-240.39500", "2015-08-31": "-249.51800", "2015-05-31": "-197.18200", "2015-02-28": "-185.58600", "2014-11-30": "-146.15100", "2014-08-31": "-128.90300", "2014-05-31": "-105.67700", "2014-02-28": "-120.34600", "2013-11-30": "-112.08700", "2013-08-31": "-120.78800", "2013-05-31": "-115.48200", "2013-02-28": "-134.90800", "2012-11-30": "-152.46200", "2012-08-31": "-152.01300", "2012-05-31": "-116.65700", "2012-02-29": "-106.13400", "2011-11-30": "-130.64400", "2011-08-31": "-119.69100", "2011-05-31": "-82.47300", "2011-02-28": "-92.33800", "2010-11-30": "-93.30900", "2010-08-31": "-106.46800", "2010-05-31": "-84.01200", "2010-02-28": "", "2009-11-30": "", "2009-08-31": "-92.03500", "2009-05-31": "", "2009-02-28": "", "2008-11-30": "", "2008-08-31": "-4.13500", "2008-05-31": "", "2008-02-29": "", "2007-11-30": "", "2007-08-31": "-9.55000", "2007-05-31": "", "2007-02-28": "", "2006-11-30": "", "2006-08-31": "-15.50000", "2006-05-31": "", "2006-02-28": "", "2005-11-30": "", "2005-08-31": "-36.58100", "2005-05-31": "", "2005-02-28": ""}, "Other Share Holders Equity": {"2020-11-30": "", "2020-08-31": "", "2020-05-31": "", "2020-02-29": "", "2019-11-30": "", "2019-08-31": "", "2019-05-31": "", "2019-02-28": "", "2018-11-30": "", "2018-08-31": "", "2018-05-31": "", "2018-02-28": "", "2017-11-30": "", "2017-08-31": "", "2017-05-31": "", "2017-02-28": "", "2016-11-30": "", "2016-08-31": "", "2016-05-31": "", "2016-02-29": "", "2015-11-30": "", "2015-08-31": "", "2015-05-31": "", "2015-02-28": "", "2014-11-30": "", "2014-08-31": "", "2014-05-31": "", "2014-02-28": "", "2013-11-30": "", "2013-08-31": "", "2013-05-31": "", "2013-02-28": "", "2012-11-30": "", "2012-08-31": "", "2012-05-31": "", "2012-02-29": "", "2011-11-30": "", "2011-08-31": "", "2011-05-31": "", "2011-02-28": "", "2010-11-30": "", "2010-08-31": "", "2010-05-31": "", "2010-02-28": "", "2009-11-30": "", "2009-08-31": "", "2009-05-31": "", "2009-02-28": "", "2008-11-30": "", "2008-08-31": "", "2008-05-31": "", "2008-02-29": "", "2007-11-30": "", "2007-08-31": "", "2007-05-31": "", "2007-02-28": "", "2006-11-30": "", "2006-08-31": "", "2006-05-31": "", "2006-02-28": "", "2005-11-30": "", "2005-08-31": "", "2005-05-31": "", "2005-02-28": ""}, "Share Holder Equity": {"2020-11-30": "-1026.98000", "2020-08-31": "-877.97700", "2020-05-31": "-1632.73600", "2020-02-29": "-1711.11900", "2019-11-30": "-1776.09000", "2019-08-31": "-1713.85100", "2019-05-31": "-1589.51300", "2019-02-28": "-1594.36200", "2018-11-30": "-1658.61600", "2018-08-31": "-1520.35500", "2018-05-31": "-1361.60300", "2018-02-28": "-1330.54700", "2017-11-30": "-1525.09900", "2017-08-31": "-1428.37700", "2017-05-31": "-1714.21400", "2017-02-28": "-1827.44000", "2016-11-30": "-1895.22500", "2016-08-31": "-1787.53800", "2016-05-31": "-1863.28200", "2016-02-29": "-1741.31300", "2015-11-30": "-1778.12100", "2015-08-31": "-1701.39000", "2015-05-31": "-1643.24500", "2015-02-28": "-1468.67900", "2014-11-30": "-1662.81000", "2014-08-31": "-1621.85700", "2014-05-31": "-1808.23000", "2014-02-28": "-1710.26200", "2013-11-30": "-1721.22000", "2013-08-31": "-1687.31900", "2013-05-31": "-1532.34200", "2013-02-28": "-1550.10900", "2012-11-30": "-1591.36900", "2012-08-31": "-1548.02500", "2012-05-31": "-1416.82900", "2012-02-29": "-1295.52400", "2011-11-30": "-1347.09900", "2011-08-31": "-1254.23200", "2011-05-31": "-1119.54100", "2011-02-28": "-1038.41200", "2010-11-30": "-817.16800", "2010-08-31": "-738.76500", "2010-05-31": "-461.95000", "2010-02-28": "-421.67100", "2009-11-30": "-483.96500", "2009-08-31": "-433.07400", "2009-05-31": "-45.11900", "2009-02-28": "-187.30200", "2008-11-30": "59.99700", "2008-08-31": "229.68700", "2008-05-31": "455.82900", "2008-02-29": "282.23300", "2007-11-30": "171.05300", "2007-08-31": "403.20000", "2007-05-31": "459.35600", "2007-02-28": "543.59000", "2006-11-30": "537.83800", "2006-08-31": "469.52800", "2006-05-31": "568.54500", "2006-02-28": "641.15800", "2005-11-30": "521.28200", "2005-08-31": "391.00700", "2005-05-31": "298.74600", "2005-02-28": "384.73100"}, "Total Liabilities And Share Holders Equity": {"2020-11-30": "14568.57000", "2020-08-31": "14423.87000", "2020-05-31": "12902.13000", "2020-02-29": "12863.75000", "2019-11-30": "12700.46000", "2019-08-31": "9895.91300", "2019-05-31": "9773.74000", "2019-02-28": "9745.09500", "2018-11-30": "9523.58100", "2018-08-31": "9346.98000", "2018-05-31": "9301.76900", "2018-02-28": "9403.71900", "2017-11-30": "9397.08400", "2017-08-31": "9259.78100", "2017-05-31": "9028.26400", "2017-02-28": "8902.63000", "2016-11-30": "8742.54400", "2016-08-31": "8599.78700", "2016-05-31": "8464.10500", "2016-02-29": "8366.41400", "2015-11-30": "8217.52800", "2015-08-31": "8102.34900", "2015-05-31": "8032.44000", "2015-02-28": "7949.96500", "2014-11-30": "7717.10100", "2014-08-31": "7497.16300", "2014-05-31": "7371.80200", "2014-02-28": "7262.89200", "2013-11-30": "7023.42300", "2013-08-31": "6892.08900", "2013-05-31": "6783.04100", "2013-02-28": "6662.18800", "2012-11-30": "6398.03900", "2012-08-31": "6265.63900", "2012-05-31": "6148.85400", "2012-02-29": "6056.46400", "2011-11-30": "5932.58000", "2011-08-31": "5869.60200", "2011-05-31": "5884.87800", "2011-02-28": "5765.60300", "2010-11-30": "5640.48900", "2010-08-31": "5571.59400", "2010-05-31": "5452.77000", "2010-02-28": "5424.99200", "2009-11-30": "5385.82300", "2009-08-31": "5318.40500", "2009-05-31": "5296.17600", "2009-02-28": "5235.08500", "2008-11-30": "5113.21400", "2008-08-31": "5257.11200", "2008-05-31": "5026.90400", "2008-02-29": "4938.39700", "2007-11-30": "4874.21700", "2007-08-31": "4804.70900", "2007-05-31": "4722.49800", "2007-02-28": "4646.50600", "2006-11-30": "4611.68500", "2006-08-31": "4526.30600", "2006-05-31": "4442.91900", "2006-02-28": "4401.85300", "2005-11-30": "4339.83100", "2005-08-31": "4245.25700", "2005-05-31": "4168.50200", "2005-02-28": "4059.43700"}}, "cash flow statement": {"Net Income/Loss": {"2020-08-31": "1732.97200", "2019-08-31": "1617.22100", "2018-08-31": "1337.53600", "2017-08-31": "1280.86900", "2016-08-31": "1241.00700", "2015-08-31": "1160.24100", "2014-08-31": "1069.74400", "2013-08-31": "1016.48000", "2012-08-31": "930.37300", "2011-08-31": "848.97400", "2010-08-31": "738.31100", "2009-08-31": "657.04900", "2008-08-31": "641.60600", "2007-08-31": "595.67200", "2006-08-31": "569.27500", "2005-08-31": "571.01900"}, "Total Depreciation And Amortization - Cash Flow": {"2020-08-31": "408.19600", "2019-08-31": "378.11900", "2018-08-31": "353.47700", "2017-08-31": "331.42000", "2016-08-31": "305.37700", "2015-08-31": "276.14900", "2014-08-31": "258.12300", "2013-08-31": "235.49000", "2012-08-31": "219.89700", "2011-08-31": "205.17100", "2010-08-31": "198.57900", "2009-08-31": "184.07700", "2008-08-31": "171.34600", "2007-08-31": "161.13000", "2006-08-31": "141.02400", "2005-08-31": "137.94000"}, "Other Non-Cash Items": {"2020-08-31": "95.91200", "2019-08-31": "71.51000", "2018-08-31": "231.24200", "2017-08-31": "95.38500", "2016-08-31": "32.12300", "2015-08-31": "76.96600", "2014-08-31": "7.78200", "2013-08-31": "57.01100", "2012-08-31": "58.92000", "2011-08-31": "71.29200", "2010-08-31": "10.09700", "2009-08-31": "65.45300", "2008-08-31": "85.86200", "2007-08-31": "43.30600", "2006-08-31": "53.67600", "2005-08-31": "3.16300"}, "Total Non-Cash Items": {"2020-08-31": "504.10800", "2019-08-31": "449.62900", "2018-08-31": "584.71900", "2017-08-31": "426.80500", "2016-08-31": "337.50000", "2015-08-31": "353.11500", "2014-08-31": "265.90500", "2013-08-31": "292.50100", "2012-08-31": "278.81700", "2011-08-31": "276.46300", "2010-08-31": "208.67600", "2009-08-31": "249.53000", "2008-08-31": "257.20800", "2007-08-31": "204.43600", "2006-08-31": "194.70000", "2005-08-31": "141.10300"}, "Change In Accounts Receivable": {"2020-08-31": "-58.56400", "2019-08-31": "-48.51200", "2018-08-31": "7.53400", "2017-08-31": "7.79500", "2016-08-31": "-41.44700", "2015-08-31": "-36.46600", "2014-08-31": "-27.96300", "2013-08-31": "-8.19600", "2012-08-31": "-21.27600", "2011-08-31": "-14.60500", "2010-08-31": "0.78200", "2009-08-31": "-56.82300", "2008-08-31": "-11.14500", "2007-08-31": "20.48700", "2006-08-31": "37.90000", "2005-08-31": "-42.48500"}, "Change In Inventories": {"2020-08-31": "-184.17400", "2019-08-31": "-394.14700", "2018-08-31": "-188.78200", "2017-08-31": "-236.80700", "2016-08-31": "-227.51800", "2015-08-31": "-266.77600", "2014-08-31": "-276.83400", "2013-08-31": "-232.84600", "2012-08-31": "-167.91400", "2011-08-31": "-155.42100", "2010-08-31": "-96.07700", "2009-08-31": "-76.33700", "2008-08-31": "-137.84100", "2007-08-31": "-160.78000", "2006-08-31": "-182.79000", "2005-08-31": "-124.56600"}, "Change In Accounts Payable": {"2020-08-31": "", "2019-08-31": "", "2018-08-31": "", "2017-08-31": "", "2016-08-31": "", "2015-08-31": "", "2014-08-31": "", "2013-08-31": "", "2012-08-31": "", "2011-08-31": "", "2010-08-31": "", "2009-08-31": "", "2008-08-31": "", "2007-08-31": "", "2006-08-31": "", "2005-08-31": ""}, "Change In Assets/Liabilities": {"2020-08-31": "104.46300", "2019-08-31": "50.63500", "2018-08-31": "26.11400", "2017-08-31": "12.99500", "2016-08-31": "10.19800", "2015-08-31": "-3.10300", "2014-08-31": "2.32900", "2013-08-31": "-4.11400", "2012-08-31": "12.86200", "2011-08-31": "-6.07300", "2010-08-31": "5.21500", "2009-08-31": "-10.62600", "2008-08-31": "9.54200", "2007-08-31": "-1.91300", "2006-08-31": "0.60800", "2005-08-31": "29.18600"}, "Total Change In Assets/Liabilities": {"2020-08-31": "483.02800", "2019-08-31": "61.66300", "2018-08-31": "158.03700", "2017-08-31": "-137.06200", "2016-08-31": "62.55300", "2015-08-31": "59.66200", "2014-08-31": "5.58500", "2013-08-31": "106.03000", "2012-08-31": "14.79100", "2011-08-31": "166.10100", "2010-08-31": "249.26500", "2009-08-31": "17.22900", "2008-08-31": "22.28600", "2007-08-31": "45.08600", "2006-08-31": "58.77200", "2005-08-31": "-64.03900"}, "Cash Flow From Operating Activities": {"2020-08-31": "2720.10800", "2019-08-31": "2128.51300", "2018-08-31": "2080.29200", "2017-08-31": "1570.61200", "2016-08-31": "1641.06000", "2015-08-31": "1573.01800", "2014-08-31": "1341.23400", "2013-08-31": "1415.01100", "2012-08-31": "1223.98100", "2011-08-31": "1291.53800", "2010-08-31": "1196.25200", "2009-08-31": "923.80800", "2008-08-31": "921.10000", "2007-08-31": "845.19400", "2006-08-31": "822.74700", "2005-08-31": "648.08300"}, "Net Change In Property, Plant, And Equipment": {"2020-08-31": "-445.97300", "2019-08-31": "-489.44800", "2018-08-31": "-522.24700", "2017-08-31": "-550.88100", "2016-08-31": "-486.13700", "2015-08-31": "-478.83800", "2014-08-31": "-433.91600", "2013-08-31": "-404.68600", "2012-08-31": "-371.48100", "2011-08-31": "-318.30300", "2010-08-31": "-303.91100", "2009-08-31": "-261.58400", "2008-08-31": "-239.58000", "2007-08-31": "-221.02100", "2006-08-31": "-253.73500", "2005-08-31": "-279.68100"}, "Net Change In Intangible Assets": {"2020-08-31": "", "2019-08-31": "", "2018-08-31": "", "2017-08-31": "", "2016-08-31": "-10.00000", "2015-08-31": "-10.00000", "2014-08-31": "-11.11200", "2013-08-31": "0.00000", "2012-08-31": "0.00000", "2011-08-31": "", "2010-08-31": "", "2009-08-31": "", "2008-08-31": "", "2007-08-31": "", "2006-08-31": "", "2005-08-31": ""}, "Net Acquisitions/Divestitures": {"2020-08-31": "", "2019-08-31": "", "2018-08-31": "35.27900", "2017-08-31": "", "2016-08-31": "", "2015-08-31": "-75.74400", "2014-08-31": "", "2013-08-31": "-116.08400", "2012-08-31": "", "2011-08-31": "", "2010-08-31": "", "2009-08-31": "", "2008-08-31": "", "2007-08-31": "", "2006-08-31": "", "2005-08-31": "-3.09000"}, "Net Change In Short-term Investments": {"2020-08-31": "-6.71200", "2019-08-31": "-2.39800", "2018-08-31": "-34.89200", "2017-08-31": "-2.71800", "2016-08-31": "-9.69800", "2015-08-31": "-3.32900", "2014-08-31": "-2.94000", "2013-08-31": "-6.52500", "2012-08-31": "-3.28000", "2011-08-31": "-0.69100", "2010-08-31": "-3.53600", "2009-08-31": "-2.13800", "2008-08-31": "-3.57000", "2007-08-31": "-7.69400", "2006-08-31": "-14.58800", "2005-08-31": ""}, "Net Change In Long-Term Investments": {"2020-08-31": "-45.19000", "2019-08-31": "", "2018-08-31": "", "2017-08-31": "", "2016-08-31": "", "2015-08-31": "", "2014-08-31": "", "2013-08-31": "", "2012-08-31": "", "2011-08-31": "", "2010-08-31": "", "2009-08-31": "", "2008-08-31": "", "2007-08-31": "", "2006-08-31": "", "2005-08-31": ""}, "Net Change In Investments - Total": {"2020-08-31": "-51.90200", "2019-08-31": "-2.39800", "2018-08-31": "-34.89200", "2017-08-31": "-2.71800", "2016-08-31": "-9.69800", "2015-08-31": "-3.32900", "2014-08-31": "-2.94000", "2013-08-31": "-6.52500", "2012-08-31": "-3.28000", "2011-08-31": "-0.69100", "2010-08-31": "-3.53600", "2009-08-31": "-2.13800", "2008-08-31": "-3.57000", "2007-08-31": "-7.69400", "2006-08-31": "-14.58800", "2005-08-31": ""}, "Investing Activities - Other": {"2020-08-31": "", "2019-08-31": "", "2018-08-31": "", "2017-08-31": "", "2016-08-31": "", "2015-08-31": "", "2014-08-31": "", "2013-08-31": "", "2012-08-31": "", "2011-08-31": "", "2010-08-31": "", "2009-08-31": "", "2008-08-31": "", "2007-08-31": "", "2006-08-31": "", "2005-08-31": ""}, "Cash Flow From Investing Activities": {"2020-08-31": "-497.87500", "2019-08-31": "-491.84600", "2018-08-31": "-521.86000", "2017-08-31": "-553.59900", "2016-08-31": "-505.83500", "2015-08-31": "-567.91100", "2014-08-31": "-447.96800", "2013-08-31": "-527.29500", "2012-08-31": "-374.76100", "2011-08-31": "-318.99400", "2010-08-31": "-307.44700", "2009-08-31": "-263.72200", "2008-08-31": "-243.15000", "2007-08-31": "-228.71500", "2006-08-31": "-268.32300", "2005-08-31": "-282.77100"}, "Net Long-Term Debt": {"2020-08-31": "1297.84200", "2019-08-31": "446.69300", "2018-08-31": "-299.00400", "2017-08-31": "152.39600", "2016-08-31": "113.68000", "2015-08-31": "268.81400", "2014-08-31": "124.14400", "2013-08-31": "272.45500", "2012-08-31": "473.25000", "2011-08-31": "277.91900", "2010-08-31": "-16.59700", "2009-08-31": "182.26000", "2008-08-31": "504.29300", "2007-08-31": "-17.19900", "2006-08-31": "47.30000", "2005-08-31": "-4.70000"}, "Net Current Debt": {"2020-08-31": "-1030.00000", "2019-08-31": "-295.30000", "2018-08-31": "170.20000", "2017-08-31": "-42.40000", "2016-08-31": "149.90000", "2015-08-31": "", "2014-08-31": "", "2013-08-31": "118.65200", "2012-08-31": "-81.27100", "2011-08-31": "141.50100", "2010-08-31": "181.58600", "2009-08-31": "277.60000", "2008-08-31": "-206.70000", "2007-08-31": "84.30000", "2006-08-31": "38.25300", "2005-08-31": ""}, "Debt Issuance/Retirement Net - Total": {"2020-08-31": "267.84200", "2019-08-31": "151.39300", "2018-08-31": "-128.80400", "2017-08-31": "109.99600", "2016-08-31": "263.58000", "2015-08-31": "268.81400", "2014-08-31": "124.14400", "2013-08-31": "391.10700", "2012-08-31": "391.97900", "2011-08-31": "419.42000", "2010-08-31": "164.98900", "2009-08-31": "459.86000", "2008-08-31": "297.59300", "2007-08-31": "67.10100", "2006-08-31": "85.55300", "2005-08-31": "-4.70000"}, "Net Common Equity Issued/Repurchased": {"2020-08-31": "-862.51100", "2019-08-31": "-1816.07700", "2018-08-31": "-1502.29800", "2017-08-31": "-1016.96300", "2016-08-31": "-1372.17300", "2015-08-31": "-1204.69900", "2014-08-31": "-1057.17800", "2013-08-31": "-1290.16100", "2012-08-31": "-1287.52600", "2011-08-31": "-1410.95600", "2010-08-31": "-1070.73300", "2009-08-31": "-1260.14700", "2008-08-31": "-822.13100", "2007-08-31": "-702.93500", "2006-08-31": "-630.05900", "2005-08-31": "-362.30500"}, "Net Total Equity Issued/Repurchased": {"2020-08-31": "-862.51100", "2019-08-31": "-1816.07700", "2018-08-31": "-1502.29800", "2017-08-31": "-1016.96300", "2016-08-31": "-1372.17300", "2015-08-31": "-1204.69900", "2014-08-31": "-1057.17800", "2013-08-31": "-1290.16100", "2012-08-31": "-1287.52600", "2011-08-31": "-1410.95600", "2010-08-31": "-1070.73300", "2009-08-31": "-1260.14700", "2008-08-31": "-822.13100", "2007-08-31": "-702.93500", "2006-08-31": "-630.05900", "2005-08-31": "-362.30500"}, "Total Common And Preferred Stock Dividends Paid": {"2020-08-31": "", "2019-08-31": "", "2018-08-31": "", "2017-08-31": "", "2016-08-31": "", "2015-08-31": "", "2014-08-31": "", "2013-08-31": "", "2012-08-31": "", "2011-08-31": "", "2010-08-31": "", "2009-08-31": "", "2008-08-31": "", "2007-08-31": "", "2006-08-31": "", "2005-08-31": ""}, "Financial Activities - Other": {"2020-08-31": "-48.96700", "2019-08-31": "-9.40400", "2018-08-31": "-1.05200", "2017-08-31": "-7.36200", "2016-08-31": "-7.93500", "2015-08-31": "-8.71200", "2014-08-31": "21.47700", "2013-08-31": "52.03200", "2012-08-31": "52.11400", "2011-08-31": "17.76500", "2010-08-31": "22.25100", "2009-08-31": "-6.60900", "2008-08-31": "1.85600", "2007-08-31": "14.45100", "2006-08-31": "6.83000", "2005-08-31": "-0.34900"}, "Cash Flow From Financial Activities": {"2020-08-31": "-643.63600", "2019-08-31": "-1674.08800", "2018-08-31": "-1632.15400", "2017-08-31": "-914.32900", "2016-08-31": "-1116.52800", "2015-08-31": "-944.59700", "2014-08-31": "-911.55700", "2013-08-31": "-847.02200", "2012-08-31": "-843.43300", "2011-08-31": "-973.77100", "2010-08-31": "-883.49300", "2009-08-31": "-806.89600", "2008-08-31": "-522.68200", "2007-08-31": "-621.38300", "2006-08-31": "-537.67600", "2005-08-31": "-367.35400"}, "Net Cash Flow": {"2020-08-31": "1574.51500", "2019-08-31": "-41.52400", "2018-08-31": "-75.44600", "2017-08-31": "103.53600", "2016-08-31": "14.42500", "2015-08-31": "50.82400", "2014-08-31": "-17.70600", "2013-08-31": "39.09800", "2012-08-31": "5.48700", "2011-08-31": "-0.67400", "2010-08-31": "5.57400", "2009-08-31": "-149.75500", "2008-08-31": "155.80700", "2007-08-31": "-4.90400", "2006-08-31": "16.74800", "2005-08-31": "-2.04200"}, "Stock-Based Compensation": {"2020-08-31": "44.83500", "2019-08-31": "43.25500", "2018-08-31": "43.67400", "2017-08-31": "38.24400", "2016-08-31": "39.82500", "2015-08-31": "40.99500", "2014-08-31": "39.39000", "2013-08-31": "37.30700", "2012-08-31": "33.36300", "2011-08-31": "26.62500", "2010-08-31": "19.12000", "2009-08-31": "19.13500", "2008-08-31": "18.38800", "2007-08-31": "18.46200", "2006-08-31": "17.37000", "2005-08-31": ""}, "Common Stock Dividends Paid": {"2020-08-31": "", "2019-08-31": "", "2018-08-31": "", "2017-08-31": "", "2016-08-31": "", "2015-08-31": "", "2014-08-31": "", "2013-08-31": "", "2012-08-31": "", "2011-08-31": "", "2010-08-31": "", "2009-08-31": "", "2008-08-31": "", "2007-08-31": "", "2006-08-31": "", "2005-08-31": ""}}, "cash flow statement, quarterly": {"Net Income/Loss": {"2020-11-30": "442.43300", "2020-08-31": 740.457, "2020-05-31": 342.895, "2020-02-29": 299.282, "2019-11-30": "350.33800", "2019-08-31": 565.229, "2019-05-31": 405.948, "2019-02-28": 294.638, "2018-11-30": "351.40600", "2018-08-31": 400.282, "2018-05-31": 366.721, "2018-02-28": 289.53, "2017-11-30": "281.00300", "2017-08-31": 433.9, "2017-05-31": 331.699, "2017-02-28": 237.145, "2016-11-30": "278.12500", "2016-08-31": 426.768, "2016-05-31": 327.514, "2016-02-29": 228.613, "2015-11-30": "258.11200", "2015-08-31": 401.137, "2015-05-31": 309.071, "2015-02-28": 211.723, "2014-11-30": "238.31000", "2014-08-31": 373.67, "2014-05-31": 285.157, "2014-02-28": 192.83, "2013-11-30": "218.08700", "2013-08-31": 371.199, "2013-05-31": 265.583, "2013-02-28": 176.246, "2012-11-30": "203.45200", "2012-08-31": 323.732, "2012-05-31": 248.586, "2012-02-29": 166.93, "2011-11-30": "191.12500", "2011-08-31": 301.469, "2011-05-31": 227.374, "2011-02-28": 148.055, "2010-11-30": "172.07600", "2010-08-31": 268.933, "2010-05-31": 202.745, "2010-02-28": 123.333, "2009-11-30": "143.30000", "2009-08-31": 236.126, "2009-05-31": 173.688, "2009-02-28": 115.864, "2008-11-30": "131.37100", "2008-08-31": 243.746, "2008-05-31": 158.639, "2008-02-29": 106.705, "2007-11-30": "132.51600", "2007-08-31": 217.175, "2007-05-31": 151.592, "2007-02-28": 103.016, "2006-11-30": "123.88900", "2006-08-31": 213.452, "2006-05-31": 144.427, "2006-02-28": 97.022, "2005-11-30": "114.37400", "2005-08-31": 206.615, "2005-05-31": 147.788, "2005-02-28": 216.616}, "Total Depreciation And Amortization - Cash Flow": {"2020-11-30": "92.70100", "2020-08-31": 129.509, "2020-05-31": 94.051, "2020-02-29": 92.691, "2019-11-30": "91.94500", "2019-08-31": 121.495, "2019-05-31": 86.726, "2019-02-28": 85.582, "2018-11-30": "84.31600", "2018-08-31": 110.528, "2018-05-31": 81.685, "2018-02-28": 81.279, "2017-11-30": "79.98500", "2017-08-31": 105.63, "2017-05-31": 77.197, "2017-02-28": 74.831, "2016-11-30": "73.76200", "2016-08-31": 96.505, "2016-05-31": 70.398, "2016-02-29": 70.465, "2015-11-30": "68.00900", "2015-08-31": 88.664, "2015-05-31": 63.655, "2015-02-28": 61.264, "2014-11-30": "62.56600", "2014-08-31": 80.942, "2014-05-31": 59.769, "2014-02-28": 59.929, "2013-11-30": "57.48300", "2013-08-31": 73.701, "2013-05-31": 54.84, "2013-02-28": 54.308, "2012-11-30": "52.64100", "2012-08-31": 69.294, "2012-05-31": 50.86, "2012-02-29": 49.358, "2011-11-30": "50.38500", "2011-08-31": 65.764, "2011-05-31": 47.092, "2011-02-28": 46.299, "2010-11-30": "46.01600", "2010-08-31": 64.156, "2010-05-31": 44.325, "2010-02-28": 46.043, "2009-11-30": "44.05500", "2009-08-31": 58.943, "2009-05-31": 41.93, "2009-02-28": 42.431, "2008-11-30": "40.77300", "2008-08-31": 53.414, "2008-05-31": 38.555, "2008-02-29": 39.27, "2007-11-30": "40.10700", "2007-08-31": 51.32, "2007-05-31": 37.341, "2007-02-28": 36.506, "2006-11-30": "35.96300", "2006-08-31": 45.377, "2006-05-31": 32.607, "2006-02-28": 31.862, "2005-11-30": "31.17800", "2005-08-31": 39.442, "2005-05-31": 25.963, "2005-02-28": 72.535}, "Other Non-Cash Items": {"2020-11-30": "20.80300", "2020-08-31": 39.38, "2020-05-31": 23.271, "2020-02-29": 21.325, "2019-11-30": "11.93600", "2019-08-31": 22.87, "2019-05-31": 19.871, "2019-02-28": 10.822, "2018-11-30": "17.94700", "2018-08-31": 144.493, "2018-05-31": 20.436, "2018-02-28": 46.671, "2017-11-30": "19.64200", "2017-08-31": 58.233, "2017-05-31": 13.664, "2017-02-28": 6.82, "2016-11-30": "16.66800", "2016-08-31": 5.671, "2016-05-31": -2.188, "2016-02-29": 18.52, "2015-11-30": "10.12000", "2015-08-31": 52.709, "2015-05-31": 13.088, "2015-02-28": 3.319, "2014-11-30": "7.85000", "2014-08-31": 0.031, "2014-05-31": 7.874, "2014-02-28": -11.353, "2013-11-30": "11.23000", "2013-08-31": 47.675, "2013-05-31": 5.631, "2013-02-28": -1.971, "2012-11-30": "5.67600", "2012-08-31": 31.635, "2012-05-31": 6.284, "2012-02-29": 7.198, "2011-11-30": "13.80300", "2011-08-31": 62.581, "2011-05-31": -1.453, "2011-02-28": -0.361, "2010-11-30": "10.52500", "2010-08-31": 1.398, "2010-05-31": 1.977, "2010-02-28": -2.228, "2009-11-30": "8.95000", "2009-08-31": 31.857, "2009-05-31": 12.565, "2009-02-28": 15.073, "2008-11-30": "5.95800", "2008-08-31": 53.726, "2008-05-31": 17.874, "2008-02-29": 10.459, "2007-11-30": "3.80300", "2007-08-31": 32.874, "2007-05-31": 1.89, "2007-02-28": 5.042, "2006-11-30": "3.50000", "2006-08-31": 50.22, "2006-05-31": 2.294, "2006-02-28": 0.081, "2005-11-30": "1.08100", "2005-08-31": 22.262, "2005-05-31": -14.329, "2005-02-28": -4.77}, "Total Non-Cash Items": {"2020-11-30": "113.50400", "2020-08-31": 168.889, "2020-05-31": 117.322, "2020-02-29": 114.016, "2019-11-30": "103.88100", "2019-08-31": 144.365, "2019-05-31": 106.597, "2019-02-28": 96.404, "2018-11-30": "102.26300", "2018-08-31": 255.021, "2018-05-31": 102.121, "2018-02-28": 127.95, "2017-11-30": "99.62700", "2017-08-31": 163.863, "2017-05-31": 90.861, "2017-02-28": 81.651, "2016-11-30": "90.43000", "2016-08-31": 102.176, "2016-05-31": 68.21, "2016-02-29": 88.985, "2015-11-30": "78.12900", "2015-08-31": 141.373, "2015-05-31": 76.743, "2015-02-28": 64.583, "2014-11-30": "70.41600", "2014-08-31": 80.973, "2014-05-31": 67.643, "2014-02-28": 48.576, "2013-11-30": "68.71300", "2013-08-31": 121.376, "2013-05-31": 60.471, "2013-02-28": 52.337, "2012-11-30": "58.31700", "2012-08-31": 100.929, "2012-05-31": 57.144, "2012-02-29": 56.556, "2011-11-30": "64.18800", "2011-08-31": 128.345, "2011-05-31": 45.639, "2011-02-28": 45.938, "2010-11-30": "56.54100", "2010-08-31": 65.554, "2010-05-31": 46.302, "2010-02-28": 43.815, "2009-11-30": "53.00500", "2009-08-31": 90.8, "2009-05-31": 54.495, "2009-02-28": 57.504, "2008-11-30": "46.73100", "2008-08-31": 107.14, "2008-05-31": 56.429, "2008-02-29": 49.729, "2007-11-30": "43.91000", "2007-08-31": 84.194, "2007-05-31": 39.231, "2007-02-28": 41.548, "2006-11-30": "39.46300", "2006-08-31": 95.597, "2006-05-31": 34.901, "2006-02-28": 31.943, "2005-11-30": "32.25900", "2005-08-31": 61.704, "2005-05-31": 11.634, "2005-02-28": 67.765}, "Change In Accounts Receivable": {"2020-11-30": "17.49100", "2020-08-31": -95.407, "2020-05-31": 65.74, "2020-02-29": -5.651, "2019-11-30": "-23.24600", "2019-08-31": -26.896, "2019-05-31": 16.722, "2019-02-28": -22, "2018-11-30": "-16.33800", "2018-08-31": 3.28, "2018-05-31": 7.393, "2018-02-28": -9.81, "2017-11-30": "6.67100", "2017-08-31": -3.04, "2017-05-31": -27.862, "2017-02-28": 23.762, "2016-11-30": "14.93500", "2016-08-31": 6.062, "2016-05-31": 2.578, "2016-02-29": -50.175, "2015-11-30": "0.08800", "2015-08-31": -41.861, "2015-05-31": -15.982, "2015-02-28": -2.131, "2014-11-30": "23.50800", "2014-08-31": -10.206, "2014-05-31": 0.676, "2014-02-28": -17.192, "2013-11-30": "-1.24100", "2013-08-31": -17.347, "2013-05-31": 4.782, "2013-02-28": 16.731, "2012-11-30": "-12.36200", "2012-08-31": -27.832, "2012-05-31": 10.352, "2012-02-29": -8.652, "2011-11-30": "4.85600", "2011-08-31": -4.733, "2011-05-31": 4.031, "2011-02-28": -23.525, "2010-11-30": "9.62200", "2010-08-31": -4.525, "2010-05-31": 26.156, "2010-02-28": -4.705, "2009-11-30": "-16.14400", "2009-08-31": 13.514, "2009-05-31": -14.736, "2009-02-28": -58.655, "2008-11-30": "3.05400", "2008-08-31": 3.944, "2008-05-31": -9.695, "2008-02-29": -11.37, "2007-11-30": "5.97600", "2007-08-31": -7.134, "2007-05-31": 7.173, "2007-02-28": 13.917, "2006-11-30": "6.53100", "2006-08-31": 22.237, "2006-05-31": 21.667, "2006-02-28": -10.506, "2005-11-30": "4.50200", "2005-08-31": 2.719, "2005-05-31": -13.487, "2005-02-28": -31.717}, "Change In Inventories": {"2020-11-30": "-124.74600", "2020-08-31": -8.89, "2020-05-31": 86.95, "2020-02-29": -129.028, "2019-11-30": "-133.20600", "2019-08-31": -9.264, "2019-05-31": -20.491, "2019-02-28": -196.938, "2018-11-30": "-167.45400", "2018-08-31": 66.33, "2018-05-31": 14.098, "2018-02-28": -117.814, "2017-11-30": "-151.39600", "2017-08-31": -3.179, "2017-05-31": 57.293, "2017-02-28": -130.003, "2016-11-30": "-160.91800", "2016-08-31": -41.786, "2016-05-31": 7.644, "2016-02-29": -102.956, "2015-11-30": "-90.42000", "2015-08-31": 27.554, "2015-05-31": -16.476, "2015-02-28": -193.356, "2014-11-30": "-84.49800", "2014-08-31": -9.033, "2014-05-31": -39.137, "2014-02-28": -145.035, "2013-11-30": "-83.62900", "2013-08-31": -77.787, "2013-05-31": -31.882, "2013-02-28": -48.369, "2012-11-30": "-74.80800", "2012-08-31": 1.664, "2012-05-31": -56.128, "2012-02-29": -38.328, "2011-11-30": "-75.12200", "2011-08-31": 18.717, "2011-05-31": -69.368, "2011-02-28": -55.467, "2010-11-30": "-49.30300", "2010-08-31": -16.9, "2010-05-31": -26.617, "2010-02-28": 1.858, "2009-11-30": "-54.41800", "2009-08-31": 31.71, "2009-05-31": -50.026, "2009-02-28": -4.193, "2008-11-30": "-53.82800", "2008-08-31": -38.798, "2008-05-31": -37.99, "2008-02-29": -16.959, "2007-11-30": "-44.09400", "2007-08-31": -28.192, "2007-05-31": -68.389, "2007-02-28": -27.501, "2006-11-30": "-36.69800", "2006-08-31": -93.963, "2006-05-31": -30.006, "2006-02-28": -41.666, "2005-11-30": "-17.15500", "2005-08-31": -26.728, "2005-05-31": -58.388, "2005-02-28": -39.45}, "Change In Accounts Payable": {"2020-11-30": "", "2020-08-31": 0, "2020-05-31": 0, "2020-02-29": 0, "2019-11-30": "", "2019-08-31": 0, "2019-05-31": 0, "2019-02-28": 0, "2018-11-30": "", "2018-08-31": 0, "2018-05-31": 0, "2018-02-28": 0, "2017-11-30": "", "2017-08-31": 0, "2017-05-31": 0, "2017-02-28": 0, "2016-11-30": "", "2016-08-31": 0, "2016-05-31": 0, "2016-02-29": 0, "2015-11-30": "", "2015-08-31": 0, "2015-05-31": 0, "2015-02-28": 0, "2014-11-30": "", "2014-08-31": 0, "2014-05-31": 0, "2014-02-28": 0, "2013-11-30": "", "2013-08-31": 0, "2013-05-31": 0, "2013-02-28": 0, "2012-11-30": "", "2012-08-31": 0, "2012-05-31": 0, "2012-02-29": 0, "2011-11-30": "", "2011-08-31": 0, "2011-05-31": 0, "2011-02-28": 0, "2010-11-30": "", "2010-08-31": 0, "2010-05-31": 0, "2010-02-28": 0, "2009-11-30": "", "2009-08-31": 0, "2009-05-31": 0, "2009-02-28": 0, "2008-11-30": "", "2008-08-31": 0, "2008-05-31": 0, "2008-02-29": 0, "2007-11-30": "", "2007-08-31": 0, "2007-05-31": 0, "2007-02-28": 0, "2006-11-30": "", "2006-08-31": 0, "2006-05-31": 0, "2006-02-28": 0, "2005-11-30": "", "2005-08-31": 0, "2005-05-31": 0, "2005-02-28": 0}, "Change In Assets/Liabilities": {"2020-11-30": "98.97800", "2020-08-31": 23.889, "2020-05-31": 23.011, "2020-02-29": 25.888, "2019-11-30": "31.67500", "2019-08-31": -15.029, "2019-05-31": -20.754, "2019-02-28": 38.649, "2018-11-30": "47.76900", "2018-08-31": -22.293, "2018-05-31": 26.76, "2018-02-28": 0.836, "2017-11-30": "20.81100", "2017-08-31": -0.627, "2017-05-31": -7.647, "2017-02-28": 10.224, "2016-11-30": "11.04500", "2016-08-31": -8.251, "2016-05-31": 3.788, "2016-02-29": 7.863, "2015-11-30": "6.79800", "2015-08-31": -12.853, "2015-05-31": 16.844, "2015-02-28": 7.55, "2014-11-30": "-14.64400", "2014-08-31": -8.556, "2014-05-31": 6.653, "2014-02-28": 18.466, "2013-11-30": "-14.23400", "2013-08-31": -27.157, "2013-05-31": 4.991, "2013-02-28": 9.996, "2012-11-30": "8.05600", "2012-08-31": -6.214, "2012-05-31": 5.228, "2012-02-29": 3.652, "2011-11-30": "10.19600", "2011-08-31": -24.399, "2011-05-31": 6.777, "2011-02-28": 2.028, "2010-11-30": "9.52100", "2010-08-31": -19.799, "2010-05-31": 15.586, "2010-02-28": -2.683, "2009-11-30": "12.11100", "2009-08-31": -12.742, "2009-05-31": 3.03, "2009-02-28": -5.101, "2008-11-30": "4.18700", "2008-08-31": 1.365, "2008-05-31": -0.108, "2008-02-29": 5.4, "2007-11-30": "2.88500", "2007-08-31": 10.429, "2007-05-31": -3.364, "2007-02-28": -3.793, "2006-11-30": "-5.18500", "2006-08-31": -3.924, "2006-05-31": 0.729, "2006-02-28": 45.871, "2005-11-30": "-42.06800", "2005-08-31": 15.558, "2005-05-31": 20.309, "2005-02-28": -6.681}, "Total Change In Assets/Liabilities": {"2020-11-30": "127.55400", "2020-08-31": 507.654, "2020-05-31": 191.247, "2020-02-29": -208.756, "2019-11-30": "-7.11700", "2019-08-31": 132.284, "2019-05-31": -42.979, "2019-02-28": -23.155, "2018-11-30": "-4.48700", "2018-08-31": 168.633, "2018-05-31": 35.171, "2018-02-28": -230.154, "2017-11-30": "184.38700", "2017-08-31": -36.381, "2017-05-31": 22.772, "2017-02-28": -161.398, "2016-11-30": "37.94500", "2016-08-31": 16.887, "2016-05-31": 137.088, "2016-02-29": -102.184, "2015-11-30": "10.76200", "2015-08-31": 31.396, "2015-05-31": 136.76, "2015-02-28": -174.996, "2014-11-30": "66.50200", "2014-08-31": -84.527, "2014-05-31": 110.346, "2014-02-28": -90.777, "2013-11-30": "70.54300", "2013-08-31": 26.572, "2013-05-31": 58.967, "2013-02-28": -35.993, "2012-11-30": "56.48400", "2012-08-31": 0.713, "2012-05-31": 31.663, "2012-02-29": -104.566, "2011-11-30": "86.98100", "2011-08-31": -35.169, "2011-05-31": 182.771, "2011-02-28": -110.237, "2010-11-30": "128.73600", "2010-08-31": 120.758, "2010-05-31": 143.052, "2010-02-28": -49.121, "2009-11-30": "34.57600", "2009-08-31": 61.862, "2009-05-31": 158.543, "2009-02-28": -165.858, "2008-11-30": "-37.31800", "2008-08-31": 68.747, "2008-05-31": -10.58, "2008-02-29": -30.5, "2007-11-30": "-5.38100", "2007-08-31": 59.673, "2007-05-31": 12.868, "2007-02-28": 23.934, "2006-11-30": "-51.38900", "2006-08-31": 77.407, "2006-05-31": 57.815, "2006-02-28": -57.48, "2005-11-30": "-18.97000", "2005-08-31": -23.747, "2005-05-31": 142.923, "2005-02-28": -183.215}, "Cash Flow From Operating Activities": {"2020-11-30": "683.49100", "2020-08-31": 1417, "2020-05-31": 651.464, "2020-02-29": 204.542, "2019-11-30": "447.10200", "2019-08-31": 841.878, "2019-05-31": 469.566, "2019-02-28": 367.887, "2018-11-30": "449.18200", "2018-08-31": 823.936, "2018-05-31": 504.013, "2018-02-28": 187.326, "2017-11-30": "565.01700", "2017-08-31": 561.382, "2017-05-31": 445.332, "2017-02-28": 157.398, "2016-11-30": "406.50000", "2016-08-31": 545.831, "2016-05-31": 532.812, "2016-02-29": 215.414, "2015-11-30": "347.00300", "2015-08-31": 573.906, "2015-05-31": 522.574, "2015-02-28": 101.31, "2014-11-30": "375.22800", "2014-08-31": 370.116, "2014-05-31": 463.146, "2014-02-28": 150.629, "2013-11-30": "357.34300", "2013-08-31": 519.147, "2013-05-31": 385.021, "2013-02-28": 192.59, "2012-11-30": "318.25300", "2012-08-31": 425.374, "2012-05-31": 337.393, "2012-02-29": 118.92, "2011-11-30": "342.29400", "2011-08-31": 394.645, "2011-05-31": 455.784, "2011-02-28": 83.756, "2010-11-30": "357.35300", "2010-08-31": 455.245, "2010-05-31": 392.099, "2010-02-28": 118.027, "2009-11-30": "230.88100", "2009-08-31": 388.788, "2009-05-31": 386.726, "2009-02-28": 7.51, "2008-11-30": "140.78400", "2008-08-31": 419.633, "2008-05-31": 204.488, "2008-02-29": 125.934, "2007-11-30": "171.04500", "2007-08-31": 361.042, "2007-05-31": 203.691, "2007-02-28": 168.498, "2006-11-30": "111.96300", "2006-08-31": 386.456, "2006-05-31": 237.143, "2006-02-28": 71.485, "2005-11-30": "127.66300", "2005-08-31": 244.572, "2005-05-31": 302.345, "2005-02-28": 101.166}, "Net Change In Property, Plant, And Equipment": {"2020-11-30": "-115.40400", "2020-08-31": -173.885, "2020-05-31": -82.71, "2020-02-29": -88.35, "2019-11-30": "-101.02800", "2019-08-31": -181.959, "2019-05-31": -117.809, "2019-02-28": -92.145, "2018-11-30": "-97.53500", "2018-08-31": -230.265, "2018-05-31": -79.101, "2018-02-28": -102.957, "2017-11-30": "-109.92400", "2017-08-31": -194.015, "2017-05-31": -141.477, "2017-02-28": -117.829, "2016-11-30": "-97.56000", "2016-08-31": -189.211, "2016-05-31": -111.499, "2016-02-29": -98.997, "2015-11-30": "-86.43000", "2015-08-31": -182.946, "2015-05-31": -112.268, "2015-02-28": -91.175, "2014-11-30": "-92.44900", "2014-08-31": -173.663, "2014-05-31": -99.421, "2014-02-28": -77.53, "2013-11-30": "-83.30200", "2013-08-31": -153.181, "2013-05-31": -82.8, "2013-02-28": -88.737, "2012-11-30": "-79.96800", "2012-08-31": -149.074, "2012-05-31": -95.78, "2012-02-29": -65.76, "2011-11-30": "-60.86700", "2011-08-31": -120.018, "2011-05-31": -92.086, "2011-02-28": -60.914, "2010-11-30": "-45.28500", "2010-08-31": -130.297, "2010-05-31": -66.717, "2010-02-28": -55.077, "2009-11-30": "-51.82000", "2009-08-31": -110.053, "2009-05-31": -60.31, "2009-02-28": -44.62, "2008-11-30": "-46.60100", "2008-08-31": -86.747, "2008-05-31": -58.215, "2008-02-29": -50.123, "2007-11-30": "-44.49500", "2007-08-31": -65.361, "2007-05-31": -53.536, "2007-02-28": -50.208, "2006-11-30": "-51.91600", "2006-08-31": -74.023, "2006-05-31": -64.763, "2006-02-28": -57.06, "2005-11-30": "-57.88900", "2005-08-31": -96.421, "2005-05-31": -66.524, "2005-02-28": -116.736}, "Net Change In Intangible Assets": {"2020-11-30": "", "2020-08-31": 0, "2020-05-31": 0, "2020-02-29": 0, "2019-11-30": "", "2019-08-31": 0, "2019-05-31": 0, "2019-02-28": 0, "2018-11-30": "", "2018-08-31": 0, "2018-05-31": 0, "2018-02-28": 0, "2017-11-30": "", "2017-08-31": 0, "2017-05-31": 0, "2017-02-28": 0, "2016-11-30": "", "2016-08-31": 0, "2016-05-31": 0, "2016-02-29": 0, "2015-11-30": "-10.00000", "2015-08-31": 0, "2015-05-31": 0, "2015-02-28": 0, "2014-11-30": "-10.00000", "2014-08-31": 0, "2014-05-31": 0, "2014-02-28": -11.112, "2013-11-30": "0.00000", "2013-08-31": 0, "2013-05-31": 0, "2013-02-28": 0, "2012-11-30": "", "2012-08-31": 0, "2012-05-31": 0, "2012-02-29": 0, "2011-11-30": "", "2011-08-31": 0, "2011-05-31": 0, "2011-02-28": 0, "2010-11-30": "", "2010-08-31": 0, "2010-05-31": 0, "2010-02-28": 0, "2009-11-30": "", "2009-08-31": 0, "2009-05-31": 0, "2009-02-28": 0, "2008-11-30": "", "2008-08-31": 0, "2008-05-31": 0, "2008-02-29": 0, "2007-11-30": "", "2007-08-31": 0, "2007-05-31": 0, "2007-02-28": 0, "2006-11-30": "", "2006-08-31": 0, "2006-05-31": 0, "2006-02-28": 0, "2005-11-30": "", "2005-08-31": 0, "2005-05-31": 0, "2005-02-28": 0}, "Net Acquisitions/Divestitures": {"2020-11-30": "", "2020-08-31": 0, "2020-05-31": 0, "2020-02-29": 0, "2019-11-30": "", "2019-08-31": 0, "2019-05-31": 0, "2019-02-28": 0, "2018-11-30": "", "2018-08-31": 35.279, "2018-05-31": 0, "2018-02-28": 0, "2017-11-30": "", "2017-08-31": 0, "2017-05-31": 0, "2017-02-28": 0, "2016-11-30": "", "2016-08-31": 0, "2016-05-31": 0, "2016-02-29": 0, "2015-11-30": "", "2015-08-31": 0, "2015-05-31": 0, "2015-02-28": 0, "2014-11-30": "-75.74400", "2014-08-31": 0, "2014-05-31": 0, "2014-02-28": 0, "2013-11-30": "", "2013-08-31": 0, "2013-05-31": -1.084, "2013-02-28": -115, "2012-11-30": "", "2012-08-31": 0, "2012-05-31": 0, "2012-02-29": 0, "2011-11-30": "", "2011-08-31": 0, "2011-05-31": 0, "2011-02-28": 0, "2010-11-30": "", "2010-08-31": 0, "2010-05-31": 0, "2010-02-28": 0, "2009-11-30": "", "2009-08-31": 0, "2009-05-31": 0, "2009-02-28": 0, "2008-11-30": "", "2008-08-31": 0, "2008-05-31": 0, "2008-02-29": 0, "2007-11-30": "", "2007-08-31": 0, "2007-05-31": 0, "2007-02-28": 0, "2006-11-30": "", "2006-08-31": 0, "2006-05-31": 0, "2006-02-28": 0, "2005-11-30": "", "2005-08-31": 0.026, "2005-05-31": 0.044, "2005-02-28": -3.16}, "Net Change In Short-term Investments": {"2020-11-30": "5.22500", "2020-08-31": -30.877, "2020-05-31": 9.7, "2020-02-29": 4.148, "2019-11-30": "10.31700", "2019-08-31": -24.595, "2019-05-31": 8.72, "2019-02-28": 7.841, "2018-11-30": "5.63600", "2018-08-31": -24.214, "2018-05-31": 7.048, "2018-02-28": 7.003, "2017-11-30": "-24.72900", "2017-08-31": -0.351, "2017-05-31": -15.042, "2017-02-28": 14.766, "2016-11-30": "-2.09100", "2016-08-31": -0.32, "2016-05-31": -4.159, "2016-02-29": -0.556, "2015-11-30": "-4.66300", "2015-08-31": -0.241, "2015-05-31": -1.004, "2015-02-28": 0.53, "2014-11-30": "-2.61400", "2014-08-31": 0.663, "2014-05-31": -1.752, "2014-02-28": -1.583, "2013-11-30": "-0.26800", "2013-08-31": -0.007, "2013-05-31": -0.442, "2013-02-28": -0.453, "2012-11-30": "-5.62300", "2012-08-31": 0.546, "2012-05-31": -1.259, "2012-02-29": -1.545, "2011-11-30": "-1.02200", "2011-08-31": 1.942, "2011-05-31": 0.494, "2011-02-28": -0.541, "2010-11-30": "-2.58600", "2010-08-31": -0.374, "2010-05-31": -0.71, "2010-02-28": -1.574, "2009-11-30": "-0.87800", "2009-08-31": 2.293, "2009-05-31": -2.075, "2009-02-28": -2.345, "2008-11-30": "-0.01100", "2008-08-31": 5.206, "2008-05-31": 2.631, "2008-02-29": 3.759, "2007-11-30": "-15.16600", "2007-08-31": 4.235, "2007-05-31": 4.353, "2007-02-28": 2.698, "2006-11-30": "-18.98000", "2006-08-31": 2.202, "2006-05-31": 3.791, "2006-02-28": -20.581, "2005-11-30": "", "2005-08-31": 0, "2005-05-31": 0, "2005-02-28": 0}, "Net Change In Long-Term Investments": {"2020-11-30": "", "2020-08-31": -45.19, "2020-05-31": 0, "2020-02-29": 0, "2019-11-30": "", "2019-08-31": 0, "2019-05-31": 0, "2019-02-28": 0, "2018-11-30": "", "2018-08-31": 0, "2018-05-31": 0, "2018-02-28": 0, "2017-11-30": "", "2017-08-31": 0, "2017-05-31": 0, "2017-02-28": 0, "2016-11-30": "", "2016-08-31": 0, "2016-05-31": 0, "2016-02-29": 0, "2015-11-30": "", "2015-08-31": 0, "2015-05-31": 0, "2015-02-28": 0, "2014-11-30": "", "2014-08-31": 0, "2014-05-31": 0, "2014-02-28": 0, "2013-11-30": "", "2013-08-31": 0, "2013-05-31": 0, "2013-02-28": 0, "2012-11-30": "", "2012-08-31": 0, "2012-05-31": 0, "2012-02-29": 0, "2011-11-30": "", "2011-08-31": 0, "2011-05-31": 0, "2011-02-28": 0, "2010-11-30": "", "2010-08-31": 0, "2010-05-31": 0, "2010-02-28": 0, "2009-11-30": "", "2009-08-31": 0, "2009-05-31": 0, "2009-02-28": 0, "2008-11-30": "", "2008-08-31": 0, "2008-05-31": 0, "2008-02-29": 0, "2007-11-30": "", "2007-08-31": 0, "2007-05-31": 0, "2007-02-28": 0, "2006-11-30": "", "2006-08-31": 0, "2006-05-31": 0, "2006-02-28": 0, "2005-11-30": "", "2005-08-31": 0, "2005-05-31": 0, "2005-02-28": 0}, "Net Change In Investments - Total": {"2020-11-30": "5.22500", "2020-08-31": -76.067, "2020-05-31": 9.7, "2020-02-29": 4.148, "2019-11-30": "10.31700", "2019-08-31": -24.595, "2019-05-31": 8.72, "2019-02-28": 7.841, "2018-11-30": "5.63600", "2018-08-31": -24.214, "2018-05-31": 7.048, "2018-02-28": 7.003, "2017-11-30": "-24.72900", "2017-08-31": -0.351, "2017-05-31": -15.042, "2017-02-28": 14.766, "2016-11-30": "-2.09100", "2016-08-31": -0.32, "2016-05-31": -4.159, "2016-02-29": -0.556, "2015-11-30": "-4.66300", "2015-08-31": -0.241, "2015-05-31": -1.004, "2015-02-28": 0.53, "2014-11-30": "-2.61400", "2014-08-31": 0.663, "2014-05-31": -1.752, "2014-02-28": -1.583, "2013-11-30": "-0.26800", "2013-08-31": -0.007, "2013-05-31": -0.442, "2013-02-28": -0.453, "2012-11-30": "-5.62300", "2012-08-31": 0.546, "2012-05-31": -1.259, "2012-02-29": -1.545, "2011-11-30": "-1.02200", "2011-08-31": 1.942, "2011-05-31": 0.494, "2011-02-28": -0.541, "2010-11-30": "-2.58600", "2010-08-31": -0.374, "2010-05-31": -0.71, "2010-02-28": -1.574, "2009-11-30": "-0.87800", "2009-08-31": 2.293, "2009-05-31": -2.075, "2009-02-28": -2.345, "2008-11-30": "-0.01100", "2008-08-31": 5.206, "2008-05-31": 2.631, "2008-02-29": 3.759, "2007-11-30": "-15.16600", "2007-08-31": 4.235, "2007-05-31": 4.353, "2007-02-28": 2.698, "2006-11-30": "-18.98000", "2006-08-31": 2.202, "2006-05-31": 3.791, "2006-02-28": -20.581, "2005-11-30": "", "2005-08-31": 0, "2005-05-31": 0, "2005-02-28": 0}, "Investing Activities - Other": {"2020-11-30": "", "2020-08-31": 0, "2020-05-31": 0, "2020-02-29": 0, "2019-11-30": "", "2019-08-31": 0, "2019-05-31": 0, "2019-02-28": 0, "2018-11-30": "", "2018-08-31": 0, "2018-05-31": 0, "2018-02-28": 0, "2017-11-30": "", "2017-08-31": 0, "2017-05-31": 0, "2017-02-28": 0, "2016-11-30": "", "2016-08-31": 0, "2016-05-31": 0, "2016-02-29": 0, "2015-11-30": "", "2015-08-31": 0, "2015-05-31": 0, "2015-02-28": 0, "2014-11-30": "", "2014-08-31": 0, "2014-05-31": 0, "2014-02-28": 0, "2013-11-30": "", "2013-08-31": 0, "2013-05-31": 0, "2013-02-28": 0, "2012-11-30": "", "2012-08-31": 0, "2012-05-31": 0, "2012-02-29": 0, "2011-11-30": "", "2011-08-31": 0, "2011-05-31": 0, "2011-02-28": 0, "2010-11-30": "", "2010-08-31": 0, "2010-05-31": 0, "2010-02-28": 0, "2009-11-30": "", "2009-08-31": 0, "2009-05-31": 0, "2009-02-28": 0, "2008-11-30": "", "2008-08-31": 0, "2008-05-31": 0, "2008-02-29": 0, "2007-11-30": "", "2007-08-31": 0, "2007-05-31": 0, "2007-02-28": 0, "2006-11-30": "", "2006-08-31": 0, "2006-05-31": 0, "2006-02-28": 0, "2005-11-30": "", "2005-08-31": 0, "2005-05-31": 0, "2005-02-28": 0}, "Cash Flow From Investing Activities": {"2020-11-30": "-110.17900", "2020-08-31": -249.952, "2020-05-31": -73.01, "2020-02-29": -84.202, "2019-11-30": "-90.71100", "2019-08-31": -206.554, "2019-05-31": -109.089, "2019-02-28": -84.304, "2018-11-30": "-91.89900", "2018-08-31": -219.2, "2018-05-31": -72.053, "2018-02-28": -95.954, "2017-11-30": "-134.65300", "2017-08-31": -194.366, "2017-05-31": -156.519, "2017-02-28": -103.063, "2016-11-30": "-99.65100", "2016-08-31": -189.531, "2016-05-31": -115.658, "2016-02-29": -99.553, "2015-11-30": "-101.09300", "2015-08-31": -183.187, "2015-05-31": -113.272, "2015-02-28": -90.645, "2014-11-30": "-180.80700", "2014-08-31": -173, "2014-05-31": -101.173, "2014-02-28": -90.225, "2013-11-30": "-83.57000", "2013-08-31": -153.188, "2013-05-31": -84.326, "2013-02-28": -204.19, "2012-11-30": "-85.59100", "2012-08-31": -148.528, "2012-05-31": -97.039, "2012-02-29": -67.305, "2011-11-30": "-61.88900", "2011-08-31": -118.076, "2011-05-31": -91.592, "2011-02-28": -61.455, "2010-11-30": "-47.87100", "2010-08-31": -130.671, "2010-05-31": -67.427, "2010-02-28": -56.651, "2009-11-30": "-52.69800", "2009-08-31": -107.76, "2009-05-31": -62.385, "2009-02-28": -46.965, "2008-11-30": "-46.61200", "2008-08-31": -81.541, "2008-05-31": -55.584, "2008-02-29": -46.364, "2007-11-30": "-59.66100", "2007-08-31": -61.126, "2007-05-31": -49.183, "2007-02-28": -47.51, "2006-11-30": "-70.89600", "2006-08-31": -71.821, "2006-05-31": -60.972, "2006-02-28": -77.641, "2005-11-30": "-57.88900", "2005-08-31": -96.395, "2005-05-31": -66.48, "2005-02-28": -119.896}, "Net Long-Term Debt": {"2020-11-30": "-13.78600", "2020-08-31": 91.618, "2020-05-31": 1235.548, "2020-02-29": -94.693, "2019-11-30": "65.36900", "2019-08-31": -14.879, "2019-05-31": 487.101, "2019-02-28": -162.31, "2018-11-30": "136.78100", "2018-08-31": -262.138, "2018-05-31": 23.981, "2018-02-28": -42.847, "2017-11-30": "-18.00000", "2017-08-31": -13.318, "2017-05-31": -37.259, "2017-02-28": 213.985, "2016-11-30": "-11.01200", "2016-08-31": -207.604, "2016-05-31": 122.553, "2016-02-29": 508.827, "2015-11-30": "-310.09600", "2015-08-31": 104.778, "2015-05-31": 77.705, "2015-02-28": 95.523, "2014-11-30": "-9.19200", "2014-08-31": -43.008, "2014-05-31": 48.795, "2014-02-28": 126.56, "2013-11-30": "-8.20300", "2013-08-31": 54.579, "2013-05-31": 232.604, "2013-02-28": -46.554, "2012-11-30": "31.82600", "2012-08-31": 209.202, "2012-05-31": 159.333, "2012-02-29": 111.163, "2011-11-30": "-6.44800", "2011-08-31": 5.802, "2011-05-31": -42.98, "2011-02-28": 356.828, "2010-11-30": "-41.73100", "2010-08-31": 25.667, "2010-05-31": -80.98, "2010-02-28": 43.208, "2009-11-30": "-4.49200", "2009-08-31": 38.981, "2009-05-31": -289.35, "2009-02-28": 418.408, "2008-11-30": "14.22100", "2008-08-31": 519.799, "2008-05-31": -167.019, "2008-02-29": -70.065, "2007-11-30": "221.57800", "2007-08-31": -90.631, "2007-05-31": 81.037, "2007-02-28": -7.849, "2006-11-30": "0.24400", "2006-08-31": 82, "2006-05-31": -34.7, "2006-02-28": 0, "2005-11-30": "", "2005-08-31": -304.7, "2005-05-31": 266.4, "2005-02-28": 33.6}, "Net Current Debt": {"2020-11-30": "", "2020-08-31": 0, "2020-05-31": -1272.7, "2020-02-29": 242.7, "2019-11-30": "", "2019-08-31": 53.2, "2019-05-31": -452, "2019-02-28": 103.5, "2018-11-30": "", "2018-08-31": 299.8, "2018-05-31": -129.6, "2018-02-28": 99, "2017-11-30": "-99.00000", "2017-08-31": -73.1, "2017-05-31": 30.7, "2017-02-28": -72.2, "2016-11-30": "72.20000", "2016-08-31": 169, "2016-05-31": -19.1, "2016-02-29": -428.3, "2015-11-30": "428.30000", "2015-08-31": 0, "2015-05-31": 0, "2015-02-28": -78.3, "2014-11-30": "78.30000", "2014-08-31": 0, "2014-05-31": 0, "2014-02-28": 13.5, "2013-11-30": "-13.50000", "2013-08-31": 123.597, "2013-05-31": -234.462, "2013-02-28": 234.369, "2012-11-30": "-4.85200", "2012-08-31": -56.478, "2012-05-31": -21.245, "2012-02-29": -9.344, "2011-11-30": "5.79600", "2011-08-31": 121.811, "2011-05-31": 7.197, "2011-02-28": 6.755, "2010-11-30": "5.73800", "2010-08-31": 181.586, "2010-05-31": 0, "2010-02-28": -12.6, "2009-11-30": "12.60000", "2009-08-31": 277.6, "2009-05-31": 0, "2009-02-28": 0, "2008-11-30": "", "2008-08-31": -206.7, "2008-05-31": 0, "2008-02-29": 0, "2007-11-30": "", "2007-08-31": 84.3, "2007-05-31": 0, "2007-02-28": 0, "2006-11-30": "", "2006-08-31": 38.253, "2006-05-31": 81.2, "2006-02-28": -9.8, "2005-11-30": "-71.40000", "2005-08-31": 252.7, "2005-05-31": -252.7, "2005-02-28": 0}, "Debt Issuance/Retirement Net - Total": {"2020-11-30": "-13.78600", "2020-08-31": 91.618, "2020-05-31": -37.152, "2020-02-29": 148.007, "2019-11-30": "65.36900", "2019-08-31": 38.321, "2019-05-31": 35.101, "2019-02-28": -58.81, "2018-11-30": "136.78100", "2018-08-31": 37.662, "2018-05-31": -105.619, "2018-02-28": 56.153, "2017-11-30": "-117.00000", "2017-08-31": -86.418, "2017-05-31": -6.559, "2017-02-28": 141.785, "2016-11-30": "61.18800", "2016-08-31": -38.604, "2016-05-31": 103.453, "2016-02-29": 80.527, "2015-11-30": "118.20400", "2015-08-31": 104.778, "2015-05-31": 77.705, "2015-02-28": 17.223, "2014-11-30": "69.10800", "2014-08-31": -43.008, "2014-05-31": 48.795, "2014-02-28": 140.06, "2013-11-30": "-21.70300", "2013-08-31": 178.176, "2013-05-31": -1.858, "2013-02-28": 187.815, "2012-11-30": "26.97400", "2012-08-31": 152.724, "2012-05-31": 138.088, "2012-02-29": 101.819, "2011-11-30": "-0.65200", "2011-08-31": 127.613, "2011-05-31": -35.783, "2011-02-28": 363.583, "2010-11-30": "-35.99300", "2010-08-31": 207.253, "2010-05-31": -80.98, "2010-02-28": 30.608, "2009-11-30": "8.10800", "2009-08-31": 316.581, "2009-05-31": -289.35, "2009-02-28": 418.408, "2008-11-30": "14.22100", "2008-08-31": 313.099, "2008-05-31": -167.019, "2008-02-29": -70.065, "2007-11-30": "221.57800", "2007-08-31": -6.331, "2007-05-31": 81.037, "2007-02-28": -7.849, "2006-11-30": "0.24400", "2006-08-31": 120.253, "2006-05-31": 46.5, "2006-02-28": -9.8, "2005-11-30": "-71.40000", "2005-08-31": -52, "2005-05-31": 13.7, "2005-02-28": 33.6}, "Net Common Equity Issued/Repurchased": {"2020-11-30": "-649.65800", "2020-08-31": 12.086, "2020-05-31": -158.456, "2020-02-29": -274.964, "2019-11-30": "-441.17700", "2019-08-31": -667.888, "2019-05-31": -408.67, "2019-02-28": -287.13, "2018-11-30": "-452.38900", "2018-08-31": -644.8369, "2018-05-31": -395.2511, "2018-02-28": -116.671, "2017-11-30": "-345.53900", "2017-08-31": -216.063, "2017-05-31": -263.583, "2017-02-28": -180.425, "2016-11-30": "-356.89200", "2016-08-31": -340.642, "2016-05-31": -512.899, "2016-02-29": -143.572, "2015-11-30": "-375.06000", "2015-08-31": -420.796, "2015-05-31": -496.346, "2015-02-28": -7.554, "2014-11-30": "-280.00300", "2014-08-31": -180.053, "2014-05-31": -413.188, "2014-02-28": -188.609, "2013-11-30": "-275.32800", "2013-08-31": -545.63, "2013-05-31": -295.606, "2013-02-28": -170.819, "2012-11-30": "-278.10600", "2012-08-31": -455.322, "2012-05-31": -382.984, "2012-02-29": -158.016, "2011-11-30": "-291.20400", "2011-08-31": -419.6149, "2011-05-31": -330.5401, "2011-02-28": -383.098, "2010-11-30": "-277.70300", "2010-08-31": -541.282, "2010-05-31": -256.289, "2010-02-28": -72.604, "2009-11-30": "-200.55800", "2009-08-31": -584.336, "2009-05-31": -52.311, "2009-02-28": -359.439, "2008-11-30": "-264.06100", "2008-08-31": -486.963, "2008-05-31": 3.155, "2008-02-29": 2.901, "2007-11-30": "-341.22400", "2007-08-31": -290.04, "2007-05-31": -240.648, "2007-02-28": -107.589, "2006-11-30": "-64.65800", "2006-08-31": -427.198, "2006-05-31": -220.261, "2006-02-28": 11.939, "2005-11-30": "5.46100", "2005-08-31": -98.959, "2005-05-31": -251.763, "2005-02-28": -11.583}, "Net Total Equity Issued/Repurchased": {"2020-11-30": "-649.65800", "2020-08-31": 12.086, "2020-05-31": -158.456, "2020-02-29": -274.964, "2019-11-30": "-441.17700", "2019-08-31": -667.888, "2019-05-31": -408.67, "2019-02-28": -287.13, "2018-11-30": "-452.38900", "2018-08-31": -644.8369, "2018-05-31": -395.2511, "2018-02-28": -116.671, "2017-11-30": "-345.53900", "2017-08-31": -216.063, "2017-05-31": -263.583, "2017-02-28": -180.425, "2016-11-30": "-356.89200", "2016-08-31": -340.642, "2016-05-31": -512.899, "2016-02-29": -143.572, "2015-11-30": "-375.06000", "2015-08-31": -420.796, "2015-05-31": -496.346, "2015-02-28": -7.554, "2014-11-30": "-280.00300", "2014-08-31": -180.053, "2014-05-31": -413.188, "2014-02-28": -188.609, "2013-11-30": "-275.32800", "2013-08-31": -545.63, "2013-05-31": -295.606, "2013-02-28": -170.819, "2012-11-30": "-278.10600", "2012-08-31": -455.322, "2012-05-31": -382.984, "2012-02-29": -158.016, "2011-11-30": "-291.20400", "2011-08-31": -419.6149, "2011-05-31": -330.5401, "2011-02-28": -383.098, "2010-11-30": "-277.70300", "2010-08-31": -541.282, "2010-05-31": -256.289, "2010-02-28": -72.604, "2009-11-30": "-200.55800", "2009-08-31": -584.336, "2009-05-31": -52.311, "2009-02-28": -359.439, "2008-11-30": "-264.06100", "2008-08-31": -486.963, "2008-05-31": 3.155, "2008-02-29": 2.901, "2007-11-30": "-341.22400", "2007-08-31": -290.04, "2007-05-31": -240.648, "2007-02-28": -107.589, "2006-11-30": "-64.65800", "2006-08-31": -427.198, "2006-05-31": -220.261, "2006-02-28": 11.939, "2005-11-30": "5.46100", "2005-08-31": -98.959, "2005-05-31": -251.763, "2005-02-28": -11.583}, "Total Common And Preferred Stock Dividends Paid": {"2020-11-30": "", "2020-08-31": 0, "2020-05-31": 0, "2020-02-29": 0, "2019-11-30": "", "2019-08-31": 0, "2019-05-31": 0, "2019-02-28": 0, "2018-11-30": "", "2018-08-31": 0, "2018-05-31": 0, "2018-02-28": 0, "2017-11-30": "", "2017-08-31": 0, "2017-05-31": 0, "2017-02-28": 0, "2016-11-30": "", "2016-08-31": 0, "2016-05-31": 0, "2016-02-29": 0, "2015-11-30": "", "2015-08-31": 0, "2015-05-31": 0, "2015-02-28": 0, "2014-11-30": "", "2014-08-31": 0, "2014-05-31": 0, "2014-02-28": 0, "2013-11-30": "", "2013-08-31": 0, "2013-05-31": 0, "2013-02-28": 0, "2012-11-30": "", "2012-08-31": 0, "2012-05-31": 0, "2012-02-29": 0, "2011-11-30": "", "2011-08-31": 0, "2011-05-31": 0, "2011-02-28": 0, "2010-11-30": "", "2010-08-31": 0, "2010-05-31": 0, "2010-02-28": 0, "2009-11-30": "", "2009-08-31": 0, "2009-05-31": 0, "2009-02-28": 0, "2008-11-30": "", "2008-08-31": 0, "2008-05-31": 0, "2008-02-29": 0, "2007-11-30": "", "2007-08-31": 0, "2007-05-31": 0, "2007-02-28": 0, "2006-11-30": "", "2006-08-31": 0, "2006-05-31": 0, "2006-02-28": 0, "2005-11-30": "", "2005-08-31": 0, "2005-05-31": 0, "2005-02-28": 0}, "Financial Activities - Other": {"2020-11-30": "", "2020-08-31": -35.188, "2020-05-31": -13.779, "2020-02-29": 0, "2019-11-30": "", "2019-08-31": -1.044, "2019-05-31": -8.36, "2019-02-28": 0, "2018-11-30": "", "2018-08-31": 0.195, "2018-05-31": 0.003, "2018-02-28": -0.085, "2017-11-30": "-1.16500", "2017-08-31": -0.003, "2017-05-31": -5.135, "2017-02-28": -0.002, "2016-11-30": "-2.22200", "2016-08-31": -0.003, "2016-05-31": -7.715, "2016-02-29": -0.217, "2015-11-30": "", "2015-08-31": -44.669, "2015-05-31": 9.425, "2015-02-28": 16.801, "2014-11-30": "9.73100", "2014-08-31": 5.475, "2014-05-31": 7.15, "2014-02-28": 2.608, "2013-11-30": "6.24400", "2013-08-31": 13.244, "2013-05-31": 13.719, "2013-02-28": 9.796, "2012-11-30": "15.27300", "2012-08-31": 25.778, "2012-05-31": 4.543, "2012-02-29": 10.636, "2011-11-30": "11.15700", "2011-08-31": 12.918, "2011-05-31": -5.55, "2011-02-28": 6.853, "2010-11-30": "3.54400", "2010-08-31": 12.084, "2010-05-31": 3.106, "2010-02-28": 6.476, "2009-11-30": "0.58500", "2009-08-31": -14.123, "2009-05-31": 2.927, "2009-02-28": 3.067, "2008-11-30": "1.52000", "2008-08-31": -3.96, "2008-05-31": 3.149, "2008-02-29": 1.246, "2007-11-30": "1.42100", "2007-08-31": 0.536, "2007-05-31": 1.614, "2007-02-28": 7.153, "2006-11-30": "5.14800", "2006-08-31": -0.1, "2006-05-31": 0.186, "2006-02-28": 4.011, "2005-11-30": "2.73300", "2005-08-31": 0.214, "2005-05-31": -0.563, "2005-02-28": 0}, "Cash Flow From Financial Activities": {"2020-11-30": "-663.44400", "2020-08-31": 68.516, "2020-05-31": -209.387, "2020-02-29": -126.957, "2019-11-30": "-375.80800", "2019-08-31": -630.611, "2019-05-31": -381.929, "2019-02-28": -345.94, "2018-11-30": "-315.60800", "2018-08-31": -606.98, "2018-05-31": -500.867, "2018-02-28": -60.603, "2017-11-30": "-463.70400", "2017-08-31": -302.484, "2017-05-31": -275.277, "2017-02-28": -38.642, "2016-11-30": "-297.92600", "2016-08-31": -379.249, "2016-05-31": -417.161, "2016-02-29": -63.262, "2015-11-30": "-256.85600", "2015-08-31": -360.687, "2015-05-31": -409.216, "2015-02-28": 26.47, "2014-11-30": "-201.16400", "2014-08-31": -217.586, "2014-05-31": -357.243, "2014-02-28": -45.941, "2013-11-30": "-290.78700", "2013-08-31": -354.21, "2013-05-31": -283.745, "2013-02-28": 26.792, "2012-11-30": "-235.85900", "2012-08-31": -276.82, "2012-05-31": -240.353, "2012-02-29": -45.561, "2011-11-30": "-280.69900", "2011-08-31": -279.084, "2011-05-31": -371.873, "2011-02-28": -12.662, "2010-11-30": "-310.15200", "2010-08-31": -321.945, "2010-05-31": -334.163, "2010-02-28": -35.52, "2009-11-30": "-191.86500", "2009-08-31": -281.878, "2009-05-31": -338.734, "2009-02-28": 62.036, "2008-11-30": "-248.32000", "2008-08-31": -177.824, "2008-05-31": -160.715, "2008-02-29": -65.918, "2007-11-30": "-118.22500", "2007-08-31": -295.835, "2007-05-31": -157.997, "2007-02-28": -108.285, "2006-11-30": "-59.26600", "2006-08-31": -307.045, "2006-05-31": -173.575, "2006-02-28": 6.15, "2005-11-30": "-63.20600", "2005-08-31": -150.745, "2005-05-31": -238.626, "2005-02-28": 22.017}, "Net Cash Flow": {"2020-11-30": "-86.81000", "2020-08-31": 1241.697, "2020-05-31": 356.148, "2020-02-29": -5.119, "2019-11-30": "-18.21100", "2019-08-31": 2.242, "2019-05-31": -21.607, "2019-02-28": -56.421, "2018-11-30": "34.26200", "2018-08-31": -0.562, "2018-05-31": -70.136, "2018-02-28": 30.845, "2017-11-30": "-35.59300", "2017-08-31": 66.129, "2017-05-31": 16.492, "2017-02-28": 15.111, "2016-11-30": "5.80400", "2016-08-31": -23.646, "2016-05-31": 5.422, "2016-02-29": 42.472, "2015-11-30": "-9.82300", "2015-08-31": 22.021, "2015-05-31": 1.749, "2015-02-28": 34.347, "2014-11-30": "-7.29300", "2014-08-31": -20.864, "2014-05-31": 5.594, "2014-02-28": 13.903, "2013-11-30": "-16.33900", "2013-08-31": 8.506, "2013-05-31": 18.137, "2013-02-28": 15.684, "2012-11-30": "-3.22900", "2012-08-31": -0.007, "2012-05-31": -0.107, "2012-02-29": 6.531, "2011-11-30": "-0.93000", "2011-08-31": -2.761, "2011-05-31": -7.514, "2011-02-28": 9.868, "2010-11-30": "-0.26700", "2010-08-31": 2.518, "2010-05-31": -9.399, "2010-02-28": 25.558, "2009-11-30": "-13.10300", "2009-08-31": -1.581, "2009-05-31": -13.686, "2009-02-28": 22.217, "2008-11-30": "-156.70500", "2008-08-31": 160.807, "2008-05-31": -11.811, "2008-02-29": 13.652, "2007-11-30": "-6.84100", "2007-08-31": 4.081, "2007-05-31": -3.489, "2007-02-28": 12.703, "2006-11-30": "-18.19900", "2006-08-31": 7.59, "2006-05-31": 2.596, "2006-02-28": -0.006, "2005-11-30": "6.56800", "2005-08-31": -2.568, "2005-05-31": -2.761, "2005-02-28": 3.287}, "Stock-Based Compensation": {"2020-11-30": "10.50800", "2020-08-31": 12.584, "2020-05-31": 10.144, "2020-02-29": 12.111, "2019-11-30": "9.99600", "2019-08-31": 11.726, "2019-05-31": 9.971, "2019-02-28": 11.031, "2018-11-30": "10.52700", "2018-08-31": 14.115, "2018-05-31": 5.795, "2018-02-28": 12.678, "2017-11-30": "11.08600", "2017-08-31": 8.901, "2017-05-31": 8.632, "2017-02-28": 10.924, "2016-11-30": "9.78700", "2016-08-31": 11.373, "2016-05-31": 9.905, "2016-02-29": 9.891, "2015-11-30": "8.65600", "2015-08-31": 11.307, "2015-05-31": 9.488, "2015-02-28": 11.396, "2014-11-30": "8.80400", "2014-08-31": 10.405, "2014-05-31": 8.269, "2014-02-28": 11.464, "2013-11-30": "9.25200", "2013-08-31": 11.675, "2013-05-31": 9.016, "2013-02-28": 8.485, "2012-11-30": "8.13100", "2012-08-31": 9.491, "2012-05-31": 8.827, "2012-02-29": 7.483, "2011-11-30": "7.56200", "2011-08-31": 8.143, "2011-05-31": 6.363, "2011-02-28": 7.048, "2010-11-30": "5.07100", "2010-08-31": 5.905, "2010-05-31": 4.348, "2010-02-28": 4.616, "2009-11-30": "4.25100", "2009-08-31": 5.643, "2009-05-31": 4.185, "2009-02-28": 4.851, "2008-11-30": "4.45600", "2008-08-31": 5.758, "2008-05-31": 4.205, "2008-02-29": 4.243, "2007-11-30": "4.18200", "2007-08-31": 5.468, "2007-05-31": 4.237, "2007-02-28": 4.455, "2006-11-30": "4.30200", "2006-08-31": 5.225, "2006-05-31": 4.163, "2006-02-28": 4.243, "2005-11-30": "3.73900", "2005-08-31": 0, "2005-05-31": 0, "2005-02-28": 0}, "Common Stock Dividends Paid": {"2020-11-30": "", "2020-08-31": 0, "2020-05-31": 0, "2020-02-29": 0, "2019-11-30": "", "2019-08-31": 0, "2019-05-31": 0, "2019-02-28": 0, "2018-11-30": "", "2018-08-31": 0, "2018-05-31": 0, "2018-02-28": 0, "2017-11-30": "", "2017-08-31": 0, "2017-05-31": 0, "2017-02-28": 0, "2016-11-30": "", "2016-08-31": 0, "2016-05-31": 0, "2016-02-29": 0, "2015-11-30": "", "2015-08-31": 0, "2015-05-31": 0, "2015-02-28": 0, "2014-11-30": "", "2014-08-31": 0, "2014-05-31": 0, "2014-02-28": 0, "2013-11-30": "", "2013-08-31": 0, "2013-05-31": 0, "2013-02-28": 0, "2012-11-30": "", "2012-08-31": 0, "2012-05-31": 0, "2012-02-29": 0, "2011-11-30": "", "2011-08-31": 0, "2011-05-31": 0, "2011-02-28": 0, "2010-11-30": "", "2010-08-31": 0, "2010-05-31": 0, "2010-02-28": 0, "2009-11-30": "", "2009-08-31": 0, "2009-05-31": 0, "2009-02-28": 0, "2008-11-30": "", "2008-08-31": 0, "2008-05-31": 0, "2008-02-29": 0, "2007-11-30": "", "2007-08-31": 0, "2007-05-31": 0, "2007-02-28": 0, "2006-11-30": "", "2006-08-31": 0, "2006-05-31": 0, "2006-02-28": 0, "2005-11-30": "", "2005-08-31": 0, "2005-05-31": 0, "2005-02-28": 0}}, "financial ratios": {"Current Ratio": {"2020-08-31": "1.08420", "2019-08-31": "0.91230", "2018-08-31": "0.92190", "2017-08-31": "0.96750", "2016-08-31": "0.90390", "2015-08-31": "0.84240", "2014-08-31": "0.78850", "2013-08-31": "0.78630", "2012-08-31": "0.81490", "2011-08-31": "0.81390", "2010-08-31": "0.85240", "2009-08-31": "0.94640", "2008-08-31": "1.02660", "2007-08-31": "0.99320", "2006-08-31": "1.03130", "2005-08-31": "1.06530"}, "Long-term Debt / Capital": {"2020-08-31": "1.18940", "2019-08-31": "1.49070", "2018-08-31": "1.43620", "2017-08-31": "1.39100", "2016-08-31": "1.56990", "2015-08-31": "1.58200", "2014-08-31": "1.64350", "2013-08-31": "1.72540", "2012-08-31": "1.71330", "2011-08-31": "1.60790", "2010-08-31": "1.34460", "2009-08-31": "1.18880", "2008-08-31": "0.90740", "2007-08-31": "0.82760", "2006-08-31": "0.79820", "2005-08-31": "0.82640"}, "Debt/Equity Ratio": {"2020-08-31": "-6.27960", "2019-08-31": "-3.03780", "2018-08-31": "-3.29260", "2017-08-31": "-3.55740", "2016-08-31": "-2.75470", "2015-08-31": "-2.71830", "2014-08-31": "-2.66550", "2013-08-31": "-2.48150", "2012-08-31": "-2.43420", "2011-08-31": "-2.67230", "2010-08-31": "-3.93700", "2009-08-31": "-6.29660", "2008-08-31": "9.79590", "2007-08-31": "4.80060", "2006-08-31": "3.95540", "2005-08-31": "4.76170"}, "Gross Margin": {"2020-08-31": "53.60020", "2019-08-31": "53.65090", "2018-08-31": "53.23680", "2017-08-31": "52.71180", "2016-08-31": "52.73510", "2015-08-31": "52.29070", "2014-08-31": "52.08170", "2013-08-31": "51.82750", "2012-08-31": "51.51220", "2011-08-31": "51.02780", "2010-08-31": "50.41340", "2009-08-31": "50.11790", "2008-08-31": "50.10280", "2007-08-31": "49.66530", "2006-08-31": "49.40060", "2005-08-31": "48.89870"}, "Operating Margin": {"2020-08-31": "19.13940", "2019-08-31": "18.67990", "2018-08-31": "16.13800", "2017-08-31": "19.10300", "2016-08-31": "19.37250", "2015-08-31": "19.17140", "2014-08-31": "19.31570", "2013-08-31": "19.38340", "2012-08-31": "18.93210", "2011-08-31": "18.51610", "2010-08-31": "17.92050", "2009-08-31": "17.25240", "2008-08-31": "17.23420", "2007-08-31": "17.10370", "2006-08-31": "16.97820", "2005-08-31": "17.08430"}, "EBIT Margin": {"2020-08-31": "19.13940", "2019-08-31": "18.67990", "2018-08-31": "16.13800", "2017-08-31": "19.10300", "2016-08-31": "19.37250", "2015-08-31": "19.17140", "2014-08-31": "19.31570", "2013-08-31": "19.38340", "2012-08-31": "18.93210", "2011-08-31": "18.51610", "2010-08-31": "17.92050", "2009-08-31": "17.25240", "2008-08-31": "17.23420", "2007-08-31": "17.10370", "2006-08-31": "16.97820", "2005-08-31": "17.08430"}, "EBITDA Margin": {"2020-08-31": "22.37080", "2019-08-31": "21.86710", "2018-08-31": "19.28810", "2017-08-31": "22.14680", "2016-08-31": "22.24370", "2015-08-31": "21.88210", "2014-08-31": "22.03990", "2013-08-31": "21.95770", "2012-08-31": "21.48790", "2011-08-31": "21.05760", "2010-08-31": "20.61760", "2009-08-31": "19.95270", "2008-08-31": "19.86110", "2007-08-31": "19.71530", "2006-08-31": "19.34900", "2005-08-31": "19.49970"}, "Pre-Tax Profit Margin": {"2020-08-31": "17.54690", "2019-08-31": "17.12220", "2018-08-31": "14.58260", "2017-08-31": "17.68340", "2016-08-31": "17.98390", "2015-08-31": "17.69460", "2014-08-31": "17.54790", "2013-08-31": "17.35640", "2012-08-31": "16.88760", "2011-08-31": "16.40350", "2010-08-31": "15.76210", "2009-08-31": "15.16460", "2008-08-31": "15.44430", "2007-08-31": "15.17310", "2006-08-31": "15.16450", "2005-08-31": "15.29050"}, "Net Profit Margin": {"2020-08-31": "13.71890", "2019-08-31": "13.63160", "2018-08-31": "11.91990", "2017-08-31": "11.76330", "2016-08-31": "11.66830", "2015-08-31": "11.38910", "2014-08-31": "11.28980", "2013-08-31": "11.11210", "2012-08-31": "10.81340", "2011-08-31": "10.51630", "2010-08-31": "10.02780", "2009-08-31": "9.63860", "2008-08-31": "9.83650", "2007-08-31": "9.65460", "2006-08-31": "9.57030", "2005-08-31": "9.99880"}, "Asset Turnover": {"2020-08-31": "0.87580", "2019-08-31": "1.19890", "2018-08-31": "1.20050", "2017-08-31": "1.17590", "2016-08-31": "1.23670", "2015-08-31": "1.25730", "2014-08-31": "1.26390", "2013-08-31": "1.32730", "2012-08-31": "1.37320", "2011-08-31": "1.37540", "2010-08-31": "1.32150", "2009-08-31": "1.28170", "2008-08-31": "1.24070", "2007-08-31": "1.28410", "2006-08-31": "1.31420", "2005-08-31": "1.34520"}, "Inventory Turnover Ratio": {"2020-08-31": "1.31030", "2019-08-31": "1.27310", "2018-08-31": "1.33060", "2017-08-31": "1.32640", "2016-08-31": "1.38410", "2015-08-31": "1.42050", "2014-08-31": "1.44590", "2013-08-31": "1.54020", "2012-08-31": "1.58750", "2011-08-31": "1.60310", "2010-08-31": "1.58420", "2009-08-31": "1.54040", "2008-08-31": "1.51370", "2007-08-31": "1.54700", "2006-08-31": "1.62990", "2005-08-31": "1.75400"}, "Receiveable Turnover": {"2020-08-31": "34.62960", "2019-08-31": "38.39460", "2018-08-31": "43.46960", "2017-08-31": "38.78660", "2016-08-31": "36.97050", "2015-08-31": "41.09920", "2014-08-31": "47.16460", "2013-08-31": "53.29550", "2012-08-31": "53.31600", "2011-08-31": "57.38130", "2010-08-31": "58.52540", "2009-08-31": "53.88200", "2008-08-31": "91.55830", "2007-08-31": "103.04300", "2006-08-31": "74.01860", "2005-08-31": "48.28970"}, "Days Sales In Receivables": {"2020-08-31": "10.54010", "2019-08-31": "9.50650", "2018-08-31": "8.39670", "2017-08-31": "9.41050", "2016-08-31": "9.87270", "2015-08-31": "8.88100", "2014-08-31": "7.73890", "2013-08-31": "6.84860", "2012-08-31": "6.84600", "2011-08-31": "6.36100", "2010-08-31": "6.23660", "2009-08-31": "6.77410", "2008-08-31": "3.98650", "2007-08-31": "3.54220", "2006-08-31": "4.93120", "2005-08-31": "7.55860"}, "ROE - Return On Equity": {"2020-08-31": "-197.38240", "2019-08-31": "-94.36180", "2018-08-31": "-87.97520", "2017-08-31": "-89.67300", "2016-08-31": "-69.42550", "2015-08-31": "-68.19370", "2014-08-31": "-65.95800", "2013-08-31": "-60.24230", "2012-08-31": "-60.10060", "2011-08-31": "-67.68880", "2010-08-31": "-99.93860", "2009-08-31": "-151.71750", "2008-08-31": "279.33930", "2007-08-31": "147.73610", "2006-08-31": "121.24410", "2005-08-31": "146.03810"}, "Return On Tangible Equity": {"2020-08-31": "-146.78470", "2019-08-31": "-80.19960", "2018-08-31": "-73.37010", "2017-08-31": "-70.36720", "2016-08-31": "-56.94200", "2015-08-31": "-55.42700", "2014-08-31": "-53.76450", "2013-08-31": "-49.46020", "2012-08-31": "-50.27220", "2011-08-31": "-54.53060", "2010-08-31": "-70.89540", "2009-08-31": "-89.30700", "2008-08-31": "-879.41850", "2007-08-31": "592.38310", "2006-08-31": "341.12210", "2005-08-31": "646.62340"}, "ROA - Return On Assets": {"2020-08-31": "12.01460", "2019-08-31": "16.34230", "2018-08-31": "14.30980", "2017-08-31": "13.83260", "2016-08-31": "14.43070", "2015-08-31": "14.31980", "2014-08-31": "14.26870", "2013-08-31": "14.74850", "2012-08-31": "14.84880", "2011-08-31": "14.46390", "2010-08-31": "13.25130", "2009-08-31": "12.35430", "2008-08-31": "12.20450", "2007-08-31": "12.39770", "2006-08-31": "12.57700", "2005-08-31": "13.45080"}, "ROI - Return On Investment": {"2020-08-31": "37.38570", "2019-08-31": "46.30560", "2018-08-31": "38.37350", "2017-08-31": "35.06480", "2016-08-31": "39.56560", "2015-08-31": "39.68690", "2014-08-31": "42.44450", "2013-08-31": "43.70170", "2012-08-31": "42.86890", "2011-08-31": "41.14510", "2010-08-31": "34.44360", "2009-08-31": "28.64420", "2008-08-31": "25.87450", "2007-08-31": "25.46890", "2006-08-31": "24.46720", "2005-08-31": "25.34640"}, "Book Value Per Share": {"2020-08-31": "-37.55890", "2019-08-31": "-71.29760", "2018-08-31": "-59.06130", "2017-08-31": "-51.31960", "2016-08-31": "-61.38950", "2015-08-31": "-55.49400", "2014-08-31": "-50.20610", "2013-08-31": "-49.20300", "2012-08-31": "-41.80690", "2011-08-31": "-31.27060", "2010-08-31": "-16.37810", "2009-08-31": "-8.52490", "2008-08-31": "3.85330", "2007-08-31": "6.11280", "2006-08-31": "6.60540", "2005-08-31": "5.10860"}, "Operating Cash Flow Per Share": {"2020-08-31": 29.4226, "2019-08-31": 7.6211, "2018-08-31": 21.8187, "2017-08-31": 0.2115, "2016-08-31": 4.984, "2015-08-31": 9.2569, "2014-08-31": 0.9039, "2013-08-31": 7.7925, "2012-08-31": 1.2687, "2011-08-31": 5.3576, "2010-08-31": 7.7639, "2009-08-31": 2.0785, "2008-08-31": 2.3192, "2007-08-31": 1.2555, "2006-08-31": 2.6945, "2005-08-31": 8.1512}, "Free Cash Flow Per Share": {"2020-08-31": 30.1078, "2019-08-31": 7.4689, "2018-08-31": 21.7287, "2017-08-31": -2.7967, "2016-08-31": 3.9068, "2015-08-31": 7.1956, "2014-08-31": -0.84, "2013-08-31": 6.1046, "2012-08-31": -0.8062, "2011-08-31": 4.2216, "2010-08-31": 6.2717, "2009-08-31": 1.1575, "2008-08-31": 1.7329, "2007-08-31": 1.4358, "2006-08-31": 2.8674, "2005-08-31": 4.6335}}, "financial ratios, quarterly": {"Current Ratio": {"2020-11-30": "1.05890", "2020-08-31": "1.08420", "2020-05-31": "0.93570", "2020-02-29": "0.91710", "2019-11-30": "0.87880", "2019-08-31": "0.91230", "2019-05-31": "0.93500", "2019-02-28": "0.93680", "2018-11-30": "0.93150", "2018-08-31": "0.92190", "2018-05-31": "0.94980", "2018-02-28": "0.97560", "2017-11-30": "0.93080", "2017-08-31": "0.96750", "2017-05-31": "0.94030", "2017-02-28": "0.93910", "2016-11-30": "0.90070", "2016-08-31": "0.90390", "2016-05-31": "0.90920", "2016-02-29": "0.84290", "2015-11-30": "0.84890", "2015-08-31": "0.84240", "2015-05-31": "0.84180", "2015-02-28": "0.84650", "2014-11-30": "0.72830", "2014-08-31": "0.78850", "2014-05-31": "0.77930", "2014-02-28": "0.80430", "2013-11-30": "0.77780", "2013-08-31": "0.78630", "2013-05-31": "0.82850", "2013-02-28": "0.73810", "2012-11-30": "0.81780", "2012-08-31": "0.81490", "2012-05-31": "0.82530", "2012-02-29": "0.82710", "2011-11-30": "0.79430", "2011-08-31": "0.81390", "2011-05-31": "0.81070", "2011-02-28": "0.84900", "2010-11-30": "0.81990", "2010-08-31": "0.85240", "2010-05-31": "0.89790", "2010-02-28": "0.96340", "2009-11-30": "0.93350", "2009-08-31": "0.94640", "2009-05-31": "0.83160", "2009-02-28": "1.04540", "2008-11-30": "0.97400", "2008-08-31": "1.02660", "2008-05-31": "1.00120", "2008-02-29": "1.01350", "2007-11-30": "1.00020", "2007-08-31": "0.99320", "2007-05-31": "1.03270", "2007-02-28": "1.04810", "2006-11-30": "1.05370", "2006-08-31": "1.03130", "2006-05-31": "1.09360", "2006-02-28": "1.13380", "2005-11-30": "1.08450", "2005-08-31": "1.06530", "2005-05-31": "1.05240", "2005-02-28": "1.12250"}, "Long-term Debt / Capital": {"2020-11-30": "1.22880", "2020-08-31": "1.18940", "2020-05-31": "1.43130", "2020-02-29": "1.45750", "2019-11-30": "1.50580", "2019-08-31": "1.49070", "2019-05-31": "1.44620", "2019-02-28": "1.45340", "2018-11-30": "1.47420", "2018-08-31": "1.43620", "2018-05-31": "1.37900", "2018-02-28": "1.35830", "2017-11-30": "1.44110", "2017-08-31": "1.39100", "2017-05-31": "1.49850", "2017-02-28": "1.54970", "2016-11-30": "1.61090", "2016-08-31": "1.56990", "2016-05-31": "1.60290", "2016-02-29": "1.65800", "2015-11-30": "1.59750", "2015-08-31": "1.58200", "2015-05-31": "1.56860", "2015-02-28": "1.50780", "2014-11-30": "1.75580", "2014-08-31": "1.64350", "2014-05-31": "1.76780", "2014-02-28": "1.69720", "2013-11-30": "1.75100", "2013-08-31": "1.72540", "2013-05-31": "1.62070", "2013-02-28": "1.78960", "2012-11-30": "1.71960", "2012-08-31": "1.71330", "2012-05-31": "1.64930", "2012-02-29": "1.60560", "2011-11-30": "1.68320", "2011-08-31": "1.60790", "2011-05-31": "1.54570", "2011-02-28": "1.47860", "2010-11-30": "1.40280", "2010-08-31": "1.34460", "2010-05-31": "1.20650", "2010-02-28": "1.17920", "2009-11-30": "1.21460", "2009-08-31": "1.18880", "2009-05-31": "1.02370", "2009-02-28": "1.07480", "2008-11-30": "0.97420", "2008-08-31": "0.90740", "2008-05-31": "0.80910", "2008-02-29": "0.88130", "2007-11-30": "0.92670", "2007-08-31": "0.82760", "2007-05-31": "0.80850", "2007-02-28": "0.77330", "2006-11-30": "0.77560", "2006-08-31": "0.79820", "2006-05-31": "0.76250", "2006-02-28": "0.73510", "2005-11-30": "0.77440", "2005-08-31": "0.82640", "2005-05-31": "0.86500", "2005-02-28": "0.83170"}, "Debt/Equity Ratio": {"2020-11-30": "-5.37000", "2020-08-31": "-6.27960", "2020-05-31": "-3.31850", "2020-02-29": "-3.18590", "2019-11-30": "-2.97690", "2019-08-31": "-3.03780", "2019-05-31": "-3.24120", "2019-02-28": "-3.20580", "2018-11-30": "-3.10860", "2018-08-31": "-3.29260", "2018-05-31": "-3.63890", "2018-02-28": "-3.79060", "2017-11-30": "-3.26730", "2017-08-31": "-3.55740", "2017-05-31": "-3.00600", "2017-02-28": "-2.81920", "2016-11-30": "-2.63690", "2016-08-31": "-2.75470", "2016-05-31": "-2.65860", "2016-02-29": "-2.78250", "2015-11-30": "-2.67370", "2015-08-31": "-2.71830", "2015-05-31": "-2.75880", "2015-02-28": "-3.02880", "2014-11-30": "-2.65940", "2014-08-31": "-2.66550", "2014-05-31": "-2.42140", "2014-02-28": "-2.52690", "2013-11-30": "-2.42470", "2013-08-31": "-2.48150", "2013-05-31": "-2.61110", "2013-02-28": "-2.57900", "2012-11-30": "-2.38960", "2012-08-31": "-2.43420", "2012-05-31": "-2.54530", "2012-02-29": "-2.67410", "2011-11-30": "-2.49000", "2011-08-31": "-2.67230", "2011-05-31": "-2.87690", "2011-02-28": "-3.12900", "2010-11-30": "-3.52340", "2010-08-31": "-3.93700", "2010-05-31": "-5.84150", "2010-02-28": "-6.58020", "2009-11-30": "-5.66050", "2009-08-31": "-6.29660", "2009-05-31": "-53.32340", "2009-02-28": "-14.36590", "2008-11-30": "37.80520", "2008-08-31": "9.79590", "2008-05-31": "4.23840", "2008-02-29": "7.42290", "2007-11-30": "12.63390", "2007-08-31": "4.80060", "2007-05-31": "4.22100", "2007-02-28": "3.41120", "2006-11-30": "3.45630", "2006-08-31": "3.95540", "2006-05-31": "3.21020", "2006-02-28": "2.77510", "2005-11-30": "3.43340", "2005-08-31": "4.76170", "2005-05-31": "6.40850", "2005-02-28": "4.94240"}, "Gross Margin": {"2020-11-30": "53.12230", "2020-08-31": "53.07950", "2020-05-31": "53.63400", "2020-02-29": "54.34550", "2019-11-30": "53.74320", "2019-08-31": "53.41440", "2019-05-31": "53.61180", "2019-02-28": "54.07350", "2018-11-30": "53.65700", "2018-08-31": "53.61060", "2018-05-31": "53.49220", "2018-02-28": "52.92300", "2017-11-30": "52.75310", "2017-08-31": "52.78490", "2017-05-31": "52.63130", "2017-02-28": "52.66150", "2016-11-30": "52.74000", "2016-08-31": "52.80580", "2016-05-31": "52.83850", "2016-02-29": "52.74680", "2015-11-30": "52.51100", "2015-08-31": "52.50260", "2015-05-31": "52.25740", "2015-02-28": "52.24890", "2014-11-30": "52.05860", "2014-08-31": "52.30740", "2014-05-31": "51.97240", "2014-02-28": "52.09940", "2013-11-30": "51.85850", "2013-08-31": "51.83070", "2013-05-31": "51.80310", "2013-02-28": "51.85330", "2012-11-30": "51.82550", "2012-08-31": "51.83100", "2012-05-31": "51.60360", "2012-02-29": "51.34030", "2011-11-30": "51.11500", "2011-08-31": "51.19510", "2011-05-31": "51.23060", "2011-02-28": "50.91140", "2010-11-30": "50.66510", "2010-08-31": "50.50650", "2010-05-31": "50.66550", "2010-02-28": "50.04140", "2009-11-30": "50.33360", "2009-08-31": "50.30480", "2009-05-31": "50.23080", "2009-02-28": "49.67950", "2008-11-30": "50.13830", "2008-08-31": "50.29660", "2008-05-31": "50.22140", "2008-02-29": "49.86360", "2007-11-30": "49.90520", "2007-08-31": "50.14930", "2007-05-31": "49.90250", "2007-02-28": "49.15670", "2006-11-30": "49.19320", "2006-08-31": "49.65160", "2006-05-31": "49.67010", "2006-02-28": "49.14520", "2005-11-30": "48.99040", "2005-08-31": "48.68000", "2005-05-31": "50.29210", "2005-02-28": "48.36750"}, "Operating Margin": {"2020-11-30": "19.50460", "2020-08-31": "22.39450", "2020-05-31": "17.69050", "2020-02-29": "16.22880", "2019-11-30": "17.90250", "2019-08-31": "19.57600", "2019-05-31": "19.67380", "2019-02-28": "16.32360", "2018-11-30": "18.46580", "2018-08-31": "16.61360", "2018-05-31": "20.51630", "2018-02-28": "8.49960", "2017-11-30": "18.10470", "2017-08-31": "20.14540", "2017-05-31": "20.22030", "2017-02-28": "16.77290", "2016-11-30": "18.59530", "2016-08-31": "20.69470", "2016-05-31": "20.68010", "2016-02-29": "16.95290", "2015-11-30": "18.35650", "2015-08-31": "20.34010", "2015-05-31": "20.61550", "2015-02-28": "16.85300", "2014-11-30": "18.07590", "2014-08-31": "20.66440", "2014-05-31": "20.45450", "2014-02-28": "16.94780", "2013-11-30": "18.32870", "2013-08-31": "20.55370", "2013-05-31": "20.67340", "2013-02-28": "17.11790", "2012-11-30": "18.24550", "2012-08-31": "20.26550", "2012-05-31": "20.23090", "2012-02-29": "16.66520", "2011-11-30": "17.71690", "2011-08-31": "19.83380", "2011-05-31": "19.86110", "2011-02-28": "16.36100", "2010-11-30": "17.08590", "2010-08-31": "19.33370", "2010-05-31": "19.53170", "2010-02-28": "15.29530", "2009-11-30": "16.38690", "2009-08-31": "18.70530", "2009-05-31": "18.40790", "2009-02-28": "14.82830", "2008-11-30": "16.13610", "2008-08-31": "18.85710", "2008-05-31": "17.99480", "2008-02-29": "14.70120", "2007-11-30": "16.30710", "2007-08-31": "18.89290", "2007-05-31": "17.98080", "2007-02-28": "14.52860", "2006-11-30": "16.00750", "2006-08-31": "19.24250", "2006-05-31": "17.86110", "2006-02-28": "14.22420", "2005-11-30": "15.34240", "2005-08-31": "18.65710", "2005-05-31": "19.38620", "2005-02-28": "12.35150"}, "EBIT Margin": {"2020-11-30": "19.50460", "2020-08-31": "22.39450", "2020-05-31": "17.69050", "2020-02-29": "16.22880", "2019-11-30": "17.90250", "2019-08-31": "19.57600", "2019-05-31": "19.67380", "2019-02-28": "16.32360", "2018-11-30": "18.46580", "2018-08-31": "16.61360", "2018-05-31": "20.51630", "2018-02-28": "8.49960", "2017-11-30": "18.10470", "2017-08-31": "20.14540", "2017-05-31": "20.22030", "2017-02-28": "16.77290", "2016-11-30": "18.59530", "2016-08-31": "20.69470", "2016-05-31": "20.68010", "2016-02-29": "16.95290", "2015-11-30": "18.35650", "2015-08-31": "20.34010", "2015-05-31": "20.61550", "2015-02-28": "16.85300", "2014-11-30": "18.07590", "2014-08-31": "20.66440", "2014-05-31": "20.45450", "2014-02-28": "16.94780", "2013-11-30": "18.32870", "2013-08-31": "20.55370", "2013-05-31": "20.67340", "2013-02-28": "17.11790", "2012-11-30": "18.24550", "2012-08-31": "20.26560", "2012-05-31": "20.23090", "2012-02-29": "16.66520", "2011-11-30": "17.71690", "2011-08-31": "19.83380", "2011-05-31": "19.86110", "2011-02-28": "16.36100", "2010-11-30": "17.08590", "2010-08-31": "19.33370", "2010-05-31": "19.53170", "2010-02-28": "15.29530", "2009-11-30": "16.38690", "2009-08-31": "18.70530", "2009-05-31": "18.40790", "2009-02-28": "14.82830", "2008-11-30": "16.13610", "2008-08-31": "18.85720", "2008-05-31": "17.99480", "2008-02-29": "14.70120", "2007-11-30": "16.30710", "2007-08-31": "18.89290", "2007-05-31": "17.98080", "2007-02-28": "14.52860", "2006-11-30": "16.00750", "2006-08-31": "19.24250", "2006-05-31": "17.86110", "2006-02-28": "14.22420", "2005-11-30": "15.34240", "2005-08-31": "18.65710", "2005-05-31": "19.38620", "2005-02-28": "12.35150"}, "EBITDA Margin": {"2020-11-30": "", "2020-08-31": "", "2020-05-31": "", "2020-02-29": "", "2019-11-30": "", "2019-08-31": "", "2019-05-31": "", "2019-02-28": "", "2018-11-30": "", "2018-08-31": "", "2018-05-31": "", "2018-02-28": "", "2017-11-30": "", "2017-08-31": "", "2017-05-31": "", "2017-02-28": "", "2016-11-30": "", "2016-08-31": "", "2016-05-31": "", "2016-02-29": "", "2015-11-30": "", "2015-08-31": "", "2015-05-31": "", "2015-02-28": "", "2014-11-30": "", "2014-08-31": "", "2014-05-31": "", "2014-02-28": "", "2013-11-30": "", "2013-08-31": "", "2013-05-31": "", "2013-02-28": "", "2012-11-30": "", "2012-08-31": "", "2012-05-31": "", "2012-02-29": "", "2011-11-30": "", "2011-08-31": "", "2011-05-31": "", "2011-02-28": "", "2010-11-30": "", "2010-08-31": "", "2010-05-31": "", "2010-02-28": "", "2009-11-30": "", "2009-08-31": "", "2009-05-31": "", "2009-02-28": "", "2008-11-30": "", "2008-08-31": "", "2008-05-31": "", "2008-02-29": "", "2007-11-30": "", "2007-08-31": "", "2007-05-31": "", "2007-02-28": "", "2006-11-30": "", "2006-08-31": "", "2006-05-31": "", "2006-02-28": "", "2005-11-30": "", "2005-08-31": "", "2005-05-31": "", "2005-02-28": ""}, "Pre-Tax Profit Margin": {"2020-11-30": "18.04060", "2020-08-31": "20.95060", "2020-05-31": "15.98330", "2020-02-29": "14.46510", "2019-11-30": "16.33630", "2019-08-31": "18.04160", "2019-05-31": "18.12010", "2019-02-28": "14.63570", "2018-11-30": "16.98930", "2018-08-31": "15.08670", "2018-05-31": "18.93900", "2018-02-28": "6.86930", "2017-11-30": "16.60270", "2017-08-31": "18.68210", "2017-05-31": "18.85810", "2017-02-28": "15.27910", "2016-11-30": "17.24570", "2016-08-31": "19.34750", "2016-05-31": "19.36730", "2016-02-29": "15.49840", "2015-11-30": "16.88930", "2015-08-31": "18.90970", "2015-05-31": "19.34080", "2015-02-28": "15.24190", "2014-11-30": "16.43620", "2014-08-31": "19.04370", "2014-05-31": "18.91020", "2014-02-28": "14.96380", "2013-11-30": "16.30200", "2013-08-31": "18.58630", "2013-05-31": "18.76530", "2013-02-28": "14.89050", "2012-11-30": "16.18110", "2012-08-31": "18.16160", "2012-05-31": "18.34900", "2012-02-29": "14.50770", "2011-11-30": "15.68540", "2011-08-31": "17.79700", "2011-05-31": "17.84340", "2011-02-28": "13.97830", "2010-11-30": "15.00660", "2010-08-31": "17.31230", "2010-05-31": "17.51010", "2010-02-28": "12.88470", "2009-11-30": "14.10030", "2009-08-31": "16.56600", "2009-05-31": "16.50930", "2009-02-28": "12.62460", "2008-11-30": "14.02790", "2008-08-31": "17.28450", "2008-05-31": "16.32530", "2008-02-29": "12.56660", "2007-11-30": "14.37930", "2007-08-31": "16.99100", "2007-05-31": "16.14080", "2007-02-28": "12.46620", "2006-11-30": "14.06270", "2006-08-31": "17.44280", "2006-05-31": "16.10290", "2006-02-28": "12.28350", "2005-11-30": "13.56830", "2005-08-31": "16.91530", "2005-05-31": "17.57630", "2005-02-28": "10.38770"}, "Net Profit Margin": {"2020-11-30": "14.02650", "2020-08-31": "16.28820", "2020-05-31": "12.33750", "2020-02-29": "11.90620", "2019-11-30": "12.54330", "2019-08-31": "14.17170", "2019-05-31": "14.58670", "2019-02-28": "12.02330", "2018-11-30": "13.30210", "2018-08-31": "11.24780", "2018-05-31": "13.78570", "2018-02-28": "11.99860", "2017-11-30": "10.85320", "2017-08-31": "12.35260", "2017-05-31": "12.66510", "2017-02-28": "10.35920", "2016-11-30": "11.27000", "2016-08-31": "12.55650", "2016-05-31": "12.62750", "2016-02-29": "10.12820", "2015-11-30": "10.81760", "2015-08-31": "12.19110", "2015-05-31": "12.39750", "2015-02-28": "9.87670", "2014-11-30": "10.54350", "2014-08-31": "12.25270", "2014-05-31": "12.17820", "2014-02-28": "9.68750", "2013-11-30": "10.41700", "2013-08-31": "11.99190", "2013-05-31": "12.03980", "2013-02-28": "9.50020", "2012-11-30": "10.21840", "2012-08-31": "11.71420", "2012-05-31": "11.77090", "2012-02-29": "9.25300", "2011-11-30": "9.93200", "2011-08-31": "11.41070", "2011-05-31": "11.49300", "2011-02-28": "8.91400", "2010-11-30": "9.60430", "2010-08-31": "10.99860", "2010-05-31": "11.12770", "2010-02-28": "8.18820", "2009-11-30": "9.01690", "2009-08-31": "10.57670", "2009-05-31": "10.47480", "2009-02-28": "8.00230", "2008-11-30": "8.88670", "2008-08-31": "11.02680", "2008-05-31": "10.45530", "2008-02-29": "7.96750", "2007-11-30": "9.10350", "2007-08-31": "10.84410", "2007-05-31": "10.28660", "2007-02-28": "7.92210", "2006-11-30": "8.89320", "2006-08-31": "11.00810", "2006-05-31": "10.18940", "2006-02-28": "7.73810", "2005-11-30": "8.54760", "2005-08-31": "10.97700", "2005-05-31": "11.04230", "2005-02-28": "7.81470"}, "Asset Turnover": {"2020-11-30": "0.21650", "2020-08-31": "0.31520", "2020-05-31": "0.21540", "2020-02-29": "0.19540", "2019-11-30": "0.21990", "2019-08-31": "0.40300", "2019-05-31": "0.28470", "2019-02-28": "0.25150", "2018-11-30": "0.27740", "2018-08-31": "0.38070", "2018-05-31": "0.28600", "2018-02-28": "0.25660", "2017-11-30": "0.27550", "2017-08-31": "0.37930", "2017-05-31": "0.29010", "2017-02-28": "0.25710", "2016-11-30": "0.28230", "2016-08-31": "0.39520", "2016-05-31": "0.30640", "2016-02-29": "0.26980", "2015-11-30": "0.29040", "2015-08-31": "0.40610", "2015-05-31": "0.31040", "2015-02-28": "0.26960", "2014-11-30": "0.29290", "2014-08-31": "0.40680", "2014-05-31": "0.31760", "2014-02-28": "0.27410", "2013-11-30": "0.29810", "2013-08-31": "0.44910", "2013-05-31": "0.32520", "2013-02-28": "0.27850", "2012-11-30": "0.31120", "2012-08-31": "0.44110", "2012-05-31": "0.34350", "2012-02-29": "0.29790", "2011-11-30": "0.32440", "2011-08-31": "0.45010", "2011-05-31": "0.33620", "2011-02-28": "0.28810", "2010-11-30": "0.31760", "2010-08-31": "0.43890", "2010-05-31": "0.33410", "2010-02-28": "0.27760", "2009-11-30": "0.29510", "2009-08-31": "0.41980", "2009-05-31": "0.31310", "2009-02-28": "0.27660", "2008-11-30": "0.28910", "2008-08-31": "0.42050", "2008-05-31": "0.30180", "2008-02-29": "0.27120", "2007-11-30": "0.29860", "2007-08-31": "0.41680", "2007-05-31": "0.31210", "2007-02-28": "0.27990", "2006-11-30": "0.30210", "2006-08-31": "0.42840", "2006-05-31": "0.31900", "2006-02-28": "0.28480", "2005-11-30": "0.30830", "2005-08-31": "0.44340", "2005-05-31": "0.32110", "2005-02-28": "0.29660"}, "Inventory Turnover Ratio": {"2020-11-30": "0.31950", "2020-08-31": "0.47680", "2020-05-31": "0.29020", "2020-02-29": "0.24910", "2019-11-30": "0.28950", "2019-08-31": "0.43020", "2019-05-31": "0.29840", "2019-02-28": "0.26140", "2018-11-30": "0.29930", "2018-08-31": "0.41860", "2018-05-31": "0.30880", "2018-02-28": "0.27800", "2017-11-30": "0.30490", "2017-08-31": "0.42720", "2017-05-31": "0.32130", "2017-02-28": "0.27770", "2016-11-30": "0.30910", "2016-08-31": "0.44160", "2016-05-31": "0.34000", "2016-02-29": "0.29700", "2015-11-30": "0.32230", "2015-08-31": "0.45680", "2015-05-31": "0.34320", "2015-02-28": "0.29610", "2014-11-30": "0.33030", "2014-08-31": "0.46320", "2014-05-31": "0.35890", "2014-02-28": "0.30860", "2013-11-30": "0.34190", "2013-08-31": "0.52120", "2013-05-31": "0.38010", "2013-02-28": "0.32380", "2012-11-30": "0.35500", "2012-08-31": "0.50650", "2012-05-31": "0.38860", "2012-02-29": "0.34060", "2011-11-30": "0.37160", "2011-08-31": "0.52290", "2011-05-31": "0.38720", "2011-02-28": "0.33710", "2010-11-30": "0.37430", "2010-08-31": "0.52510", "2010-05-31": "0.39280", "2010-02-28": "0.33270", "2009-11-30": "0.34880", "2009-08-31": "0.50260", "2009-05-31": "0.36830", "2009-02-28": "0.33270", "2008-11-30": "0.33710", "2008-08-31": "0.51100", "2008-05-31": "0.35860", "2008-02-29": "0.32460", "2007-11-30": "0.35540", "2007-08-31": "0.49730", "2007-05-31": "0.37300", "2007-02-28": "0.34600", "2006-11-30": "0.37580", "2006-08-31": "0.52870", "2006-05-31": "0.40700", "2006-02-28": "0.37010", "2005-11-30": "0.40600", "2005-08-31": "0.58060", "2005-05-31": "0.40590", "2005-02-28": "0.39050"}, "Receiveable Turnover": {"2020-11-30": "8.98870", "2020-08-31": "12.46240", "2020-05-31": "10.41250", "2020-02-29": "7.38700", "2019-11-30": "8.38130", "2019-08-31": "12.90780", "2019-05-31": "9.88250", "2019-02-28": "8.21460", "2018-11-30": "9.59950", "2018-08-31": "13.78640", "2018-05-31": "10.18050", "2018-02-28": "8.54070", "2017-11-30": "9.50310", "2017-08-31": "12.51230", "2017-05-31": "9.48540", "2017-02-28": "9.27250", "2016-11-30": "9.11420", "2016-08-31": "11.81440", "2016-05-31": "8.80620", "2016-02-29": "7.63100", "2015-11-30": "9.61650", "2015-08-31": "13.27460", "2015-05-31": "11.75580", "2015-02-28": "10.90080", "2014-11-30": "11.56020", "2014-08-31": "15.18030", "2014-05-31": "12.26920", "2014-02-28": "10.41520", "2013-11-30": "12.09360", "2013-08-31": "18.03460", "2013-05-31": "14.18120", "2013-02-28": "11.56460", "2012-11-30": "11.48650", "2012-08-31": "17.12530", "2012-05-31": "15.76710", "2012-02-29": "12.45990", "2011-11-30": "14.18140", "2011-08-31": "18.77890", "2011-05-31": "14.50750", "2011-02-28": "11.84470", "2010-11-30": "15.36000", "2010-08-31": "19.43660", "2010-05-31": "15.01740", "2010-02-28": "10.21410", "2009-11-30": "11.13530", "2009-08-31": "17.64620", "2009-05-31": "11.78060", "2009-02-28": "11.55420", "2008-11-30": "21.92010", "2008-08-31": "31.02870", "2008-05-31": "20.24000", "2008-02-29": "20.51850", "2007-11-30": "27.00660", "2007-08-31": "33.44760", "2007-05-31": "27.94110", "2007-02-28": "21.70340", "2006-11-30": "18.86810", "2006-08-31": "24.12840", "2006-05-31": "13.81510", "2006-02-28": "10.08970", "2005-11-30": "11.76220", "2005-08-31": "15.91570", "2005-05-31": "11.14200", "2005-02-28": "11.51350"}, "Days Sales In Receivables": {"2020-11-30": "10.01260", "2020-08-31": "7.22170", "2020-05-31": "8.64350", "2020-02-29": "12.18350", "2019-11-30": "10.73820", "2019-08-31": "6.97250", "2019-05-31": "9.10700", "2019-02-28": "10.95610", "2018-11-30": "9.37550", "2018-08-31": "6.52820", "2018-05-31": "8.84040", "2018-02-28": "10.53780", "2017-11-30": "9.47060", "2017-08-31": "7.19290", "2017-05-31": "9.48830", "2017-02-28": "9.70610", "2016-11-30": "9.87470", "2016-08-31": "7.61780", "2016-05-31": "10.22010", "2016-02-29": "11.79400", "2015-11-30": "9.35890", "2015-08-31": "6.77990", "2015-05-31": "7.65580", "2015-02-28": "8.25620", "2014-11-30": "7.78530", "2014-08-31": "5.92880", "2014-05-31": "7.33550", "2014-02-28": "8.64120", "2013-11-30": "7.44190", "2013-08-31": "4.99040", "2013-05-31": "6.34650", "2013-02-28": "7.78240", "2012-11-30": "7.83530", "2012-08-31": "5.25540", "2012-05-31": "5.70810", "2012-02-29": "7.22320", "2011-11-30": "6.34640", "2011-08-31": "4.79260", "2011-05-31": "6.20370", "2011-02-28": "7.59830", "2010-11-30": "5.85940", "2010-08-31": "4.63040", "2010-05-31": "5.99300", "2010-02-28": "8.81140", "2009-11-30": "8.08240", "2009-08-31": "5.10020", "2009-05-31": "7.63970", "2009-02-28": "7.78940", "2008-11-30": "4.10580", "2008-08-31": "2.90050", "2008-05-31": "4.44660", "2008-02-29": "4.38630", "2007-11-30": "3.33250", "2007-08-31": "2.69080", "2007-05-31": "3.22110", "2007-02-28": "4.14680", "2006-11-30": "4.77000", "2006-08-31": "3.73000", "2006-05-31": "6.51460", "2006-02-28": "8.92000", "2005-11-30": "7.65170", "2005-08-31": "5.65480", "2005-05-31": "8.07760", "2005-02-28": "7.81690"}, "ROE - Return On Equity": {"2020-11-30": "-43.08100", "2020-08-31": "-84.33660", "2020-05-31": "-21.00130", "2020-02-29": "-17.49040", "2019-11-30": "-19.72520", "2019-08-31": "-32.98000", "2019-05-31": "-25.53920", "2019-02-28": "-18.48000", "2018-11-30": "-21.18670", "2018-08-31": "-26.32820", "2018-05-31": "-26.93300", "2018-02-28": "-21.76020", "2017-11-30": "-18.42520", "2017-08-31": "-30.37710", "2017-05-31": "-19.35000", "2017-02-28": "-12.97690", "2016-11-30": "-14.67500", "2016-08-31": "-23.87460", "2016-05-31": "-17.57730", "2016-02-29": "-13.12880", "2015-11-30": "-14.51600", "2015-08-31": "-23.57700", "2015-05-31": "-18.80860", "2015-02-28": "-14.41590", "2014-11-30": "-14.33180", "2014-08-31": "-23.03960", "2014-05-31": "-15.77000", "2014-02-28": "-11.27490", "2013-11-30": "-12.67050", "2013-08-31": "-21.99930", "2013-05-31": "-17.33180", "2013-02-28": "-11.37000", "2012-11-30": "-12.78470", "2012-08-31": "-20.91260", "2012-05-31": "-17.54520", "2012-02-29": "-12.88510", "2011-11-30": "-14.18790", "2011-08-31": "-24.03610", "2011-05-31": "-20.30950", "2011-02-28": "-14.25790", "2010-11-30": "-21.05760", "2010-08-31": "-36.40310", "2010-05-31": "-43.88900", "2010-02-28": "", "2009-11-30": "", "2009-08-31": "-54.52300", "2009-05-31": "", "2009-02-28": "", "2008-11-30": "", "2008-08-31": "106.12180", "2008-05-31": "", "2008-02-29": "", "2007-11-30": "", "2007-08-31": "53.86310", "2007-05-31": "", "2007-02-28": "", "2006-11-30": "", "2006-08-31": "45.46080", "2006-05-31": "", "2006-02-28": "", "2005-11-30": "", "2005-08-31": "52.84150", "2005-05-31": "", "2005-02-28": ""}, "Return On Tangible Equity": {"2020-11-30": "-33.27500", "2020-08-31": "-62.71750", "2020-05-31": "-17.71720", "2020-02-29": "-14.86180", "2019-11-30": "-16.85340", "2019-08-31": "-28.03020", "2019-05-31": "-21.45430", "2019-02-28": "-15.53170", "2018-11-30": "-17.91740", "2018-08-31": "-21.95730", "2018-05-31": "-22.03520", "2018-02-28": "-17.72790", "2017-11-30": "-14.65860", "2017-08-31": "-23.83720", "2017-05-31": "-15.74950", "2017-02-28": "-10.68540", "2016-11-30": "-12.16050", "2016-08-31": "-19.58160", "2016-05-31": "-14.52290", "2016-02-29": "-10.71690", "2015-11-30": "-11.89450", "2015-08-31": "-19.16310", "2015-05-31": "-15.24130", "2015-02-28": "-11.42790", "2014-11-30": "-11.64350", "2014-08-31": "-18.78040", "2014-05-31": "-13.10430", "2014-02-28": "-9.27920", "2013-11-30": "-10.43950", "2013-08-31": "-18.06190", "2013-05-31": "-13.84380", "2013-02-28": "-9.10320", "2012-11-30": "-10.74180", "2012-08-31": "-17.49270", "2012-05-31": "-14.45710", "2012-02-29": "-10.44510", "2011-11-30": "-11.58510", "2011-08-31": "-19.36370", "2011-05-31": "-15.98760", "2011-02-28": "-11.04030", "2010-11-30": "-15.36650", "2010-08-31": "-25.82390", "2010-05-31": "-26.51670", "2010-02-28": "-17.02750", "2009-11-30": "-18.21740", "2009-08-31": "-32.09440", "2009-05-31": "-49.94450", "2009-02-28": "-23.64830", "2008-11-30": "-54.14060", "2008-08-31": "-334.09360", "2008-05-31": "103.56070", "2008-02-29": "-522.74930", "2007-11-30": "-100.70200", "2007-08-31": "215.97690", "2007-05-31": "96.73290", "2007-02-28": "42.75500", "2006-11-30": "52.67540", "2006-08-31": "127.90450", "2006-05-31": "54.31670", "2006-02-28": "28.66120", "2005-11-30": "52.31230", "2005-08-31": "233.97030", "2005-05-31": "-3714.07900", "2005-02-28": "114.80080"}, "ROA - Return On Assets": {"2020-11-30": "3.03690", "2020-08-31": "5.13350", "2020-05-31": "2.65770", "2020-02-29": "2.32660", "2019-11-30": "2.75850", "2019-08-31": "5.71170", "2019-05-31": "4.15350", "2019-02-28": "3.02340", "2018-11-30": "3.68990", "2018-08-31": "4.28250", "2018-05-31": "3.94250", "2018-02-28": "3.07890", "2017-11-30": "2.99030", "2017-08-31": "4.68580", "2017-05-31": "3.67400", "2017-02-28": "2.66380", "2016-11-30": "3.18130", "2016-08-31": "4.96250", "2016-05-31": "3.86950", "2016-02-29": "2.73250", "2015-11-30": "3.14100", "2015-08-31": "4.95090", "2015-05-31": "3.84780", "2015-02-28": "2.66320", "2014-11-30": "3.08810", "2014-08-31": "4.98420", "2014-05-31": "3.86820", "2014-02-28": "2.65500", "2013-11-30": "3.10510", "2013-08-31": "5.38590", "2013-05-31": "3.91540", "2013-02-28": "2.64550", "2012-11-30": "3.17990", "2012-08-31": "5.16680", "2012-05-31": "4.04280", "2012-02-29": "2.75620", "2011-11-30": "3.22160", "2011-08-31": "5.13610", "2011-05-31": "3.86370", "2011-02-28": "2.56790", "2010-11-30": "3.05070", "2010-08-31": "4.82690", "2010-05-31": "3.71820", "2010-02-28": "2.27340", "2009-11-30": "2.66070", "2009-08-31": "4.43980", "2009-05-31": "3.27950", "2009-02-28": "2.21320", "2008-11-30": "2.56920", "2008-08-31": "4.63650", "2008-05-31": "3.15580", "2008-02-29": "2.16070", "2007-11-30": "2.71870", "2007-08-31": "4.52010", "2007-05-31": "3.21000", "2007-02-28": "2.21710", "2006-11-30": "2.68640", "2006-08-31": "4.71580", "2006-05-31": "3.25070", "2006-02-28": "2.20410", "2005-11-30": "2.63540", "2005-08-31": "4.86690", "2005-05-31": "3.54540", "2005-02-28": "2.31790"}, "ROI - Return On Investment": {"2020-11-30": "9.85840", "2020-08-31": "15.97400", "2020-05-31": "9.05810", "2020-02-29": "8.00140", "2019-11-30": "9.97760", "2019-08-31": "16.18410", "2019-05-31": "11.39540", "2019-02-28": "8.37790", "2018-11-30": "10.04760", "2018-08-31": "11.48400", "2018-05-31": "10.20630", "2018-02-28": "7.79780", "2017-11-30": "8.12640", "2017-08-31": "11.87830", "2017-05-31": "9.64630", "2017-02-28": "7.13340", "2016-11-30": "8.96540", "2016-08-31": "13.60610", "2016-05-31": "10.59780", "2016-02-29": "8.63830", "2015-11-30": "8.67320", "2015-08-31": "13.72120", "2015-05-31": "10.69420", "2015-02-28": "7.31980", "2014-11-30": "10.83200", "2014-08-31": "14.82620", "2014-05-31": "12.10850", "2014-02-28": "7.86100", "2013-11-30": "9.51500", "2013-08-31": "15.95900", "2013-05-31": "10.75780", "2013-02-28": "8.97770", "2012-11-30": "9.20040", "2012-08-31": "14.91660", "2012-05-31": "11.39170", "2012-02-29": "7.80310", "2011-11-30": "9.69290", "2011-08-31": "14.61050", "2011-05-31": "11.08290", "2011-02-28": "6.82320", "2010-11-30": "8.48280", "2010-08-31": "12.54620", "2010-05-31": "9.06510", "2010-02-28": "5.24150", "2009-11-30": "6.35330", "2009-08-31": "10.29390", "2009-05-31": "9.12150", "2009-02-28": "4.62820", "2008-11-30": "5.64260", "2008-08-31": "9.82980", "2008-05-31": "6.64360", "2008-02-29": "4.48860", "2007-11-30": "5.68220", "2007-08-31": "9.28570", "2007-05-31": "6.32080", "2007-02-28": "4.29610", "2006-11-30": "5.16900", "2006-08-31": "9.17400", "2006-05-31": "6.03370", "2006-02-28": "4.00840", "2005-11-30": "4.94900", "2005-08-31": "9.17120", "2005-05-31": "6.67740", "2005-02-28": "4.11560"}, "Book Value Per Share": {"2020-11-30": "-44.93460", "2020-08-31": "-37.55890", "2020-05-31": "-69.93040", "2020-02-29": "-72.85080", "2019-11-30": "-75.08310", "2019-08-31": "-71.29760", "2019-05-31": "-64.58550", "2019-02-28": "-63.88180", "2018-11-30": "-65.77630", "2018-08-31": "-59.06130", "2018-05-31": "-51.06910", "2018-02-28": "-48.82560", "2017-11-30": "-55.94230", "2017-08-31": "-51.31960", "2017-05-31": "-60.88490", "2017-02-28": "-64.17700", "2016-11-30": "-66.12330", "2016-08-31": "-61.38950", "2016-05-31": "-63.16000", "2016-02-29": "-57.84900", "2015-11-30": "-58.74010", "2015-08-31": "-55.49400", "2015-05-31": "-52.60240", "2015-02-28": "-46.03720", "2014-11-30": "-52.24690", "2014-08-31": "-50.20610", "2014-05-31": "-55.44510", "2014-02-28": "-51.27450", "2013-11-30": "-51.07330", "2013-08-31": "-49.20300", "2013-05-31": "-43.19990", "2013-02-28": "-42.96430", "2012-11-30": "-43.63140", "2012-08-31": "-41.80690", "2012-05-31": "-37.21740", "2012-02-29": "-33.26040", "2011-11-30": "-34.26340", "2011-08-31": "-31.27060", "2011-05-31": "-27.01660", "2011-02-28": "-24.36960", "2010-11-30": "-18.56060", "2010-08-31": "-16.37810", "2010-05-31": "-9.69510", "2010-02-28": "-8.64790", "2009-11-30": "-9.77790", "2009-08-31": "-8.52490", "2009-05-31": "-0.83970", "2009-02-28": "-3.42460", "2008-11-30": "1.04410", "2008-08-31": "3.85330", "2008-05-31": "7.20150", "2008-02-29": "4.46430", "2007-11-30": "2.70740", "2007-08-31": "6.11280", "2007-05-31": "6.82670", "2007-02-28": "7.76930", "2006-11-30": "7.60990", "2006-08-31": "6.60540", "2006-05-31": "7.65260", "2006-02-28": "8.35460", "2005-11-30": "6.79410", "2005-08-31": "5.10860", "2005-05-31": "3.86800", "2005-02-28": "4.83200"}, "Operating Cash Flow Per Share": {"2020-11-30": "28.74470", "2020-08-31": 58.2122, "2020-05-31": 27.7161, "2020-02-29": 8.7177, "2019-11-30": "18.25430", "2019-08-31": 32.8108, "2019-05-31": 18.8037, "2019-02-28": 14.6512, "2018-11-30": "17.21200", "2018-08-31": 29.8851, "2018-05-31": 18.9884, "2018-02-28": 6.8729, "2017-11-30": "20.11020", "2017-08-31": 19.2429, "2017-05-31": 15.5756, "2017-02-28": 5.5339, "2016-11-30": "13.68550", "2016-08-31": 17.8051, "2016-05-31": 17.748, "2016-02-29": 7.1293, "2015-11-30": "11.14400", "2015-08-31": 17.9111, "2015-05-31": 16.2866, "2015-02-28": 3.1912, "2014-11-30": "11.45350", "2014-08-31": 10.7826, "2014-05-31": 13.9764, "2014-02-28": 4.5213, "2013-11-30": "10.30520", "2013-08-31": 14.1569, "2013-05-31": 10.6822, "2013-02-28": 5.3752, "2012-11-30": "8.46730", "2012-08-31": 10.7172, "2012-05-31": 8.7095, "2012-02-29": 3.086, "2011-11-30": "8.37640", "2011-08-31": 8.7406, "2011-05-31": 10.94, "2011-02-28": 2.1089, "2010-11-30": "7.83090", "2010-08-31": 9.2053, "2010-05-31": 8.1052, "2010-02-28": 2.4095, "2009-11-30": "4.54280", "2009-08-31": 6.8513, "2009-05-31": 7.0535, "2009-02-28": 0.2045, "2008-11-30": "2.38960", "2008-08-31": 6.5594, "2008-05-31": 3.2018, "2008-02-29": 2.0456, "2007-11-30": "2.61360", "2007-08-31": 5.1749, "2007-05-31": 2.9887, "2007-02-28": 2.3785, "2006-11-30": "1.55910", "2006-08-31": 5.1487, "2006-05-31": 3.1265, "2006-02-28": 0.9158, "2005-11-30": "1.65470", "2005-08-31": 3.0752, "2005-05-31": 3.8249, "2005-02-28": 1.2511}, "Free Cash Flow Per Share": {"2020-11-30": "23.89130", "2020-08-31": 51.1206, "2020-05-31": 24.1358, "2020-02-29": 5.004, "2019-11-30": "14.12950", "2019-08-31": 25.7239, "2019-05-31": 14.0919, "2019-02-28": 10.9917, "2018-11-30": "13.47460", "2018-08-31": 21.5256, "2018-05-31": 15.9396, "2018-02-28": 3.1502, "2017-11-30": "16.19780", "2017-08-31": 12.5931, "2017-05-31": 10.6131, "2017-02-28": 1.4773, "2016-11-30": "10.40100", "2016-08-31": 11.6255, "2016-05-31": 14.007, "2016-02-29": 3.8804, "2015-11-30": "8.36830", "2015-08-31": 12.2036, "2015-05-31": 12.7691, "2015-02-28": 0.3701, "2014-11-30": "8.63160", "2014-08-31": 5.6949, "2014-05-31": 10.9517, "2014-02-28": 2.2293, "2013-11-30": "7.90290", "2013-08-31": 9.9791, "2013-05-31": 8.3687, "2013-02-28": 2.9313, "2012-11-30": "6.33970", "2012-08-31": 6.96, "2012-05-31": 6.2388, "2012-02-29": 1.4285, "2011-11-30": "6.88690", "2011-08-31": 6.0567, "2011-05-31": 8.7169, "2011-02-28": 0.7083, "2010-11-30": "6.83850", "2010-08-31": 6.5692, "2010-05-31": 6.7073, "2010-02-28": 1.2991, "2009-11-30": "3.52320", "2009-08-31": 4.9119, "2009-05-31": 5.9168, "2009-02-28": -0.6002, "2008-11-30": "1.59860", "2008-08-31": 5.2044, "2008-05-31": 2.2904, "2008-02-29": 1.2411, "2007-11-30": "1.93370", "2007-08-31": 4.2373, "2007-05-31": 2.1956, "2007-02-28": 1.6676, "2006-11-30": "0.83620", "2006-08-31": 4.1506, "2006-05-31": 2.2635, "2006-02-28": 0.1824, "2005-11-30": "0.90440", "2005-08-31": 1.8628, "2005-05-31": 2.9633, "2005-02-28": -0.1926}}, "revenue": {"AutoZone Annual Revenue (Millions of US $)": {"2020": "$12,632", "2019": "$11,864", "2018": "$11,221", "2017": "$10,889", "2016": "$10,636", "2015": "$10,187", "2014": "$9,475", "2013": "$9,148", "2012": "$8,604", "2011": "$8,073", "2010": "$7,363", "2009": "$6,817", "2008": "$6,523", "2007": "$6,170", "2006": "$5,948", "2005": "$5,711"}, "AutoZone Quarterly Revenue (Millions of US $)": {"2020-11-30": "$3,154", "2020-08-31": "$4,546", "2020-05-31": "$2,779", "2020-02-29": "$2,514", "2019-11-30": "$2,793", "2019-08-31": "$3,988", "2019-05-31": "$2,783", "2019-02-28": "$2,451", "2018-11-30": "$2,642", "2018-08-31": "$3,559", "2018-05-31": "$2,660", "2018-02-28": "$2,413", "2017-11-30": "$2,589", "2017-08-31": "$3,513", "2017-05-31": "$2,619", "2017-02-28": "$2,289", "2016-11-30": "$2,468", "2016-08-31": "$3,399", "2016-05-31": "$2,594", "2016-02-29": "$2,257", "2015-11-30": "$2,386", "2015-08-31": "$3,290", "2015-05-31": "$2,493", "2015-02-28": "$2,144", "2014-11-30": "$2,260", "2014-08-31": "$3,050", "2014-05-31": "$2,342", "2014-02-28": "$1,990", "2013-11-30": "$2,094", "2013-08-31": "$3,095", "2013-05-31": "$2,206", "2013-02-28": "$1,855", "2012-11-30": "$1,991", "2012-08-31": "$2,764", "2012-05-31": "$2,112", "2012-02-29": "$1,804", "2011-11-30": "$1,924", "2011-08-31": "$2,642", "2011-05-31": "$1,978", "2011-02-28": "$1,661", "2010-11-30": "$1,792", "2010-08-31": "$2,445", "2010-05-31": "$1,822", "2010-02-28": "$1,506", "2009-11-30": "$1,589", "2009-08-31": "$2,232", "2009-05-31": "$1,658", "2009-02-28": "$1,448", "2008-11-30": "$1,478", "2008-08-31": "$2,211", "2008-05-31": "$1,517", "2008-02-29": "$1,339", "2007-11-30": "$1,456", "2007-08-31": "$2,003", "2007-05-31": "$1,474", "2007-02-28": "$1,300", "2006-11-30": "$1,393", "2006-08-31": "$1,939", "2006-05-31": "$1,417", "2006-02-28": "$1,254", "2005-11-30": "$1,338", "2005-08-31": "$1,882", "2005-05-31": "$1,338", "2005-02-28": "$1,204"}}, "gross-profit": {"AutoZone Annual Gross Profit (Millions of US $)": {"2020": "$6,771", "2019": "$6,365", "2018": "$5,974", "2017": "$5,740", "2016": "$5,609", "2015": "$5,327", "2014": "$4,935", "2013": "$4,741", "2012": "$4,432", "2011": "$4,119", "2010": "$3,712", "2009": "$3,416", "2008": "$3,268", "2007": "$3,064", "2006": "$2,939", "2005": "$2,793"}, "AutoZone Quarterly Gross Profit (Millions of US $)": {"2020-11-30": "$1,676", "2020-08-31": "$2,413", "2020-05-31": "$1,491", "2020-02-29": "$1,366", "2019-11-30": "$1,501", "2019-08-31": "$2,130", "2019-05-31": "$1,492", "2019-02-28": "$1,325", "2018-11-30": "$1,417", "2018-08-31": "$1,908", "2018-05-31": "$1,423", "2018-02-28": "$1,277", "2017-11-30": "$1,366", "2017-08-31": "$1,854", "2017-05-31": "$1,378", "2017-02-28": "$1,206", "2016-11-30": "$1,302", "2016-08-31": "$1,795", "2016-05-31": "$1,370", "2016-02-29": "$1,191", "2015-11-30": "$1,253", "2015-08-31": "$1,728", "2015-05-31": "$1,303", "2015-02-28": "$1,120", "2014-11-30": "$1,177", "2014-08-31": "$1,595", "2014-05-31": "$1,217", "2014-02-28": "$1,037", "2013-11-30": "$1,086", "2013-08-31": "$1,604", "2013-05-31": "$1,143", "2013-02-28": "$962", "2012-11-30": "$1,032", "2012-08-31": "$1,432", "2012-05-31": "$1,090", "2012-02-29": "$926", "2011-11-30": "$984", "2011-08-31": "$1,353", "2011-05-31": "$1,014", "2011-02-28": "$846", "2010-11-30": "$908", "2010-08-31": "$1,235", "2010-05-31": "$923", "2010-02-28": "$754", "2009-11-30": "$800", "2009-08-31": "$1,123", "2009-05-31": "$833", "2009-02-28": "$719", "2008-11-30": "$741", "2008-08-31": "$1,112", "2008-05-31": "$762", "2008-02-29": "$668", "2007-11-30": "$726", "2007-08-31": "$1,004", "2007-05-31": "$735", "2007-02-28": "$639", "2006-11-30": "$685", "2006-08-31": "$963", "2006-05-31": "$704", "2006-02-28": "$616", "2005-11-30": "$656", "2005-08-31": "$916", "2005-05-31": "$673", "2005-02-28": "$582"}}, "operating-income": {"AutoZone Annual Operating Income (Millions of US $)": {"2020": "$2,418", "2019": "$2,216", "2018": "$1,811", "2017": "$2,080", "2016": "$2,060", "2015": "$1,953", "2014": "$1,830", "2013": "$1,773", "2012": "$1,629", "2011": "$1,495", "2010": "$1,319", "2009": "$1,176", "2008": "$1,124", "2007": "$1,055", "2006": "$1,010", "2005": "$976"}, "AutoZone Quarterly Operating Income (Millions of US $)": {"2020-11-30": "$615", "2020-08-31": "$1,018", "2020-05-31": "$492", "2020-02-29": "$408", "2019-11-30": "$500", "2019-08-31": "$781", "2019-05-31": "$548", "2019-02-28": "$400", "2018-11-30": "$488", "2018-08-31": "$591", "2018-05-31": "$546", "2018-02-28": "$205", "2017-11-30": "$469", "2017-08-31": "$708", "2017-05-31": "$530", "2017-02-28": "$384", "2016-11-30": "$459", "2016-08-31": "$703", "2016-05-31": "$536", "2016-02-29": "$383", "2015-11-30": "$438", "2015-08-31": "$669", "2015-05-31": "$514", "2015-02-28": "$361", "2014-11-30": "$409", "2014-08-31": "$630", "2014-05-31": "$479", "2014-02-28": "$337", "2013-11-30": "$384", "2013-08-31": "$636", "2013-05-31": "$456", "2013-02-28": "$318", "2012-11-30": "$363", "2012-08-31": "$560", "2012-05-31": "$427", "2012-02-29": "$301", "2011-11-30": "$341", "2011-08-31": "$524", "2011-05-31": "$393", "2011-02-28": "$272", "2010-11-30": "$306", "2010-08-31": "$473", "2010-05-31": "$356", "2010-02-28": "$230", "2009-11-30": "$260", "2009-08-31": "$418", "2009-05-31": "$305", "2009-02-28": "$215", "2008-11-30": "$239", "2008-08-31": "$417", "2008-05-31": "$273", "2008-02-29": "$197", "2007-11-30": "$237", "2007-08-31": "$378", "2007-05-31": "$265", "2007-02-28": "$189", "2006-11-30": "$223", "2006-08-31": "$373", "2006-05-31": "$253", "2006-02-28": "$178", "2005-11-30": "$205", "2005-08-31": "$351", "2005-05-31": "$259", "2005-02-28": "$149"}}, "ebitda": {"AutoZone Annual EBITDA (Millions of US $)": {"2020": "$2,826", "2019": "$2,594", "2018": "$2,164", "2017": "$2,411", "2016": "$2,366", "2015": "$2,229", "2014": "$2,088", "2013": "$2,009", "2012": "$1,849", "2011": "$1,700", "2010": "$1,518", "2009": "$1,360", "2008": "$1,295", "2007": "$1,216", "2006": "$1,151", "2005": "$1,114"}, "AutoZone Quarterly EBITDA (Millions of US $)": {"2020-11-30": "$708", "2020-08-31": "$1,148", "2020-05-31": "$586", "2020-02-29": "$501", "2019-11-30": "$592", "2019-08-31": "$902", "2019-05-31": "$634", "2019-02-28": "$486", "2018-11-30": "$572", "2018-08-31": "$702", "2018-05-31": "$627", "2018-02-28": "$286", "2017-11-30": "$549", "2017-08-31": "$813", "2017-05-31": "$607", "2017-02-28": "$459", "2016-11-30": "$533", "2016-08-31": "$800", "2016-05-31": "$607", "2016-02-29": "$453", "2015-11-30": "$506", "2015-08-31": "$758", "2015-05-31": "$578", "2015-02-28": "$423", "2014-11-30": "$471", "2014-08-31": "$711", "2014-05-31": "$539", "2014-02-28": "$397", "2013-11-30": "$441", "2013-08-31": "$710", "2013-05-31": "$511", "2013-02-28": "$372", "2012-11-30": "$416", "2012-08-31": "$629", "2012-05-31": "$478", "2012-02-29": "$350", "2011-11-30": "$391", "2011-08-31": "$590", "2011-05-31": "$440", "2011-02-28": "$318", "2010-11-30": "$352", "2010-08-31": "$537", "2010-05-31": "$400", "2010-02-28": "$276", "2009-11-30": "$304", "2009-08-31": "$477", "2009-05-31": "$347", "2009-02-28": "$257", "2008-11-30": "$279", "2008-08-31": "$470", "2008-05-31": "$312", "2008-02-29": "$236", "2007-11-30": "$277", "2007-08-31": "$430", "2007-05-31": "$302", "2007-02-28": "$225", "2006-11-30": "$259", "2006-08-31": "$418", "2006-05-31": "$286", "2006-02-28": "$210", "2005-11-30": "$236", "2005-08-31": "$391", "2005-05-31": "$285", "2005-02-28": "$195"}}, "net-income": {"AutoZone Annual Net Income (Millions of US $)": {"2020": "$1,733", "2019": "$1,617", "2018": "$1,338", "2017": "$1,281", "2016": "$1,241", "2015": "$1,160", "2014": "$1,070", "2013": "$1,016", "2012": "$930", "2011": "$849", "2010": "$738", "2009": "$657", "2008": "$642", "2007": "$596", "2006": "$569", "2005": "$571"}, "AutoZone Quarterly Net Income (Millions of US $)": {"2020-11-30": "$442", "2020-08-31": "$740", "2020-05-31": "$343", "2020-02-29": "$299", "2019-11-30": "$350", "2019-08-31": "$565", "2019-05-31": "$406", "2019-02-28": "$295", "2018-11-30": "$351", "2018-08-31": "$400", "2018-05-31": "$367", "2018-02-28": "$290", "2017-11-30": "$281", "2017-08-31": "$434", "2017-05-31": "$332", "2017-02-28": "$237", "2016-11-30": "$278", "2016-08-31": "$427", "2016-05-31": "$328", "2016-02-29": "$229", "2015-11-30": "$258", "2015-08-31": "$401", "2015-05-31": "$309", "2015-02-28": "$212", "2014-11-30": "$238", "2014-08-31": "$374", "2014-05-31": "$285", "2014-02-28": "$193", "2013-11-30": "$218", "2013-08-31": "$371", "2013-05-31": "$266", "2013-02-28": "$176", "2012-11-30": "$203", "2012-08-31": "$324", "2012-05-31": "$249", "2012-02-29": "$167", "2011-11-30": "$191", "2011-08-31": "$301", "2011-05-31": "$227", "2011-02-28": "$148", "2010-11-30": "$172", "2010-08-31": "$269", "2010-05-31": "$203", "2010-02-28": "$123", "2009-11-30": "$143", "2009-08-31": "$236", "2009-05-31": "$174", "2009-02-28": "$116", "2008-11-30": "$131", "2008-08-31": "$244", "2008-05-31": "$159", "2008-02-29": "$107", "2007-11-30": "$133", "2007-08-31": "$217", "2007-05-31": "$152", "2007-02-28": "$103", "2006-11-30": "$124", "2006-08-31": "$213", "2006-05-31": "$144", "2006-02-28": "$97", "2005-11-30": "$114", "2005-08-31": "$207", "2005-05-31": "$148", "2005-02-28": "$94"}}, "eps-earnings-per-share-diluted": {"AutoZone Annual EPS": {"2020": "$71.93", "2019": "$63.43", "2018": "$48.77", "2017": "$44.07", "2016": "$40.70", "2015": "$36.03", "2014": "$31.57", "2013": "$27.79", "2012": "$23.48", "2011": "$19.47", "2010": "$14.97", "2009": "$11.73", "2008": "$10.04", "2007": "$8.53", "2006": "$7.50", "2005": "$7.18"}, "AutoZone Quarterly EPS": {"2020-11-30": "$18.61", "2020-08-31": "$30.85", "2020-05-31": "$14.39", "2020-02-29": "$12.39", "2019-11-30": "$14.30", "2019-08-31": "$22.48", "2019-05-31": "$15.99", "2019-02-28": "$11.49", "2018-11-30": "$13.47", "2018-08-31": "$14.97", "2018-05-31": "$13.42", "2018-02-28": "$10.38", "2017-11-30": "$10.00", "2017-08-31": "$15.19", "2017-05-31": "$11.44", "2017-02-28": "$8.08", "2016-11-30": "$9.36", "2016-08-31": "$14.21", "2016-05-31": "$10.77", "2016-02-29": "$7.43", "2015-11-30": "$8.29", "2015-08-31": "$12.68", "2015-05-31": "$9.57", "2015-02-28": "$6.51", "2014-11-30": "$7.27", "2014-08-31": "$11.19", "2014-05-31": "$8.46", "2014-02-28": "$5.63", "2013-11-30": "$6.29", "2013-08-31": "$10.33", "2013-05-31": "$7.27", "2013-02-28": "$4.78", "2012-11-30": "$5.41", "2012-08-31": "$8.37", "2012-05-31": "$6.28", "2012-02-29": "$4.15", "2011-11-30": "$4.68", "2011-08-31": "$7.07", "2011-05-31": "$5.29", "2011-02-28": "$3.34", "2010-11-30": "$3.77", "2010-08-31": "$5.57", "2010-05-31": "$4.12", "2010-02-28": "$2.46", "2009-11-30": "$2.82", "2009-08-31": "$4.34", "2009-05-31": "$3.13", "2009-02-28": "$2.03", "2008-11-30": "$2.23", "2008-08-31": "$3.86", "2008-05-31": "$2.49", "2008-02-29": "$1.67", "2007-11-30": "$2.02", "2007-08-31": "$3.18", "2007-05-31": "$2.17", "2007-02-28": "$1.45", "2006-11-30": "$1.73", "2006-08-31": "$2.88", "2006-05-31": "$1.89", "2006-02-28": "$1.25", "2005-11-30": "$1.48", "2005-08-31": "$2.64", "2005-05-31": "$1.86", "2005-02-28": "$1.16"}}, "shares-outstanding": {"AutoZone Annual Shares Outstanding (Millions of Shares)": {"2020": "24", "2019": "25", "2018": "27", "2017": "29", "2016": "30", "2015": "32", "2014": "34", "2013": "37", "2012": "40", "2011": "44", "2010": "49", "2009": "56", "2008": "64", "2007": "70", "2006": "76", "2005": "80"}, "AutoZone Quarterly Shares Outstanding (Millions of Shares)": {"2020-11-30": "24", "2020-08-31": "24", "2020-05-31": "24", "2020-02-29": "24", "2019-11-30": "24", "2019-08-31": "25", "2019-05-31": "25", "2019-02-28": "26", "2018-11-30": "26", "2018-08-31": "27", "2018-05-31": "27", "2018-02-28": "28", "2017-11-30": "28", "2017-08-31": "29", "2017-05-31": "29", "2017-02-28": "29", "2016-11-30": "30", "2016-08-31": "30", "2016-05-31": "30", "2016-02-29": "31", "2015-11-30": "31", "2015-08-31": "32", "2015-05-31": "32", "2015-02-28": "33", "2014-11-30": "33", "2014-08-31": "34", "2014-05-31": "34", "2014-02-28": "34", "2013-11-30": "35", "2013-08-31": "37", "2013-05-31": "37", "2013-02-28": "37", "2012-11-30": "38", "2012-08-31": "40", "2012-05-31": "40", "2012-02-29": "40", "2011-11-30": "41", "2011-08-31": "44", "2011-05-31": "43", "2011-02-28": "44", "2010-11-30": "46", "2010-08-31": "49", "2010-05-31": "49", "2010-02-28": "50", "2009-11-30": "51", "2009-08-31": "56", "2009-05-31": "55", "2009-02-28": "57", "2008-11-30": "59", "2008-08-31": "64", "2008-05-31": "64", "2008-02-29": "64", "2007-11-30": "65", "2007-08-31": "70", "2007-05-31": "70", "2007-02-28": "71", "2006-11-30": "72", "2006-08-31": "76", "2006-05-31": "77", "2006-02-28": "77", "2005-11-30": "77", "2005-08-31": "80", "2005-05-31": "79", "2005-02-28": "81"}}, "total-assets": {"AutoZone Annual Total Assets (Millions of US $)": {"2020": "$14,424", "2019": "$9,896", "2018": "$9,347", "2017": "$9,260", "2016": "$8,600", "2015": "$8,102", "2014": "$7,497", "2013": "$6,892", "2012": "$6,266", "2011": "$5,870", "2010": "$5,572", "2009": "$5,318", "2008": "$5,257", "2007": "$4,805", "2006": "$4,526", "2005": "$4,245"}, "AutoZone Quarterly Total Assets (Millions of US $)": {"2020-11-30": "$14,569", "2020-08-31": "$14,424", "2020-05-31": "$12,902", "2020-02-29": "$12,864", "2019-11-30": "$12,700", "2019-08-31": "$9,896", "2019-05-31": "$9,774", "2019-02-28": "$9,745", "2018-11-30": "$9,524", "2018-08-31": "$9,347", "2018-05-31": "$9,302", "2018-02-28": "$9,404", "2017-11-30": "$9,397", "2017-08-31": "$9,260", "2017-05-31": "$9,028", "2017-02-28": "$8,903", "2016-11-30": "$8,743", "2016-08-31": "$8,600", "2016-05-31": "$8,464", "2016-02-29": "$8,366", "2015-11-30": "$8,218", "2015-08-31": "$8,102", "2015-05-31": "$8,032", "2015-02-28": "$7,950", "2014-11-30": "$7,717", "2014-08-31": "$7,497", "2014-05-31": "$7,372", "2014-02-28": "$7,263", "2013-11-30": "$7,023", "2013-08-31": "$6,892", "2013-05-31": "$6,783", "2013-02-28": "$6,662", "2012-11-30": "$6,398", "2012-08-31": "$6,266", "2012-05-31": "$6,149", "2012-02-29": "$6,056", "2011-11-30": "$5,933", "2011-08-31": "$5,870", "2011-05-31": "$5,885", "2011-02-28": "$5,766", "2010-11-30": "$5,640", "2010-08-31": "$5,572", "2010-05-31": "$5,453", "2010-02-28": "$5,425", "2009-11-30": "$5,386", "2009-08-31": "$5,318", "2009-05-31": "$5,296", "2009-02-28": "$5,235", "2008-11-30": "$5,113", "2008-08-31": "$5,257", "2008-05-31": "$5,027", "2008-02-29": "$4,938", "2007-11-30": "$4,874", "2007-08-31": "$4,805", "2007-05-31": "$4,722", "2007-02-28": "$4,647", "2006-11-30": "$4,612", "2006-08-31": "$4,526", "2006-05-31": "$4,443", "2006-02-28": "$4,402", "2005-11-30": "$4,340", "2005-08-31": "$4,245", "2005-05-31": "$4,169", "2005-02-28": "$4,059"}}, "cash-on-hand": {"AutoZone Annual Cash on Hand (Millions of US $)": {"2020": "$1,751", "2019": "$176", "2018": "$218", "2017": "$293", "2016": "$190", "2015": "$175", "2014": "$124", "2013": "$142", "2012": "$103", "2011": "$98", "2010": "$98", "2009": "$93", "2008": "$242", "2007": "$87", "2006": "$92", "2005": "$75"}, "AutoZone Quarterly Cash on Hand (Millions of US $)": {"2020-11-30": "$1,664", "2020-08-31": "$1,751", "2020-05-31": "$509", "2020-02-29": "$153", "2019-11-30": "$158", "2019-08-31": "$176", "2019-05-31": "$174", "2019-02-28": "$196", "2018-11-30": "$252", "2018-08-31": "$218", "2018-05-31": "$218", "2018-02-28": "$289", "2017-11-30": "$258", "2017-08-31": "$293", "2017-05-31": "$227", "2017-02-28": "$211", "2016-11-30": "$196", "2016-08-31": "$190", "2016-05-31": "$213", "2016-02-29": "$208", "2015-11-30": "$165", "2015-08-31": "$175", "2015-05-31": "$153", "2015-02-28": "$152", "2014-11-30": "$117", "2014-08-31": "$124", "2014-05-31": "$145", "2014-02-28": "$140", "2013-11-30": "$126", "2013-08-31": "$142", "2013-05-31": "$134", "2013-02-28": "$116", "2012-11-30": "$100", "2012-08-31": "$103", "2012-05-31": "$103", "2012-02-29": "$103", "2011-11-30": "$97", "2011-08-31": "$98", "2011-05-31": "$100", "2011-02-28": "$108", "2010-11-30": "$98", "2010-08-31": "$98", "2010-05-31": "$96", "2010-02-28": "$105", "2009-11-30": "$80", "2009-08-31": "$93", "2009-05-31": "$94", "2009-02-28": "$108", "2008-11-30": "$86", "2008-08-31": "$242", "2008-05-31": "$82", "2008-02-29": "$93", "2007-11-30": "$80", "2007-08-31": "$87", "2007-05-31": "$83", "2007-02-28": "$86", "2006-11-30": "$73", "2006-08-31": "$92", "2006-05-31": "$84", "2006-02-28": "$81", "2005-11-30": "$81", "2005-08-31": "$75", "2005-05-31": "$77", "2005-02-28": "$80"}}, "long-term-debt": {"AutoZone Annual Long Term Debt (Millions of US $)": {"2020": "$5,513", "2019": "$5,206", "2018": "$5,006", "2017": "$5,081", "2016": "$4,924", "2015": "$4,625", "2014": "$4,142", "2013": "$4,013", "2012": "$3,718", "2011": "$3,318", "2010": "$2,882", "2009": "$2,727", "2008": "$2,250", "2007": "$1,936", "2006": "$1,857", "2005": "$1,862"}, "AutoZone Quarterly Long Term Debt (Millions of US $)": {"2020-11-30": "$5,515", "2020-08-31": "$5,513", "2020-05-31": "$5,418", "2020-02-29": "$5,451", "2019-11-30": "$5,287", "2019-08-31": "$5,206", "2019-05-31": "$5,152", "2019-02-28": "$5,111", "2018-11-30": "$5,156", "2018-08-31": "$5,006", "2018-05-31": "$4,955", "2018-02-28": "$5,044", "2017-11-30": "$4,983", "2017-08-31": "$5,081", "2017-05-31": "$5,153", "2017-02-28": "$5,152", "2016-11-30": "$4,997", "2016-08-31": "$4,924", "2016-05-31": "$4,954", "2016-02-29": "$4,388", "2015-11-30": "$4,754", "2015-08-31": "$4,625", "2015-05-31": "$4,533", "2015-02-28": "$4,361", "2014-11-30": "$3,863", "2014-08-31": "$4,142", "2014-05-31": "$4,163", "2014-02-28": "$4,163", "2013-11-30": "$4,013", "2013-08-31": "$4,013", "2013-05-31": "$4,001", "2013-02-28": "$3,513", "2012-11-30": "$3,803", "2012-08-31": "$3,718", "2012-05-31": "$3,599", "2012-02-29": "$3,435", "2011-11-30": "$3,319", "2011-08-31": "$3,318", "2011-05-31": "$3,171", "2011-02-28": "$3,208", "2010-11-30": "$2,846", "2010-08-31": "$2,882", "2010-05-31": "$2,699", "2010-02-28": "$2,775", "2009-11-30": "$2,740", "2009-08-31": "$2,727", "2009-05-31": "$1,949", "2009-02-28": "$2,691", "2008-11-30": "$2,268", "2008-08-31": "$2,250", "2008-05-31": "$1,932", "2008-02-29": "$2,095", "2007-11-30": "$2,161", "2007-08-31": "$1,936", "2007-05-31": "$1,939", "2007-02-28": "$1,854", "2006-11-30": "$1,859", "2006-08-31": "$1,857", "2006-05-31": "$1,825", "2006-02-28": "$1,779", "2005-11-30": "$1,790", "2005-08-31": "$1,862", "2005-05-31": "$1,915", "2005-02-28": "$1,902"}}, "total-liabilities": {"AutoZone Annual Total Liabilities (Millions of US $)": {"2020": "$15,302", "2019": "$11,610", "2018": "$10,867", "2017": "$10,688", "2016": "$10,387", "2015": "$9,804", "2014": "$9,119", "2013": "$8,579", "2012": "$7,814", "2011": "$7,124", "2010": "$6,310", "2009": "$5,751", "2008": "$5,027", "2007": "$4,402", "2006": "$4,057", "2005": "$3,854"}, "AutoZone Quarterly Total Liabilities (Millions of US $)": {"2020-11-30": "$15,596", "2020-08-31": "$15,302", "2020-05-31": "$14,535", "2020-02-29": "$14,575", "2019-11-30": "$14,477", "2019-08-31": "$11,610", "2019-05-31": "$11,363", "2019-02-28": "$11,339", "2018-11-30": "$11,182", "2018-08-31": "$10,867", "2018-05-31": "$10,663", "2018-02-28": "$10,734", "2017-11-30": "$10,922", "2017-08-31": "$10,688", "2017-05-31": "$10,742", "2017-02-28": "$10,730", "2016-11-30": "$10,638", "2016-08-31": "$10,387", "2016-05-31": "$10,327", "2016-02-29": "$10,108", "2015-11-30": "$9,996", "2015-08-31": "$9,804", "2015-05-31": "$9,676", "2015-02-28": "$9,419", "2014-11-30": "$9,380", "2014-08-31": "$9,119", "2014-05-31": "$9,180", "2014-02-28": "$8,973", "2013-11-30": "$8,745", "2013-08-31": "$8,579", "2013-05-31": "$8,315", "2013-02-28": "$8,212", "2012-11-30": "$7,989", "2012-08-31": "$7,814", "2012-05-31": "$7,566", "2012-02-29": "$7,352", "2011-11-30": "$7,280", "2011-08-31": "$7,124", "2011-05-31": "$7,004", "2011-02-28": "$6,804", "2010-11-30": "$6,458", "2010-08-31": "$6,310", "2010-05-31": "$5,915", "2010-02-28": "$5,847", "2009-11-30": "$5,870", "2009-08-31": "$5,751", "2009-05-31": "$5,341", "2009-02-28": "$5,422", "2008-11-30": "$5,053", "2008-08-31": "$5,027", "2008-05-31": "$4,571", "2008-02-29": "$4,656", "2007-11-30": "$4,703", "2007-08-31": "$4,402", "2007-05-31": "$4,263", "2007-02-28": "$4,103", "2006-11-30": "$4,074", "2006-08-31": "$4,057", "2006-05-31": "$3,874", "2006-02-28": "$3,761", "2005-11-30": "$3,819", "2005-08-31": "$3,854", "2005-05-31": "$3,870", "2005-02-28": "$3,675"}}, "total-share-holder-equity": {"AutoZone Annual Share Holder Equity (Millions of US $)": {"2020": "$-878", "2019": "$-1,714", "2018": "$-1,520", "2017": "$-1,428", "2016": "$-1,788", "2015": "$-1,701", "2014": "$-1,622", "2013": "$-1,687", "2012": "$-1,548", "2011": "$-1,254", "2010": "$-739", "2009": "$-433", "2008": "$230", "2007": "$403", "2006": "$470", "2005": "$391"}, "AutoZone Quarterly Share Holder Equity (Millions of US $)": {"2020-11-30": "$-1,027", "2020-08-31": "$-878", "2020-05-31": "$-1,633", "2020-02-29": "$-1,711", "2019-11-30": "$-1,776", "2019-08-31": "$-1,714", "2019-05-31": "$-1,590", "2019-02-28": "$-1,594", "2018-11-30": "$-1,659", "2018-08-31": "$-1,520", "2018-05-31": "$-1,362", "2018-02-28": "$-1,331", "2017-11-30": "$-1,525", "2017-08-31": "$-1,428", "2017-05-31": "$-1,714", "2017-02-28": "$-1,827", "2016-11-30": "$-1,895", "2016-08-31": "$-1,788", "2016-05-31": "$-1,863", "2016-02-29": "$-1,741", "2015-11-30": "$-1,778", "2015-08-31": "$-1,701", "2015-05-31": "$-1,643", "2015-02-28": "$-1,469", "2014-11-30": "$-1,663", "2014-08-31": "$-1,622", "2014-05-31": "$-1,808", "2014-02-28": "$-1,710", "2013-11-30": "$-1,721", "2013-08-31": "$-1,687", "2013-05-31": "$-1,532", "2013-02-28": "$-1,550", "2012-11-30": "$-1,591", "2012-08-31": "$-1,548", "2012-05-31": "$-1,417", "2012-02-29": "$-1,296", "2011-11-30": "$-1,347", "2011-08-31": "$-1,254", "2011-05-31": "$-1,120", "2011-02-28": "$-1,038", "2010-11-30": "$-817", "2010-08-31": "$-739", "2010-05-31": "$-462", "2010-02-28": "$-422", "2009-11-30": "$-484", "2009-08-31": "$-433", "2009-05-31": "$-45", "2009-02-28": "$-187", "2008-11-30": "$60", "2008-08-31": "$230", "2008-05-31": "$456", "2008-02-29": "$282", "2007-11-30": "$171", "2007-08-31": "$403", "2007-05-31": "$459", "2007-02-28": "$544", "2006-11-30": "$538", "2006-08-31": "$470", "2006-05-31": "$569", "2006-02-28": "$641", "2005-11-30": "$521", "2005-08-31": "$391", "2005-05-31": "$299", "2005-02-28": "$385"}}, "profit-margins": {"current": "14.05%"}, "gross margin": {"2020-11-30": "53.46%", "2020-08-31": "53.60%", "2020-05-31": "53.74%", "2020-02-29": "53.73%", "2019-11-30": "53.67%", "2019-08-31": "53.64%", "2019-05-31": "53.71%", "2019-02-28": "53.69%", "2018-11-30": "53.44%", "2018-08-31": "53.24%", "2018-05-31": "52.98%", "2018-02-28": "52.77%", "2017-11-30": "52.72%", "2017-08-31": "52.71%", "2017-05-31": "52.72%", "2017-02-28": "52.77%", "2016-11-30": "52.79%", "2016-08-31": "52.74%", "2016-05-31": "52.65%", "2016-02-29": "52.51%", "2015-11-30": "52.40%", "2015-08-31": "52.30%", "2015-05-31": "52.23%", "2015-02-28": "52.15%", "2014-11-30": "52.13%", "2014-08-31": "52.08%", "2014-05-31": "51.93%", "2014-02-28": "51.89%", "2013-11-30": "51.84%", "2013-08-31": "51.83%", "2013-05-31": "51.83%", "2013-02-28": "51.78%", "2012-11-30": "51.67%", "2012-08-31": "51.51%", "2012-05-31": "51.32%", "2012-02-29": "51.23%", "2011-11-30": "51.15%", "2011-08-31": "51.05%", "2011-05-31": "50.83%", "2011-02-28": "50.67%", "2010-11-30": "50.50%", "2010-08-31": "50.42%", "2010-05-31": "50.36%", "2010-02-28": "50.25%", "2009-11-30": "50.17%", "2009-08-31": "50.12%", "2009-05-31": "50.11%", "2009-02-28": "50.11%", "2008-11-30": "50.16%", "2008-08-31": "50.10%", "2008-05-31": "50.04%", "2008-02-29": "49.95%", "2007-11-30": "49.80%", "2007-08-31": "49.64%", "2007-05-31": "49.49%", "2007-02-28": "49.45%", "2006-11-30": "49.44%", "2006-08-31": "49.41%", "2006-05-31": "49.09%", "2006-02-28": "49.23%", "2005-11-30": "49.06%"}, "operating margin": {"2020-11-30": "19.50%", "2020-08-31": "19.14%", "2020-05-31": "18.06%", "2020-02-29": "18.52%", "2019-11-30": "18.55%", "2019-08-31": "18.69%", "2019-05-31": "17.73%", "2019-02-28": "17.90%", "2018-11-30": "16.23%", "2018-08-31": "16.14%", "2018-05-31": "17.25%", "2018-02-28": "17.17%", "2017-11-30": "18.99%", "2017-08-31": "19.11%", "2017-05-31": "19.27%", "2017-02-28": "19.37%", "2016-11-30": "19.42%", "2016-08-31": "19.37%", "2016-05-31": "19.25%", "2016-02-29": "19.22%", "2015-11-30": "19.22%", "2015-08-31": "19.17%", "2015-05-31": "19.24%", "2015-02-28": "19.18%", "2014-11-30": "19.24%", "2014-08-31": "19.31%", "2014-05-31": "19.28%", "2014-02-28": "19.32%", "2013-11-30": "19.39%", "2013-08-31": "19.38%", "2013-05-31": "19.25%", "2013-02-28": "19.12%", "2012-11-30": "19.04%", "2012-08-31": "18.93%", "2012-05-31": "18.78%", "2012-02-29": "18.68%", "2011-11-30": "18.65%", "2011-08-31": "18.52%", "2011-05-31": "18.33%", "2011-02-28": "18.23%", "2010-11-30": "18.04%", "2010-08-31": "17.92%", "2010-05-31": "17.68%", "2010-02-28": "17.37%", "2009-11-30": "17.29%", "2009-08-31": "17.27%", "2009-05-31": "17.31%", "2009-02-28": "17.19%", "2008-11-30": "17.20%", "2008-08-31": "17.23%", "2008-05-31": "17.18%", "2008-02-29": "17.17%", "2007-11-30": "17.15%", "2007-08-31": "17.10%", "2007-05-31": "17.20%", "2007-02-28": "17.16%", "2006-11-30": "17.11%", "2006-08-31": "16.96%", "2006-05-31": "16.75%", "2006-02-28": "17.09%", "2005-11-30": "16.73%"}, "ebitda margin": {"2020-11-30": "22.65%", "2020-08-31": "22.38%", "2020-05-31": "21.38%", "2020-02-29": "21.77%", "2019-11-30": "21.76%", "2019-08-31": "21.86%", "2019-05-31": "20.94%", "2019-02-28": "21.10%", "2018-11-30": "19.40%", "2018-08-31": "19.29%", "2018-05-31": "20.36%", "2018-02-28": "20.25%", "2017-11-30": "22.05%", "2017-08-31": "22.15%", "2017-05-31": "22.26%", "2017-02-28": "22.32%", "2016-11-30": "22.33%", "2016-08-31": "22.25%", "2016-05-31": "22.08%", "2016-02-29": "22.01%", "2015-11-30": "21.96%", "2015-08-31": "21.89%", "2015-05-31": "21.95%", "2015-02-28": "21.89%", "2014-11-30": "21.97%", "2014-08-31": "22.03%", "2014-05-31": "21.92%", "2014-02-28": "21.94%", "2013-11-30": "21.99%", "2013-08-31": "21.96%", "2013-05-31": "21.87%", "2013-02-28": "21.73%", "2012-11-30": "21.60%", "2012-08-31": "21.48%", "2012-05-31": "21.33%", "2012-02-29": "21.21%", "2011-11-30": "21.19%", "2011-08-31": "21.06%", "2011-05-31": "20.91%", "2011-02-28": "20.82%", "2010-11-30": "20.69%", "2010-08-31": "20.61%", "2010-05-31": "20.38%", "2010-02-28": "20.10%", "2009-11-30": "19.99%", "2009-08-31": "19.95%", "2009-05-31": "19.91%", "2009-02-28": "19.81%", "2008-11-30": "19.82%", "2008-08-31": "19.85%", "2008-05-31": "19.87%", "2008-02-29": "19.85%", "2007-11-30": "19.80%", "2007-08-31": "19.71%", "2007-05-31": "19.72%", "2007-02-28": "19.64%", "2006-11-30": "19.54%", "2006-08-31": "19.33%", "2006-05-31": "19.06%", "2006-02-28": "19.30%", "2005-11-30": "19.21%"}, "pre tax profit margin": {"2020-11-30": "17.93%", "2020-08-31": "17.54%", "2020-05-31": "16.43%", "2020-02-29": "16.92%", "2019-11-30": "16.97%", "2019-08-31": "17.13%", "2019-05-31": "16.17%", "2019-02-28": "16.35%", "2018-11-30": "14.69%", "2018-08-31": "14.59%", "2018-05-31": "15.71%", "2018-02-28": "15.68%", "2017-11-30": "17.53%", "2017-08-31": "17.69%", "2017-05-31": "17.89%", "2017-02-28": "18.01%", "2016-11-30": "18.06%", "2016-08-31": "17.99%", "2016-05-31": "17.83%", "2016-02-29": "17.81%", "2015-11-30": "17.78%", "2015-08-31": "17.70%", "2015-05-31": "17.71%", "2015-02-28": "17.59%", "2014-11-30": "17.57%", "2014-08-31": "17.55%", "2014-05-31": "17.40%", "2014-02-28": "17.35%", "2013-11-30": "17.36%", "2013-08-31": "17.35%", "2013-05-31": "17.17%", "2013-02-28": "17.06%", "2012-11-30": "17.00%", "2012-08-31": "16.90%", "2012-05-31": "16.76%", "2012-02-29": "16.61%", "2011-11-30": "16.54%", "2011-08-31": "16.40%", "2011-05-31": "16.21%", "2011-02-28": "16.10%", "2010-11-30": "15.93%", "2010-08-31": "15.76%", "2010-05-31": "15.48%", "2010-02-28": "15.20%", "2009-11-30": "15.17%", "2009-08-31": "15.17%", "2009-05-31": "15.39%", "2009-02-28": "15.33%", "2008-11-30": "15.36%", "2008-08-31": "15.44%", "2008-05-31": "15.28%", "2008-02-29": "15.23%", "2007-11-30": "15.23%", "2007-08-31": "15.17%", "2007-05-31": "15.30%", "2007-02-28": "15.28%", "2006-11-30": "15.26%", "2006-08-31": "15.16%", "2006-05-31": "14.97%", "2006-02-28": "15.30%", "2005-11-30": "14.93%"}, "net profit margin": {"2020-11-30": "14.04%", "2020-08-31": "13.71%", "2020-05-31": "12.90%", "2020-02-29": "13.41%", "2019-11-30": "13.45%", "2019-08-31": "13.63%", "2019-05-31": "12.70%", "2019-02-28": "12.49%", "2018-11-30": "12.49%", "2018-08-31": "11.92%", "2018-05-31": "12.28%", "2018-02-28": "12.01%", "2017-11-30": "11.66%", "2017-08-31": "11.76%", "2017-05-31": "11.82%", "2017-02-28": "11.81%", "2016-11-30": "11.77%", "2016-08-31": "11.68%", "2016-05-31": "11.55%", "2016-02-29": "11.48%", "2015-11-30": "11.44%", "2015-08-31": "11.39%", "2015-05-31": "11.39%", "2015-02-28": "11.32%", "2014-11-30": "11.30%", "2014-08-31": "11.29%", "2014-05-31": "11.21%", "2014-02-28": "11.17%", "2013-11-30": "11.15%", "2013-08-31": "11.11%", "2013-05-31": "10.99%", "2013-02-28": "10.91%", "2012-11-30": "10.88%", "2012-08-31": "10.82%", "2012-05-31": "10.71%", "2012-02-29": "10.61%", "2011-11-30": "10.57%", "2011-08-31": "10.50%", "2011-05-31": "10.36%", "2011-02-28": "10.26%", "2010-11-30": "10.14%", "2010-08-31": "10.02%", "2010-05-31": "9.86%", "2010-02-28": "9.68%", "2009-11-30": "9.66%", "2009-08-31": "9.64%", "2009-05-31": "9.79%", "2009-02-28": "9.77%", "2008-11-30": "9.79%", "2008-08-31": "9.86%", "2008-05-31": "9.75%", "2008-02-29": "9.71%", "2007-11-30": "9.71%", "2007-08-31": "9.66%", "2007-05-31": "9.70%", "2007-02-28": "9.65%", "2006-11-30": "9.63%", "2006-08-31": "9.55%", "2006-05-31": "9.54%", "2006-02-28": "9.74%", "2005-11-30": "9.77%"}, "pe ratio": {"current": "16.04", "2021-02-11": "15.07", "2020-11-30": "14.91", "2020-08-31": "16.61", "2020-05-31": "18.03", "2020-02-29": "15.82", "2019-11-30": "18.30", "2019-08-31": "17.34", "2019-05-31": "18.35", "2019-02-28": "17.58", "2018-11-30": "15.47", "2018-08-31": "15.71", "2018-05-31": "13.23", "2018-02-28": "14.12", "2017-11-30": "15.33", "2017-08-31": "11.97", "2017-05-31": "14.03", "2017-02-28": "17.33", "2016-11-30": "18.71", "2016-08-31": "18.19", "2016-05-31": "19.42", "2016-02-29": "20.36", "2015-11-30": "21.11", "2015-08-31": "19.83", "2015-05-31": "19.45", "2015-02-28": "19.17", "2014-11-30": "17.70", "2014-08-31": "17.02", "2014-05-31": "17.29", "2014-02-28": "18.18", "2013-11-30": "16.05", "2013-08-31": "15.06", "2013-05-31": "15.77", "2013-02-28": "15.25", "2012-11-30": "15.79", "2012-08-31": "15.34", "2012-05-31": "17.06", "2012-02-29": "17.58", "2011-11-30": "16.03", "2011-08-31": "15.68", "2011-05-31": "16.28", "2011-02-28": "15.27", "2010-11-30": "16.20", "2010-08-31": "13.93", "2010-05-31": "13.80", "2010-02-28": "12.92", "2009-11-30": "11.92", "2009-08-31": "12.46", "2009-05-31": "13.50", "2009-02-28": "13.38", "2008-11-30": "10.63", "2008-08-31": "13.64", "2008-05-31": "13.45", "2008-02-29": "12.66", "2007-11-30": "12.59", "2007-08-31": "14.14", "2007-05-31": "15.55", "2007-02-28": "15.70", "2006-11-30": "14.58"}, "price sales": {"2021-02-11": "2.12", "2020-11-30": "2.10", "2020-08-31": "2.29", "2020-05-31": "2.34", "2020-02-29": "2.13", "2019-11-30": "2.48", "2019-08-31": "2.38", "2019-05-31": "2.35", "2019-02-28": "2.22", "2018-11-30": "1.95", "2018-08-31": "1.89", "2018-05-31": "1.64", "2018-02-28": "1.71", "2017-11-30": "1.80", "2017-08-31": "1.42", "2017-05-31": "1.67", "2017-02-28": "2.06", "2016-11-30": "2.22", "2016-08-31": "2.14", "2016-05-31": "2.26", "2016-02-29": "2.35", "2015-11-30": "2.44", "2015-08-31": "2.28", "2015-05-31": "2.23", "2015-02-28": "2.18", "2014-11-30": "2.02", "2014-08-31": "1.94", "2014-05-31": "1.95", "2014-02-28": "2.04", "2013-11-30": "1.81", "2013-08-31": "1.69", "2013-05-31": "1.75", "2013-02-28": "1.68", "2012-11-30": "1.74", "2012-08-31": "1.68", "2012-05-31": "1.85", "2012-02-29": "1.89", "2011-11-30": "1.72", "2011-08-31": "1.67", "2011-05-31": "1.71", "2011-02-28": "1.58", "2010-11-30": "1.66", "2010-08-31": "1.42", "2010-05-31": "1.38", "2010-02-28": "1.27", "2009-11-30": "1.17", "2009-08-31": "1.23", "2009-05-31": "1.32", "2009-02-28": "1.31", "2008-11-30": "1.05", "2008-08-31": "1.35", "2008-05-31": "1.32", "2008-02-29": "1.24", "2007-11-30": "1.24", "2007-08-31": "1.39", "2007-05-31": "1.53", "2007-02-28": "1.54", "2006-11-30": "1.43"}, "price book": {"current": "0.00", "2021-02-11": "0.00", "2020-11-30": "-25.32", "2020-08-31": "-31.85", "2020-05-31": "-16.41", "2020-02-29": "-14.17", "2019-11-30": "-15.69", "2019-08-31": "-15.45", "2019-05-31": "-15.90", "2019-02-28": "-14.70", "2018-11-30": "-12.30", "2018-08-31": "-12.98", "2018-05-31": "-12.71", "2018-02-28": "-13.61", "2017-11-30": "-12.28", "2017-08-31": "-10.30", "2017-05-31": "-9.95", "2017-02-28": "-11.48", "2016-11-30": "-11.84", "2016-08-31": "-12.08", "2016-05-31": "-12.07", "2016-02-29": "-13.39", "2015-11-30": "-13.34", "2015-08-31": "-12.90", "2015-05-31": "-12.81", "2015-02-28": "-13.96", "2014-11-30": "-11.06", "2014-08-31": "-10.73", "2014-05-31": "-9.60", "2014-02-28": "-10.50", "2013-11-30": "-9.04", "2013-08-31": "-8.53", "2013-05-31": "-9.46", "2013-02-28": "-8.85", "2012-11-30": "-8.80", "2012-08-31": "-8.65", "2012-05-31": "-10.22", "2012-02-29": "-11.26", "2011-11-30": "-9.58", "2011-08-31": "-9.82", "2011-05-31": "-10.88", "2011-02-28": "-10.58", "2010-11-30": "-13.98", "2010-08-31": "-12.81", "2010-05-31": "-19.69", "2010-02-28": "-19.19", "2009-11-30": "-15.12", "2009-08-31": "-17.27", "2009-05-31": "-181.20", "2009-02-28": "-41.53", "2008-11-30": "104.61", "2008-08-31": "35.61", "2008-05-31": "17.57", "2008-02-29": "25.78", "2007-11-30": "41.23", "2007-08-31": "19.84", "2007-05-31": "18.84", "2007-02-28": "16.15", "2006-11-30": "14.93", "2006-08-31": "13.67", "2006-05-31": "11.86", "2006-02-28": "11.57"}, "price fcf": {"2021-02-11": "", "2020-11-30": "$104.15", "2020-08-31": "$94.39", "2020-05-31": "$68.99", "2020-02-29": "$58.95", "2019-11-30": "$64.94", "2019-08-31": "$64.28", "2019-05-31": "$60.08", "2019-02-28": "$61.93", "2018-11-30": "$54.09", "2018-08-31": "$56.81", "2018-05-31": "$47.88", "2018-02-28": "$42.55", "2017-11-30": "$40.88", "2017-08-31": "$35.08", "2017-05-31": "$34.12", "2017-02-28": "$37.51", "2016-11-30": "$39.91", "2016-08-31": "$37.88", "2016-05-31": "$38.46", "2016-02-29": "$37.22", "2015-11-30": "$33.71", "2015-08-31": "$33.97", "2015-05-31": "$27.47", "2015-02-28": "$25.65", "2014-11-30": "$27.51", "2014-08-31": "$26.78", "2014-05-31": "$31.06", "2014-02-28": "$28.48", "2013-11-30": "$29.18", "2013-08-31": "$27.62", "2013-05-31": "$24.60", "2013-02-28": "$22.47", "2012-11-30": "$20.97", "2012-08-31": "$21.51", "2012-05-31": "$20.61", "2012-02-29": "$23.09", "2011-11-30": "$22.37", "2011-08-31": "$22.32", "2011-05-31": "$22.83", "2011-02-28": "$20.82", "2010-11-30": "$21.41", "2010-08-31": "$18.10", "2010-05-31": "$16.44", "2010-02-28": "$15.65", "2009-11-30": "$13.75", "2009-08-31": "$11.83", "2009-05-31": "$12.12", "2009-02-28": "$8.49", "2008-11-30": "$10.33", "2008-08-31": "$10.67", "2008-05-31": "$9.70", "2008-02-29": "$9.61", "2007-11-30": "$10.03", "2007-08-31": "$8.94", "2007-05-31": "$8.85", "2007-02-28": "$8.92", "2006-11-30": "$8.34"}, "net worth": {"value": "$27.86B"}, "current ratio": {"current": "1.06", "2020-11-30": "1.06", "2020-08-31": "1.08", "2020-05-31": "0.94", "2020-02-29": "0.92", "2019-11-30": "0.88", "2019-08-31": "0.91", "2019-05-31": "0.94", "2019-02-28": "0.94", "2018-11-30": "0.93", "2018-08-31": "0.92", "2018-05-31": "0.95", "2018-02-28": "0.98", "2017-11-30": "0.93", "2017-08-31": "0.97", "2017-05-31": "0.94", "2017-02-28": "0.94", "2016-11-30": "0.90", "2016-08-31": "0.90", "2016-05-31": "0.91", "2016-02-29": "0.84", "2015-11-30": "0.85", "2015-08-31": "0.84", "2015-05-31": "0.84", "2015-02-28": "0.85", "2014-11-30": "0.73", "2014-08-31": "0.79", "2014-05-31": "0.78", "2014-02-28": "0.80", "2013-11-30": "0.78", "2013-08-31": "0.79", "2013-05-31": "0.83", "2013-02-28": "0.74", "2012-11-30": "0.82", "2012-08-31": "0.82", "2012-05-31": "0.83", "2012-02-29": "0.83", "2011-11-30": "0.79", "2011-08-31": "0.81", "2011-05-31": "0.81", "2011-02-28": "0.85", "2010-11-30": "0.82", "2010-08-31": "0.85", "2010-05-31": "0.90", "2010-02-28": "0.96", "2009-11-30": "0.93", "2009-08-31": "0.95", "2009-05-31": "0.83", "2009-02-28": "1.05", "2008-11-30": "0.97", "2008-08-31": "1.03", "2008-05-31": "1.00", "2008-02-29": "1.01", "2007-11-30": "1.00", "2007-08-31": "0.99", "2007-05-31": "1.03", "2007-02-28": "1.05", "2006-11-30": "1.05", "2006-08-31": "1.03", "2006-05-31": "1.09", "2006-02-28": "1.13", "2005-11-30": "1.08", "2005-08-31": "1.07", "2005-05-31": "1.05", "2005-02-28": "1.12"}, "quick ratio": {"2020-11-30": "0.34", "2020-08-31": "0.37", "2020-05-31": "0.17", "2020-02-29": "0.12", "2019-11-30": "0.12", "2019-08-31": "0.13", "2019-05-31": "0.12", "2019-02-28": "0.13", "2018-11-30": "0.14", "2018-08-31": "0.14", "2018-05-31": "0.14", "2018-02-28": "0.15", "2017-11-30": "0.14", "2017-08-31": "0.15", "2017-05-31": "0.14", "2017-02-28": "0.12", "2016-11-30": "0.12", "2016-08-31": "0.13", "2016-05-31": "0.14", "2016-02-29": "0.12", "2015-11-30": "0.11", "2015-08-31": "0.12", "2015-05-31": "0.10", "2015-02-28": "0.10", "2014-11-30": "0.08", "2014-08-31": "0.10", "2014-05-31": "0.10", "2014-02-28": "0.10", "2013-11-30": "0.10", "2013-08-31": "0.10", "2013-05-31": "0.10", "2013-02-28": "0.09", "2012-11-30": "0.10", "2012-08-31": "0.10", "2012-05-31": "0.09", "2012-02-29": "0.09", "2011-11-30": "0.09", "2011-08-31": "0.10", "2011-05-31": "0.09", "2011-02-28": "0.10", "2010-11-30": "0.09", "2010-08-31": "0.10", "2010-05-31": "0.10", "2010-02-28": "0.14", "2009-11-30": "0.13", "2009-08-31": "0.13", "2009-05-31": "0.12", "2009-02-28": "0.16", "2008-11-30": "0.11", "2008-08-31": "0.17", "2008-05-31": "0.12", "2008-02-29": "0.12", "2007-11-30": "0.12", "2007-08-31": "0.12", "2007-05-31": "0.12", "2007-02-28": "0.13", "2006-11-30": "0.13", "2006-08-31": "0.13", "2006-05-31": "0.15", "2006-02-28": "0.17", "2005-11-30": "0.17", "2005-08-31": "0.15", "2005-05-31": "0.15", "2005-02-28": "0.16"}, "debt equity ratio": {"current": "0.00", "2020-11-30": "-15.19", "2020-08-31": "-17.43", "2020-05-31": "-8.90", "2020-02-29": "-8.52", "2019-11-30": "-8.15", "2019-08-31": "-6.77", "2019-05-31": "-7.15", "2019-02-28": "-7.11", "2018-11-30": "-6.74", "2018-08-31": "-7.15", "2018-05-31": "-7.83", "2018-02-28": "-8.07", "2017-11-30": "-7.16", "2017-08-31": "-7.48", "2017-05-31": "-6.27", "2017-02-28": "-5.87", "2016-11-30": "-5.61", "2016-08-31": "-5.81", "2016-05-31": "-5.54", "2016-02-29": "-5.81", "2015-11-30": "-5.62", "2015-08-31": "-5.76", "2015-05-31": "-5.89", "2015-02-28": "-6.41", "2014-11-30": "-5.64", "2014-08-31": "-5.62", "2014-05-31": "-5.08", "2014-02-28": "-5.25", "2013-11-30": "-5.08", "2013-08-31": "-5.09", "2013-05-31": "-5.43", "2013-02-28": "-5.30", "2012-11-30": "-5.02", "2012-08-31": "-5.05", "2012-05-31": "-5.34", "2012-02-29": "-5.68", "2011-11-30": "-5.40", "2011-08-31": "-5.68", "2011-05-31": "-6.26", "2011-02-28": "-6.55", "2010-11-30": "-7.90", "2010-08-31": "-8.54", "2010-05-31": "-12.80", "2010-02-28": "-13.87", "2009-11-30": "-12.13", "2009-08-31": "-13.28", "2009-05-31": "-118.38", "2009-02-28": "-28.95", "2008-11-30": "84.22", "2008-08-31": "21.89", "2008-05-31": "10.03", "2008-02-29": "16.50", "2007-11-30": "27.50", "2007-08-31": "10.92", "2007-05-31": "9.28", "2007-02-28": "7.55", "2006-11-30": "7.57", "2006-08-31": "8.64", "2006-05-31": "6.82", "2006-02-28": "5.87", "2005-11-30": "7.33", "2005-08-31": "9.86", "2005-05-31": "12.95", "2005-02-28": "9.55"}, "return on equity": {"2020-11-30": "-139.00%", "2020-08-31": "-115.51%", "2020-05-31": "-91.13%", "2020-02-29": "-95.42%", "2019-11-30": "-96.85%", "2019-08-31": "-98.64%", "2019-05-31": "-91.28%", "2019-02-28": "-92.13%", "2018-11-30": "-95.91%", "2018-08-31": "-93.27%", "2018-05-31": "-97.20%", "2018-02-28": "-89.16%", "2017-11-30": "-79.09%", "2017-08-31": "-74.65%", "2017-05-31": "-70.54%", "2017-02-28": "-68.90%", "2016-11-30": "-69.27%", "2016-08-31": "-69.29%", "2016-05-31": "-68.67%", "2016-02-29": "-69.77%", "2015-11-30": "-71.61%", "2015-08-31": "-71.65%", "2015-05-31": "-70.85%", "2015-02-28": "-67.60%", "2014-11-30": "-64.09%", "2014-08-31": "-62.38%", "2014-05-31": "-61.62%", "2014-02-28": "-63.04%", "2013-11-30": "-63.54%", "2013-08-31": "-63.90%", "2013-05-31": "-62.31%", "2013-02-28": "-62.36%", "2012-11-30": "-64.46%", "2012-08-31": "-66.41%", "2012-05-31": "-68.35%", "2012-02-29": "-70.64%", "2011-11-30": "-72.87%", "2011-08-31": "-80.21%", "2011-05-31": "-87.88%", "2011-02-28": "-103.66%", "2010-11-30": "-125.74%", "2010-08-31": "-140.10%", "2010-05-31": "-156.58%", "2010-02-28": "-195.38%", "2009-11-30": "-232.90%", "2009-08-31": "-434.38%", "2009-05-31": "4586.21%", "2009-02-28": "465.12%", "2008-11-30": "249.42%", "2008-08-31": "225.81%", "2008-05-31": "187.80%", "2008-02-29": "185.25%", "2007-11-30": "153.46%", "2007-08-31": "122.63%", "2007-05-31": "117.75%", "2007-02-28": "110.14%", "2006-11-30": "104.24%", "2006-08-31": "103.23%", "2006-05-31": "105.94%", "2006-02-28": "122.25%", "2005-11-30": "141.10%"}, "return on assets": {"2020-11-30": "13.32%", "2020-08-31": "13.10%", "2020-05-31": "12.88%", "2020-02-29": "14.33%", "2019-11-30": "15.35%", "2019-08-31": "16.61%", "2019-05-31": "15.13%", "2019-02-28": "14.91%", "2018-11-30": "14.99%", "2018-08-31": "14.29%", "2018-05-31": "14.69%", "2018-02-28": "14.42%", "2017-11-30": "14.04%", "2017-08-31": "14.26%", "2017-05-31": "14.45%", "2017-02-28": "14.64%", "2016-11-30": "14.77%", "2016-08-31": "14.76%", "2016-05-31": "14.67%", "2016-02-29": "14.63%", "2015-11-30": "14.61%", "2015-08-31": "14.59%", "2015-05-31": "14.53%", "2015-02-28": "14.53%", "2014-11-30": "14.61%", "2014-08-31": "14.68%", "2014-05-31": "14.95%", "2014-02-28": "14.99%", "2013-11-30": "15.07%", "2013-08-31": "15.20%", "2013-05-31": "14.85%", "2013-02-28": "14.95%", "2012-11-30": "15.17%", "2012-08-31": "15.26%", "2012-05-31": "15.13%", "2012-02-29": "14.93%", "2011-11-30": "14.79%", "2011-08-31": "14.65%", "2011-05-31": "14.28%", "2011-02-28": "14.12%", "2010-11-30": "13.89%", "2010-08-31": "13.52%", "2010-05-31": "13.07%", "2010-02-28": "12.62%", "2009-11-30": "12.60%", "2009-08-31": "12.54%", "2009-05-31": "12.73%", "2009-02-28": "12.60%", "2008-11-30": "12.61%", "2008-08-31": "12.80%", "2008-05-31": "12.54%", "2008-02-29": "12.60%", "2007-11-30": "12.70%", "2007-08-31": "12.69%", "2007-05-31": "12.80%", "2007-02-28": "12.82%", "2006-11-30": "12.86%", "2006-08-31": "12.83%", "2006-05-31": "12.90%", "2006-02-28": "13.20%", "2005-11-30": "13.39%"}, "return on investments": {"2020-11-30": "60.86%", "2020-08-31": "61.72%", "2020-05-31": "60.05%", "2020-02-29": "62.55%", "2019-11-30": "63.31%", "2019-08-31": "63.04%", "2019-05-31": "57.66%", "2019-02-28": "57.48%", "2018-11-30": "51.23%", "2018-08-31": "50.84%", "2018-05-31": "53.49%", "2018-02-28": "53.62%", "2017-11-30": "60.29%", "2017-08-31": "61.58%", "2017-05-31": "63.87%", "2017-02-28": "65.82%", "2016-11-30": "69.51%", "2016-08-31": "69.54%", "2016-05-31": "69.65%", "2016-02-29": "70.10%", "2015-11-30": "67.87%", "2015-08-31": "71.64%", "2015-05-31": "72.90%", "2015-02-28": "75.41%", "2014-11-30": "77.88%", "2014-08-31": "76.09%", "2014-05-31": "77.91%", "2014-02-28": "76.02%", "2013-11-30": "79.29%", "2013-08-31": "79.07%", "2013-05-31": "77.02%", "2013-02-28": "78.25%", "2012-11-30": "75.89%", "2012-08-31": "76.99%", "2012-05-31": "76.26%", "2012-02-29": "75.81%", "2011-11-30": "74.12%", "2011-08-31": "71.93%", "2011-05-31": "68.80%", "2011-02-28": "65.59%", "2010-11-30": "62.31%", "2010-08-31": "58.69%", "2010-05-31": "55.32%", "2010-02-28": "55.09%", "2009-11-30": "53.50%", "2009-08-31": "52.14%", "2009-05-31": "51.05%", "2009-02-28": "47.18%", "2008-11-30": "47.05%", "2008-08-31": "46.95%", "2008-05-31": "45.99%", "2008-02-29": "45.61%", "2007-11-30": "45.17%", "2007-08-31": "44.27%", "2007-05-31": "44.12%", "2007-02-28": "43.63%", "2006-11-30": "43.07%", "2006-08-31": "42.70%", "2006-05-31": "42.10%", "2006-02-28": "43.19%", "2005-11-30": "42.55%"}, "return on tangible equity": {"2020-11-30": "-112.94%", "2020-08-31": "-96.10%", "2020-05-31": "-77.42%", "2020-02-29": "-80.99%", "2019-11-30": "-81.99%", "2019-08-31": "-83.29%", "2019-05-31": "-76.69%", "2019-02-28": "-76.95%", "2018-11-30": "-79.54%", "2018-08-31": "-76.06%", "2018-05-31": "-78.02%", "2018-02-28": "-71.54%", "2017-11-30": "-63.71%", "2017-08-31": "-60.77%", "2017-05-31": "-57.97%", "2017-02-28": "-56.82%", "2016-11-30": "-57.01%", "2016-08-31": "-56.86%", "2016-05-31": "-56.22%", "2016-02-29": "-56.84%", "2015-11-30": "-57.96%", "2015-08-31": "-57.85%", "2015-05-31": "-57.24%", "2015-02-28": "-55.00%", "2014-11-30": "-52.59%", "2014-08-31": "-51.36%", "2014-05-31": "-50.82%", "2014-02-28": "-51.50%", "2013-11-30": "-51.56%", "2013-08-31": "-52.08%", "2013-05-31": "-51.01%", "2013-02-28": "-51.46%", "2012-11-30": "-53.41%", "2012-08-31": "-54.62%", "2012-05-31": "-55.67%", "2012-02-29": "-56.91%", "2011-11-30": "-58.09%", "2011-08-31": "-62.35%", "2011-05-31": "-66.29%", "2011-02-28": "-74.24%", "2010-11-30": "-84.05%", "2010-08-31": "-89.00%", "2010-05-31": "-93.63%", "2010-02-28": "-104.20%", "2009-11-30": "-113.34%", "2009-08-31": "-144.63%", "2009-05-31": "-230.50%", "2009-02-28": "-398.16%", "2008-11-30": "-1401.09%", "2008-08-31": "-3572.22%", "2008-05-31": "2415.69%", "2008-02-29": "2298.11%", "2007-11-30": "659.40%", "2007-08-31": "324.80%", "2007-05-31": "296.00%", "2007-02-28": "256.99%", "2006-11-30": "229.59%", "2006-08-31": "229.26%", "2006-05-31": "246.49%", "2006-02-28": "352.65%", "2005-11-30": "584.94%"}, "dividend yield history": {"last payout": "$0.00", "last yield": "0.00%"}}