{"ticker": "SC", "price": {"title": "Santander Consumer USA Holdings Historical Annual Stock Price Data", "value": 25.92, "historical": {"2020": {"Average Stock Price": "19.4526", "Year Open": "23.4600", "Year High": "27.0600", "Year Low": "10.1100", "Year Close": "22.0200", "Annual % Change": "-5.78%"}, "2019": {"Average Stock Price": "23.1781", "Year Open": "17.8800", "Year High": "27.5100", "Year Low": "17.8800", "Year Close": "23.3700", "Annual % Change": "32.86%"}, "2018": {"Average Stock Price": "18.6667", "Year Open": "18.3900", "Year High": "21.7200", "Year Low": "15.6000", "Year Close": "17.5900", "Annual % Change": "-5.53%"}, "2017": {"Average Stock Price": "14.1006", "Year Open": "13.9600", "Year High": "18.6200", "Year Low": "11.1700", "Year Close": "18.6200", "Annual % Change": "37.93%"}, "2016": {"Average Stock Price": "11.8395", "Year Open": "15.7900", "Year High": "15.7900", "Year Low": "8.8700", "Year Close": "13.5000", "Annual % Change": "-14.83%"}, "2015": {"Average Stock Price": "21.6947", "Year Open": "20.0000", "Year High": "26.5200", "Year Low": "15.1500", "Year Close": "15.8500", "Annual % Change": "-19.17%"}, "2014": {"Average Stock Price": "20.5466", "Year Open": "25.2000", "Year High": "25.9000", "Year Low": "16.8500", "Year Close": "19.6100", "Annual % Change": "0.00%"}}}, "market cap": {"value": "$7.93B"}, "income statement": {"Revenue": {"2019-12-31": "8311.91100", "2018-12-31": "7573.81600", "2017-12-31": "7121.51000", "2016-12-31": "7067.90100", "2015-12-31": "6604.64100", "2014-12-31": "5599.82600", "2013-12-31": "4103.22600", "2012-12-31": "3244.19100", "2011-12-31": "3047.04200", "2010-12-31": "2325.60600"}, "Cost Of Goods Sold": {"2019-12-31": "", "2018-12-31": "", "2017-12-31": "", "2016-12-31": "", "2015-12-31": "", "2014-12-31": "", "2013-12-31": "", "2012-12-31": "", "2011-12-31": "", "2010-12-31": ""}, "Gross Profit": {"2019-12-31": "8311.91100", "2018-12-31": "7573.81600", "2017-12-31": "7121.51000", "2016-12-31": "7067.90100", "2015-12-31": "6604.64100", "2014-12-31": "5599.82600", "2013-12-31": "4103.22600", "2012-12-31": "3244.19100", "2011-12-31": "3047.04200", "2010-12-31": "2325.60600"}, "Research And Development Expenses": {"2019-12-31": "", "2018-12-31": "", "2017-12-31": "", "2016-12-31": "", "2015-12-31": "", "2014-12-31": "", "2013-12-31": "", "2012-12-31": "", "2011-12-31": "", "2010-12-31": ""}, "SG&A Expenses": {"2019-12-31": "510.74300", "2018-12-31": "482.80000", "2017-12-31": "581.01700", "2016-12-31": "498.22400", "2015-12-31": "434.04100", "2014-12-31": "482.63700", "2013-12-31": "305.05600", "2012-12-31": "225.15900", "2011-12-31": "213.68800", "2010-12-31": "151.52800"}, "Other Operating Income Or Expenses": {"2019-12-31": "-5115.09600", "2018-12-31": "-4786.98800", "2017-12-31": "-4788.75000", "2016-12-31": "-4601.48200", "2015-12-31": "-4252.19700", "2014-12-31": "-3472.85100", "2013-12-31": "-2241.07600", "2012-12-31": "-1456.45600", "2011-12-31": "-1162.61600", "2010-12-31": "-1141.53700"}, "Operating Expenses": {"2019-12-31": "6957.64300", "2018-12-31": "6381.54800", "2017-12-31": "6317.50100", "2016-12-31": "5907.19000", "2015-12-31": "5315.02900", "2014-12-31": "4478.69100", "2013-12-31": "2954.91900", "2012-12-31": "2055.64200", "2011-12-31": "1794.83000", "2010-12-31": "1609.55100"}, "Operating Income": {"2019-12-31": "1354.26800", "2018-12-31": "1192.26800", "2017-12-31": "804.00880", "2016-12-31": "1160.71100", "2015-12-31": "1289.61200", "2014-12-31": "1121.13500", "2013-12-31": "1148.30700", "2012-12-31": "1188.54900", "2011-12-31": "1252.21200", "2010-12-31": "716.05490"}, "Total Non-Operating Income/Expense": {"2019-12-31": "", "2018-12-31": "", "2017-12-31": "", "2016-12-31": "", "2015-12-31": "", "2014-12-31": "", "2013-12-31": "", "2012-12-31": "", "2011-12-31": "", "2010-12-31": ""}, "Pre-Tax Income": {"2019-12-31": "1354.26800", "2018-12-31": "1192.26800", "2017-12-31": "804.00900", "2016-12-31": "1160.71100", "2015-12-31": "1289.61200", "2014-12-31": "1121.13500", "2013-12-31": "1148.30700", "2012-12-31": "1188.54900", "2011-12-31": "1252.21200", "2010-12-31": "716.05500"}, "Income Taxes": {"2019-12-31": "359.89800", "2018-12-31": "276.34200", "2017-12-31": "-368.79800", "2016-12-31": "394.24500", "2015-12-31": "465.57200", "2014-12-31": "395.85100", "2013-12-31": "427.14200", "2012-12-31": "453.61500", "2011-12-31": "464.03400", "2010-12-31": "277.94400"}, "Income After Taxes": {"2019-12-31": "994.36990", "2018-12-31": "915.92590", "2017-12-31": "1172.80700", "2016-12-31": "766.46610", "2015-12-31": "824.04000", "2014-12-31": "725.28400", "2013-12-31": "721.16500", "2012-12-31": "734.93400", "2011-12-31": "788.17800", "2010-12-31": "438.11100"}, "Other Income": {"2019-12-31": "", "2018-12-31": "", "2017-12-31": "", "2016-12-31": "", "2015-12-31": "", "2014-12-31": "", "2013-12-31": "", "2012-12-31": "", "2011-12-31": "", "2010-12-31": ""}, "Income From Continuous Operations": {"2019-12-31": "994.36990", "2018-12-31": "915.92590", "2017-12-31": "1172.80700", "2016-12-31": "766.46610", "2015-12-31": "824.04000", "2014-12-31": "725.28400", "2013-12-31": "721.16500", "2012-12-31": "734.93400", "2011-12-31": "788.17800", "2010-12-31": "438.11100"}, "Income From Discontinued Operations": {"2019-12-31": "", "2018-12-31": "", "2017-12-31": "", "2016-12-31": "", "2015-12-31": "", "2014-12-31": "", "2013-12-31": "", "2012-12-31": "", "2011-12-31": "", "2010-12-31": ""}, "Net Income": {"2019-12-31": "994.37000", "2018-12-31": "915.92600", "2017-12-31": "1172.80700", "2016-12-31": "766.46600", "2015-12-31": "824.04000", "2014-12-31": "725.28400", "2013-12-31": "722.98600", "2012-12-31": "715.00300", "2011-12-31": "768.19700", "2010-12-31": "438.11100"}, "EBITDA": {"2019-12-31": "4604.57800", "2018-12-31": "3814.01800", "2017-12-31": "2909.35800", "2016-12-31": "2707.00800", "2015-12-31": "2377.61200", "2014-12-31": "1798.94600", "2013-12-31": "1366.88400", "2012-12-31": "1476.46300", "2011-12-31": "1691.10600", "2010-12-31": "880.30590"}, "EBIT": {"2019-12-31": "2686.07200", "2018-12-31": "2304.02800", "2017-12-31": "1751.74300", "2016-12-31": "1968.19500", "2015-12-31": "1918.40300", "2014-12-31": "1644.33800", "2013-12-31": "1557.09400", "2012-12-31": "1562.57600", "2011-12-31": "1670.73800", "2010-12-31": "1032.54100"}, "Basic Shares Outstanding": {"2019-12-31": "346.99200", "2018-12-31": "359.86200", "2017-12-31": "359.61400", "2016-12-31": "358.28100", "2015-12-31": "355.10300", "2014-12-31": "348.72300", "2013-12-31": "346.17800", "2012-12-31": "346.16500", "2011-12-31": "246.05700", "2010-12-31": "245.78200"}, "Shares Outstanding": {"2019-12-31": "347.50800", "2018-12-31": "360.67200", "2017-12-31": "360.29200", "2016-12-31": "359.07800", "2015-12-31": "356.16300", "2014-12-31": "355.72200", "2013-12-31": "346.17800", "2012-12-31": "346.16500", "2011-12-31": "246.05700", "2010-12-31": "245.78200"}, "Basic EPS": {"2019-12-31": "2.87000", "2018-12-31": "2.55000", "2017-12-31": "3.26000", "2016-12-31": "2.14000", "2015-12-31": "2.32000", "2014-12-31": "2.08000", "2013-12-31": "2.09000", "2012-12-31": "2.07000", "2011-12-31": "3.12000", "2010-12-31": "1.78000"}, "EPS - Earnings Per Share": {"2019-12-31": "2.86000", "2018-12-31": "2.54000", "2017-12-31": "3.26000", "2016-12-31": "2.13000", "2015-12-31": "2.31000", "2014-12-31": "2.04000", "2013-12-31": "2.09000", "2012-12-31": "2.07000", "2011-12-31": "3.12000", "2010-12-31": "1.78000"}}, "income statement, quarterly": {"Revenue": {"2020-09-30": "2125.49400", "2020-06-30": "2077.99500", "2020-03-31": "2143.58200", "2019-12-31": "2109.43300", "2019-09-30": "2106.94000", "2019-06-30": "2063.96900", "2019-03-31": "2031.56900", "2018-12-31": "1990.16400", "2018-09-30": "1929.70900", "2018-06-30": "1862.41500", "2018-03-31": "1791.52800", "2017-12-31": "1773.59400", "2017-09-30": "1794.15500", "2017-06-30": "1790.63800", "2017-03-31": "1763.12300", "2016-12-31": "1747.53100", "2016-09-30": "1771.25700", "2016-06-30": "1782.60000", "2016-03-31": "1766.51300", "2015-12-31": "1691.55500", "2015-09-30": "1693.28200", "2015-06-30": "1659.22500", "2015-03-31": "1560.57900", "2014-12-31": "1456.92100", "2014-09-30": "1437.67200", "2014-06-30": "1392.28200", "2014-03-31": "1312.95100", "2013-12-31": "1166.66200", "2013-09-30": "1133.28200", "2013-06-30": "912.56100", "2013-03-31": "890.72100", "2012-12-31": "", "2012-09-30": "822.19900", "2011-12-31": "", "2010-12-31": ""}, "Cost Of Goods Sold": {"2020-09-30": "", "2020-06-30": "", "2020-03-31": "", "2019-12-31": "", "2019-09-30": "", "2019-06-30": "", "2019-03-31": "", "2018-12-31": "", "2018-09-30": "", "2018-06-30": "", "2018-03-31": "", "2017-12-31": "", "2017-09-30": "", "2017-06-30": "", "2017-03-31": "", "2016-12-31": "", "2016-09-30": "", "2016-06-30": "", "2016-03-31": "", "2015-12-31": "", "2015-09-30": "", "2015-06-30": "", "2015-03-31": "", "2014-12-31": "", "2014-09-30": "", "2014-06-30": "", "2014-03-31": "", "2013-12-31": "", "2013-09-30": "", "2013-06-30": "", "2013-03-31": "", "2012-12-31": "", "2012-09-30": "", "2011-12-31": "", "2010-12-31": ""}, "Gross Profit": {"2020-09-30": "2125.49400", "2020-06-30": "2077.99500", "2020-03-31": "2143.58200", "2019-12-31": "2109.43300", "2019-09-30": "2106.94000", "2019-06-30": "2063.96900", "2019-03-31": "2031.56900", "2018-12-31": "1990.16400", "2018-09-30": "1929.70900", "2018-06-30": "1862.41500", "2018-03-31": "1791.52800", "2017-12-31": "1773.59400", "2017-09-30": "1794.15500", "2017-06-30": "1790.63800", "2017-03-31": "1763.12300", "2016-12-31": "1747.53100", "2016-09-30": "1771.25700", "2016-06-30": "1782.60000", "2016-03-31": "1766.51300", "2015-12-31": "1691.55500", "2015-09-30": "1693.28200", "2015-06-30": "1659.22500", "2015-03-31": "1560.57900", "2014-12-31": "1456.92100", "2014-09-30": "1437.67200", "2014-06-30": "1392.28200", "2014-03-31": "1312.95100", "2013-12-31": "1166.66200", "2013-09-30": "1133.28200", "2013-06-30": "912.56100", "2013-03-31": "890.72100", "2012-12-31": "", "2012-09-30": "822.19900", "2011-12-31": "", "2010-12-31": ""}, "Research And Development Expenses": {"2020-09-30": "", "2020-06-30": "", "2020-03-31": "", "2019-12-31": "", "2019-09-30": "", "2019-06-30": "", "2019-03-31": "", "2018-12-31": "", "2018-09-30": "", "2018-06-30": "", "2018-03-31": "", "2017-12-31": "", "2017-09-30": "", "2017-06-30": "", "2017-03-31": "", "2016-12-31": "", "2016-09-30": "", "2016-06-30": "", "2016-03-31": "", "2015-12-31": "", "2015-09-30": "", "2015-06-30": "", "2015-03-31": "", "2014-12-31": "", "2014-09-30": "", "2014-06-30": "", "2014-03-31": "", "2013-12-31": "", "2013-09-30": "", "2013-06-30": "", "2013-03-31": "", "2012-12-31": "", "2012-09-30": "", "2011-12-31": "", "2010-12-31": ""}, "SG&A Expenses": {"2020-09-30": "127.99100", "2020-06-30": "127.64300", "2020-03-31": "133.32600", "2019-12-31": "127.90000", "2019-09-30": "132.27100", "2019-06-30": "122.67800", "2019-03-31": "127.89400", "2018-12-31": "122.47500", "2018-09-30": "119.72200", "2018-06-30": "118.59800", "2018-03-31": "122.00500", "2017-12-31": "182.69200", "2017-09-30": "134.16900", "2017-06-30": "127.89400", "2017-03-31": "136.26200", "2016-12-31": "126.98200", "2016-09-30": "128.05600", "2016-06-30": "123.34400", "2016-03-31": "119.84200", "2015-12-31": "108.45800", "2015-09-30": "114.07000", "2015-06-30": "110.97300", "2015-03-31": "100.54000", "2014-12-31": "98.09300", "2014-09-30": "88.94000", "2014-06-30": "93.68900", "2014-03-31": "201.91500", "2013-12-31": "134.66600", "2013-09-30": "79.29300", "2013-06-30": "28.55000", "2013-03-31": "62.54700", "2012-12-31": "", "2012-09-30": "55.40200", "2011-12-31": "", "2010-12-31": ""}, "Other Operating Income Or Expenses": {"2020-09-30": "-1042.79400", "2020-06-30": "-1770.90500", "2020-03-31": "-1687.86700", "2019-12-31": "-1427.08600", "2019-09-30": "-1324.76300", "2019-06-30": "-1131.22100", "2019-03-31": "-1232.02600", "2018-12-31": "-1412.86000", "2018-09-30": "-1227.58200", "2018-06-30": "-1020.71800", "2018-03-31": "-1125.82800", "2017-12-31": "-1396.27700", "2017-09-30": "-1132.86400", "2017-06-30": "-1081.26500", "2017-03-31": "-1178.34400", "2016-12-31": "-1313.38300", "2016-09-30": "-1132.00600", "2016-06-30": "-1023.09900", "2016-03-31": "-1132.99400", "2015-12-31": "-1447.00300", "2015-09-30": "-1034.81800", "2015-06-30": "-824.46100", "2015-03-31": "-945.91500", "2014-12-31": "-991.31590", "2014-09-30": "-941.87190", "2014-06-30": "-776.14000", "2014-03-31": "-763.52310", "2013-12-31": "-670.12080", "2013-09-30": "-756.09300", "2013-06-30": "-511.34200", "2013-03-31": "-303.52000", "2012-12-31": "", "2012-09-30": "-314.20300", "2011-12-31": "", "2010-12-31": ""}, "Operating Expenses": {"2020-09-30": "1462.90300", "2020-06-30": "2207.53000", "2020-03-31": "2150.02700", "2019-12-31": "1887.15700", "2019-09-30": "1792.24600", "2019-06-30": "1583.93800", "2019-03-31": "1694.30200", "2018-12-31": "1846.53100", "2018-09-30": "1632.88700", "2018-06-30": "1413.26900", "2018-03-31": "1488.86100", "2017-12-31": "1815.56900", "2017-09-30": "1517.70700", "2017-06-30": "1442.53000", "2017-03-31": "1541.69500", "2016-12-31": "1657.34500", "2016-09-30": "1467.23700", "2016-06-30": "1345.03700", "2016-03-31": "1437.57100", "2015-12-31": "1713.35400", "2015-09-30": "1320.30800", "2015-06-30": "1086.05600", "2015-03-31": "1195.31100", "2014-12-31": "1230.71700", "2014-09-30": "1159.94700", "2014-06-30": "998.14300", "2014-03-31": "1089.88400", "2013-12-31": "922.51200", "2013-09-30": "955.97500", "2013-06-30": "627.36800", "2013-03-31": "449.06400", "2012-12-31": "", "2012-09-30": "468.37900", "2011-12-31": "", "2010-12-31": ""}, "Operating Income": {"2020-09-30": "662.59090", "2020-06-30": "-129.53490", "2020-03-31": "-6.44480", "2019-12-31": "222.27610", "2019-09-30": "314.69380", "2019-06-30": "480.03100", "2019-03-31": "337.26700", "2018-12-31": "143.63290", "2018-09-30": "296.82200", "2018-06-30": "449.14610", "2018-03-31": "302.66690", "2017-12-31": "-41.97560", "2017-09-30": "276.44800", "2017-06-30": "348.10790", "2017-03-31": "221.42820", "2016-12-31": "90.18620", "2016-09-30": "304.01990", "2016-06-30": "437.56300", "2016-03-31": "328.94180", "2015-12-31": "-21.79820", "2015-09-30": "372.97400", "2015-06-30": "573.16890", "2015-03-31": "365.26790", "2014-12-31": "226.20420", "2014-09-30": "277.72510", "2014-06-30": "394.13900", "2014-03-31": "223.06700", "2013-12-31": "244.15010", "2013-09-30": "177.30700", "2013-06-30": "285.19290", "2013-03-31": "441.65700", "2012-12-31": "", "2012-09-30": "353.82000", "2011-12-31": "", "2010-12-31": ""}, "Total Non-Operating Income/Expense": {"2020-09-30": "", "2020-06-30": "", "2020-03-31": "", "2019-12-31": "", "2019-09-30": "", "2019-06-30": "", "2019-03-31": "", "2018-12-31": "", "2018-09-30": "", "2018-06-30": "", "2018-03-31": "", "2017-12-31": "", "2017-09-30": "", "2017-06-30": "", "2017-03-31": "", "2016-12-31": "", "2016-09-30": "", "2016-06-30": "", "2016-03-31": "", "2015-12-31": "", "2015-09-30": "", "2015-06-30": "", "2015-03-31": "", "2014-12-31": "", "2014-09-30": "", "2014-06-30": "", "2014-03-31": "", "2013-12-31": "", "2013-09-30": "", "2013-06-30": "", "2013-03-31": "", "2012-12-31": "", "2012-09-30": "", "2011-12-31": "", "2010-12-31": ""}, "Pre-Tax Income": {"2020-09-30": "662.59100", "2020-06-30": "-129.53500", "2020-03-31": "-6.44500", "2019-12-31": "222.27600", "2019-09-30": "314.69400", "2019-06-30": "480.03100", "2019-03-31": "337.26700", "2018-12-31": "143.63290", "2018-09-30": "296.82200", "2018-06-30": "449.14600", "2018-03-31": "302.66700", "2017-12-31": "-41.97500", "2017-09-30": "276.44800", "2017-06-30": "348.10800", "2017-03-31": "221.42800", "2016-12-31": "90.18610", "2016-09-30": "304.02000", "2016-06-30": "437.56300", "2016-03-31": "328.94200", "2015-12-31": "-21.79900", "2015-09-30": "372.97400", "2015-06-30": "573.16900", "2015-03-31": "365.26800", "2014-12-31": "226.20400", "2014-09-30": "277.72500", "2014-06-30": "394.13900", "2014-03-31": "223.06700", "2013-12-31": "244.15000", "2013-09-30": "177.30700", "2013-06-30": "285.19300", "2013-03-31": "441.65700", "2012-12-31": "", "2012-09-30": "353.82000", "2011-12-31": "", "2010-12-31": ""}, "Income Taxes": {"2020-09-30": "172.47600", "2020-06-30": "-32.85700", "2020-03-31": "-2.45800", "2019-12-31": "76.21400", "2019-09-30": "82.15600", "2019-06-30": "111.76400", "2019-03-31": "89.76400", "2018-12-31": "39.29600", "2018-09-30": "64.87400", "2018-06-30": "114.12000", "2018-03-31": "58.05200", "2017-12-31": "-608.11100", "2017-09-30": "77.87900", "2017-06-30": "83.43300", "2017-03-31": "78.00100", "2016-12-31": "28.91100", "2016-09-30": "90.47300", "2016-06-30": "154.21800", "2016-03-31": "120.64300", "2015-12-31": "-2.24400", "2015-09-30": "136.53900", "2015-06-30": "208.45400", "2015-03-31": "122.82300", "2014-12-31": "73.48400", "2014-09-30": "98.56200", "2014-06-30": "138.18100", "2014-03-31": "85.62400", "2013-12-31": "104.72900", "2013-09-30": "65.48600", "2013-06-30": "104.12900", "2013-03-31": "152.79800", "2012-12-31": "", "2012-09-30": "141.26100", "2011-12-31": "", "2010-12-31": ""}, "Income After Taxes": {"2020-09-30": "490.11500", "2020-06-30": "-96.67800", "2020-03-31": "-3.98700", "2019-12-31": "146.06190", "2019-09-30": "232.53800", "2019-06-30": "368.26700", "2019-03-31": "247.50300", "2018-12-31": "104.33690", "2018-09-30": "231.94800", "2018-06-30": "335.02600", "2018-03-31": "244.61500", "2017-12-31": "566.13600", "2017-09-30": "198.56900", "2017-06-30": "264.67500", "2017-03-31": "143.42700", "2016-12-31": "61.27510", "2016-09-30": "213.54700", "2016-06-30": "283.34500", "2016-03-31": "208.29900", "2015-12-31": "-19.55500", "2015-09-30": "236.43500", "2015-06-30": "364.71500", "2015-03-31": "242.44500", "2014-12-31": "152.72000", "2014-09-30": "179.16300", "2014-06-30": "255.95800", "2014-03-31": "137.44300", "2013-12-31": "139.42110", "2013-09-30": "111.82100", "2013-06-30": "181.06400", "2013-03-31": "288.85900", "2012-12-31": "", "2012-09-30": "212.55900", "2011-12-31": "", "2010-12-31": ""}, "Other Income": {"2020-09-30": "", "2020-06-30": "", "2020-03-31": "", "2019-12-31": "", "2019-09-30": "", "2019-06-30": "", "2019-03-31": "", "2018-12-31": "", "2018-09-30": "", "2018-06-30": "", "2018-03-31": "", "2017-12-31": "", "2017-09-30": "", "2017-06-30": "", "2017-03-31": "", "2016-12-31": "", "2016-09-30": "", "2016-06-30": "", "2016-03-31": "", "2015-12-31": "", "2015-09-30": "", "2015-06-30": "", "2015-03-31": "", "2014-12-31": "", "2014-09-30": "", "2014-06-30": "", "2014-03-31": "", "2013-12-31": "", "2013-09-30": "", "2013-06-30": "", "2013-03-31": "", "2012-12-31": "", "2012-09-30": "", "2011-12-31": "", "2010-12-31": ""}, "Income From Continuous Operations": {"2020-09-30": "490.11500", "2020-06-30": "-96.67800", "2020-03-31": "-3.98700", "2019-12-31": "146.06190", "2019-09-30": "232.53800", "2019-06-30": "368.26700", "2019-03-31": "247.50300", "2018-12-31": "104.33690", "2018-09-30": "231.94800", "2018-06-30": "335.02600", "2018-03-31": "244.61500", "2017-12-31": "566.13600", "2017-09-30": "198.56900", "2017-06-30": "264.67500", "2017-03-31": "143.42700", "2016-12-31": "61.27510", "2016-09-30": "213.54700", "2016-06-30": "283.34500", "2016-03-31": "208.29900", "2015-12-31": "-19.55500", "2015-09-30": "236.43500", "2015-06-30": "364.71500", "2015-03-31": "242.44500", "2014-12-31": "152.72000", "2014-09-30": "179.16300", "2014-06-30": "255.95800", "2014-03-31": "137.44300", "2013-12-31": "139.42110", "2013-09-30": "111.82100", "2013-06-30": "181.06400", "2013-03-31": "288.85900", "2012-12-31": "", "2012-09-30": "212.55900", "2011-12-31": "", "2010-12-31": ""}, "Income From Discontinued Operations": {"2020-09-30": "", "2020-06-30": "", "2020-03-31": "", "2019-12-31": "", "2019-09-30": "", "2019-06-30": "", "2019-03-31": "", "2018-12-31": "", "2018-09-30": "", "2018-06-30": "", "2018-03-31": "", "2017-12-31": "", "2017-09-30": "", "2017-06-30": "", "2017-03-31": "", "2016-12-31": "", "2016-09-30": "", "2016-06-30": "", "2016-03-31": "", "2015-12-31": "", "2015-09-30": "", "2015-06-30": "", "2015-03-31": "", "2014-12-31": "", "2014-09-30": "", "2014-06-30": "", "2014-03-31": "", "2013-12-31": "", "2013-09-30": "", "2013-06-30": "", "2013-03-31": "", "2012-12-31": "", "2012-09-30": "", "2011-12-31": "", "2010-12-31": ""}, "Net Income": {"2020-09-30": "490.11500", "2020-06-30": "-96.67800", "2020-03-31": "-3.98700", "2019-12-31": "146.06200", "2019-09-30": "232.53800", "2019-06-30": "368.26700", "2019-03-31": "247.50300", "2018-12-31": "104.33700", "2018-09-30": "231.94800", "2018-06-30": "335.02600", "2018-03-31": "244.61500", "2017-12-31": "566.13600", "2017-09-30": "198.56900", "2017-06-30": "264.67500", "2017-03-31": "143.42700", "2016-12-31": "61.27500", "2016-09-30": "213.54700", "2016-06-30": "283.34500", "2016-03-31": "208.29900", "2015-12-31": "-19.55500", "2015-09-30": "236.43500", "2015-06-30": "364.71500", "2015-03-31": "242.44500", "2014-12-31": "152.72000", "2014-09-30": "179.16300", "2014-06-30": "255.95800", "2014-03-31": "137.44300", "2013-12-31": "139.42100", "2013-09-30": "111.24500", "2013-06-30": "181.91800", "2013-03-31": "290.40200", "2012-12-31": "", "2012-09-30": "168.46700", "2011-12-31": "", "2010-12-31": ""}, "EBITDA": {"2020-09-30": "1438.88900", "2020-06-30": "841.51400", "2020-03-31": "887.26720", "2019-12-31": "1092.92800", "2019-09-30": "1124.71800", "2019-06-30": "1269.10500", "2019-03-31": "1117.82700", "2018-12-31": "880.67100", "2018-09-30": "982.56000", "2018-06-30": "1062.32000", "2018-03-31": "888.46690", "2017-12-31": "531.97440", "2017-09-30": "838.12500", "2017-06-30": "843.53190", "2017-03-31": "695.72620", "2016-12-31": "539.19030", "2016-09-30": "696.53490", "2016-06-30": "802.80190", "2016-03-31": "668.48080", "2015-12-31": "256.18880", "2015-09-30": "647.21900", "2015-06-30": "816.86000", "2015-03-31": "657.34500", "2014-12-31": "472.62320", "2014-09-30": "445.36410", "2014-06-30": "549.64700", "2014-03-31": "331.31200", "2013-12-31": "403.10910", "2013-09-30": "223.54200", "2013-06-30": "286.71400", "2013-03-31": "453.51900", "2012-12-31": "", "2012-09-30": "452.59400", "2011-12-31": "", "2010-12-31": ""}, "EBIT": {"2020-09-30": "954.70900", "2020-06-30": "179.44710", "2020-03-31": "322.38920", "2019-12-31": "554.44730", "2019-09-30": "649.90590", "2019-06-30": "810.07000", "2019-03-31": "671.64890", "2018-12-31": "454.82900", "2018-09-30": "582.40500", "2018-06-30": "723.09910", "2018-03-31": "543.69490", "2017-12-31": "194.62480", "2017-09-30": "527.12200", "2017-06-30": "581.47890", "2017-03-31": "448.51720", "2016-12-31": "307.16630", "2016-09-30": "511.19490", "2016-06-30": "636.15700", "2016-03-31": "513.67680", "2015-12-31": "136.09440", "2015-09-30": "544.39400", "2015-06-30": "723.79100", "2015-03-31": "514.12400", "2014-12-31": "367.51210", "2014-09-30": "406.86010", "2014-06-30": "522.45300", "2014-03-31": "347.51300", "2013-12-31": "361.87520", "2013-09-30": "297.89600", "2013-06-30": "372.66890", "2013-03-31": "524.65400", "2012-12-31": "", "2012-09-30": "452.59400", "2011-12-31": "", "2010-12-31": ""}, "Basic Shares Outstanding": {"2020-09-30": "310.15000", "2020-06-30": "319.77400", "2020-03-31": "334.02600", "2019-12-31": "346.99200", "2019-09-30": "345.47000", "2019-06-30": "351.10600", "2019-03-31": "351.51500", "2018-12-31": "359.86200", "2018-09-30": "360.72500", "2018-06-30": "361.26800", "2018-03-31": "360.70300", "2017-12-31": "359.61400", "2017-09-30": "359.61900", "2017-06-30": "359.46100", "2017-03-31": "359.10500", "2016-12-31": "358.28100", "2016-09-30": "358.34400", "2016-06-30": "358.21800", "2016-03-31": "357.97500", "2015-12-31": "355.10300", "2015-09-30": "357.84700", "2015-06-30": "355.09200", "2015-03-31": "349.42200", "2014-12-31": "348.72300", "2014-09-30": "348.95600", "2014-06-30": "348.82700", "2014-03-31": "348.10200", "2013-12-31": "346.17800", "2013-09-30": "346.17200", "2013-06-30": "346.17100", "2013-03-31": "346.16500", "2012-12-31": "", "2012-09-30": "346.16500", "2011-12-31": "", "2010-12-31": ""}, "Shares Outstanding": {"2020-09-30": "310.30700", "2020-06-30": "319.87800", "2020-03-31": "334.34600", "2019-12-31": "347.50800", "2019-09-30": "345.95600", "2019-06-30": "351.55600", "2019-03-31": "352.05200", "2018-12-31": "360.67200", "2018-09-30": "361.44500", "2018-06-30": "362.05800", "2018-03-31": "361.61700", "2017-12-31": "360.29200", "2017-09-30": "360.46000", "2017-06-30": "359.82900", "2017-03-31": "360.61600", "2016-12-31": "359.07800", "2016-09-30": "360.08800", "2016-06-30": "359.86800", "2016-03-31": "358.84000", "2015-12-31": "356.16300", "2015-09-30": "359.10800", "2015-06-30": "359.19400", "2015-03-31": "356.65400", "2014-12-31": "355.72200", "2014-09-30": "355.92200", "2014-06-30": "356.38200", "2014-03-31": "356.32500", "2013-12-31": "346.17800", "2013-09-30": "346.17200", "2013-06-30": "346.17100", "2013-03-31": "346.16500", "2012-12-31": "", "2012-09-30": "346.16500", "2011-12-31": "", "2010-12-31": ""}, "Basic EPS": {"2020-09-30": "1.58000", "2020-06-30": "-0.30000", "2020-03-31": "-0.01000", "2019-12-31": "0.45000", "2019-09-30": "0.67000", "2019-06-30": "1.05000", "2019-03-31": "0.70000", "2018-12-31": "0.30000", "2018-09-30": "0.64000", "2018-06-30": "0.93000", "2018-03-31": "0.68000", "2017-12-31": "1.57000", "2017-09-30": "0.55000", "2017-06-30": "0.74000", "2017-03-31": "0.40000", "2016-12-31": "0.17000", "2016-09-30": "0.60000", "2016-06-30": "0.79000", "2016-03-31": "0.58000", "2015-12-31": "-0.06000", "2015-09-30": "0.66000", "2015-06-30": "1.03000", "2015-03-31": "0.69000", "2014-12-31": "0.45000", "2014-09-30": "0.51000", "2014-06-30": "0.73000", "2014-03-31": "0.39000", "2013-12-31": "0.40000", "2013-09-30": "0.32000", "2013-06-30": "0.53000", "2013-03-31": "0.84000", "2012-12-31": "", "2012-09-30": "0.49000", "2011-12-31": "", "2010-12-31": ""}, "EPS - Earnings Per Share": {"2020-09-30": "1.58000", "2020-06-30": "-0.30000", "2020-03-31": "-0.01000", "2019-12-31": "0.44000", "2019-09-30": "0.67000", "2019-06-30": "1.05000", "2019-03-31": "0.70000", "2018-12-31": "0.29000", "2018-09-30": "0.64000", "2018-06-30": "0.93000", "2018-03-31": "0.68000", "2017-12-31": "1.57000", "2017-09-30": "0.55000", "2017-06-30": "0.74000", "2017-03-31": "0.40000", "2016-12-31": "0.17000", "2016-09-30": "0.59000", "2016-06-30": "0.79000", "2016-03-31": "0.58000", "2015-12-31": "-0.05000", "2015-09-30": "0.66000", "2015-06-30": "1.02000", "2015-03-31": "0.68000", "2014-12-31": "0.43000", "2014-09-30": "0.50000", "2014-06-30": "0.72000", "2014-03-31": "0.39000", "2013-12-31": "0.40000", "2013-09-30": "0.32000", "2013-06-30": "0.53000", "2013-03-31": "0.84000", "2012-12-31": "0.00000", "2012-09-30": "0.49000", "2011-12-31": "0.00000", "2010-12-31": "0.00000"}}, "balance sheet": {"Cash On Hand": {"2019-12-31": "2161.08700", "2018-12-31": "2250.48400", "2017-12-31": "3081.70700", "2016-12-31": "2917.47900", "2015-12-31": "2255.22200", "2014-12-31": "1954.01400", "2013-12-31": "2528.33300", "2012-12-31": "1361.34800", "2011-12-31": "1712.57500", "2010-12-31": ""}, "Receivables": {"2019-12-31": "29062.74000", "2018-12-31": "26489.90000", "2017-12-31": "24945.79000", "2016-12-31": "25978.78000", "2015-12-31": "26622.82000", "2014-12-31": "24323.38000", "2013-12-31": "20716.02000", "2012-12-31": "16506.45000", "2011-12-31": "16930.82000", "2010-12-31": ""}, "Inventory": {"2019-12-31": "", "2018-12-31": "", "2017-12-31": "", "2016-12-31": "", "2015-12-31": "", "2014-12-31": "", "2013-12-31": "", "2012-12-31": "", "2011-12-31": "", "2010-12-31": ""}, "Pre-Paid Expenses": {"2019-12-31": "", "2018-12-31": "", "2017-12-31": "", "2016-12-31": "", "2015-12-31": "", "2014-12-31": "", "2013-12-31": "", "2012-12-31": "", "2011-12-31": "", "2010-12-31": ""}, "Other Current Assets": {"2019-12-31": "", "2018-12-31": "", "2017-12-31": "", "2016-12-31": "", "2015-12-31": "", "2014-12-31": "", "2013-12-31": "", "2012-12-31": "", "2011-12-31": "", "2010-12-31": ""}, "Total Current Assets": {"2019-12-31": "31223.82000", "2018-12-31": "28740.38000", "2017-12-31": "28027.50000", "2016-12-31": "28896.26000", "2015-12-31": "28878.04000", "2014-12-31": "26277.39000", "2013-12-31": "23244.35000", "2012-12-31": "17867.80000", "2011-12-31": "18643.39000", "2010-12-31": ""}, "Property, Plant, And Equipment": {"2019-12-31": "16521.86000", "2018-12-31": "14040.14000", "2017-12-31": "10229.94000", "2016-12-31": "8632.13700", "2015-12-31": "6555.31700", "2014-12-31": "4889.81100", "2013-12-31": "2049.14500", "2012-12-31": "13.46200", "2011-12-31": "19.13800", "2010-12-31": ""}, "Long-Term Investments": {"2019-12-31": "", "2018-12-31": "", "2017-12-31": "", "2016-12-31": "", "2015-12-31": "", "2014-12-31": "", "2013-12-31": "", "2012-12-31": "95.60000", "2011-12-31": "188.29900", "2010-12-31": ""}, "Goodwill And Intangible Assets": {"2019-12-31": "116.82800", "2018-12-31": "109.25100", "2017-12-31": "103.79000", "2016-12-31": "106.67900", "2015-12-31": "107.07200", "2014-12-31": "110.93800", "2013-12-31": "128.72000", "2012-12-31": "126.70000", "2011-12-31": "125.42700", "2010-12-31": "0.00000"}, "Other Long-Term Assets": {"2019-12-31": "1071.02000", "2018-12-31": "1070.08800", "2017-12-31": "946.51400", "2016-12-31": "816.68000", "2015-12-31": "640.89000", "2014-12-31": "567.73900", "2013-12-31": "410.30500", "2012-12-31": "131.81900", "2011-12-31": "106.61300", "2010-12-31": ""}, "Total Long-Term Assets": {"2019-12-31": "17709.70000", "2018-12-31": "15219.47000", "2017-12-31": "11375.30000", "2016-12-31": "9642.84700", "2015-12-31": "7570.91500", "2014-12-31": "6091.35800", "2013-12-31": "3157.54900", "2012-12-31": "873.84800", "2011-12-31": "760.97600", "2010-12-31": ""}, "Total Assets": {"2019-12-31": "48933.53000", "2018-12-31": "43959.86000", "2017-12-31": "39402.80000", "2016-12-31": "38539.11000", "2015-12-31": "36448.96000", "2014-12-31": "32368.75000", "2013-12-31": "26401.90000", "2012-12-31": "18741.64000", "2011-12-31": "19404.37000", "2010-12-31": "0.00000"}, "Total Current Liabilities": {"2019-12-31": "499.32600", "2018-12-31": "472.32100", "2017-12-31": "31628.49000", "2016-12-31": "31736.07000", "2015-12-31": "30811.49000", "2014-12-31": "28153.36000", "2013-12-31": "23605.28000", "2012-12-31": "16398.32000", "2011-12-31": "17024.37000", "2010-12-31": ""}, "Long Term Debt": {"2019-12-31": "39194.14000", "2018-12-31": "34883.04000", "2017-12-31": "", "2016-12-31": "", "2015-12-31": "", "2014-12-31": "", "2013-12-31": "", "2012-12-31": "", "2011-12-31": "", "2010-12-31": ""}, "Other Non-Current Liabilities": {"2019-12-31": "453.22000", "2018-12-31": "430.25600", "2017-12-31": "416.18800", "2016-12-31": "286.34800", "2015-12-31": "323.69200", "2014-12-31": "226.04500", "2013-12-31": "109.78600", "2012-12-31": "103.86100", "2011-12-31": "143.31600", "2010-12-31": ""}, "Total Long Term Liabilities": {"2019-12-31": "41115.58000", "2018-12-31": "36469.18000", "2017-12-31": "1308.60300", "2016-12-31": "1564.41200", "2015-12-31": "1204.91700", "2014-12-31": "689.17200", "2013-12-31": "109.78600", "2012-12-31": "103.86100", "2011-12-31": "143.31600", "2010-12-31": ""}, "Total Liabilities": {"2019-12-31": "41614.91000", "2018-12-31": "36941.50000", "2017-12-31": "32937.10000", "2016-12-31": "33300.48000", "2015-12-31": "32016.41000", "2014-12-31": "28842.54000", "2013-12-31": "23715.06000", "2012-12-31": "16502.18000", "2011-12-31": "17167.69000", "2010-12-31": "0.00000"}, "Common Stock Net": {"2019-12-31": "3.39200", "2018-12-31": "3.52300", "2017-12-31": "3.60500", "2016-12-31": "3.58900", "2015-12-31": "3.57900", "2014-12-31": "3.49000", "2013-12-31": "3.46800", "2012-12-31": "3.46200", "2011-12-31": "3.46200", "2010-12-31": "0.00000"}, "Retained Earnings (Accumulated Deficit)": {"2019-12-31": "6168.65900", "2018-12-31": "5465.74800", "2017-12-31": "4736.27700", "2016-12-31": "3549.16000", "2015-12-31": "2782.69400", "2014-12-31": "1958.65400", "2013-12-31": "1276.75400", "2012-12-31": "869.66400", "2011-12-31": "889.66100", "2010-12-31": ""}, "Comprehensive Income": {"2019-12-31": "-26.69300", "2018-12-31": "33.51500", "2017-12-31": "44.26200", "2016-12-31": "28.25900", "2015-12-31": "2.12500", "2014-12-31": "3.55300", "2013-12-31": "-2.85300", "2012-12-31": "-9.16400", "2011-12-31": "-11.49600", "2010-12-31": ""}, "Other Share Holders Equity": {"2019-12-31": "", "2018-12-31": "", "2017-12-31": "", "2016-12-31": "", "2015-12-31": "", "2014-12-31": "", "2013-12-31": "", "2012-12-31": "", "2011-12-31": "", "2010-12-31": "0.00000"}, "Share Holder Equity": {"2019-12-31": "7318.62000", "2018-12-31": "7018.35800", "2017-12-31": "6465.70200", "2016-12-31": "5238.61900", "2015-12-31": "4432.54900", "2014-12-31": "3526.21600", "2013-12-31": "2686.83200", "2012-12-31": "2239.46600", "2011-12-31": "2236.68500", "2010-12-31": "0.00000"}, "Total Liabilities And Share Holders Equity": {"2019-12-31": "48933.53000", "2018-12-31": "43959.86000", "2017-12-31": "39402.80000", "2016-12-31": "38539.11000", "2015-12-31": "36448.96000", "2014-12-31": "32368.75000", "2013-12-31": "26401.90000", "2012-12-31": "18741.64000", "2011-12-31": "19404.37000", "2010-12-31": "0.00000"}}, "balance sheet, quarterly": {"Cash On Hand": {"2020-09-30": "2372.77000", "2020-06-30": "2233.25100", "2020-03-31": "2488.59200", "2019-12-31": "2161.08700", "2019-09-30": "2284.11500", "2019-06-30": "2372.37700", "2019-03-31": "2490.92500", "2018-12-31": "2250.48400", "2018-09-30": "2211.56500", "2018-06-30": "2445.09800", "2018-03-31": "3514.42400", "2017-12-31": "3081.70700", "2017-09-30": "2956.55700", "2017-06-30": "3098.29100", "2017-03-31": "3367.56200", "2016-12-31": "2917.47900", "2016-09-30": "2772.37300", "2016-06-30": "2790.89000", "2016-03-31": "2678.26300", "2015-12-31": "2255.22200", "2015-09-30": "2322.43100", "2015-06-30": "3115.11500", "2015-03-31": "2714.25600", "2014-12-31": "1954.01400", "2014-09-30": "3373.60600", "2014-06-30": "3287.49600", "2014-03-31": "1943.22700", "2013-12-31": "2528.33300", "2013-09-30": "2210.07500", "2013-06-30": "", "2013-03-31": "", "2012-12-31": "", "2012-09-30": "", "2011-12-31": "1712.57000", "2010-12-31": ""}, "Receivables": {"2020-09-30": "28641.61000", "2020-06-30": "27639.32000", "2020-03-31": "26580.92000", "2019-12-31": "29062.74000", "2019-09-30": "27713.01000", "2019-06-30": "27370.24000", "2019-03-31": "26847.34000", "2018-12-31": "26489.90000", "2018-09-30": "26077.97000", "2018-06-30": "25630.13000", "2018-03-31": "24468.79000", "2017-12-31": "24945.79000", "2017-09-30": "24773.68000", "2017-06-30": "26089.19000", "2017-03-31": "25607.85000", "2016-12-31": "25978.78000", "2016-09-30": "26628.45000", "2016-06-30": "26719.65000", "2016-03-31": "26654.31000", "2015-12-31": "26622.82000", "2015-09-30": "26582.71000", "2015-06-30": "26760.87000", "2015-03-31": "25943.31000", "2014-12-31": "24323.38000", "2014-09-30": "21859.88000", "2014-06-30": "21998.24000", "2014-03-31": "21678.88000", "2013-12-31": "20716.02000", "2013-09-30": "20966.55000", "2013-06-30": "", "2013-03-31": "", "2012-12-31": "", "2012-09-30": "", "2011-12-31": "16930.82000", "2010-12-31": ""}, "Inventory": {"2020-09-30": "", "2020-06-30": "", "2020-03-31": "", "2019-12-31": "", "2019-09-30": "", "2019-06-30": "", "2019-03-31": "", "2018-12-31": "", "2018-09-30": "", "2018-06-30": "", "2018-03-31": "", "2017-12-31": "", "2017-09-30": "", "2017-06-30": "", "2017-03-31": "", "2016-12-31": "", "2016-09-30": "", "2016-06-30": "", "2016-03-31": "", "2015-12-31": "", "2015-09-30": "", "2015-06-30": "", "2015-03-31": "", "2014-12-31": "", "2014-09-30": "", "2014-06-30": "", "2014-03-31": "", "2013-12-31": "", "2013-09-30": "", "2013-06-30": "", "2013-03-31": "", "2012-12-31": "", "2012-09-30": "", "2011-12-31": "", "2010-12-31": ""}, "Pre-Paid Expenses": {"2020-09-30": "", "2020-06-30": "", "2020-03-31": "", "2019-12-31": "", "2019-09-30": "", "2019-06-30": "", "2019-03-31": "", "2018-12-31": "", "2018-09-30": "", "2018-06-30": "", "2018-03-31": "", "2017-12-31": "", "2017-09-30": "", "2017-06-30": "", "2017-03-31": "", "2016-12-31": "", "2016-09-30": "", "2016-06-30": "", "2016-03-31": "", "2015-12-31": "", "2015-09-30": "", "2015-06-30": "", "2015-03-31": "", "2014-12-31": "", "2014-09-30": "", "2014-06-30": "", "2014-03-31": "", "2013-12-31": "", "2013-09-30": "", "2013-06-30": "", "2013-03-31": "", "2012-12-31": "", "2012-09-30": "", "2011-12-31": "", "2010-12-31": ""}, "Other Current Assets": {"2020-09-30": "", "2020-06-30": "", "2020-03-31": "", "2019-12-31": "", "2019-09-30": "", "2019-06-30": "", "2019-03-31": "", "2018-12-31": "", "2018-09-30": "", "2018-06-30": "", "2018-03-31": "", "2017-12-31": "", "2017-09-30": "", "2017-06-30": "", "2017-03-31": "", "2016-12-31": "", "2016-09-30": "", "2016-06-30": "", "2016-03-31": "", "2015-12-31": "", "2015-09-30": "", "2015-06-30": "", "2015-03-31": "", "2014-12-31": "", "2014-09-30": "", "2014-06-30": "", "2014-03-31": "", "2013-12-31": "", "2013-09-30": "", "2013-06-30": "", "2013-03-31": "", "2012-12-31": "", "2012-09-30": "", "2011-12-31": "", "2010-12-31": ""}, "Total Current Assets": {"2020-09-30": "31014.38000", "2020-06-30": "29872.57000", "2020-03-31": "29069.52000", "2019-12-31": "31223.82000", "2019-09-30": "29997.13000", "2019-06-30": "29742.62000", "2019-03-31": "29338.27000", "2018-12-31": "28740.38000", "2018-09-30": "28289.53000", "2018-06-30": "28075.23000", "2018-03-31": "27983.21000", "2017-12-31": "28027.50000", "2017-09-30": "27730.24000", "2017-06-30": "29187.48000", "2017-03-31": "28975.42000", "2016-12-31": "28896.26000", "2016-09-30": "29400.82000", "2016-06-30": "29510.54000", "2016-03-31": "29332.57000", "2015-12-31": "28878.04000", "2015-09-30": "28905.14000", "2015-06-30": "29875.98000", "2015-03-31": "28657.56000", "2014-12-31": "26277.39000", "2014-09-30": "25233.49000", "2014-06-30": "25285.74000", "2014-03-31": "23622.10000", "2013-12-31": "23244.35000", "2013-09-30": "23176.62000", "2013-06-30": "", "2013-03-31": "", "2012-12-31": "", "2012-09-30": "", "2011-12-31": "18643.39000", "2010-12-31": ""}, "Property, Plant, And Equipment": {"2020-09-30": "16255.48000", "2020-06-30": "16301.28000", "2020-03-31": "16806.93000", "2019-12-31": "16521.86000", "2019-09-30": "16093.84000", "2019-06-30": "15372.54000", "2019-03-31": "14450.51000", "2018-12-31": "14040.14000", "2018-09-30": "13246.64000", "2018-06-30": "11794.08000", "2018-03-31": "10678.79000", "2017-12-31": "10229.94000", "2017-09-30": "10003.80000", "2017-06-30": "9357.14900", "2017-03-31": "8995.45700", "2016-12-31": "8632.13700", "2016-09-30": "8529.50700", "2016-06-30": "8126.89300", "2016-03-31": "7338.76300", "2015-12-31": "6555.31700", "2015-09-30": "6112.74800", "2015-06-30": "5224.45200", "2015-03-31": "5070.46200", "2014-12-31": "4889.81100", "2014-09-30": "4443.28200", "2014-06-30": "3597.95100", "2014-03-31": "2987.22500", "2013-12-31": "2049.14500", "2013-09-30": "1244.55600", "2013-06-30": "", "2013-03-31": "", "2012-12-31": "", "2012-09-30": "", "2011-12-31": "", "2010-12-31": ""}, "Long-Term Investments": {"2020-09-30": "", "2020-06-30": "", "2020-03-31": "", "2019-12-31": "", "2019-09-30": "", "2019-06-30": "", "2019-03-31": "", "2018-12-31": "", "2018-09-30": "", "2018-06-30": "", "2018-03-31": "", "2017-12-31": "", "2017-09-30": "", "2017-06-30": "", "2017-03-31": "", "2016-12-31": "", "2016-09-30": "", "2016-06-30": "", "2016-03-31": "", "2015-12-31": "", "2015-09-30": "", "2015-06-30": "", "2015-03-31": "", "2014-12-31": "", "2014-09-30": "", "2014-06-30": "", "2014-03-31": "1000.54500", "2013-12-31": "", "2013-09-30": "", "2013-06-30": "", "2013-03-31": "", "2012-12-31": "", "2012-09-30": "", "2011-12-31": "188.29000", "2010-12-31": ""}, "Goodwill And Intangible Assets": {"2020-09-30": "136.39700", "2020-06-30": "127.21500", "2020-03-31": "121.87900", "2019-12-31": "116.82800", "2019-09-30": "110.68300", "2019-06-30": "108.17300", "2019-03-31": "115.25600", "2018-12-31": "109.25100", "2018-09-30": "106.23300", "2018-06-30": "105.66900", "2018-03-31": "105.14400", "2017-12-31": "103.79000", "2017-09-30": "105.59000", "2017-06-30": "106.29800", "2017-03-31": "106.33100", "2016-12-31": "106.67900", "2016-09-30": "107.08400", "2016-06-30": "107.73700", "2016-03-31": "107.97100", "2015-12-31": "107.07200", "2015-09-30": "110.96600", "2015-06-30": "110.89800", "2015-03-31": "110.84600", "2014-12-31": "110.93800", "2014-09-30": "127.99100", "2014-06-30": "127.69300", "2014-03-31": "128.44700", "2013-12-31": "128.72000", "2013-09-30": "128.57300", "2013-06-30": "0.00000", "2013-03-31": "0.00000", "2012-12-31": "", "2012-09-30": "0.00000", "2011-12-31": "125.42000", "2010-12-31": "0.00000"}, "Other Long-Term Assets": {"2020-09-30": "1042.66500", "2020-06-30": "967.63900", "2020-03-31": "1108.60700", "2019-12-31": "1071.02000", "2019-09-30": "995.21600", "2019-06-30": "1109.32700", "2019-03-31": "1061.30400", "2018-12-31": "1070.08800", "2018-09-30": "1065.23600", "2018-06-30": "1097.63800", "2018-03-31": "1178.95100", "2017-12-31": "946.51400", "2017-09-30": "813.13100", "2017-06-30": "759.26700", "2017-03-31": "891.35100", "2016-12-31": "816.68000", "2016-09-30": "632.94000", "2016-06-30": "671.94000", "2016-03-31": "729.03200", "2015-12-31": "640.89000", "2015-09-30": "649.87500", "2015-06-30": "625.95300", "2015-03-31": "599.63100", "2014-12-31": "567.73900", "2014-09-30": "528.02000", "2014-06-30": "493.18700", "2014-03-31": "521.69300", "2013-12-31": "410.30500", "2013-09-30": "432.81500", "2013-06-30": "", "2013-03-31": "", "2012-12-31": "", "2012-09-30": "", "2011-12-31": "116.61000", "2010-12-31": ""}, "Total Long-Term Assets": {"2020-09-30": "17434.54000", "2020-06-30": "17396.13000", "2020-03-31": "18037.41000", "2019-12-31": "17709.70000", "2019-09-30": "17281.89000", "2019-06-30": "16673.47000", "2019-03-31": "15707.64000", "2018-12-31": "15219.47000", "2018-09-30": "14517.42000", "2018-06-30": "13097.90000", "2018-03-31": "12061.98000", "2017-12-31": "11375.30000", "2017-09-30": "11035.32000", "2017-06-30": "10320.00000", "2017-03-31": "10086.52000", "2016-12-31": "9642.84700", "2016-09-30": "9370.81500", "2016-06-30": "8980.07700", "2016-03-31": "8436.39200", "2015-12-31": "7570.91500", "2015-09-30": "7130.48300", "2015-06-30": "6203.52900", "2015-03-31": "5923.77300", "2014-12-31": "6091.35800", "2014-09-30": "5407.80200", "2014-06-30": "4446.65600", "2014-03-31": "5174.12600", "2013-12-31": "3157.54900", "2013-09-30": "2431.66000", "2013-06-30": "", "2013-03-31": "", "2012-12-31": "", "2012-09-30": "", "2011-12-31": "741.80990", "2010-12-31": ""}, "Total Assets": {"2020-09-30": "48448.92000", "2020-06-30": "47268.70000", "2020-03-31": "47106.93000", "2019-12-31": "48933.53000", "2019-09-30": "47279.02000", "2019-06-30": "46416.09000", "2019-03-31": "45045.91000", "2018-12-31": "43959.86000", "2018-09-30": "42806.95000", "2018-06-30": "41173.14000", "2018-03-31": "40045.19000", "2017-12-31": "39402.80000", "2017-09-30": "38765.56000", "2017-06-30": "39507.48000", "2017-03-31": "39061.94000", "2016-12-31": "38539.11000", "2016-09-30": "38771.64000", "2016-06-30": "38490.61000", "2016-03-31": "37768.96000", "2015-12-31": "36448.96000", "2015-09-30": "36035.63000", "2015-06-30": "36079.51000", "2015-03-31": "34581.34000", "2014-12-31": "32368.75000", "2014-09-30": "30641.29000", "2014-06-30": "29732.40000", "2014-03-31": "28796.23000", "2013-12-31": "26401.90000", "2013-09-30": "25608.28000", "2013-06-30": "0.00000", "2013-03-31": "0.00000", "2012-12-31": "0.00000", "2012-09-30": "0.00000", "2011-12-31": "19404.37000", "2010-12-31": "0.00000"}, "Total Current Liabilities": {"2020-09-30": "524.81600", "2020-06-30": "508.29000", "2020-03-31": "458.42900", "2019-12-31": "563.27700", "2019-09-30": "38072.61000", "2019-06-30": "37243.32000", "2019-03-31": "36101.60000", "2018-12-31": "472.32100", "2018-09-30": "34001.27000", "2018-06-30": "32443.93000", "2018-03-31": "31773.89000", "2017-12-31": "31628.49000", "2017-09-30": "30968.50000", "2017-06-30": "32017.07000", "2017-03-31": "31927.92000", "2016-12-31": "31736.07000", "2016-09-30": "32183.55000", "2016-06-30": "32206.56000", "2016-03-31": "31905.71000", "2015-12-31": "30811.49000", "2015-09-30": "30604.70000", "2015-06-30": "31030.50000", "2015-03-31": "30099.55000", "2014-12-31": "28153.36000", "2014-09-30": "27164.83000", "2014-06-30": "26460.31000", "2014-03-31": "25774.94000", "2013-12-31": "23605.28000", "2013-09-30": "22948.02000", "2013-06-30": "", "2013-03-31": "", "2012-12-31": "", "2012-09-30": "", "2011-12-31": "17024.37000", "2010-12-31": ""}, "Long Term Debt": {"2020-09-30": "41369.35000", "2020-06-30": "40636.77000", "2020-03-31": "40216.88000", "2019-12-31": "39194.14000", "2019-09-30": "", "2019-06-30": "", "2019-03-31": "", "2018-12-31": "34883.04000", "2018-09-30": "", "2018-06-30": "", "2018-03-31": "", "2017-12-31": "", "2017-09-30": "", "2017-06-30": "", "2017-03-31": "", "2016-12-31": "", "2016-09-30": "", "2016-06-30": "", "2016-03-31": "", "2015-12-31": "", "2015-09-30": "", "2015-06-30": "", "2015-03-31": "", "2014-12-31": "", "2014-09-30": "", "2014-06-30": "", "2014-03-31": "", "2013-12-31": "", "2013-09-30": "", "2013-06-30": "", "2013-03-31": "", "2012-12-31": "", "2012-09-30": "", "2011-12-31": "", "2010-12-31": ""}, "Other Non-Current Liabilities": {"2020-09-30": "364.70800", "2020-06-30": "317.72300", "2020-03-31": "345.39800", "2019-12-31": "389.26900", "2019-09-30": "457.57100", "2019-06-30": "508.16400", "2019-03-31": "555.24500", "2018-12-31": "430.25600", "2018-09-30": "526.38400", "2018-06-30": "603.91800", "2018-03-31": "578.83400", "2017-12-31": "416.18800", "2017-09-30": "395.88800", "2017-06-30": "391.85300", "2017-03-31": "372.97300", "2016-12-31": "286.34800", "2016-09-30": "243.24500", "2016-06-30": "299.62200", "2016-03-31": "287.41700", "2015-12-31": "323.69200", "2015-09-30": "272.65900", "2015-06-30": "244.84200", "2015-03-31": "248.85000", "2014-12-31": "226.04500", "2014-09-30": "173.24700", "2014-06-30": "169.82600", "2014-03-31": "113.27300", "2013-12-31": "109.78600", "2013-09-30": "91.10100", "2013-06-30": "", "2013-03-31": "", "2012-12-31": "", "2012-09-30": "", "2011-12-31": "143.31000", "2010-12-31": ""}, "Total Long Term Liabilities": {"2020-09-30": "42829.29000", "2020-06-30": "41864.94000", "2020-03-31": "41502.40000", "2019-12-31": "41051.63000", "2019-09-30": "1861.20600", "2019-06-30": "1835.50600", "2019-03-31": "1785.77600", "2018-12-31": "36469.18000", "2018-09-30": "1664.47200", "2018-06-30": "1683.47500", "2018-03-31": "1545.27800", "2017-12-31": "1308.60300", "2017-09-30": "1911.82000", "2017-06-30": "1811.67300", "2017-03-31": "1715.02800", "2016-12-31": "1564.41200", "2016-09-30": "1470.42400", "2016-06-30": "1407.33600", "2016-03-31": "1258.51700", "2015-12-31": "1204.91700", "2015-09-30": "978.93900", "2015-06-30": "803.25000", "2015-03-31": "710.24200", "2014-12-31": "689.17200", "2014-09-30": "173.24700", "2014-06-30": "169.82600", "2014-03-31": "113.27300", "2013-12-31": "109.78600", "2013-09-30": "91.10100", "2013-06-30": "", "2013-03-31": "", "2012-12-31": "", "2012-09-30": "", "2011-12-31": "143.31000", "2010-12-31": ""}, "Total Liabilities": {"2020-09-30": "43354.11000", "2020-06-30": "42373.23000", "2020-03-31": "41960.83000", "2019-12-31": "41614.91000", "2019-09-30": "39933.81000", "2019-06-30": "39078.83000", "2019-03-31": "37887.38000", "2018-12-31": "36941.50000", "2018-09-30": "35665.74000", "2018-06-30": "34127.40000", "2018-03-31": "33319.17000", "2017-12-31": "32937.10000", "2017-09-30": "32880.32000", "2017-06-30": "33828.75000", "2017-03-31": "33642.94000", "2016-12-31": "33300.48000", "2016-09-30": "33653.98000", "2016-06-30": "33613.90000", "2016-03-31": "33164.22000", "2015-12-31": "32016.41000", "2015-09-30": "31583.64000", "2015-06-30": "31833.75000", "2015-03-31": "30809.79000", "2014-12-31": "28842.54000", "2014-09-30": "27338.08000", "2014-06-30": "26630.14000", "2014-03-31": "25888.21000", "2013-12-31": "23715.06000", "2013-09-30": "23039.12000", "2013-06-30": "0.00000", "2013-03-31": "0.00000", "2012-12-31": "", "2012-09-30": "0.00000", "2011-12-31": "17167.69000", "2010-12-31": "0.00000"}, "Common Stock Net": {"2020-09-30": "3.06100", "2020-06-30": "3.16200", "2020-03-31": "3.21100", "2019-12-31": "3.39200", "2019-09-30": "3.42900", "2019-06-30": "3.48100", "2019-03-31": "3.51700", "2018-12-31": "3.52300", "2018-09-30": "3.59300", "2018-06-30": "3.61400", "2018-03-31": "3.61000", "2017-12-31": "3.60500", "2017-09-30": "3.59800", "2017-06-30": "3.59500", "2017-03-31": "3.59400", "2016-12-31": "3.58900", "2016-09-30": "3.58400", "2016-06-30": "3.58300", "2016-03-31": "3.58000", "2015-12-31": "3.57900", "2015-09-30": "3.57900", "2015-06-30": "3.57800", "2015-03-31": "3.50000", "2014-12-31": "3.49000", "2014-09-30": "3.49000", "2014-06-30": "3.48900", "2014-03-31": "3.48800", "2013-12-31": "3.46800", "2013-09-30": "3.46200", "2013-06-30": "0.00000", "2013-03-31": "0.00000", "2012-12-31": "", "2012-09-30": "0.00000", "2011-12-31": "3.46000", "2010-12-31": "0.00000"}, "Retained Earnings (Accumulated Deficit)": {"2020-09-30": "4754.20500", "2020-06-30": "4331.45400", "2020-03-31": "4499.16300", "2019-12-31": "6168.65900", "2019-09-30": "6097.29500", "2019-06-30": "5940.88600", "2019-03-31": "5642.98300", "2018-12-31": "5465.74800", "2018-09-30": "5433.28300", "2018-06-30": "5285.77500", "2018-03-31": "4969.19800", "2017-12-31": "4736.27700", "2017-09-30": "4181.76300", "2017-06-30": "3982.37500", "2017-03-31": "3717.70000", "2016-12-31": "3549.16000", "2016-09-30": "3487.88500", "2016-06-30": "3274.33800", "2016-03-31": "2990.99300", "2015-12-31": "2782.69400", "2015-09-30": "2802.24900", "2015-06-30": "2565.81400", "2015-03-31": "2201.09900", "2014-12-31": "1958.65400", "2014-09-30": "1743.75400", "2014-06-30": "1552.38500", "2014-03-31": "1358.22000", "2013-12-31": "1276.75400", "2013-09-30": "1162.82800", "2013-06-30": "", "2013-03-31": "", "2012-12-31": "", "2012-09-30": "", "2011-12-31": "889.66000", "2010-12-31": ""}, "Comprehensive Income": {"2020-09-30": "-56.88200", "2020-06-30": "-63.70500", "2020-03-31": "-63.65500", "2019-12-31": "-26.69300", "2019-09-30": "-31.83600", "2019-06-30": "-20.56700", "2019-03-31": "12.93800", "2018-12-31": "33.51500", "2018-09-30": "56.60100", "2018-06-30": "62.44900", "2018-03-31": "63.21100", "2017-12-31": "44.26200", "2017-09-30": "27.48100", "2017-06-30": "27.86000", "2017-03-31": "35.50400", "2016-12-31": "28.25900", "2016-09-30": "-26.59800", "2016-06-30": "-50.76600", "2016-03-31": "-36.06500", "2015-12-31": "2.12500", "2015-09-30": "-24.23900", "2015-06-30": "-5.72600", "2015-03-31": "-9.29000", "2014-12-31": "3.55300", "2014-09-30": "4.55600", "2014-06-30": "-4.12900", "2014-03-31": "-0.76500", "2013-12-31": "-2.85300", "2013-09-30": "-6.59500", "2013-06-30": "", "2013-03-31": "", "2012-12-31": "", "2012-09-30": "", "2011-12-31": "", "2010-12-31": ""}, "Other Share Holders Equity": {"2020-09-30": "", "2020-06-30": "", "2020-03-31": "", "2019-12-31": "", "2019-09-30": "", "2019-06-30": "", "2019-03-31": "", "2018-12-31": "", "2018-09-30": "", "2018-06-30": "", "2018-03-31": "", "2017-12-31": "", "2017-09-30": "", "2017-06-30": "", "2017-03-31": "", "2016-12-31": "", "2016-09-30": "", "2016-06-30": "", "2016-03-31": "", "2015-12-31": "", "2015-09-30": "", "2015-06-30": "", "2015-03-31": "", "2014-12-31": "", "2014-09-30": "", "2014-06-30": "", "2014-03-31": "", "2013-12-31": "", "2013-09-30": "", "2013-06-30": "0.00000", "2013-03-31": "0.00000", "2012-12-31": "", "2012-09-30": "0.00000", "2011-12-31": "8.50000", "2010-12-31": "0.00000"}, "Share Holder Equity": {"2020-09-30": "5094.81200", "2020-06-30": "4895.46500", "2020-03-31": "5146.10300", "2019-12-31": "7318.62000", "2019-09-30": "7345.20200", "2019-06-30": "7337.26100", "2019-03-31": "7158.53000", "2018-12-31": "7018.35800", "2018-09-30": "7141.21500", "2018-06-30": "7045.73400", "2018-03-31": "6726.01500", "2017-12-31": "6465.70200", "2017-09-30": "5885.23400", "2017-06-30": "5678.73300", "2017-03-31": "5418.99800", "2016-12-31": "5238.61900", "2016-09-30": "5117.65700", "2016-06-30": "4876.71200", "2016-03-31": "4604.73900", "2015-12-31": "4432.54900", "2015-09-30": "4451.98400", "2015-06-30": "4245.76300", "2015-03-31": "3771.54300", "2014-12-31": "3526.21600", "2014-09-30": "3303.21300", "2014-06-30": "3102.25800", "2014-03-31": "2908.01800", "2013-12-31": "2686.83200", "2013-09-30": "2569.15800", "2013-06-30": "0.00000", "2013-03-31": "0.00000", "2012-12-31": "", "2012-09-30": "0.00000", "2011-12-31": "2236.68000", "2010-12-31": "0.00000"}, "Total Liabilities And Share Holders Equity": {"2020-09-30": "48448.92000", "2020-06-30": "47268.70000", "2020-03-31": "47106.93000", "2019-12-31": "48933.53000", "2019-09-30": "47279.02000", "2019-06-30": "46416.09000", "2019-03-31": "45045.91000", "2018-12-31": "43959.86000", "2018-09-30": "42806.95000", "2018-06-30": "41173.14000", "2018-03-31": "40045.19000", "2017-12-31": "39402.80000", "2017-09-30": "38765.56000", "2017-06-30": "39507.48000", "2017-03-31": "39061.94000", "2016-12-31": "38539.11000", "2016-09-30": "38771.64000", "2016-06-30": "38490.61000", "2016-03-31": "37768.96000", "2015-12-31": "36448.96000", "2015-09-30": "36035.63000", "2015-06-30": "36079.51000", "2015-03-31": "34581.34000", "2014-12-31": "32368.75000", "2014-09-30": "30641.29000", "2014-06-30": "29732.40000", "2014-03-31": "28796.23000", "2013-12-31": "26401.90000", "2013-09-30": "25608.28000", "2013-06-30": "0.00000", "2013-03-31": "0.00000", "2012-12-31": "", "2012-09-30": "0.00000", "2011-12-31": "19404.37000", "2010-12-31": "0.00000"}}, "cash flow statement": {"Net Income/Loss": {"2019-12-31": "994.37000", "2018-12-31": "915.92600", "2017-12-31": "1172.80700", "2016-12-31": "766.46600", "2015-12-31": "824.04000", "2014-12-31": "725.28400", "2013-12-31": "721.16500", "2012-12-31": "734.93400", "2011-12-31": "788.17800", "2010-12-31": "438.11100"}, "Total Depreciation And Amortization - Cash Flow": {"2019-12-31": "1918.50600", "2018-12-31": "1509.99000", "2017-12-31": "1157.61500", "2016-12-31": "738.81300", "2015-12-31": "459.20900", "2014-12-31": "154.60800", "2013-12-31": "-190.21000", "2012-12-31": "-86.11300", "2011-12-31": "20.36800", "2010-12-31": "-152.23500"}, "Other Non-Cash Items": {"2019-12-31": "2613.13900", "2018-12-31": "3795.18500", "2017-12-31": "1524.89900", "2016-12-31": "2871.37900", "2015-12-31": "2399.24000", "2014-12-31": "3257.46900", "2013-12-31": "1921.23400", "2012-12-31": "918.54600", "2011-12-31": "856.85300", "2010-12-31": "628.36400"}, "Total Non-Cash Items": {"2019-12-31": "4531.64500", "2018-12-31": "5305.17500", "2017-12-31": "2682.51400", "2016-12-31": "3610.19200", "2015-12-31": "2858.44900", "2014-12-31": "3412.07700", "2013-12-31": "1731.02400", "2012-12-31": "832.43300", "2011-12-31": "877.22090", "2010-12-31": "476.12900"}, "Change In Accounts Receivable": {"2019-12-31": "-1.88600", "2018-12-31": "10.09400", "2017-12-31": "82.57800", "2016-12-31": "5.31500", "2015-12-31": "-8.58700", "2014-12-31": "-9.89500", "2013-12-31": "-8.10500", "2012-12-31": "", "2011-12-31": "30.95700", "2010-12-31": "-18.95100"}, "Change In Inventories": {"2019-12-31": "", "2018-12-31": "", "2017-12-31": "", "2016-12-31": "", "2015-12-31": "", "2014-12-31": "", "2013-12-31": "", "2012-12-31": "", "2011-12-31": "", "2010-12-31": ""}, "Change In Accounts Payable": {"2019-12-31": "", "2018-12-31": "", "2017-12-31": "", "2016-12-31": "", "2015-12-31": "", "2014-12-31": "", "2013-12-31": "", "2012-12-31": "", "2011-12-31": "", "2010-12-31": ""}, "Change In Assets/Liabilities": {"2019-12-31": "12.28800", "2018-12-31": "3.74700", "2017-12-31": "0.68000", "2016-12-31": "81.58500", "2015-12-31": "231.60000", "2014-12-31": "-235.43000", "2013-12-31": "-356.21700", "2012-12-31": "-123.30100", "2011-12-31": "-144.32200", "2010-12-31": "261.51100"}, "Total Change In Assets/Liabilities": {"2019-12-31": "7.21800", "2018-12-31": "23.76800", "2017-12-31": "86.02500", "2016-12-31": "96.45900", "2015-12-31": "227.21700", "2014-12-31": "-242.84300", "2013-12-31": "-361.01000", "2012-12-31": "-124.77500", "2011-12-31": "-109.80300", "2010-12-31": "245.37300"}, "Cash Flow From Operating Activities": {"2019-12-31": "5533.23300", "2018-12-31": "6244.86900", "2017-12-31": "3941.34600", "2016-12-31": "4473.11700", "2015-12-31": "3909.70600", "2014-12-31": "3894.51800", "2013-12-31": "2091.17900", "2012-12-31": "1442.59200", "2011-12-31": "1555.59600", "2010-12-31": "1159.61300"}, "Net Change In Property, Plant, And Equipment": {"2019-12-31": "-5162.73200", "2018-12-31": "-6502.01600", "2017-12-31": "-3749.37100", "2016-12-31": "-4069.89900", "2015-12-31": "-3235.81100", "2014-12-31": "-4035.74500", "2013-12-31": "-2424.80400", "2012-12-31": "-1.12400", "2011-12-31": "-7.15200", "2010-12-31": "-17.64300"}, "Net Change In Intangible Assets": {"2019-12-31": "", "2018-12-31": "", "2017-12-31": "", "2016-12-31": "", "2015-12-31": "", "2014-12-31": "", "2013-12-31": "", "2012-12-31": "", "2011-12-31": "", "2010-12-31": ""}, "Net Acquisitions/Divestitures": {"2019-12-31": "", "2018-12-31": "", "2017-12-31": "", "2016-12-31": "", "2015-12-31": "", "2014-12-31": "", "2013-12-31": "", "2012-12-31": "", "2011-12-31": "", "2010-12-31": ""}, "Net Change In Short-term Investments": {"2019-12-31": "", "2018-12-31": "", "2017-12-31": "", "2016-12-31": "", "2015-12-31": "", "2014-12-31": "", "2013-12-31": "", "2012-12-31": "", "2011-12-31": "", "2010-12-31": ""}, "Net Change In Long-Term Investments": {"2019-12-31": "-17163.74000", "2018-12-31": "-15693.10000", "2017-12-31": "-10835.69000", "2016-12-31": "-12171.09000", "2015-12-31": "-15161.47000", "2014-12-31": "-14118.87000", "2013-12-31": "-14654.72000", "2012-12-31": "86.91800", "2011-12-31": "116.41800", "2010-12-31": "131.85700"}, "Net Change In Investments - Total": {"2019-12-31": "-17163.74000", "2018-12-31": "-15693.10000", "2017-12-31": "-10835.69000", "2016-12-31": "-12171.09000", "2015-12-31": "-15161.47000", "2014-12-31": "-14118.87000", "2013-12-31": "-14654.72000", "2012-12-31": "86.91800", "2011-12-31": "116.41800", "2010-12-31": "131.85700"}, "Investing Activities - Other": {"2019-12-31": "13054.05000", "2018-12-31": "11779.33000", "2017-12-31": "10994.73000", "2016-12-31": "11498.61000", "2015-12-31": "10682.07000", "2014-12-31": "9815.47200", "2013-12-31": "8117.78700", "2012-12-31": "-150.42650", "2011-12-31": "-3673.23100", "2010-12-31": "-7193.00200"}, "Cash Flow From Investing Activities": {"2019-12-31": "-9272.43100", "2018-12-31": "-10415.79000", "2017-12-31": "-3590.33300", "2016-12-31": "-4742.38100", "2015-12-31": "-7715.21200", "2014-12-31": "-8339.14500", "2013-12-31": "-8961.73800", "2012-12-31": "-64.63200", "2011-12-31": "-3563.96500", "2010-12-31": "-7078.78900"}, "Net Long-Term Debt": {"2019-12-31": "4274.72300", "2018-12-31": "3692.27300", "2017-12-31": "-191.08590", "2016-12-31": "923.39840", "2015-12-31": "3703.74200", "2014-12-31": "4501.71900", "2013-12-31": "7050.76400", "2012-12-31": "-626.48050", "2011-12-31": "1710.86900", "2010-12-31": "5943.24600"}, "Net Current Debt": {"2019-12-31": "", "2018-12-31": "", "2017-12-31": "", "2016-12-31": "", "2015-12-31": "", "2014-12-31": "", "2013-12-31": "", "2012-12-31": "", "2011-12-31": "", "2010-12-31": ""}, "Debt Issuance/Retirement Net - Total": {"2019-12-31": "4274.72300", "2018-12-31": "3692.27300", "2017-12-31": "-191.08590", "2016-12-31": "923.39840", "2015-12-31": "3703.74200", "2014-12-31": "4501.71900", "2013-12-31": "7050.76400", "2012-12-31": "-626.48050", "2011-12-31": "1710.86900", "2010-12-31": "5943.24600"}, "Net Common Equity Issued/Repurchased": {"2019-12-31": "-333.46600", "2018-12-31": "-172.27100", "2017-12-31": "15.10400", "2016-12-31": "8.12600", "2015-12-31": "87.49500", "2014-12-31": "17.84900", "2013-12-31": "49.83700", "2012-12-31": "", "2011-12-31": "1158.20000", "2010-12-31": ""}, "Net Total Equity Issued/Repurchased": {"2019-12-31": "-333.46600", "2018-12-31": "-172.27100", "2017-12-31": "15.10400", "2016-12-31": "8.12600", "2015-12-31": "87.49500", "2014-12-31": "17.84900", "2013-12-31": "49.83700", "2012-12-31": "", "2011-12-31": "1158.20000", "2010-12-31": ""}, "Total Common And Preferred Stock Dividends Paid": {"2019-12-31": "-291.45900", "2018-12-31": "-180.30600", "2017-12-31": "-10.80300", "2016-12-31": "", "2015-12-31": "", "2014-12-31": "-52.31600", "2013-12-31": "-290.40100", "2012-12-31": "-735.00000", "2011-12-31": "-865.31300", "2010-12-31": ""}, "Financial Activities - Other": {"2019-12-31": "", "2018-12-31": "", "2017-12-31": "", "2016-12-31": "", "2015-12-31": "", "2014-12-31": "", "2013-12-31": "", "2012-12-31": "", "2011-12-31": "0.02000", "2010-12-31": ""}, "Cash Flow From Financial Activities": {"2019-12-31": "3649.80100", "2018-12-31": "3339.69600", "2017-12-31": "-186.78500", "2016-12-31": "931.52100", "2015-12-31": "3791.24200", "2014-12-31": "4467.25300", "2013-12-31": "6810.20300", "2012-12-31": "-1361.48200", "2011-12-31": "2003.77700", "2010-12-31": "5943.24700"}, "Net Cash Flow": {"2019-12-31": "-89.39700", "2018-12-31": "-831.22300", "2017-12-31": "164.22800", "2016-12-31": "662.25700", "2015-12-31": "-14.26400", "2014-12-31": "22.62600", "2013-12-31": "-60.35600", "2012-12-31": "16.47800", "2011-12-31": "-4.59200", "2010-12-31": "24.07100"}, "Stock-Based Compensation": {"2019-12-31": "8.57700", "2018-12-31": "7.65600", "2017-12-31": "18.49400", "2016-12-31": "9.53700", "2015-12-31": "10.68600", "2014-12-31": "125.88800", "2013-12-31": "0.21700", "2012-12-31": "0.60800", "2011-12-31": "0.00300", "2010-12-31": "-0.06400"}, "Common Stock Dividends Paid": {"2019-12-31": "-291.45900", "2018-12-31": "-180.30600", "2017-12-31": "-10.80300", "2016-12-31": "", "2015-12-31": "", "2014-12-31": "-52.31600", "2013-12-31": "-290.40100", "2012-12-31": "-735.00000", "2011-12-31": "-865.31300", "2010-12-31": ""}}, "cash flow statement, quarterly": {"Net Income/Loss": {"2020-09-30": 490.115, "2020-06-30": -96.678, "2020-03-31": "-3.98700", "2019-12-31": 146.062, "2019-09-30": 232.538, "2019-06-30": 368.267, "2019-03-31": "247.50300", "2018-12-31": 104.338, "2018-09-30": 231.948, "2018-06-30": 335.025, "2018-03-31": "244.61500", "2017-12-31": 577.449, "2017-09-30": 187.256, "2017-06-30": 264.675, "2017-03-31": "143.42700", "2016-12-31": 61.275, "2016-09-30": 213.547, "2016-06-30": 283.345, "2016-03-31": "208.29900", "2015-12-31": -19.555, "2015-09-30": 236.435, "2015-06-30": 364.715, "2015-03-31": "242.44500", "2014-12-31": 152.72, "2014-09-30": 179.163, "2014-06-30": 255.958, "2014-03-31": "137.44300", "2013-12-31": 139.421, "2013-09-30": 111.821, "2013-06-30": 181.064, "2013-03-31": "288.85900", "2012-12-31": 123.226, "2012-09-30": -176.466, "2011-12-31": 350.06, "2010-12-31": 438.11}, "Total Depreciation And Amortization - Cash Flow": {"2020-09-30": 484.18, "2020-06-30": 662.067, "2020-03-31": "564.87800", "2019-12-31": 538.481, "2019-09-30": 474.812, "2019-06-30": 459.035, "2019-03-31": "446.17800", "2018-12-31": 425.842, "2018-09-30": 400.155, "2018-06-30": 339.221, "2018-03-31": "344.77200", "2017-12-31": 337.35, "2017-09-30": 311.003, "2017-06-30": 262.053, "2017-03-31": "247.20900", "2016-12-31": 232.024, "2016-09-30": 185.34, "2016-06-30": 166.645, "2016-03-31": "154.80400", "2015-12-31": 120.094, "2015-09-30": 102.825, "2015-06-30": 93.069, "2015-03-31": "143.22100", "2014-12-31": 105.111, "2014-09-30": 38.504, "2014-06-30": 27.194, "2014-03-31": "-16.20100", "2013-12-31": 41.234, "2013-09-30": -74.354, "2013-06-30": -85.955, "2013-03-31": "-71.13500", "2012-12-31": -64.131, "2012-09-30": -42.339, "2011-12-31": 172.59, "2010-12-31": -152.23}, "Other Non-Cash Items": {"2020-09-30": 1036.436, "2020-06-30": -661.119, "2020-03-31": "1022.75100", "2019-12-31": 578.414, "2019-09-30": 694.828, "2019-06-30": 586.477, "2019-03-31": "753.42000", "2018-12-31": 684.038, "2018-09-30": 995.295, "2018-06-30": 919.752, "2018-03-31": "1196.10000", "2017-12-31": -850.912, "2017-09-30": 1035.681, "2017-06-30": 391.956, "2017-03-31": "948.17400", "2016-12-31": 1466.722, "2016-09-30": 934.939, "2016-06-30": 104.783, "2016-03-31": "364.93500", "2015-12-31": 1118.912, "2015-09-30": 608.9461, "2015-06-30": 215.4079, "2015-03-31": "455.97400", "2014-12-31": 1306.374, "2014-09-30": 771.848, "2014-06-30": 598.693, "2014-03-31": "580.55400", "2013-12-31": 743.421, "2013-09-30": 769.102, "2013-06-30": 229.946, "2013-03-31": "178.76500", "2012-12-31": -560.027, "2012-09-30": 560.027, "2011-12-31": 0, "2010-12-31": 0}, "Total Non-Cash Items": {"2020-09-30": 1520.616, "2020-06-30": 0.948, "2020-03-31": "1587.62900", "2019-12-31": 1116.895, "2019-09-30": 1169.64, "2019-06-30": 1045.512, "2019-03-31": "1199.59800", "2018-12-31": 1109.88, "2018-09-30": 1395.45, "2018-06-30": 1258.973, "2018-03-31": "1540.87200", "2017-12-31": -513.562, "2017-09-30": 1346.684, "2017-06-30": 654.009, "2017-03-31": "1195.38300", "2016-12-31": 1698.746, "2016-09-30": 1120.2791, "2016-06-30": 271.4279, "2016-03-31": "519.73900", "2015-12-31": 1239.006, "2015-09-30": 711.7711, "2015-06-30": 308.4769, "2015-03-31": "599.19500", "2014-12-31": 1411.485, "2014-09-30": 810.352, "2014-06-30": 625.887, "2014-03-31": "564.35300", "2013-12-31": 784.6549, "2013-09-30": 694.7481, "2013-06-30": 143.991, "2013-03-31": "107.63000", "2012-12-31": -624.158, "2012-09-30": 517.688, "2011-12-31": 172.59, "2010-12-31": -152.23}, "Change In Accounts Receivable": {"2020-09-30": -2.828, "2020-06-30": 6.693, "2020-03-31": "-0.43400", "2019-12-31": -0.461, "2019-09-30": -0.077, "2019-06-30": 5.578, "2019-03-31": "-6.92600", "2018-12-31": 0.266, "2018-09-30": -2.272, "2018-06-30": 0.34, "2018-03-31": "11.76000", "2017-12-31": 88.627, "2017-09-30": 2.855, "2017-06-30": -0.484, "2017-03-31": "-8.42000", "2016-12-31": -1.846, "2016-09-30": 1.955, "2016-06-30": 2.049, "2016-03-31": "3.15700", "2015-12-31": 0.245, "2015-09-30": -1.094, "2015-06-30": -4.012, "2015-03-31": "-3.72600", "2014-12-31": 0.433, "2014-09-30": 0.797, "2014-06-30": -13.286, "2014-03-31": "2.16100", "2013-12-31": -3.601, "2013-09-30": -1.505, "2013-06-30": -3.209, "2013-03-31": "0.21000", "2012-12-31": -0.958, "2012-09-30": 0.958, "2011-12-31": 0, "2010-12-31": 0}, "Change In Inventories": {"2020-09-30": 0, "2020-06-30": 0, "2020-03-31": "", "2019-12-31": 0, "2019-09-30": 0, "2019-06-30": 0, "2019-03-31": "", "2018-12-31": 0, "2018-09-30": 0, "2018-06-30": 0, "2018-03-31": "", "2017-12-31": 0, "2017-09-30": 0, "2017-06-30": 0, "2017-03-31": "", "2016-12-31": 0, "2016-09-30": 0, "2016-06-30": 0, "2016-03-31": "", "2015-12-31": 0, "2015-09-30": 0, "2015-06-30": 0, "2015-03-31": "", "2014-12-31": 0, "2014-09-30": 0, "2014-06-30": 0, "2014-03-31": "", "2013-12-31": 0, "2013-09-30": 0, "2013-06-30": 0, "2013-03-31": "", "2012-12-31": 0, "2012-09-30": 0, "2011-12-31": 0, "2010-12-31": 0}, "Change In Accounts Payable": {"2020-09-30": 0, "2020-06-30": 0, "2020-03-31": "", "2019-12-31": 0, "2019-09-30": 0, "2019-06-30": 0, "2019-03-31": "", "2018-12-31": 0, "2018-09-30": 0, "2018-06-30": 0, "2018-03-31": "", "2017-12-31": 0, "2017-09-30": 0, "2017-06-30": 0, "2017-03-31": "", "2016-12-31": 0, "2016-09-30": 0, "2016-06-30": 0, "2016-03-31": "", "2015-12-31": 0, "2015-09-30": 0, "2015-06-30": 0, "2015-03-31": "", "2014-12-31": 0, "2014-09-30": 0, "2014-06-30": 0, "2014-03-31": "", "2013-12-31": 0, "2013-09-30": 0, "2013-06-30": 0, "2013-03-31": "", "2012-12-31": 0, "2012-09-30": 0, "2011-12-31": 0, "2010-12-31": 0}, "Change In Assets/Liabilities": {"2020-09-30": 52.333, "2020-06-30": -107.699, "2020-03-31": "-181.52900", "2019-12-31": 56.957, "2019-09-30": -49.764, "2019-06-30": -26.962, "2019-03-31": "32.05700", "2018-12-31": -57.024, "2018-09-30": -52.406, "2018-06-30": 23.543, "2018-03-31": "89.63400", "2017-12-31": 75.6, "2017-09-30": -45.088, "2017-06-30": -162.366, "2017-03-31": "132.53400", "2016-12-31": 35.907, "2016-09-30": 24.912, "2016-06-30": 97.925, "2016-03-31": "-77.15900", "2015-12-31": 3.085, "2015-09-30": -99.339, "2015-06-30": -68.018, "2015-03-31": "395.87200", "2014-12-31": -447.861, "2014-09-30": -123.354, "2014-06-30": 196.529, "2014-03-31": "139.25600", "2013-12-31": -208.103, "2013-09-30": -164.549, "2013-06-30": -211.737, "2013-03-31": "228.17200", "2012-12-31": 114.256, "2012-09-30": -114.256, "2011-12-31": 0, "2010-12-31": 0}, "Total Change In Assets/Liabilities": {"2020-09-30": 49.106, "2020-06-30": -107.281, "2020-03-31": "-188.52600", "2019-12-31": 54.82, "2019-09-30": -49.091, "2019-06-30": -27.693, "2019-03-31": "29.18200", "2018-12-31": -54.982, "2018-09-30": -54.004, "2018-06-30": 33.889, "2018-03-31": "98.86500", "2017-12-31": 167.08, "2017-09-30": -39.365, "2017-06-30": -166.89, "2017-03-31": "125.20000", "2016-12-31": 36.963, "2016-09-30": 26.281, "2016-06-30": 104.115, "2016-03-31": "-70.90000", "2015-12-31": 6.019, "2015-09-30": -103.291, "2015-06-30": -69.401, "2015-03-31": "393.89000", "2014-12-31": -448.349, "2014-09-30": -122.171, "2014-06-30": 184.881, "2014-03-31": "142.79600", "2013-12-31": -214.696, "2013-09-30": -164.033, "2013-06-30": -211.502, "2013-03-31": "229.22100", "2012-12-31": -10.191, "2012-09-30": -4.779, "2011-12-31": -355.17, "2010-12-31": 245.37}, "Cash Flow From Operating Activities": {"2020-09-30": 2059.837, "2020-06-30": -203.011, "2020-03-31": "1395.11600", "2019-12-31": 1317.777, "2019-09-30": 1353.087, "2019-06-30": 1386.086, "2019-03-31": "1476.28300", "2018-12-31": 1159.236, "2018-09-30": 1573.394, "2018-06-30": 1627.887, "2018-03-31": "1884.35200", "2017-12-31": 230.967, "2017-09-30": 1494.575, "2017-06-30": 751.794, "2017-03-31": "1464.01000", "2016-12-31": 1796.984, "2016-09-30": 1360.107, "2016-06-30": 658.888, "2016-03-31": "657.13800", "2015-12-31": 1225.47, "2015-09-30": 844.915, "2015-06-30": 603.791, "2015-03-31": "1235.53000", "2014-12-31": 1115.856, "2014-09-30": 867.344, "2014-06-30": 1066.726, "2014-03-31": "844.59200", "2013-12-31": 709.38, "2013-09-30": 642.536, "2013-06-30": 113.553, "2013-03-31": "625.71000", "2012-12-31": 407.417, "2012-09-30": -520.417, "2011-12-31": 395.98, "2010-12-31": 1159.61}, "Net Change In Property, Plant, And Equipment": {"2020-09-30": -534.983, "2020-06-30": -183.449, "2020-03-31": "-1096.89200", "2019-12-31": -1133.234, "2019-09-30": -1346.067, "2019-06-30": -1577.531, "2019-03-31": "-1105.90000", "2018-12-31": -1539.573, "2018-09-30": -2153.322, "2018-06-30": -1647.484, "2018-03-31": "-1161.63700", "2017-12-31": -824.346, "2017-09-30": -1153.685, "2017-06-30": -781.675, "2017-03-31": "-989.66500", "2016-12-31": -563.54, "2016-09-30": -871.914, "2016-06-30": -1291.125, "2016-03-31": "-1343.32000", "2015-12-31": -806.625, "2015-09-30": -1318.308, "2015-06-30": -557.715, "2015-03-31": "-553.16300", "2014-12-31": -727.949, "2014-09-30": -1172.517, "2014-06-30": -926.518, "2014-03-31": "-1208.76100", "2013-12-31": -994.127, "2013-09-30": -927.899, "2013-06-30": -500.58, "2013-03-31": "-2.19800", "2012-12-31": 3.766, "2012-09-30": 2.264, "2011-12-31": 10.49, "2010-12-31": -17.64}, "Net Change In Intangible Assets": {"2020-09-30": 0, "2020-06-30": 0, "2020-03-31": "", "2019-12-31": 0, "2019-09-30": 0, "2019-06-30": 0, "2019-03-31": "", "2018-12-31": 0, "2018-09-30": 0, "2018-06-30": 0, "2018-03-31": "", "2017-12-31": 0, "2017-09-30": 0, "2017-06-30": 0, "2017-03-31": "", "2016-12-31": 0, "2016-09-30": 0, "2016-06-30": 0, "2016-03-31": "", "2015-12-31": 0, "2015-09-30": 0, "2015-06-30": 0, "2015-03-31": "", "2014-12-31": 0, "2014-09-30": 0, "2014-06-30": 0, "2014-03-31": "", "2013-12-31": 0, "2013-09-30": 0, "2013-06-30": 0, "2013-03-31": "", "2012-12-31": 0, "2012-09-30": 0, "2011-12-31": 0, "2010-12-31": 0}, "Net Acquisitions/Divestitures": {"2020-09-30": 0, "2020-06-30": 0, "2020-03-31": "", "2019-12-31": 0, "2019-09-30": 0, "2019-06-30": 0, "2019-03-31": "", "2018-12-31": 0, "2018-09-30": 0, "2018-06-30": 0, "2018-03-31": "", "2017-12-31": 0, "2017-09-30": 0, "2017-06-30": 0, "2017-03-31": "", "2016-12-31": 0, "2016-09-30": 0, "2016-06-30": 0, "2016-03-31": "", "2015-12-31": 0, "2015-09-30": 0, "2015-06-30": 0, "2015-03-31": "", "2014-12-31": 0, "2014-09-30": 0, "2014-06-30": 0, "2014-03-31": "", "2013-12-31": 0, "2013-09-30": 0, "2013-06-30": 0, "2013-03-31": "", "2012-12-31": 0, "2012-09-30": 0, "2011-12-31": 0, "2010-12-31": 0}, "Net Change In Short-term Investments": {"2020-09-30": 0, "2020-06-30": 0, "2020-03-31": "", "2019-12-31": 0, "2019-09-30": 0, "2019-06-30": 0, "2019-03-31": "", "2018-12-31": 0, "2018-09-30": 0, "2018-06-30": 0, "2018-03-31": "", "2017-12-31": 0, "2017-09-30": 0, "2017-06-30": 0, "2017-03-31": "", "2016-12-31": 0, "2016-09-30": 0, "2016-06-30": 0, "2016-03-31": "", "2015-12-31": 0, "2015-09-30": 0, "2015-06-30": 0, "2015-03-31": "", "2014-12-31": 0, "2014-09-30": 0, "2014-06-30": 0, "2014-03-31": "", "2013-12-31": 0, "2013-09-30": 0, "2013-06-30": 0, "2013-03-31": "", "2012-12-31": 0, "2012-09-30": 0, "2011-12-31": 0, "2010-12-31": 0}, "Net Change In Long-Term Investments": {"2020-09-30": -5161.279, "2020-06-30": -2881.644, "2020-03-31": "-3910.77700", "2019-12-31": -4955.17, "2019-09-30": -4080.355, "2019-06-30": -4091.948, "2019-03-31": "-4036.26700", "2018-12-31": -3723.49, "2018-09-30": -9467.075, "2018-06-30": 748.721, "2018-03-31": "-3251.25600", "2017-12-31": -2351.955, "2017-09-30": -2181.876, "2017-06-30": -3213.065, "2017-03-31": "-3088.79400", "2016-12-31": -3160.692, "2016-09-30": -3343.701, "2016-06-30": -5323.8139, "2016-03-31": "-342.88310", "2015-12-31": -3218.6, "2015-09-30": -9011.47, "2015-06-30": -884.859, "2015-03-31": "-2046.54100", "2014-12-31": -3829.56, "2014-09-30": -7711.588, "2014-06-30": 1216.274, "2014-03-31": "-3793.99600", "2013-12-31": -14118.886, "2013-09-30": -240.848, "2013-06-30": -312.858, "2013-03-31": "17.87200", "2012-12-31": -68.127, "2012-09-30": 68.127, "2011-12-31": 0, "2010-12-31": 0}, "Net Change In Investments - Total": {"2020-09-30": -5161.279, "2020-06-30": -2881.644, "2020-03-31": "-3910.77700", "2019-12-31": -4955.17, "2019-09-30": -4080.355, "2019-06-30": -4091.948, "2019-03-31": "-4036.26700", "2018-12-31": -3723.49, "2018-09-30": -9467.075, "2018-06-30": 748.721, "2018-03-31": "-3251.25600", "2017-12-31": -2351.955, "2017-09-30": -2181.876, "2017-06-30": -3213.065, "2017-03-31": "-3088.79400", "2016-12-31": -3160.692, "2016-09-30": -3343.701, "2016-06-30": -5323.8139, "2016-03-31": "-342.88310", "2015-12-31": -3218.6, "2015-09-30": -9011.47, "2015-06-30": -884.859, "2015-03-31": "-2046.54100", "2014-12-31": -3829.56, "2014-09-30": -7711.588, "2014-06-30": 1216.274, "2014-03-31": "-3793.99600", "2013-12-31": -14118.886, "2013-09-30": -240.848, "2013-06-30": -312.858, "2013-03-31": "17.87200", "2012-12-31": 18.783, "2012-09-30": -48.283, "2011-12-31": -15.44, "2010-12-31": 131.85}, "Investing Activities - Other": {"2020-09-30": 3342.8, "2020-06-30": 2755.123, "2020-03-31": "3465.24200", "2019-12-31": 3263.152, "2019-09-30": 3342.611, "2019-06-30": 3213.085, "2019-03-31": "3235.20200", "2018-12-31": 2968.565, "2018-09-30": 8372.077, "2018-06-30": -2397.031, "2018-03-31": "2835.71900", "2017-12-31": 2512.903, "2017-09-30": 2761.553, "2017-06-30": 2807.103, "2017-03-31": "2913.17100", "2016-12-31": 3008.533, "2016-09-30": 2907.148, "2016-06-30": 5660.302, "2016-03-31": "-77.37300", "2015-12-31": 2595.043, "2015-09-30": 8765.0999, "2015-06-30": -129.5119, "2015-03-31": "-548.56100", "2014-12-31": 2459.431, "2014-09-30": 7315.466, "2014-06-30": -2154.591, "2014-03-31": "2195.16600", "2013-12-31": 13746.845, "2013-09-30": -2188.164, "2013-06-30": -2386.879, "2013-03-31": "-1054.01500", "2012-12-31": -240.53, "2012-09-30": 3763.34, "2011-12-31": 3519.77, "2010-12-31": -7193}, "Cash Flow From Investing Activities": {"2020-09-30": -2353.464, "2020-06-30": -309.97, "2020-03-31": "-1542.42700", "2019-12-31": -2825.264, "2019-09-30": -2083.808, "2019-06-30": -2456.394, "2019-03-31": "-1906.96500", "2018-12-31": -2294.499, "2018-09-30": -3248.323, "2018-06-30": -3295.794, "2018-03-31": "-1577.17400", "2017-12-31": -663.399, "2017-09-30": -574.009, "2017-06-30": -1187.637, "2017-03-31": "-1165.28800", "2016-12-31": -715.7, "2016-09-30": -1308.468, "2016-06-30": -954.637, "2016-03-31": "-1763.57600", "2015-12-31": -1430.186, "2015-09-30": -1564.675, "2015-06-30": -1572.086, "2015-03-31": "-3148.26500", "2014-12-31": -2098.083, "2014-09-30": -1568.636, "2014-06-30": -1864.835, "2014-03-31": "-2807.59100", "2013-12-31": -1366.17, "2013-09-30": -3356.91, "2013-06-30": -3200.317, "2013-03-31": "-1038.34100", "2012-12-31": -217.981, "2012-09-30": 3717.311, "2011-12-31": 3514.82, "2010-12-31": -7078.78}, "Net Long-Term Debt": {"2020-09-30": 723.762, "2020-06-30": 412.276, "2020-03-31": "1017.49700", "2019-12-31": 1551.397, "2019-09-30": 856.685, "2019-06-30": 1108.5023, "2019-03-31": "758.13870", "2018-12-31": 1374.105, "2018-09-30": 3291.461, "2018-06-30": -1114.4688, "2018-03-31": "141.17580", "2017-12-31": 558.2539, "2017-09-30": 1066.0372, "2017-06-30": -1963.1954, "2017-03-31": "147.81840", "2016-12-31": -481.2826, "2016-09-30": -54.108, "2016-06-30": -143.661, "2016-03-31": "1602.45000", "2015-12-31": -8199.338, "2015-09-30": 11723.0702, "2015-06-30": -1441.2132, "2015-03-31": "1621.22300", "2014-12-31": 4211.4124, "2014-09-30": 627.1279, "2014-06-30": -1810.7753, "2014-03-31": "1473.95400", "2013-12-31": 606.68, "2013-09-30": 3279.807, "2013-06-30": 3448.2174, "2013-03-31": "-283.94040", "2012-12-31": 765.6387, "2012-09-30": -765.6387, "2011-12-31": 0, "2010-12-31": 0}, "Net Current Debt": {"2020-09-30": 0, "2020-06-30": 0, "2020-03-31": "", "2019-12-31": 0, "2019-09-30": 0, "2019-06-30": 0, "2019-03-31": "", "2018-12-31": 0, "2018-09-30": -1727.547, "2018-06-30": 1727.547, "2018-03-31": "", "2017-12-31": 0, "2017-09-30": -2128.859, "2017-06-30": 2128.859, "2017-03-31": "", "2016-12-31": 0, "2016-09-30": 0, "2016-06-30": 473.6711, "2016-03-31": "-473.67110", "2015-12-31": 8343.736, "2015-09-30": -10954.793, "2015-06-30": 2334.7469, "2015-03-31": "276.31010", "2014-12-31": -3239.237, "2014-09-30": 48.059, "2014-06-30": 2606.992, "2014-03-31": "584.18600", "2013-12-31": 0, "2013-09-30": -507.4749, "2013-06-30": -73.9582, "2013-03-31": "581.43310", "2012-12-31": 0, "2012-09-30": 0, "2011-12-31": 0, "2010-12-31": 0}, "Debt Issuance/Retirement Net - Total": {"2020-09-30": 723.762, "2020-06-30": 412.276, "2020-03-31": "1017.49700", "2019-12-31": 1551.397, "2019-09-30": 856.685, "2019-06-30": 1108.5023, "2019-03-31": "758.13870", "2018-12-31": 1374.105, "2018-09-30": 1563.9136, "2018-06-30": 613.0786, "2018-03-31": "141.17580", "2017-12-31": 558.2539, "2017-09-30": -1062.8217, "2017-06-30": 165.6635, "2017-03-31": "147.81840", "2016-12-31": -481.2826, "2016-09-30": -54.108, "2016-06-30": 330.01, "2016-03-31": "1128.77900", "2015-12-31": 144.399, "2015-09-30": 768.276, "2015-06-30": 893.534, "2015-03-31": "1897.53300", "2014-12-31": 972.175, "2014-09-30": 675.188, "2014-06-30": 796.216, "2014-03-31": "2058.14000", "2013-12-31": 606.68, "2013-09-30": 2772.332, "2013-06-30": 3374.2593, "2013-03-31": "297.49270", "2012-12-31": 139.1587, "2012-09-30": -2476.5087, "2011-12-31": -4232.37, "2010-12-31": 5943.24}, "Net Common Equity Issued/Repurchased": {"2020-09-30": -223.253, "2020-06-30": -83.987, "2020-03-31": "-468.05700", "2019-12-31": -92.244, "2019-09-30": -138.097, "2019-06-30": -86.377, "2019-03-31": "-16.74800", "2018-12-31": -128.054, "2018-09-30": -50.175, "2018-06-30": 3.567, "2018-03-31": "2.39100", "2017-12-31": 10.134, "2017-09-30": 0.52, "2017-06-30": 0.907, "2017-03-31": "3.54300", "2016-12-31": 5.278, "2016-09-30": 0.294, "2016-06-30": 1.741, "2016-03-31": "0.81300", "2015-12-31": 1.044, "2015-09-30": 0.758, "2015-06-30": 76.696, "2015-03-31": "8.99700", "2014-12-31": -0.681, "2014-09-30": 9.813, "2014-06-30": 1.554, "2014-03-31": "7.16300", "2013-12-31": 49.837, "2013-09-30": 0, "2013-06-30": 0, "2013-03-31": "", "2012-12-31": 0, "2012-09-30": 0, "2011-12-31": 0, "2010-12-31": 0}, "Net Total Equity Issued/Repurchased": {"2020-09-30": -223.253, "2020-06-30": -83.987, "2020-03-31": "-468.05700", "2019-12-31": -92.244, "2019-09-30": -138.097, "2019-06-30": -86.377, "2019-03-31": "-16.74800", "2018-12-31": -128.054, "2018-09-30": -50.175, "2018-06-30": 3.567, "2018-03-31": "2.39100", "2017-12-31": 10.134, "2017-09-30": 0.52, "2017-06-30": 0.907, "2017-03-31": "3.54300", "2016-12-31": 5.278, "2016-09-30": 0.294, "2016-06-30": 1.741, "2016-03-31": "0.81300", "2015-12-31": 1.044, "2015-09-30": 0.758, "2015-06-30": 76.696, "2015-03-31": "8.99700", "2014-12-31": -0.681, "2014-09-30": 9.813, "2014-06-30": 1.554, "2014-03-31": "7.16300", "2013-12-31": 49.837, "2013-09-30": 0, "2013-06-30": 0, "2013-03-31": "", "2012-12-31": 0, "2012-09-30": -1158.2, "2011-12-31": 1158.2, "2010-12-31": 0}, "Total Common And Preferred Stock Dividends Paid": {"2020-09-30": -67.364, "2020-06-30": -70.649, "2020-03-31": "-74.62400", "2019-12-31": -74.698, "2019-09-30": -76.129, "2019-06-30": -70.364, "2019-03-31": "-70.26800", "2018-12-31": -71.873, "2018-09-30": -72.341, "2018-06-30": -18.064, "2018-03-31": "-18.02800", "2017-12-31": -10.803, "2017-09-30": 0, "2017-06-30": 0, "2017-03-31": "", "2016-12-31": 0, "2016-09-30": 0, "2016-06-30": 0, "2016-03-31": "", "2015-12-31": 0, "2015-09-30": 0, "2015-06-30": 0, "2015-03-31": "", "2014-12-31": 0, "2014-09-30": 0, "2014-06-30": -52.316, "2014-03-31": "", "2013-12-31": 0, "2013-09-30": 0, "2013-06-30": -290.401, "2013-03-31": "", "2012-12-31": -260, "2012-09-30": 390.31, "2011-12-31": -865.31, "2010-12-31": 0}, "Financial Activities - Other": {"2020-09-30": 0, "2020-06-30": 0, "2020-03-31": "", "2019-12-31": 0, "2019-09-30": 0, "2019-06-30": 0, "2019-03-31": "", "2018-12-31": 0, "2018-09-30": 0, "2018-06-30": 0, "2018-03-31": "", "2017-12-31": 0, "2017-09-30": 0, "2017-06-30": 0, "2017-03-31": "", "2016-12-31": 0, "2016-09-30": 0, "2016-06-30": 0, "2016-03-31": "", "2015-12-31": -26.39, "2015-09-30": 26.39, "2015-06-30": 0, "2015-03-31": "", "2014-12-31": 0, "2014-09-30": 0, "2014-06-30": 0, "2014-03-31": "", "2013-12-31": -16.551, "2013-09-30": -31.724, "2013-06-30": 0, "2013-03-31": "48.27500", "2012-12-31": 0, "2012-09-30": -0.02, "2011-12-31": 0.02, "2010-12-31": 0}, "Cash Flow From Financial Activities": {"2020-09-30": 433.146, "2020-06-30": 257.64, "2020-03-31": "474.81600", "2019-12-31": 1384.459, "2019-09-30": 642.459, "2019-06-30": 951.76, "2019-03-31": "671.12300", "2018-12-31": 1174.18, "2018-09-30": 1441.396, "2018-06-30": 598.581, "2018-03-31": "125.53900", "2017-12-31": 557.582, "2017-09-30": -1062.3, "2017-06-30": 166.572, "2017-03-31": "151.36100", "2016-12-31": -476.007, "2016-09-30": -53.815, "2016-06-30": 331.751, "2016-03-31": "1129.59200", "2015-12-31": 119.057, "2015-09-30": 795.426, "2015-06-30": 970.229, "2015-03-31": "1906.53000", "2014-12-31": 971.495, "2014-09-30": 685.001, "2014-06-30": 745.454, "2014-03-31": "2065.30300", "2013-12-31": 639.97, "2013-09-30": 2740.607, "2013-06-30": 3083.859, "2013-03-31": "345.76700", "2012-12-31": -120.842, "2012-09-30": -3244.408, "2011-12-31": -3939.47, "2010-12-31": 5943.24}, "Net Cash Flow": {"2020-09-30": 139.519, "2020-06-30": -255.341, "2020-03-31": "327.50500", "2019-12-31": -123.028, "2019-09-30": -88.262, "2019-06-30": -118.548, "2019-03-31": "240.44100", "2018-12-31": 38.919, "2018-09-30": -233.533, "2018-06-30": -1069.326, "2018-03-31": "432.71700", "2017-12-31": 125.15, "2017-09-30": -141.734, "2017-06-30": -269.271, "2017-03-31": "450.08300", "2016-12-31": 605.277, "2016-09-30": -2.176, "2016-06-30": 36.002, "2016-03-31": "23.15400", "2015-12-31": -85.659, "2015-09-30": 75.666, "2015-06-30": 1.934, "2015-03-31": "-6.20500", "2014-12-31": -10.732, "2014-09-30": -16.291, "2014-06-30": -52.655, "2014-03-31": "102.30400", "2013-12-31": -16.82, "2013-09-30": 26.233, "2013-06-30": -2.905, "2013-03-31": "-66.86400", "2012-12-31": 68.584, "2012-09-30": -47.524, "2011-12-31": -28.66, "2010-12-31": 24.07}, "Stock-Based Compensation": {"2020-09-30": 1.011, "2020-06-30": 1.112, "2020-03-31": "4.03800", "2019-12-31": 0.604, "2019-09-30": 0.931, "2019-06-30": 1.055, "2019-03-31": "5.98700", "2018-12-31": 0.764, "2018-09-30": 1.098, "2018-06-30": 1.586, "2018-03-31": "4.20800", "2017-12-31": 6.328, "2017-09-30": 8.082, "2017-06-30": 2.017, "2017-03-31": "2.06700", "2016-12-31": 2.524, "2016-09-30": 3.16, "2016-06-30": 2.085, "2016-03-31": "1.76800", "2015-12-31": -0.361, "2015-09-30": 3.574, "2015-06-30": 3.398, "2015-03-31": "4.07500", "2014-12-31": 2.612, "2014-09-30": 0.465, "2014-06-30": 1.589, "2014-03-31": "121.22200", "2013-12-31": 0.03, "2013-09-30": -0.137, "2013-06-30": 0.093, "2013-03-31": "0.23100", "2012-12-31": 0.207, "2012-09-30": -0.207, "2011-12-31": 0, "2010-12-31": 0}, "Common Stock Dividends Paid": {"2020-09-30": -67.364, "2020-06-30": -70.649, "2020-03-31": "-74.62400", "2019-12-31": -74.698, "2019-09-30": -76.129, "2019-06-30": -70.364, "2019-03-31": "-70.26800", "2018-12-31": -71.873, "2018-09-30": -72.341, "2018-06-30": -18.064, "2018-03-31": "-18.02800", "2017-12-31": -10.803, "2017-09-30": 0, "2017-06-30": 0, "2017-03-31": "", "2016-12-31": 0, "2016-09-30": 0, "2016-06-30": 0, "2016-03-31": "", "2015-12-31": 0, "2015-09-30": 0, "2015-06-30": 0, "2015-03-31": "", "2014-12-31": 0, "2014-09-30": 0, "2014-06-30": -52.316, "2014-03-31": "", "2013-12-31": 0, "2013-09-30": 0, "2013-06-30": -290.401, "2013-03-31": "", "2012-12-31": 475, "2012-09-30": -475, "2011-12-31": 0, "2010-12-31": 0}}, "financial ratios": {"Current Ratio": {"2019-12-31": "62.53190", "2018-12-31": "60.84930", "2017-12-31": "0.88610", "2016-12-31": "0.91050", "2015-12-31": "0.93720", "2014-12-31": "0.93340", "2013-12-31": "0.98470", "2012-12-31": "1.08960", "2011-12-31": "1.09510", "2010-12-31": ""}, "Long-term Debt / Capital": {"2019-12-31": "0.84270", "2018-12-31": "0.83250", "2017-12-31": "", "2016-12-31": "", "2015-12-31": "", "2014-12-31": "", "2013-12-31": "", "2012-12-31": "", "2011-12-31": "", "2010-12-31": ""}, "Debt/Equity Ratio": {"2019-12-31": "5.35540", "2018-12-31": "4.97030", "2017-12-31": "4.81930", "2016-12-31": "5.97940", "2015-12-31": "6.85290", "2014-12-31": "7.88700", "2013-12-31": "8.67030", "2012-12-31": "7.24640", "2011-12-31": "7.46790", "2010-12-31": ""}, "Gross Margin": {"2019-12-31": "100.00000", "2018-12-31": "100.00000", "2017-12-31": "100.00000", "2016-12-31": "100.00000", "2015-12-31": "100.00000", "2014-12-31": "100.00000", "2013-12-31": "100.00000", "2012-12-31": "100.00000", "2011-12-31": "100.00000", "2010-12-31": "100.00000"}, "Operating Margin": {"2019-12-31": "16.29310", "2018-12-31": "15.74200", "2017-12-31": "11.28990", "2016-12-31": "16.42230", "2015-12-31": "19.52590", "2014-12-31": "20.02090", "2013-12-31": "27.98550", "2012-12-31": "36.63620", "2011-12-31": "41.09600", "2010-12-31": "30.79000"}, "EBIT Margin": {"2019-12-31": "32.31590", "2018-12-31": "30.42100", "2017-12-31": "24.59790", "2016-12-31": "27.84700", "2015-12-31": "29.04630", "2014-12-31": "29.36410", "2013-12-31": "37.94800", "2012-12-31": "48.16540", "2011-12-31": "54.83150", "2010-12-31": "44.39880"}, "EBITDA Margin": {"2019-12-31": "55.39730", "2018-12-31": "50.35790", "2017-12-31": "40.85310", "2016-12-31": "38.30000", "2015-12-31": "35.99910", "2014-12-31": "32.12500", "2013-12-31": "33.31240", "2012-12-31": "45.51100", "2011-12-31": "55.49990", "2010-12-31": "37.85280"}, "Pre-Tax Profit Margin": {"2019-12-31": "16.29310", "2018-12-31": "15.74200", "2017-12-31": "11.28990", "2016-12-31": "16.42230", "2015-12-31": "19.52590", "2014-12-31": "20.02090", "2013-12-31": "27.98550", "2012-12-31": "36.63620", "2011-12-31": "41.09600", "2010-12-31": "30.79000"}, "Net Profit Margin": {"2019-12-31": "11.96320", "2018-12-31": "12.09330", "2017-12-31": "16.46850", "2016-12-31": "10.84430", "2015-12-31": "12.47670", "2014-12-31": "12.95190", "2013-12-31": "17.61990", "2012-12-31": "22.03950", "2011-12-31": "25.21120", "2010-12-31": "18.83860"}, "Asset Turnover": {"2019-12-31": "0.16990", "2018-12-31": "0.17230", "2017-12-31": "0.18070", "2016-12-31": "0.18340", "2015-12-31": "0.18120", "2014-12-31": "0.17300", "2013-12-31": "0.15540", "2012-12-31": "0.17310", "2011-12-31": "0.15700", "2010-12-31": ""}, "Inventory Turnover Ratio": {"2019-12-31": "", "2018-12-31": "", "2017-12-31": "", "2016-12-31": "", "2015-12-31": "", "2014-12-31": "", "2013-12-31": "", "2012-12-31": "", "2011-12-31": "", "2010-12-31": ""}, "Receiveable Turnover": {"2019-12-31": "0.28600", "2018-12-31": "0.28590", "2017-12-31": "0.28550", "2016-12-31": "0.27210", "2015-12-31": "0.24810", "2014-12-31": "0.23020", "2013-12-31": "0.19810", "2012-12-31": "0.19650", "2011-12-31": "0.18000", "2010-12-31": ""}, "Days Sales In Receivables": {"2019-12-31": "1276.22900", "2018-12-31": "1276.61000", "2017-12-31": "1278.55100", "2016-12-31": "1341.59400", "2015-12-31": "1471.28800", "2014-12-31": "1585.41200", "2013-12-31": "1842.78100", "2012-12-31": "1857.12100", "2011-12-31": "2028.11400", "2010-12-31": ""}, "ROE - Return On Equity": {"2019-12-31": "13.58690", "2018-12-31": "13.05040", "2017-12-31": "18.13890", "2016-12-31": "14.63110", "2015-12-31": "18.59070", "2014-12-31": "20.56830", "2013-12-31": "26.84070", "2012-12-31": "32.81740", "2011-12-31": "35.23870", "2010-12-31": ""}, "Return On Tangible Equity": {"2019-12-31": "13.80730", "2018-12-31": "13.25680", "2017-12-31": "18.43480", "2016-12-31": "14.93520", "2015-12-31": "19.05090", "2014-12-31": "21.23650", "2013-12-31": "28.19130", "2012-12-31": "34.78540", "2011-12-31": "37.33210", "2010-12-31": ""}, "ROA - Return On Assets": {"2019-12-31": "2.03210", "2018-12-31": "2.08360", "2017-12-31": "2.97650", "2016-12-31": "1.98880", "2015-12-31": "2.26080", "2014-12-31": "2.24070", "2013-12-31": "2.73150", "2012-12-31": "3.92140", "2011-12-31": "4.06190", "2010-12-31": ""}, "ROI - Return On Investment": {"2019-12-31": "2.13780", "2018-12-31": "2.18590", "2017-12-31": "18.13890", "2016-12-31": "14.63110", "2015-12-31": "18.59070", "2014-12-31": "20.56830", "2013-12-31": "26.84070", "2012-12-31": "32.81740", "2011-12-31": "35.23870", "2010-12-31": ""}, "Book Value Per Share": {"2019-12-31": "21.57600", "2018-12-31": "19.92140", "2017-12-31": "17.93400", "2016-12-31": "14.59600", "2015-12-31": "12.38330", "2014-12-31": "10.10440", "2013-12-31": "7.74840", "2012-12-31": "6.46940", "2011-12-31": "6.46130", "2010-12-31": ""}, "Operating Cash Flow Per Share": {"2019-12-31": -1.3919, "2018-12-31": 6.3752, "2017-12-31": -1.5179, "2016-12-31": 1.4799, "2015-12-31": 0.0291, "2014-12-31": 4.9074, "2013-12-31": 1.8734, "2012-12-31": -2.1547, "2011-12-31": 1.604, "2010-12-31": 4.7181}, "Free Cash Flow Per Share": {"2019-12-31": 1.7792, "2018-12-31": -1.2458, "2017-12-31": -0.5901, "2016-12-31": -0.7692, "2015-12-31": 2.2891, "2014-12-31": 0.5667, "2013-12-31": -5.1278, "2012-12-31": -2.1289, "2011-12-31": 1.6467, "2010-12-31": 4.6463}}, "financial ratios, quarterly": {"Current Ratio": {"2020-09-30": "59.09570", "2020-06-30": "58.77070", "2020-03-31": "63.41120", "2019-12-31": "55.43250", "2019-09-30": "0.78790", "2019-06-30": "0.79860", "2019-03-31": "0.81270", "2018-12-31": "60.84930", "2018-09-30": "0.83200", "2018-06-30": "0.86530", "2018-03-31": "0.88070", "2017-12-31": "0.88610", "2017-09-30": "0.89540", "2017-06-30": "0.91160", "2017-03-31": "0.90750", "2016-12-31": "0.91050", "2016-09-30": "0.91350", "2016-06-30": "0.91630", "2016-03-31": "0.91940", "2015-12-31": "0.93720", "2015-09-30": "0.94450", "2015-06-30": "0.96280", "2015-03-31": "0.95210", "2014-12-31": "0.93340", "2014-09-30": "0.92890", "2014-06-30": "0.95560", "2014-03-31": "0.91650", "2013-12-31": "0.98470", "2013-09-30": "1.01000", "2013-06-30": "", "2013-03-31": "", "2012-12-31": "", "2012-09-30": "", "2011-12-31": "", "2010-12-31": ""}, "Long-term Debt / Capital": {"2020-09-30": "0.89030", "2020-06-30": "0.89250", "2020-03-31": "0.88660", "2019-12-31": "0.84270", "2019-09-30": "", "2019-06-30": "", "2019-03-31": "", "2018-12-31": "0.83250", "2018-09-30": "", "2018-06-30": "", "2018-03-31": "", "2017-12-31": "", "2017-09-30": "", "2017-06-30": "", "2017-03-31": "", "2016-12-31": "", "2016-09-30": "", "2016-06-30": "", "2016-03-31": "", "2015-12-31": "", "2015-09-30": "", "2015-06-30": "", "2015-03-31": "", "2014-12-31": "", "2014-09-30": "", "2014-06-30": "", "2014-03-31": "", "2013-12-31": "", "2013-09-30": "", "2013-06-30": "", "2013-03-31": "", "2012-12-31": "", "2012-09-30": "", "2011-12-31": "", "2010-12-31": ""}, "Debt/Equity Ratio": {"2020-09-30": "8.11990", "2020-06-30": "8.30090", "2020-03-31": "7.81500", "2019-12-31": "5.35540", "2019-09-30": "5.12340", "2019-06-30": "5.01080", "2019-03-31": "4.97970", "2018-12-31": "4.97030", "2018-09-30": "4.69150", "2018-06-30": "4.53180", "2018-03-31": "4.65430", "2017-12-31": "4.81930", "2017-09-30": "5.19850", "2017-06-30": "5.57320", "2017-03-31": "5.80830", "2016-12-31": "5.97940", "2016-09-30": "6.21380", "2016-06-30": "6.53070", "2016-03-31": "6.84190", "2015-12-31": "6.85290", "2015-09-30": "6.78490", "2015-06-30": "7.21020", "2015-03-31": "7.87840", "2014-12-31": "7.88700", "2014-09-30": "8.12380", "2014-06-30": "8.43080", "2014-03-31": "8.71980", "2013-12-31": "8.67030", "2013-09-30": "8.82910", "2013-06-30": "", "2013-03-31": "", "2012-12-31": "", "2012-09-30": "", "2011-12-31": "", "2010-12-31": ""}, "Gross Margin": {"2020-09-30": "100.00000", "2020-06-30": "100.00000", "2020-03-31": "100.00000", "2019-12-31": "100.00000", "2019-09-30": "100.00000", "2019-06-30": "100.00000", "2019-03-31": "100.00000", "2018-12-31": "100.00000", "2018-09-30": "100.00000", "2018-06-30": "100.00000", "2018-03-31": "100.00000", "2017-12-31": "100.00000", "2017-09-30": "100.00000", "2017-06-30": "100.00000", "2017-03-31": "100.00000", "2016-12-31": "100.00000", "2016-09-30": "100.00000", "2016-06-30": "100.00000", "2016-03-31": "100.00000", "2015-12-31": "100.00000", "2015-09-30": "100.00000", "2015-06-30": "100.00000", "2015-03-31": "100.00000", "2014-12-31": "100.00000", "2014-09-30": "100.00000", "2014-06-30": "100.00000", "2014-03-31": "100.00000", "2013-12-31": "100.00000", "2013-09-30": "100.00000", "2013-06-30": "100.00000", "2013-03-31": "100.00000", "2012-12-31": "", "2012-09-30": "100.00000", "2011-12-31": "", "2010-12-31": ""}, "Operating Margin": {"2020-09-30": "31.17350", "2020-06-30": "-6.23360", "2020-03-31": "-0.30070", "2019-12-31": "10.53720", "2019-09-30": "14.93610", "2019-06-30": "23.25770", "2019-03-31": "16.60130", "2018-12-31": "7.21710", "2018-09-30": "15.38170", "2018-06-30": "24.11630", "2018-03-31": "16.89430", "2017-12-31": "-2.36670", "2017-09-30": "15.40830", "2017-06-30": "19.44040", "2017-03-31": "12.55890", "2016-12-31": "5.16080", "2016-09-30": "17.16410", "2016-06-30": "24.54630", "2016-03-31": "18.62100", "2015-12-31": "-1.28860", "2015-09-30": "22.02670", "2015-06-30": "34.54440", "2015-03-31": "23.40590", "2014-12-31": "15.52620", "2014-09-30": "19.31770", "2014-06-30": "28.30890", "2014-03-31": "16.98970", "2013-12-31": "20.92720", "2013-09-30": "15.64540", "2013-06-30": "31.25190", "2013-03-31": "49.58420", "2012-12-31": "", "2012-09-30": "43.03340", "2011-12-31": "", "2010-12-31": ""}, "EBIT Margin": {"2020-09-30": "44.91700", "2020-06-30": "8.63560", "2020-03-31": "15.03970", "2019-12-31": "26.28420", "2019-09-30": "30.84600", "2019-06-30": "39.24820", "2019-03-31": "33.06060", "2018-12-31": "22.85390", "2018-09-30": "30.18100", "2018-06-30": "38.82590", "2018-03-31": "30.34810", "2017-12-31": "10.97350", "2017-09-30": "29.38000", "2017-06-30": "32.47330", "2017-03-31": "25.43880", "2016-12-31": "17.57720", "2016-09-30": "28.86060", "2016-06-30": "35.68700", "2016-03-31": "29.07860", "2015-12-31": "8.04550", "2015-09-30": "32.15020", "2015-06-30": "43.62220", "2015-03-31": "32.94440", "2014-12-31": "25.22530", "2014-09-30": "28.29990", "2014-06-30": "37.52490", "2014-03-31": "26.46810", "2013-12-31": "31.01800", "2013-09-30": "26.28610", "2013-06-30": "40.83770", "2013-03-31": "58.90220", "2012-12-31": "", "2012-09-30": "55.04680", "2011-12-31": "", "2010-12-31": ""}, "EBITDA Margin": {"2020-09-30": "", "2020-06-30": "", "2020-03-31": "", "2019-12-31": "", "2019-09-30": "", "2019-06-30": "", "2019-03-31": "", "2018-12-31": "", "2018-09-30": "", "2018-06-30": "", "2018-03-31": "", "2017-12-31": "", "2017-09-30": "", "2017-06-30": "", "2017-03-31": "", "2016-12-31": "", "2016-09-30": "", "2016-06-30": "", "2016-03-31": "", "2015-12-31": "", "2015-09-30": "", "2015-06-30": "", "2015-03-31": "", "2014-12-31": "", "2014-09-30": "", "2014-06-30": "", "2014-03-31": "", "2013-12-31": "", "2013-09-30": "", "2013-06-30": "", "2013-03-31": "", "2012-12-31": "", "2012-09-30": "", "2011-12-31": "", "2010-12-31": ""}, "Pre-Tax Profit Margin": {"2020-09-30": "31.17350", "2020-06-30": "-6.23370", "2020-03-31": "-0.30070", "2019-12-31": "10.53720", "2019-09-30": "14.93610", "2019-06-30": "23.25770", "2019-03-31": "16.60130", "2018-12-31": "7.21710", "2018-09-30": "15.38170", "2018-06-30": "24.11630", "2018-03-31": "16.89440", "2017-12-31": "-2.36670", "2017-09-30": "15.40830", "2017-06-30": "19.44040", "2017-03-31": "12.55890", "2016-12-31": "5.16080", "2016-09-30": "17.16410", "2016-06-30": "24.54630", "2016-03-31": "18.62100", "2015-12-31": "-1.28870", "2015-09-30": "22.02670", "2015-06-30": "34.54440", "2015-03-31": "23.40590", "2014-12-31": "15.52620", "2014-09-30": "19.31770", "2014-06-30": "28.30890", "2014-03-31": "16.98970", "2013-12-31": "20.92720", "2013-09-30": "15.64540", "2013-06-30": "31.25190", "2013-03-31": "49.58420", "2012-12-31": "", "2012-09-30": "43.03340", "2011-12-31": "", "2010-12-31": ""}, "Net Profit Margin": {"2020-09-30": "23.05890", "2020-06-30": "-4.65250", "2020-03-31": "-0.18600", "2019-12-31": "6.92420", "2019-09-30": "11.03680", "2019-06-30": "17.84270", "2019-03-31": "12.18290", "2018-12-31": "5.24260", "2018-09-30": "12.01980", "2018-06-30": "17.98880", "2018-03-31": "13.65400", "2017-12-31": "31.92030", "2017-09-30": "11.06760", "2017-06-30": "14.78100", "2017-03-31": "8.13480", "2016-12-31": "3.50640", "2016-09-30": "12.05620", "2016-06-30": "15.89500", "2016-03-31": "11.79150", "2015-12-31": "-1.15600", "2015-09-30": "13.96310", "2015-06-30": "21.98100", "2015-03-31": "15.53560", "2014-12-31": "10.48240", "2014-09-30": "12.46200", "2014-06-30": "18.38410", "2014-03-31": "10.46830", "2013-12-31": "11.95040", "2013-09-30": "9.81620", "2013-06-30": "19.93490", "2013-03-31": "32.60300", "2012-12-31": "", "2012-09-30": "20.48980", "2011-12-31": "", "2010-12-31": ""}, "Asset Turnover": {"2020-09-30": "0.04390", "2020-06-30": "0.04400", "2020-03-31": "0.04550", "2019-12-31": "0.04310", "2019-09-30": "0.04460", "2019-06-30": "0.04450", "2019-03-31": "0.04510", "2018-12-31": "0.04530", "2018-09-30": "0.04510", "2018-06-30": "0.04520", "2018-03-31": "0.04470", "2017-12-31": "0.04500", "2017-09-30": "0.04630", "2017-06-30": "0.04530", "2017-03-31": "0.04510", "2016-12-31": "0.04530", "2016-09-30": "0.04570", "2016-06-30": "0.04630", "2016-03-31": "0.04680", "2015-12-31": "0.04640", "2015-09-30": "0.04700", "2015-06-30": "0.04600", "2015-03-31": "0.04510", "2014-12-31": "0.04500", "2014-09-30": "0.04690", "2014-06-30": "0.04680", "2014-03-31": "0.04560", "2013-12-31": "0.04420", "2013-09-30": "0.04430", "2013-06-30": "", "2013-03-31": "", "2012-12-31": "", "2012-09-30": "", "2011-12-31": "", "2010-12-31": ""}, "Inventory Turnover Ratio": {"2020-09-30": "", "2020-06-30": "", "2020-03-31": "", "2019-12-31": "", "2019-09-30": "", "2019-06-30": "", "2019-03-31": "", "2018-12-31": "", "2018-09-30": "", "2018-06-30": "", "2018-03-31": "", "2017-12-31": "", "2017-09-30": "", "2017-06-30": "", "2017-03-31": "", "2016-12-31": "", "2016-09-30": "", "2016-06-30": "", "2016-03-31": "", "2015-12-31": "", "2015-09-30": "", "2015-06-30": "", "2015-03-31": "", "2014-12-31": "", "2014-09-30": "", "2014-06-30": "", "2014-03-31": "", "2013-12-31": "", "2013-09-30": "", "2013-06-30": "", "2013-03-31": "", "2012-12-31": "", "2012-09-30": "", "2011-12-31": "", "2010-12-31": ""}, "Receiveable Turnover": {"2020-09-30": "0.07420", "2020-06-30": "0.07520", "2020-03-31": "0.08060", "2019-12-31": "0.07260", "2019-09-30": "0.07600", "2019-06-30": "0.07540", "2019-03-31": "0.07570", "2018-12-31": "0.07510", "2018-09-30": "0.07400", "2018-06-30": "0.07270", "2018-03-31": "0.07320", "2017-12-31": "0.07110", "2017-09-30": "0.07240", "2017-06-30": "0.06860", "2017-03-31": "0.06890", "2016-12-31": "0.06730", "2016-09-30": "0.06650", "2016-06-30": "0.06670", "2016-03-31": "0.06630", "2015-12-31": "0.06350", "2015-09-30": "0.06370", "2015-06-30": "0.06200", "2015-03-31": "0.06020", "2014-12-31": "0.05990", "2014-09-30": "0.06580", "2014-06-30": "0.06330", "2014-03-31": "0.06060", "2013-12-31": "0.05630", "2013-09-30": "0.05410", "2013-06-30": "", "2013-03-31": "", "2012-12-31": "", "2012-09-30": "", "2011-12-31": "", "2010-12-31": ""}, "Days Sales In Receivables": {"2020-09-30": "1212.77400", "2020-06-30": "1197.08600", "2020-03-31": "1116.02100", "2019-12-31": "1239.97600", "2019-09-30": "1183.78800", "2019-06-30": "1193.48800", "2019-03-31": "1189.35700", "2018-12-31": "1197.93700", "2018-09-30": "1216.25400", "2018-06-30": "1238.56000", "2018-03-31": "1229.22500", "2017-12-31": "1265.86000", "2017-09-30": "1242.71900", "2017-06-30": "1311.28000", "2017-03-31": "1307.17300", "2016-12-31": "1337.93900", "2016-09-30": "1353.02800", "2016-06-30": "1349.02300", "2016-03-31": "1357.97900", "2015-12-31": "1416.48000", "2015-09-30": "1412.90300", "2015-06-30": "1451.56800", "2015-03-31": "1496.17400", "2014-12-31": "1502.55500", "2014-09-30": "1368.45500", "2014-06-30": "1422.01200", "2014-03-31": "1486.04100", "2013-12-31": "1598.09900", "2013-09-30": "1665.06600", "2013-06-30": "", "2013-03-31": "", "2012-12-31": "", "2012-09-30": "", "2011-12-31": "", "2010-12-31": ""}, "ROE - Return On Equity": {"2020-09-30": "9.61990", "2020-06-30": "-1.97480", "2020-03-31": "-0.07750", "2019-12-31": "1.99580", "2019-09-30": "3.16580", "2019-06-30": "5.01910", "2019-03-31": "3.45750", "2018-12-31": "1.48660", "2018-09-30": "3.24800", "2018-06-30": "4.75500", "2018-03-31": "3.63680", "2017-12-31": "8.75600", "2017-09-30": "3.37400", "2017-06-30": "4.66080", "2017-03-31": "2.64670", "2016-12-31": "1.16970", "2016-09-30": "4.17280", "2016-06-30": "5.81020", "2016-03-31": "4.52360", "2015-12-31": "-0.44120", "2015-09-30": "5.31080", "2015-06-30": "8.59010", "2015-03-31": "6.42830", "2014-12-31": "4.33100", "2014-09-30": "5.42390", "2014-06-30": "8.25070", "2014-03-31": "4.72630", "2013-12-31": "5.18910", "2013-09-30": "4.35240", "2013-06-30": "", "2013-03-31": "", "2012-12-31": "", "2012-09-30": "", "2011-12-31": "", "2010-12-31": ""}, "Return On Tangible Equity": {"2020-09-30": "9.88450", "2020-06-30": "-2.02750", "2020-03-31": "-0.07940", "2019-12-31": "2.02810", "2019-09-30": "3.21430", "2019-06-30": "5.09420", "2019-03-31": "3.51400", "2018-12-31": "1.51010", "2018-09-30": "3.29710", "2018-06-30": "4.82740", "2018-03-31": "3.69460", "2017-12-31": "8.89880", "2017-09-30": "3.43570", "2017-06-30": "4.74970", "2017-03-31": "2.69970", "2016-12-31": "1.19400", "2016-09-30": "4.26190", "2016-06-30": "5.94140", "2016-03-31": "4.63220", "2015-12-31": "-0.45210", "2015-09-30": "5.44650", "2015-06-30": "8.82050", "2015-03-31": "6.62290", "2014-12-31": "4.47170", "2014-09-30": "5.64250", "2014-06-30": "8.60490", "2014-03-31": "4.94480", "2013-12-31": "5.45020", "2013-09-30": "4.58170", "2013-06-30": "", "2013-03-31": "", "2012-12-31": "", "2012-09-30": "", "2011-12-31": "", "2010-12-31": ""}, "ROA - Return On Assets": {"2020-09-30": "1.01160", "2020-06-30": "-0.20450", "2020-03-31": "-0.00850", "2019-12-31": "0.29850", "2019-09-30": "0.49180", "2019-06-30": "0.79340", "2019-03-31": "0.54940", "2018-12-31": "0.23730", "2018-09-30": "0.54180", "2018-06-30": "0.81370", "2018-03-31": "0.61080", "2017-12-31": "1.43680", "2017-09-30": "0.51220", "2017-06-30": "0.66990", "2017-03-31": "0.36720", "2016-12-31": "0.15900", "2016-09-30": "0.55080", "2016-06-30": "0.73610", "2016-03-31": "0.55150", "2015-12-31": "-0.05370", "2015-09-30": "0.65610", "2015-06-30": "1.01090", "2015-03-31": "0.70110", "2014-12-31": "0.47180", "2014-09-30": "0.58470", "2014-06-30": "0.86090", "2014-03-31": "0.47730", "2013-12-31": "0.52810", "2013-09-30": "0.43670", "2013-06-30": "", "2013-03-31": "", "2012-12-31": "", "2012-09-30": "", "2011-12-31": "", "2010-12-31": ""}, "ROI - Return On Investment": {"2020-09-30": "1.05480", "2020-06-30": "-0.21230", "2020-03-31": "-0.00880", "2019-12-31": "0.31400", "2019-09-30": "3.16580", "2019-06-30": "5.01910", "2019-03-31": "3.45750", "2018-12-31": "0.24900", "2018-09-30": "3.24800", "2018-06-30": "4.75500", "2018-03-31": "3.63680", "2017-12-31": "8.75600", "2017-09-30": "3.37400", "2017-06-30": "4.66080", "2017-03-31": "2.64670", "2016-12-31": "1.16970", "2016-09-30": "4.17270", "2016-06-30": "5.81020", "2016-03-31": "4.52360", "2015-12-31": "-0.44120", "2015-09-30": "5.31080", "2015-06-30": "8.59010", "2015-03-31": "6.42830", "2014-12-31": "4.33100", "2014-09-30": "5.42390", "2014-06-30": "8.25070", "2014-03-31": "4.72630", "2013-12-31": "5.18910", "2013-09-30": "4.35240", "2013-06-30": "", "2013-03-31": "", "2012-12-31": "", "2012-09-30": "", "2011-12-31": "", "2010-12-31": ""}, "Book Value Per Share": {"2020-09-30": "16.64590", "2020-06-30": "15.48050", "2020-03-31": "16.02560", "2019-12-31": "21.57600", "2019-09-30": "21.42310", "2019-06-30": "21.07620", "2019-03-31": "20.35250", "2018-12-31": "19.92140", "2018-09-30": "19.87280", "2018-06-30": "19.49520", "2018-03-31": "18.63120", "2017-12-31": "17.93400", "2017-09-30": "16.35920", "2017-06-30": "15.79450", "2017-03-31": "15.07810", "2016-12-31": "14.59600", "2016-09-30": "14.28090", "2016-06-30": "13.60980", "2016-03-31": "12.86100", "2015-12-31": "12.38330", "2015-09-30": "12.43910", "2015-06-30": "11.86680", "2015-03-31": "10.77710", "2014-12-31": "10.10440", "2014-09-30": "9.46530", "2014-06-30": "8.89080", "2014-03-31": "8.33800", "2013-12-31": "7.74840", "2013-09-30": "7.42160", "2013-06-30": "", "2013-03-31": "", "2012-12-31": "", "2012-09-30": "", "2011-12-31": "", "2010-12-31": ""}, "Operating Cash Flow Per Share": {"2020-09-30": 6.7531, "2020-06-30": -0.446, "2020-03-31": "4.17270", "2019-12-31": 3.7376, "2019-09-30": 4.043, "2019-06-30": 3.9486, "2019-03-31": "4.19340", "2018-12-31": 3.2442, "2018-09-30": 4.3695, "2018-06-30": 4.4899, "2018-03-31": "5.21090", "2017-12-31": 0.6458, "2017-09-30": 4.1356, "2017-06-30": 2.0982, "2017-03-31": "4.05970", "2016-12-31": 5.0253, "2016-09-30": 3.7749, "2016-06-30": 1.8257, "2016-03-31": "1.83130", "2015-12-31": 3.5026, "2015-09-30": 2.354, "2015-06-30": 1.6565, "2015-03-31": "3.46420", "2014-12-31": 3.1413, "2014-09-30": 2.4438, "2014-06-30": 2.9928, "2014-03-31": "2.37030", "2013-12-31": 2.0491, "2013-09-30": 1.8562, "2013-06-30": 0.328, "2013-03-31": "1.80750", "2012-12-31": -2.9904, "2012-09-30": 2.9904, "2011-12-31": 0, "2010-12-31": 0}, "Free Cash Flow Per Share": {"2020-09-30": 4.9055, "2020-06-30": -1.1678, "2020-03-31": "0.89200", "2019-12-31": 0.5287, "2019-09-30": 0.0285, "2019-06-30": -0.5431, "2019-03-31": "1.05210", "2018-12-31": -1.0538, "2018-09-30": -1.6012, "2018-06-30": -0.0566, "2018-03-31": "1.99860", "2017-12-31": -1.646, "2017-09-30": 0.9436, "2017-06-30": -0.0802, "2017-03-31": "1.31540", "2016-12-31": 3.4285, "2016-09-30": 1.358, "2016-06-30": -1.7514, "2016-03-31": "-1.91220", "2015-12-31": 1.1819, "2015-09-30": -1.3178, "2015-06-30": 0.1148, "2015-03-31": "1.91320", "2014-12-31": 1.0897, "2014-09-30": -0.8583, "2014-06-30": 0.3936, "2014-03-31": "-1.02200", "2013-12-31": -0.8225, "2013-09-30": -0.8243, "2013-06-30": -1.1181, "2013-03-31": "1.80120", "2012-12-31": -2.9763, "2012-09-30": 2.9763, "2011-12-31": 0, "2010-12-31": 0}}, "revenue": {"Santander Consumer USA Holdings Annual Revenue (Millions of US $)": {"2019": "$8,312", "2018": "$7,574", "2017": "$7,122", "2016": "$7,068", "2015": "$6,605", "2014": "$5,600", "2013": "$4,103", "2012": "$3,244", "2011": "$3,047", "2010": "$2,326"}, "Santander Consumer USA Holdings Quarterly Revenue (Millions of US $)": {"2020-09-30": "$2,125", "2020-06-30": "$2,078", "2020-03-31": "$2,144", "2019-12-31": "$2,109", "2019-09-30": "$2,107", "2019-06-30": "$2,064", "2019-03-31": "$2,032", "2018-12-31": "$1,990", "2018-09-30": "$1,930", "2018-06-30": "$1,862", "2018-03-31": "$1,792", "2017-12-31": "$1,774", "2017-09-30": "$1,794", "2017-06-30": "$1,791", "2017-03-31": "$1,763", "2016-12-31": "$1,748", "2016-09-30": "$1,771", "2016-06-30": "$1,783", "2016-03-31": "$1,767", "2015-12-31": "$1,692", "2015-09-30": "$1,693", "2015-06-30": "$1,659", "2015-03-31": "$1,561", "2014-12-31": "$1,457", "2014-09-30": "$1,438", "2014-06-30": "$1,392", "2014-03-31": "$1,313", "2013-12-31": "$1,167", "2013-09-30": "$1,133", "2013-06-30": "$913", "2013-03-31": "$891", "2012-12-31": "", "2012-09-30": "$822", "2011-12-31": "", "2010-12-31": ""}}, "gross-profit": {"Santander Consumer USA Holdings Annual Gross Profit (Millions of US $)": {"2019": "$8,312", "2018": "$7,574", "2017": "$7,122", "2016": "$7,068", "2015": "$6,605", "2014": "$5,600", "2013": "$4,103", "2012": "$3,244", "2011": "$3,047", "2010": "$2,326"}, "Santander Consumer USA Holdings Quarterly Gross Profit (Millions of US $)": {"2020-09-30": "$2,125", "2020-06-30": "$2,078", "2020-03-31": "$2,144", "2019-12-31": "$2,109", "2019-09-30": "$2,107", "2019-06-30": "$2,064", "2019-03-31": "$2,032", "2018-12-31": "$1,990", "2018-09-30": "$1,930", "2018-06-30": "$1,862", "2018-03-31": "$1,792", "2017-12-31": "$1,774", "2017-09-30": "$1,794", "2017-06-30": "$1,791", "2017-03-31": "$1,763", "2016-12-31": "$1,748", "2016-09-30": "$1,771", "2016-06-30": "$1,783", "2016-03-31": "$1,767", "2015-12-31": "$1,692", "2015-09-30": "$1,693", "2015-06-30": "$1,659", "2015-03-31": "$1,561", "2014-12-31": "$1,457", "2014-09-30": "$1,438", "2014-06-30": "$1,392", "2014-03-31": "$1,313", "2013-12-31": "$1,167", "2013-09-30": "$1,133", "2013-06-30": "$913", "2013-03-31": "$891", "2012-12-31": "", "2012-09-30": "$822", "2011-12-31": "", "2010-12-31": ""}}, "operating-income": {"Santander Consumer USA Holdings Annual Operating Income (Millions of US $)": {"2019": "$1,354", "2018": "$1,192", "2017": "$804", "2016": "$1,161", "2015": "$1,290", "2014": "$1,121", "2013": "$1,148", "2012": "$1,189", "2011": "$1,252", "2010": "$716"}, "Santander Consumer USA Holdings Quarterly Operating Income (Millions of US $)": {"2020-09-30": "$663", "2020-06-30": "$-130", "2020-03-31": "$-6", "2019-12-31": "$222", "2019-09-30": "$315", "2019-06-30": "$480", "2019-03-31": "$337", "2018-12-31": "$144", "2018-09-30": "$297", "2018-06-30": "$449", "2018-03-31": "$303", "2017-12-31": "$-42", "2017-09-30": "$276", "2017-06-30": "$348", "2017-03-31": "$221", "2016-12-31": "$90", "2016-09-30": "$304", "2016-06-30": "$438", "2016-03-31": "$329", "2015-12-31": "$-22", "2015-09-30": "$373", "2015-06-30": "$573", "2015-03-31": "$365", "2014-12-31": "$226", "2014-09-30": "$278", "2014-06-30": "$394", "2014-03-31": "$223", "2013-12-31": "$244", "2013-09-30": "$177", "2013-06-30": "$285", "2013-03-31": "$442", "2012-12-31": "", "2012-09-30": "$354", "2011-12-31": "", "2010-12-31": ""}}, "ebitda": {"Santander Consumer USA Holdings Annual EBITDA (Millions of US $)": {"2019": "$4,605", "2018": "$3,814", "2017": "$2,909", "2016": "$2,707", "2015": "$2,378", "2014": "$1,799", "2013": "$1,367", "2012": "$1,476", "2011": "$1,691", "2010": "$880"}, "Santander Consumer USA Holdings Quarterly EBITDA (Millions of US $)": {"2020-09-30": "$1,439", "2020-06-30": "$842", "2020-03-31": "$887", "2019-12-31": "$1,093", "2019-09-30": "$1,125", "2019-06-30": "$1,269", "2019-03-31": "$1,118", "2018-12-31": "$881", "2018-09-30": "$983", "2018-06-30": "$1,062", "2018-03-31": "$888", "2017-12-31": "$532", "2017-09-30": "$838", "2017-06-30": "$844", "2017-03-31": "$696", "2016-12-31": "$539", "2016-09-30": "$697", "2016-06-30": "$803", "2016-03-31": "$668", "2015-12-31": "$256", "2015-09-30": "$647", "2015-06-30": "$817", "2015-03-31": "$657", "2014-12-31": "$473", "2014-09-30": "$445", "2014-06-30": "$550", "2014-03-31": "$331", "2013-12-31": "$403", "2013-09-30": "$224", "2013-06-30": "$287", "2013-03-31": "$454", "2012-12-31": "", "2012-09-30": "$453", "2011-12-31": "", "2010-12-31": ""}}, "net-income": {"Santander Consumer USA Holdings Annual Net Income (Millions of US $)": {"2019": "$994", "2018": "$916", "2017": "$1,173", "2016": "$766", "2015": "$824", "2014": "$725", "2013": "$723", "2012": "$715", "2011": "$768", "2010": "$438"}, "Santander Consumer USA Holdings Quarterly Net Income (Millions of US $)": {"2020-09-30": "$490", "2020-06-30": "$-97", "2020-03-31": "$-4", "2019-12-31": "$146", "2019-09-30": "$233", "2019-06-30": "$368", "2019-03-31": "$248", "2018-12-31": "$104", "2018-09-30": "$232", "2018-06-30": "$335", "2018-03-31": "$245", "2017-12-31": "$566", "2017-09-30": "$199", "2017-06-30": "$265", "2017-03-31": "$143", "2016-12-31": "$61", "2016-09-30": "$214", "2016-06-30": "$283", "2016-03-31": "$208", "2015-12-31": "$-20", "2015-09-30": "$236", "2015-06-30": "$365", "2015-03-31": "$242", "2014-12-31": "$153", "2014-09-30": "$179", "2014-06-30": "$256", "2014-03-31": "$137", "2013-12-31": "$139", "2013-09-30": "$111", "2013-06-30": "$182", "2013-03-31": "$290", "2012-12-31": "", "2012-09-30": "$168", "2011-12-31": "", "2010-12-31": ""}}, "eps-earnings-per-share-diluted": {"Santander Consumer USA Holdings Annual EPS": {"2019": "$2.86", "2018": "$2.54", "2017": "$3.26", "2016": "$2.13", "2015": "$2.31", "2014": "$2.04", "2013": "$2.09", "2012": "$2.07", "2011": "$3.12", "2010": "$1.78"}, "Santander Consumer USA Holdings Quarterly EPS": {"2020-09-30": "$1.58", "2020-06-30": "$-0.30", "2020-03-31": "$-0.01", "2019-12-31": "$0.44", "2019-09-30": "$0.67", "2019-06-30": "$1.05", "2019-03-31": "$0.70", "2018-12-31": "$0.29", "2018-09-30": "$0.64", "2018-06-30": "$0.93", "2018-03-31": "$0.68", "2017-12-31": "$1.57", "2017-09-30": "$0.55", "2017-06-30": "$0.74", "2017-03-31": "$0.40", "2016-12-31": "$0.17", "2016-09-30": "$0.59", "2016-06-30": "$0.79", "2016-03-31": "$0.58", "2015-12-31": "$-0.05", "2015-09-30": "$0.66", "2015-06-30": "$1.02", "2015-03-31": "$0.68", "2014-12-31": "$0.43", "2014-09-30": "$0.50", "2014-06-30": "$0.72", "2014-03-31": "$0.39", "2013-12-31": "$0.40", "2013-09-30": "$0.32", "2013-06-30": "$0.53", "2013-03-31": "$0.84", "2012-12-31": "$0.00", "2012-09-30": "$0.49", "2011-12-31": "$0.00", "2010-12-31": "$0.00"}}, "shares-outstanding": {"Santander Consumer USA Holdings Annual Shares Outstanding (Millions of Shares)": {"2019": "348", "2018": "361", "2017": "360", "2016": "359", "2015": "356", "2014": "356", "2013": "346", "2012": "346", "2011": "246", "2010": "246"}, "Santander Consumer USA Holdings Quarterly Shares Outstanding (Millions of Shares)": {"2020-09-30": "310", "2020-06-30": "320", "2020-03-31": "334", "2019-12-31": "348", "2019-09-30": "346", "2019-06-30": "352", "2019-03-31": "352", "2018-12-31": "361", "2018-09-30": "361", "2018-06-30": "362", "2018-03-31": "362", "2017-12-31": "360", "2017-09-30": "360", "2017-06-30": "360", "2017-03-31": "361", "2016-12-31": "359", "2016-09-30": "360", "2016-06-30": "360", "2016-03-31": "359", "2015-12-31": "356", "2015-09-30": "359", "2015-06-30": "359", "2015-03-31": "357", "2014-12-31": "356", "2014-09-30": "356", "2014-06-30": "356", "2014-03-31": "356", "2013-12-31": "346", "2013-09-30": "346", "2013-06-30": "346", "2013-03-31": "346", "2012-12-31": "", "2012-09-30": "346", "2011-12-31": "", "2010-12-31": ""}}, "total-assets": {"Santander Consumer USA Holdings Annual Total Assets (Millions of US $)": {"2019": "$48,934", "2018": "$43,960", "2017": "$39,403", "2016": "$38,539", "2015": "$36,449", "2014": "$32,369", "2013": "$26,402", "2012": "$18,742", "2011": "$19,404", "2010": "$0"}, "Santander Consumer USA Holdings Quarterly Total Assets (Millions of US $)": {"2020-09-30": "$48,449", "2020-06-30": "$47,269", "2020-03-31": "$47,107", "2019-12-31": "$48,934", "2019-09-30": "$47,279", "2019-06-30": "$46,416", "2019-03-31": "$45,046", "2018-12-31": "$43,960", "2018-09-30": "$42,807", "2018-06-30": "$41,173", "2018-03-31": "$40,045", "2017-12-31": "$39,403", "2017-09-30": "$38,766", "2017-06-30": "$39,507", "2017-03-31": "$39,062", "2016-12-31": "$38,539", "2016-09-30": "$38,772", "2016-06-30": "$38,491", "2016-03-31": "$37,769", "2015-12-31": "$36,449", "2015-09-30": "$36,036", "2015-06-30": "$36,080", "2015-03-31": "$34,581", "2014-12-31": "$32,369", "2014-09-30": "$30,641", "2014-06-30": "$29,732", "2014-03-31": "$28,796", "2013-12-31": "$26,402", "2013-09-30": "$25,608", "2013-06-30": "$0", "2013-03-31": "$0", "2012-12-31": "$0", "2012-09-30": "$0", "2011-12-31": "$19,404", "2010-12-31": "$0"}}, "cash-on-hand": {"Santander Consumer USA Holdings Annual Cash on Hand (Millions of US $)": {"2019": "$2,161", "2018": "$2,250", "2017": "$3,082", "2016": "$2,917", "2015": "$2,255", "2014": "$1,954", "2013": "$2,528", "2012": "$1,361", "2011": "$1,713", "2010": "$"}, "Santander Consumer USA Holdings Quarterly Cash on Hand (Millions of US $)": {"2020-09-30": "$2,373", "2020-06-30": "$2,233", "2020-03-31": "$2,489", "2019-12-31": "$2,161", "2019-09-30": "$2,284", "2019-06-30": "$2,372", "2019-03-31": "$2,491", "2018-12-31": "$2,250", "2018-09-30": "$2,212", "2018-06-30": "$2,445", "2018-03-31": "$3,514", "2017-12-31": "$3,082", "2017-09-30": "$2,957", "2017-06-30": "$3,098", "2017-03-31": "$3,368", "2016-12-31": "$2,917", "2016-09-30": "$2,772", "2016-06-30": "$2,791", "2016-03-31": "$2,678", "2015-12-31": "$2,255", "2015-09-30": "$2,322", "2015-06-30": "$3,115", "2015-03-31": "$2,714", "2014-12-31": "$1,954", "2014-09-30": "$3,374", "2014-06-30": "$3,287", "2014-03-31": "$1,943", "2013-12-31": "$2,528", "2013-09-30": "$2,210", "2013-06-30": "", "2013-03-31": "", "2012-12-31": "", "2012-09-30": "", "2011-12-31": "$1,713", "2010-12-31": ""}}, "long-term-debt": {"Santander Consumer USA Holdings Annual Long Term Debt (Millions of US $)": {"2019": "$39,194", "2018": "$34,883", "2017": "$", "2016": "$", "2015": "$", "2014": "$", "2013": "$", "2012": "$", "2011": "$", "2010": "$"}, "Santander Consumer USA Holdings Quarterly Long Term Debt (Millions of US $)": {"2020-09-30": "$41,369", "2020-06-30": "$40,637", "2020-03-31": "$40,217", "2019-12-31": "$39,194", "2019-09-30": "", "2019-06-30": "", "2019-03-31": "", "2018-12-31": "$34,883", "2018-09-30": "", "2018-06-30": "", "2018-03-31": "", "2017-12-31": "", "2017-09-30": "", "2017-06-30": "", "2017-03-31": "", "2016-12-31": "", "2016-09-30": "", "2016-06-30": "", "2016-03-31": "", "2015-12-31": "", "2015-09-30": "", "2015-06-30": "", "2015-03-31": "", "2014-12-31": "", "2014-09-30": "", "2014-06-30": "", "2014-03-31": "", "2013-12-31": "", "2013-09-30": "", "2013-06-30": "", "2013-03-31": "", "2012-12-31": "", "2012-09-30": "", "2011-12-31": "", "2010-12-31": ""}}, "total-liabilities": {"Santander Consumer USA Holdings Annual Total Liabilities (Millions of US $)": {"2019": "$41,615", "2018": "$36,942", "2017": "$32,937", "2016": "$33,300", "2015": "$32,016", "2014": "$28,843", "2013": "$23,715", "2012": "$16,502", "2011": "$17,168", "2010": "$0"}, "Santander Consumer USA Holdings Quarterly Total Liabilities (Millions of US $)": {"2020-09-30": "$43,354", "2020-06-30": "$42,373", "2020-03-31": "$41,961", "2019-12-31": "$41,615", "2019-09-30": "$39,934", "2019-06-30": "$39,079", "2019-03-31": "$37,887", "2018-12-31": "$36,942", "2018-09-30": "$35,666", "2018-06-30": "$34,127", "2018-03-31": "$33,319", "2017-12-31": "$32,937", "2017-09-30": "$32,880", "2017-06-30": "$33,829", "2017-03-31": "$33,643", "2016-12-31": "$33,300", "2016-09-30": "$33,654", "2016-06-30": "$33,614", "2016-03-31": "$33,164", "2015-12-31": "$32,016", "2015-09-30": "$31,584", "2015-06-30": "$31,834", "2015-03-31": "$30,810", "2014-12-31": "$28,843", "2014-09-30": "$27,338", "2014-06-30": "$26,630", "2014-03-31": "$25,888", "2013-12-31": "$23,715", "2013-09-30": "$23,039", "2013-06-30": "$0", "2013-03-31": "$0", "2012-12-31": "", "2012-09-30": "$0", "2011-12-31": "$17,168", "2010-12-31": "$0"}}, "total-share-holder-equity": {"Santander Consumer USA Holdings Annual Share Holder Equity (Millions of US $)": {"2019": "$7,319", "2018": "$7,018", "2017": "$6,466", "2016": "$5,239", "2015": "$4,433", "2014": "$3,526", "2013": "$2,687", "2012": "$2,239", "2011": "$2,237", "2010": "$0"}, "Santander Consumer USA Holdings Quarterly Share Holder Equity (Millions of US $)": {"2020-09-30": "$5,095", "2020-06-30": "$4,895", "2020-03-31": "$5,146", "2019-12-31": "$7,319", "2019-09-30": "$7,345", "2019-06-30": "$7,337", "2019-03-31": "$7,159", "2018-12-31": "$7,018", "2018-09-30": "$7,141", "2018-06-30": "$7,046", "2018-03-31": "$6,726", "2017-12-31": "$6,466", "2017-09-30": "$5,885", "2017-06-30": "$5,679", "2017-03-31": "$5,419", "2016-12-31": "$5,239", "2016-09-30": "$5,118", "2016-06-30": "$4,877", "2016-03-31": "$4,605", "2015-12-31": "$4,433", "2015-09-30": "$4,452", "2015-06-30": "$4,246", "2015-03-31": "$3,772", "2014-12-31": "$3,526", "2014-09-30": "$3,303", "2014-06-30": "$3,102", "2014-03-31": "$2,908", "2013-12-31": "$2,687", "2013-09-30": "$2,569", "2013-06-30": "$0", "2013-03-31": "$0", "2012-12-31": "", "2012-09-30": "$0", "2011-12-31": "$2,237", "2010-12-31": "$0"}}, "profit-margins": {"current": "11.26%"}, "gross margin": {"2020-09-30": "100.00%", "2020-06-30": "100.00%", "2020-03-31": "100.00%", "2019-12-31": "100.00%", "2019-09-30": "100.00%", "2019-06-30": "100.00%", "2019-03-31": "100.00%", "2018-12-31": "100.00%", "2018-09-30": "100.00%", "2018-06-30": "100.00%", "2018-03-31": "100.00%", "2017-12-31": "100.00%", "2017-09-30": "100.00%", "2017-06-30": "100.00%", "2017-03-31": "100.00%", "2016-12-31": "100.00%", "2016-09-30": "100.00%", "2016-06-30": "100.00%", "2016-03-31": "100.00%", "2015-12-31": "100.00%", "2015-09-30": "100.00%", "2015-06-30": "100.00%", "2015-03-31": "100.00%", "2014-12-31": "100.00%", "2014-09-30": "100.00%", "2014-06-30": "100.00%", "2014-03-31": "100.00%", "2013-12-31": "100.00%", "2013-06-30": "100.00%"}, "operating margin": {"2020-09-30": "8.86%", "2020-06-30": "4.75%", "2020-03-31": "12.00%", "2019-12-31": "16.29%", "2019-09-30": "15.57%", "2019-06-30": "15.69%", "2019-03-31": "15.70%", "2018-12-31": "15.75%", "2018-09-30": "13.69%", "2018-06-30": "13.65%", "2018-03-31": "12.38%", "2017-12-31": "11.27%", "2017-09-30": "13.18%", "2017-06-30": "13.62%", "2017-03-31": "14.90%", "2016-12-31": "16.42%", "2016-09-30": "14.96%", "2016-06-30": "16.12%", "2016-03-31": "18.40%", "2015-12-31": "19.52%", "2015-09-30": "24.13%", "2015-06-30": "23.58%", "2015-03-31": "21.60%", "2014-12-31": "20.02%", "2014-09-30": "21.45%", "2014-06-30": "20.74%", "2014-03-31": "20.53%", "2013-12-31": "27.97%", "2013-06-30": "41.17%"}, "ebitda margin": {"2020-09-30": "50.39%", "2020-06-30": "46.78%", "2020-03-31": "51.92%", "2019-12-31": "55.40%", "2019-09-30": "53.62%", "2019-06-30": "53.03%", "2019-03-31": "51.75%", "2018-12-31": "50.36%", "2018-09-30": "47.09%", "2018-06-30": "45.97%", "2018-03-31": "43.38%", "2017-12-31": "40.86%", "2017-09-30": "41.11%", "2017-06-30": "39.25%", "2017-03-31": "38.71%", "2016-12-31": "38.29%", "2016-09-30": "34.56%", "2016-06-30": "34.23%", "2016-03-31": "35.06%", "2015-12-31": "35.99%", "2015-09-30": "40.72%", "2015-06-30": "39.12%", "2015-03-31": "36.34%", "2014-12-31": "32.13%", "2014-09-30": "32.56%", "2014-06-30": "30.13%", "2014-03-31": "27.51%", "2013-12-31": "33.33%", "2013-06-30": "45.47%"}, "pre tax profit margin": {"2020-09-30": "8.86%", "2020-06-30": "4.75%", "2020-03-31": "12.00%", "2019-12-31": "16.29%", "2019-09-30": "15.57%", "2019-06-30": "15.69%", "2019-03-31": "15.70%", "2018-12-31": "15.75%", "2018-09-30": "13.69%", "2018-06-30": "13.65%", "2018-03-31": "12.38%", "2017-12-31": "11.27%", "2017-09-30": "13.18%", "2017-06-30": "13.62%", "2017-03-31": "14.90%", "2016-12-31": "16.42%", "2016-09-30": "14.96%", "2016-06-30": "16.12%", "2016-03-31": "18.40%", "2015-12-31": "19.52%", "2015-09-30": "24.13%", "2015-06-30": "23.58%", "2015-03-31": "21.60%", "2014-12-31": "20.02%", "2014-09-30": "21.45%", "2014-06-30": "20.74%", "2014-03-31": "20.53%", "2013-12-31": "27.97%", "2013-06-30": "41.17%"}, "net profit margin": {"2020-09-30": "6.33%", "2020-06-30": "3.29%", "2020-03-31": "8.82%", "2019-12-31": "11.97%", "2019-09-30": "11.63%", "2019-06-30": "11.88%", "2019-03-31": "11.76%", "2018-12-31": "12.09%", "2018-09-30": "18.73%", "2018-06-30": "18.62%", "2018-03-31": "17.83%", "2017-12-31": "16.47%", "2017-09-30": "9.41%", "2017-06-30": "9.66%", "2017-03-31": "9.92%", "2016-12-31": "10.84%", "2016-09-30": "9.77%", "2016-06-30": "10.19%", "2016-03-31": "11.58%", "2015-12-31": "12.46%", "2015-09-30": "15.64%", "2015-06-30": "15.36%", "2015-03-31": "14.19%", "2014-12-31": "12.95%", "2014-09-30": "13.39%", "2014-06-30": "12.85%", "2014-03-31": "12.57%", "2013-12-31": "17.59%", "2013-06-30": "24.37%"}, "pe ratio": {"current": "8.73", "2021-02-05": "15.25", "2020-09-30": "10.70", "2020-06-30": "23.02", "2020-03-31": "6.33", "2019-12-31": "7.92", "2019-09-30": "9.01", "2019-06-30": "8.49", "2019-03-31": "7.80", "2018-12-31": "6.50", "2018-09-30": "4.81", "2018-06-30": "4.65", "2018-03-31": "4.16", "2017-12-31": "5.12", "2017-09-30": "7.49", "2017-06-30": "6.09", "2017-03-31": "6.19", "2016-12-31": "5.80", "2016-09-30": "5.17", "2016-06-30": "4.33", "2016-03-31": "4.40", "2015-12-31": "5.96", "2015-09-30": "6.36", "2015-06-30": "8.19", "2015-03-31": "7.68", "2014-12-31": "8.27"}, "price sales": {"2021-02-05": "1.00", "2020-09-30": "0.70", "2020-06-30": "0.73", "2020-03-31": "0.55", "2019-12-31": "0.95", "2019-09-30": "1.05", "2019-06-30": "1.01", "2019-03-31": "0.91", "2018-12-31": "0.78", "2018-09-30": "0.91", "2018-06-30": "0.87", "2018-03-31": "0.75", "2017-12-31": "0.86", "2017-09-30": "0.71", "2017-06-30": "0.59", "2017-03-31": "0.61", "2016-12-31": "0.62", "2016-09-30": "0.56", "2016-06-30": "0.48", "2016-03-31": "0.50", "2015-12-31": "0.78", "2015-09-30": "1.04", "2015-06-30": "1.35", "2015-03-31": "1.28", "2014-12-31": "1.13"}, "price book": {"current": "1.56", "2021-02-05": "1.56", "2020-09-30": "1.09", "2020-06-30": "1.18", "2020-03-31": "0.85", "2019-12-31": "1.05", "2019-09-30": "1.14", "2019-06-30": "1.08", "2019-03-31": "0.98", "2018-12-31": "0.82", "2018-09-30": "0.93", "2018-06-30": "0.89", "2018-03-31": "0.80", "2017-12-31": "0.94", "2017-09-30": "0.85", "2017-06-30": "0.73", "2017-03-31": "0.80", "2016-12-31": "0.84", "2016-09-30": "0.77", "2016-06-30": "0.69", "2016-03-31": "0.74", "2015-12-31": "1.16", "2015-09-30": "1.49", "2015-06-30": "1.95", "2015-03-31": "1.95", "2014-12-31": "1.76", "2014-09-30": "1.71", "2014-06-30": "1.98", "2014-03-31": "2.60"}, "price fcf": {"2021-02-05": "", "2020-09-30": "$5.16", "2020-06-30": "$0.28", "2020-03-31": "$0.91", "2019-12-31": "$1.07", "2019-09-30": "$-0.52", "2019-06-30": "$-2.15", "2019-03-31": "$-1.66", "2018-12-31": "$-0.71", "2018-09-30": "$-1.31", "2018-06-30": "$1.24", "2018-03-31": "$1.22", "2017-12-31": "$0.53", "2017-09-30": "$5.61", "2017-06-30": "$6.02", "2017-03-31": "$4.35", "2016-12-31": "$1.12", "2016-09-30": "$-1.12", "2016-06-30": "$-3.80", "2016-03-31": "$-1.93", "2015-12-31": "$1.89", "2015-09-30": "$1.80", "2015-06-30": "$2.26", "2015-03-31": "$2.54", "2014-12-31": "$-0.40"}, "net worth": {"value": "$7.93B"}, "current ratio": {"current": "59.10", "2020-09-30": "59.10", "2020-06-30": "58.77", "2020-03-31": "63.41", "2019-12-31": "55.43", "2019-09-30": "0.79", "2019-06-30": "0.80", "2019-03-31": "0.81", "2018-12-31": "60.85", "2018-09-30": "0.83", "2018-06-30": "0.87", "2018-03-31": "0.88", "2017-12-31": "0.89", "2017-09-30": "0.90", "2017-06-30": "0.91", "2017-03-31": "0.91", "2016-12-31": "0.91", "2016-09-30": "0.91", "2016-06-30": "0.92", "2016-03-31": "0.92", "2015-12-31": "0.94", "2015-09-30": "0.94", "2015-06-30": "0.96", "2015-03-31": "0.95", "2014-12-31": "0.93", "2014-09-30": "0.93", "2014-06-30": "0.96", "2014-03-31": "0.92", "2013-12-31": "0.99", "2013-09-30": "1.01", "2013-06-30": "0.00", "2013-03-31": "0.00", "2012-12-31": "0.00", "2012-09-30": "0.00", "2011-12-31": "1.10", "2010-12-31": "0.00"}, "quick ratio": {"2020-09-30": "0.00", "2020-06-30": "0.00", "2020-03-31": "0.00", "2019-12-31": "0.00", "2019-09-30": "0.00", "2019-06-30": "0.00", "2019-03-31": "0.00", "2018-12-31": "0.00", "2018-09-30": "0.00", "2018-06-30": "0.00", "2018-03-31": "0.00", "2017-12-31": "0.00", "2017-09-30": "0.00", "2017-06-30": "0.00", "2017-03-31": "0.00", "2016-12-31": "0.00", "2016-09-30": "0.00", "2016-06-30": "0.00", "2016-03-31": "0.00", "2015-12-31": "0.00", "2015-09-30": "0.00", "2015-06-30": "0.00", "2015-03-31": "0.00", "2014-12-31": "0.00", "2014-09-30": "0.00", "2014-06-30": "0.00", "2014-03-31": "0.00", "2013-12-31": "0.00", "2013-09-30": "0.00", "2013-06-30": "0.00", "2013-03-31": "0.00", "2012-12-31": "0.00", "2012-09-30": "0.00", "2011-12-31": "0.00", "2010-12-31": "0.00"}, "debt equity ratio": {"current": "8.12", "2020-09-30": "8.51", "2020-06-30": "8.66", "2020-03-31": "8.15", "2019-12-31": "5.69", "2019-09-30": "5.44", "2019-06-30": "5.33", "2019-03-31": "5.29", "2018-12-31": "5.26", "2018-09-30": "4.99", "2018-06-30": "4.84", "2018-03-31": "4.95", "2017-12-31": "5.09", "2017-09-30": "5.59", "2017-06-30": "5.96", "2017-03-31": "6.21", "2016-12-31": "6.36", "2016-09-30": "6.58", "2016-06-30": "6.89", "2016-03-31": "7.20", "2015-12-31": "7.22", "2015-09-30": "7.09", "2015-06-30": "7.50", "2015-03-31": "8.17", "2014-12-31": "8.18", "2014-09-30": "8.28", "2014-06-30": "8.58", "2014-03-31": "8.90", "2013-12-31": "8.83", "2013-09-30": "8.97", "2013-06-30": "0.00", "2013-03-31": "0.00", "2012-12-31": "0.00", "2012-09-30": "0.00", "2011-12-31": "7.68", "2010-12-31": "0.00"}, "return on equity": {"2020-09-30": "9.53%", "2020-06-30": "4.50%", "2020-03-31": "10.95%", "2019-12-31": "13.65%", "2019-09-30": "13.21%", "2019-06-30": "13.29%", "2019-03-31": "12.96%", "2018-12-31": "13.12%", "2018-09-30": "20.13%", "2018-06-30": "20.59%", "2018-03-31": "20.60%", "2017-12-31": "20.01%", "2017-09-30": "12.02%", "2017-06-30": "12.73%", "2017-03-31": "13.58%", "2016-12-31": "15.44%", "2016-09-30": "14.40%", "2016-06-30": "15.40%", "2016-03-31": "17.79%", "2015-12-31": "19.48%", "2015-09-30": "24.91%", "2015-06-30": "25.30%", "2015-03-31": "24.23%", "2014-12-31": "22.59%", "2014-09-30": "23.70%", "2014-06-30": "22.83%", "2014-03-31": "27.88%", "2013-12-31": "54.95%", "2013-06-30": "inf%"}, "return on assets": {"2020-09-30": "1.12%", "2020-06-30": "0.58%", "2020-03-31": "1.57%", "2019-12-31": "2.12%", "2019-09-30": "2.09%", "2019-06-30": "2.14%", "2019-03-31": "2.13%", "2018-12-31": "2.18%", "2018-09-30": "3.37%", "2018-06-30": "3.38%", "2018-03-31": "3.23%", "2017-12-31": "2.99%", "2017-09-30": "1.71%", "2017-06-30": "1.75%", "2017-03-31": "1.81%", "2016-12-31": "2.00%", "2016-09-30": "1.81%", "2016-06-30": "1.90%", "2016-03-31": "2.16%", "2015-12-31": "2.30%", "2015-09-30": "2.86%", "2015-06-30": "2.81%", "2015-03-31": "2.61%", "2014-12-31": "2.39%", "2014-09-30": "2.46%", "2014-06-30": "2.33%", "2014-03-31": "2.82%", "2013-12-31": "5.55%", "2013-06-30": "inf%"}, "return on investments": {"2020-09-30": "1.63%", "2020-06-30": "1.17%", "2020-03-31": "4.40%", "2019-12-31": "11.64%", "2019-09-30": "12.18%", "2019-06-30": "12.01%", "2019-03-31": "11.71%", "2018-12-31": "11.39%", "2018-09-30": "inf%", "2018-06-30": "inf%", "2018-03-31": "inf%", "2017-12-31": "inf%", "2017-09-30": "inf%", "2017-06-30": "inf%", "2017-03-31": "inf%", "2016-12-31": "inf%", "2016-09-30": "inf%", "2016-06-30": "inf%", "2016-03-31": "inf%", "2015-12-31": "inf%", "2015-09-30": "inf%", "2015-06-30": "inf%", "2015-03-31": "inf%", "2014-12-31": "inf%", "2014-09-30": "inf%", "2014-06-30": "inf%", "2014-03-31": "inf%", "2013-12-31": "inf%", "2013-06-30": "inf%"}, "return on tangible equity": {"2020-09-30": "9.75%", "2020-06-30": "4.59%", "2020-03-31": "11.14%", "2019-12-31": "13.86%", "2019-09-30": "13.41%", "2019-06-30": "13.50%", "2019-03-31": "13.16%", "2018-12-31": "13.32%", "2018-09-30": "20.45%", "2018-06-30": "20.93%", "2018-03-31": "20.96%", "2017-12-31": "20.38%", "2017-09-30": "12.26%", "2017-06-30": "12.99%", "2017-03-31": "13.86%", "2016-12-31": "15.79%", "2016-09-30": "14.73%", "2016-06-30": "15.77%", "2016-03-31": "18.24%", "2015-12-31": "20.00%", "2015-09-30": "25.62%", "2015-06-30": "26.11%", "2015-03-31": "25.10%", "2014-12-31": "23.49%", "2014-09-30": "24.76%", "2014-06-30": "23.92%", "2014-03-31": "29.26%", "2013-12-31": "57.77%", "2013-06-30": "inf%"}, "dividend yield history": {"last payout": "$0.00", "last yield": "0.00%"}}