{"ticker": "BKU", "price": {"title": "BankUnited Historical Annual Stock Price Data", "value": 37.49, "historical": {"2020": {"Average Stock Price": "24.5670", "Year Open": "36.5500", "Year High": "36.5500", "Year Low": "13.9900", "Year Close": "34.7800", "Annual % Change": "-4.87%"}, "2019": {"Average Stock Price": "34.1031", "Year Open": "30.5700", "Year High": "37.1000", "Year Low": "30.4700", "Year Close": "36.5600", "Annual % Change": "22.11%"}, "2018": {"Average Stock Price": "38.6758", "Year Open": "40.4000", "Year High": "44.2400", "Year Low": "28.2200", "Year Close": "29.9400", "Annual % Change": "-26.47%"}, "2017": {"Average Stock Price": "35.6358", "Year Open": "37.6800", "Year High": "40.9000", "Year Low": "30.5000", "Year Close": "40.7200", "Annual % Change": "8.04%"}, "2016": {"Average Stock Price": "32.6698", "Year Open": "35.4800", "Year High": "38.2200", "Year Low": "28.1300", "Year Close": "37.6900", "Annual % Change": "4.52%"}, "2015": {"Average Stock Price": "34.5716", "Year Open": "28.9900", "Year High": "39.3400", "Year Low": "26.7400", "Year Close": "36.0600", "Annual % Change": "24.47%"}, "2014": {"Average Stock Price": "31.7958", "Year Open": "32.7300", "Year High": "35.3800", "Year Low": "27.6600", "Year Close": "28.9700", "Annual % Change": "-12.00%"}, "2013": {"Average Stock Price": "28.3078", "Year Open": "24.8900", "Year High": "33.2200", "Year Low": "24.4500", "Year Close": "32.9200", "Annual % Change": "34.70%"}, "2012": {"Average Stock Price": "23.9238", "Year Open": "22.0400", "Year High": "26.1500", "Year Low": "22.0400", "Year Close": "24.4400", "Annual % Change": "11.14%"}, "2011": {"Average Stock Price": "25.0422", "Year Open": "28.4000", "Year High": "29.7200", "Year Low": "19.3900", "Year Close": "21.9900", "Annual % Change": "0.00%"}}}, "market cap": {"value": "$3.46B"}, "income statement": {"Revenue": {"2020-12-31": "1200.83000", "2019-12-31": "1429.07400", "2018-12-31": "1581.16600", "2017-12-31": "1362.36500", "2016-12-31": "1165.63400", "2015-12-31": "983.04000", "2014-12-31": "867.90900", "2013-12-31": "806.87000", "2012-12-31": "794.79700", "2011-12-31": "801.31400", "2010-12-31": "855.46700", "2009-12-31": "589.16000"}, "Cost Of Goods Sold": {"2020-12-31": "315.85100", "2019-12-31": "529.08500", "2018-12-31": "399.05100", "2017-12-31": "254.18900", "2016-12-31": "188.83200", "2015-12-31": "135.16400", "2014-12-31": "106.65100", "2013-12-31": "92.61100", "2012-12-31": "123.26900", "2011-12-31": "138.93700", "2010-12-31": "168.20000", "2009-12-31": "83.85600"}, "Gross Profit": {"2020-12-31": "884.97890", "2019-12-31": "899.98900", "2018-12-31": "1182.11500", "2017-12-31": "1108.17600", "2016-12-31": "976.80200", "2015-12-31": "847.87600", "2014-12-31": "761.25800", "2013-12-31": "714.25900", "2012-12-31": "671.52800", "2011-12-31": "662.37700", "2010-12-31": "687.26700", "2009-12-31": "505.30400"}, "Research And Development Expenses": {"2020-12-31": "", "2019-12-31": "", "2018-12-31": "", "2017-12-31": "", "2016-12-31": "", "2015-12-31": "", "2014-12-31": "", "2013-12-31": "", "2012-12-31": "", "2011-12-31": "", "2010-12-31": "", "2009-12-31": ""}, "SG&A Expenses": {"2020-12-31": "586.21300", "2019-12-31": "447.50000", "2018-12-31": "464.67700", "2017-12-31": "492.23400", "2016-12-31": "449.68700", "2015-12-31": "423.20300", "2014-12-31": "389.77900", "2013-12-31": "355.05500", "2012-12-31": "341.96900", "2011-12-31": "445.06400", "2010-12-31": "358.59600", "2009-12-31": "245.02800"}, "Other Operating Income Or Expenses": {"2020-12-31": "", "2019-12-31": "", "2018-12-31": "", "2017-12-31": "", "2016-12-31": "", "2015-12-31": "", "2014-12-31": "", "2013-12-31": "", "2012-12-31": "", "2011-12-31": "", "2010-12-31": "", "2009-12-31": ""}, "Operating Expenses": {"2020-12-31": "951.47110", "2019-12-31": "1025.07800", "2018-12-31": "1165.51600", "2017-12-31": "957.90410", "2016-12-31": "830.19000", "2015-12-31": "686.14700", "2014-12-31": "574.65900", "2013-12-31": "488.86800", "2012-12-31": "449.93200", "2011-12-31": "584.00100", "2010-12-31": "526.79600", "2009-12-31": "328.88400"}, "Operating Income": {"2020-12-31": "249.35890", "2019-12-31": "403.99600", "2018-12-31": "415.65000", "2017-12-31": "404.46110", "2016-12-31": "335.44400", "2015-12-31": "296.89300", "2014-12-31": "293.25000", "2013-12-31": "318.00200", "2012-12-31": "344.86500", "2011-12-31": "217.31300", "2010-12-31": "328.67100", "2009-12-31": "260.27600"}, "Total Non-Operating Income/Expense": {"2020-12-31": "", "2019-12-31": "", "2018-12-31": "", "2017-12-31": "", "2016-12-31": "", "2015-12-31": "", "2014-12-31": "", "2013-12-31": "", "2012-12-31": "", "2011-12-31": "-24.56900", "2010-12-31": "-16.13100", "2009-12-31": "-60.85500"}, "Pre-Tax Income": {"2020-12-31": "249.35900", "2019-12-31": "403.99600", "2018-12-31": "415.65000", "2017-12-31": "404.46100", "2016-12-31": "335.44400", "2015-12-31": "296.89300", "2014-12-31": "293.25000", "2013-12-31": "318.00200", "2012-12-31": "344.86500", "2011-12-31": "192.74400", "2010-12-31": "312.54000", "2009-12-31": "199.42100"}, "Income Taxes": {"2020-12-31": "51.50600", "2019-12-31": "90.89800", "2018-12-31": "90.78400", "2017-12-31": "-209.81200", "2016-12-31": "109.70300", "2015-12-31": "45.23300", "2014-12-31": "89.03500", "2013-12-31": "109.06600", "2012-12-31": "133.60500", "2011-12-31": "129.57600", "2010-12-31": "127.80500", "2009-12-31": "80.37500"}, "Income After Taxes": {"2020-12-31": "197.85300", "2019-12-31": "313.09800", "2018-12-31": "324.86600", "2017-12-31": "614.27300", "2016-12-31": "225.74100", "2015-12-31": "251.66000", "2014-12-31": "204.21500", "2013-12-31": "208.93600", "2012-12-31": "211.26000", "2011-12-31": "63.16800", "2010-12-31": "184.73500", "2009-12-31": "119.04600"}, "Other Income": {"2020-12-31": "", "2019-12-31": "", "2018-12-31": "", "2017-12-31": "", "2016-12-31": "", "2015-12-31": "", "2014-12-31": "", "2013-12-31": "", "2012-12-31": "", "2011-12-31": "", "2010-12-31": "", "2009-12-31": ""}, "Income From Continuous Operations": {"2020-12-31": "197.85300", "2019-12-31": "313.09800", "2018-12-31": "324.86600", "2017-12-31": "614.27300", "2016-12-31": "225.74100", "2015-12-31": "251.66000", "2014-12-31": "204.21500", "2013-12-31": "208.93600", "2012-12-31": "211.26000", "2011-12-31": "63.16800", "2010-12-31": "184.73500", "2009-12-31": "119.04600"}, "Income From Discontinued Operations": {"2020-12-31": "", "2019-12-31": "", "2018-12-31": "", "2017-12-31": "", "2016-12-31": "", "2015-12-31": "", "2014-12-31": "", "2013-12-31": "", "2012-12-31": "", "2011-12-31": "", "2010-12-31": "", "2009-12-31": ""}, "Net Income": {"2020-12-31": "197.85300", "2019-12-31": "299.72700", "2018-12-31": "311.81900", "2017-12-31": "591.02300", "2016-12-31": "216.98100", "2015-12-31": "241.91800", "2014-12-31": "196.22400", "2013-12-31": "199.55600", "2012-12-31": "192.28000", "2011-12-31": "59.71900", "2010-12-31": "184.73500", "2009-12-31": "119.04600"}, "EBITDA": {"2020-12-31": "", "2019-12-31": "", "2018-12-31": "", "2017-12-31": "", "2016-12-31": "", "2015-12-31": "", "2014-12-31": "", "2013-12-31": "", "2012-12-31": "", "2011-12-31": "", "2010-12-31": "", "2009-12-31": ""}, "EBIT": {"2020-12-31": "", "2019-12-31": "", "2018-12-31": "", "2017-12-31": "", "2016-12-31": "", "2015-12-31": "", "2014-12-31": "", "2013-12-31": "", "2012-12-31": "", "2011-12-31": "", "2010-12-31": "", "2009-12-31": ""}, "Basic Shares Outstanding": {"2020-12-31": "91.70600", "2019-12-31": "95.45400", "2018-12-31": "103.74500", "2017-12-31": "105.47000", "2016-12-31": "102.94000", "2015-12-31": "102.05900", "2014-12-31": "100.45600", "2013-12-31": "98.49400", "2012-12-31": "93.65400", "2011-12-31": "95.45400", "2010-12-31": "92.95100", "2009-12-31": "92.66500"}, "Shares Outstanding": {"2020-12-31": "91.73100", "2019-12-31": "95.65700", "2018-12-31": "104.07700", "2017-12-31": "105.85700", "2016-12-31": "103.65600", "2015-12-31": "102.97200", "2014-12-31": "100.59600", "2013-12-31": "99.75200", "2012-12-31": "93.82900", "2011-12-31": "95.60500", "2010-12-31": "92.95100", "2009-12-31": "92.66500"}, "Basic EPS": {"2020-12-31": "2.06000", "2019-12-31": "3.14000", "2018-12-31": "3.01000", "2017-12-31": "5.60000", "2016-12-31": "2.11000", "2015-12-31": "2.37000", "2014-12-31": "1.95000", "2013-12-31": "2.03000", "2012-12-31": "2.05000", "2011-12-31": "0.63000", "2010-12-31": "1.99000", "2009-12-31": "1.29000"}, "EPS - Earnings Per Share": {"2020-12-31": "2.06000", "2019-12-31": "3.13000", "2018-12-31": "2.99000", "2017-12-31": "5.58000", "2016-12-31": "2.09000", "2015-12-31": "2.35000", "2014-12-31": "1.95000", "2013-12-31": "2.01000", "2012-12-31": "2.05000", "2011-12-31": "0.62000", "2010-12-31": "1.99000", "2009-12-31": "1.29000"}}, "income statement, quarterly": {"Revenue": {"2020-12-31": "286.40000", "2020-09-30": "290.86400", "2020-06-30": "306.12900", "2020-03-31": "317.43700", "2019-12-31": "347.16590", "2019-09-30": "361.25800", "2019-06-30": "362.56600", "2019-03-31": "358.08400", "2018-12-31": "448.12400", "2018-09-30": "396.45200", "2018-06-30": "380.82800", "2018-03-31": "355.76200", "2017-12-31": "359.18620", "2017-09-30": "362.76900", "2017-06-30": "328.72800", "2017-03-31": "311.68200", "2016-12-31": "307.25200", "2016-09-30": "295.05600", "2016-06-30": "289.32100", "2016-03-31": "274.00500", "2015-12-31": "271.65400", "2015-09-30": "255.07100", "2015-06-30": "233.69200", "2015-03-31": "222.62300", "2014-12-31": "219.27300", "2014-09-30": "215.67300", "2014-06-30": "212.21100", "2014-03-31": "220.75200", "2013-12-31": "209.70000", "2013-09-30": "201.34400", "2013-06-30": "199.32800", "2013-03-31": "196.49800", "2012-12-31": "192.53900", "2012-09-30": "195.98900", "2012-06-30": "199.58100", "2012-03-31": "206.68800", "2011-12-31": "187.98090", "2011-09-30": "195.91000", "2011-06-30": "204.95500", "2011-03-31": "212.46800", "2010-12-31": "199.00800", "2010-09-30": "212.68900", "2010-06-30": "223.39700", "2010-03-31": "216.39300", "2009-12-31": ""}, "Cost Of Goods Sold": {"2020-12-31": "57.75400", "2020-09-30": "67.09300", "2020-06-30": "77.44100", "2020-03-31": "113.56300", "2019-12-31": "124.09900", "2019-09-30": "137.71200", "2019-06-30": "136.34600", "2019-03-31": "130.92800", "2018-12-31": "119.74300", "2018-09-30": "105.74900", "2018-06-30": "93.59200", "2018-03-31": "79.96700", "2017-12-31": "73.81900", "2017-09-30": "68.17900", "2017-06-30": "59.24600", "2017-03-31": "52.94500", "2016-12-31": "50.46600", "2016-09-30": "48.24600", "2016-06-30": "46.15400", "2016-03-31": "43.96600", "2015-12-31": "39.40700", "2015-09-30": "34.94700", "2015-06-30": "31.65600", "2015-03-31": "29.15400", "2014-12-31": "28.72500", "2014-09-30": "27.97300", "2014-06-30": "25.85500", "2014-03-31": "24.09800", "2013-12-31": "24.40900", "2013-09-30": "23.56600", "2013-06-30": "22.04800", "2013-03-31": "22.58800", "2012-12-31": "27.78200", "2012-09-30": "30.88800", "2012-06-30": "32.11800", "2012-03-31": "32.48100", "2011-12-31": "33.92600", "2011-09-30": "34.35700", "2011-06-30": "34.77500", "2011-03-31": "35.87900", "2010-12-31": "40.73000", "2010-09-30": "42.58600", "2010-06-30": "43.46500", "2010-03-31": "41.44400", "2009-12-31": ""}, "Gross Profit": {"2020-12-31": "228.64600", "2020-09-30": "223.77100", "2020-06-30": "228.68800", "2020-03-31": "203.87400", "2019-12-31": "223.06680", "2019-09-30": "223.54600", "2019-06-30": "226.22000", "2019-03-31": "227.15600", "2018-12-31": "328.38100", "2018-09-30": "290.70300", "2018-06-30": "287.23600", "2018-03-31": "275.79500", "2017-12-31": "285.36720", "2017-09-30": "294.59000", "2017-06-30": "269.48200", "2017-03-31": "258.73700", "2016-12-31": "256.78600", "2016-09-30": "246.81000", "2016-06-30": "243.16700", "2016-03-31": "230.03900", "2015-12-31": "232.24700", "2015-09-30": "220.12400", "2015-06-30": "202.03600", "2015-03-31": "193.46900", "2014-12-31": "190.54800", "2014-09-30": "187.70000", "2014-06-30": "186.35600", "2014-03-31": "196.65400", "2013-12-31": "185.29100", "2013-09-30": "177.77800", "2013-06-30": "177.28000", "2013-03-31": "173.91000", "2012-12-31": "164.75700", "2012-09-30": "165.10100", "2012-06-30": "167.46300", "2012-03-31": "174.20700", "2011-12-31": "154.05490", "2011-09-30": "161.55300", "2011-06-30": "170.18000", "2011-03-31": "176.58900", "2010-12-31": "158.27800", "2010-09-30": "170.10300", "2010-06-30": "179.93200", "2010-03-31": "174.94900", "2009-12-31": ""}, "Research And Development Expenses": {"2020-12-31": "", "2020-09-30": "", "2020-06-30": "", "2020-03-31": "", "2019-12-31": "", "2019-09-30": "", "2019-06-30": "", "2019-03-31": "", "2018-12-31": "", "2018-09-30": "", "2018-06-30": "", "2018-03-31": "", "2017-12-31": "", "2017-09-30": "", "2017-06-30": "", "2017-03-31": "", "2016-12-31": "", "2016-09-30": "", "2016-06-30": "", "2016-03-31": "", "2015-12-31": "", "2015-09-30": "", "2015-06-30": "", "2015-03-31": "", "2014-12-31": "", "2014-09-30": "", "2014-06-30": "", "2014-03-31": "", "2013-12-31": "", "2013-09-30": "", "2013-06-30": "", "2013-03-31": "", "2012-12-31": "", "2012-09-30": "", "2012-06-30": "", "2012-03-31": "", "2011-12-31": "", "2011-09-30": "", "2011-06-30": "", "2011-03-31": "", "2010-12-31": "", "2010-09-30": "", "2010-06-30": "", "2010-03-31": "", "2009-12-31": ""}, "SG&A Expenses": {"2020-12-31": "109.41100", "2020-09-30": "125.54400", "2020-06-30": "119.56500", "2020-03-31": "231.69300", "2019-12-31": "104.92900", "2019-09-30": "111.56300", "2019-06-30": "105.84900", "2019-03-31": "125.15900", "2018-12-31": "118.98700", "2018-09-30": "113.87300", "2018-06-30": "116.51600", "2018-03-31": "115.30100", "2017-12-31": "115.97000", "2017-09-30": "140.42900", "2017-06-30": "119.65800", "2017-03-31": "116.17700", "2016-12-31": "109.72900", "2016-09-30": "126.60000", "2016-06-30": "113.73800", "2016-03-31": "99.62000", "2015-12-31": "108.35200", "2015-09-30": "116.66700", "2015-06-30": "101.33600", "2015-03-31": "96.84800", "2014-12-31": "101.19600", "2014-09-30": "96.37200", "2014-06-30": "98.61800", "2014-03-31": "95.12300", "2013-12-31": "85.36400", "2013-09-30": "86.86700", "2013-06-30": "90.37800", "2013-03-31": "94.75600", "2012-12-31": "87.71200", "2012-09-30": "82.21100", "2012-06-30": "82.70800", "2012-03-31": "89.33800", "2011-12-31": "77.09100", "2011-09-30": "76.96700", "2011-06-30": "84.81000", "2011-03-31": "206.19600", "2010-12-31": "148.82400", "2010-09-30": "92.71600", "2010-06-30": "87.27800", "2010-03-31": "73.04700", "2009-12-31": ""}, "Other Operating Income Or Expenses": {"2020-12-31": "", "2020-09-30": "", "2020-06-30": "", "2020-03-31": "", "2019-12-31": "", "2019-09-30": "", "2019-06-30": "", "2019-03-31": "", "2018-12-31": "", "2018-09-30": "", "2018-06-30": "", "2018-03-31": "", "2017-12-31": "", "2017-09-30": "", "2017-06-30": "", "2017-03-31": "", "2016-12-31": "", "2016-09-30": "", "2016-06-30": "", "2016-03-31": "", "2015-12-31": "", "2015-09-30": "", "2015-06-30": "", "2015-03-31": "", "2014-12-31": "", "2014-09-30": "", "2014-06-30": "", "2014-03-31": "", "2013-12-31": "", "2013-09-30": "", "2013-06-30": "", "2013-03-31": "", "2012-12-31": "", "2012-09-30": "", "2012-06-30": "", "2012-03-31": "", "2011-12-31": "", "2011-09-30": "", "2011-06-30": "", "2011-03-31": "", "2010-12-31": "", "2010-09-30": "", "2010-06-30": "", "2010-03-31": "", "2009-12-31": ""}, "Operating Expenses": {"2020-12-31": "179.43500", "2020-09-30": "204.95200", "2020-06-30": "209.22500", "2020-03-31": "357.85900", "2019-12-31": "242.63800", "2019-09-30": "260.85700", "2019-06-30": "253.68400", "2019-03-31": "267.89900", "2018-12-31": "379.00400", "2018-09-30": "277.74700", "2018-06-30": "263.83400", "2018-03-31": "244.93100", "2017-12-31": "240.26400", "2017-09-30": "262.73800", "2017-06-30": "233.30000", "2017-03-31": "221.60200", "2016-12-31": "215.15100", "2016-09-30": "220.65800", "2016-06-30": "204.59900", "2016-03-31": "189.78200", "2015-12-31": "186.14200", "2015-09-30": "185.03500", "2015-06-30": "163.52500", "2015-03-31": "151.44500", "2014-12-31": "159.26700", "2014-09-30": "142.29300", "2014-06-30": "139.66700", "2014-03-31": "134.96200", "2013-12-31": "138.62100", "2013-09-30": "122.78700", "2013-06-30": "112.42600", "2013-03-31": "117.34400", "2012-12-31": "115.49400", "2012-09-30": "113.09900", "2012-06-30": "114.82600", "2012-03-31": "121.81900", "2011-12-31": "111.01700", "2011-09-30": "111.32400", "2011-06-30": "119.58500", "2011-03-31": "242.07500", "2010-12-31": "189.55400", "2010-09-30": "135.30200", "2010-06-30": "130.74300", "2010-03-31": "114.49100", "2009-12-31": ""}, "Operating Income": {"2020-12-31": "106.96500", "2020-09-30": "85.91200", "2020-06-30": "96.90400", "2020-03-31": "-40.42200", "2019-12-31": "104.52780", "2019-09-30": "100.40100", "2019-06-30": "108.88200", "2019-03-31": "90.18500", "2018-12-31": "69.12000", "2018-09-30": "118.70500", "2018-06-30": "116.99400", "2018-03-31": "110.83100", "2017-12-31": "118.92210", "2017-09-30": "100.03100", "2017-06-30": "95.42800", "2017-03-31": "90.08000", "2016-12-31": "92.10100", "2016-09-30": "74.39800", "2016-06-30": "84.72200", "2016-03-31": "84.22300", "2015-12-31": "85.51200", "2015-09-30": "70.03600", "2015-06-30": "70.16700", "2015-03-31": "71.17800", "2014-12-31": "60.00590", "2014-09-30": "73.38000", "2014-06-30": "72.54400", "2014-03-31": "85.79000", "2013-12-31": "71.07900", "2013-09-30": "78.55700", "2013-06-30": "86.90200", "2013-03-31": "79.15400", "2012-12-31": "77.04500", "2012-09-30": "82.89000", "2012-06-30": "84.75500", "2012-03-31": "84.86900", "2011-12-31": "76.96390", "2011-09-30": "84.58600", "2011-06-30": "85.37000", "2011-03-31": "-29.60700", "2010-12-31": "9.45400", "2010-09-30": "77.38700", "2010-06-30": "92.65400", "2010-03-31": "101.90200", "2009-12-31": ""}, "Total Non-Operating Income/Expense": {"2020-12-31": "", "2020-09-30": "", "2020-06-30": "", "2020-03-31": "", "2019-12-31": "", "2019-09-30": "", "2019-06-30": "", "2019-03-31": "", "2018-12-31": "", "2018-09-30": "", "2018-06-30": "", "2018-03-31": "", "2017-12-31": "", "2017-09-30": "", "2017-06-30": "", "2017-03-31": "", "2016-12-31": "", "2016-09-30": "", "2016-06-30": "", "2016-03-31": "", "2015-12-31": "", "2015-09-30": "", "2015-06-30": "", "2015-03-31": "", "2014-12-31": "", "2014-09-30": "", "2014-06-30": "", "2014-03-31": "", "2013-12-31": "", "2013-09-30": "", "2013-06-30": "", "2013-03-31": "", "2012-12-31": "", "2012-09-30": "-1.38500", "2012-06-30": "-3.04800", "2012-03-31": "-3.54700", "2011-12-31": "-2.74600", "2011-09-30": "-4.03700", "2011-06-30": "-8.18700", "2011-03-31": "-9.59900", "2010-12-31": "-3.96700", "2010-09-30": "-6.26300", "2010-06-30": "-5.06300", "2010-03-31": "-0.83800", "2009-12-31": ""}, "Pre-Tax Income": {"2020-12-31": "106.96500", "2020-09-30": "85.91200", "2020-06-30": "96.90400", "2020-03-31": "-40.42200", "2019-12-31": "104.52800", "2019-09-30": "100.40100", "2019-06-30": "108.88200", "2019-03-31": "90.18500", "2018-12-31": "69.12000", "2018-09-30": "118.70500", "2018-06-30": "116.99400", "2018-03-31": "110.83100", "2017-12-31": "118.92200", "2017-09-30": "100.03100", "2017-06-30": "95.42800", "2017-03-31": "90.08000", "2016-12-31": "92.10100", "2016-09-30": "74.39800", "2016-06-30": "84.72200", "2016-03-31": "84.22300", "2015-12-31": "85.51200", "2015-09-30": "70.03600", "2015-06-30": "70.16700", "2015-03-31": "71.17800", "2014-12-31": "61.53600", "2014-09-30": "73.38000", "2014-06-30": "72.54400", "2014-03-31": "85.79000", "2013-12-31": "73.38900", "2013-09-30": "78.55700", "2013-06-30": "86.90200", "2013-03-31": "79.15400", "2012-12-31": "100.33100", "2012-09-30": "81.50500", "2012-06-30": "81.70700", "2012-03-31": "81.32200", "2011-12-31": "74.21800", "2011-09-30": "80.54900", "2011-06-30": "77.18300", "2011-03-31": "-39.20600", "2010-12-31": "52.77000", "2010-09-30": "71.12400", "2010-06-30": "87.59100", "2010-03-31": "101.06400", "2009-12-31": ""}, "Income Taxes": {"2020-12-31": "21.22800", "2020-09-30": "19.35300", "2020-06-30": "20.39600", "2020-03-31": "-9.47100", "2019-12-31": "15.07200", "2019-09-30": "24.18200", "2019-06-30": "27.43100", "2019-03-31": "24.21300", "2018-12-31": "16.71700", "2018-09-30": "21.37700", "2018-06-30": "27.09400", "2018-03-31": "25.59600", "2017-12-31": "-298.87200", "2017-09-30": "32.25200", "2017-06-30": "29.02100", "2017-03-31": "27.78700", "2016-12-31": "28.80700", "2016-09-30": "23.55000", "2016-06-30": "27.99700", "2016-03-31": "29.34900", "2015-12-31": "29.24900", "2015-09-30": "-32.26700", "2015-06-30": "23.53000", "2015-03-31": "24.72100", "2014-12-31": "14.70200", "2014-09-30": "19.81300", "2014-06-30": "24.00100", "2014-03-31": "30.51900", "2013-12-31": "20.99600", "2013-09-30": "24.24800", "2013-06-30": "32.89400", "2013-03-31": "30.92800", "2012-12-31": "37.82900", "2012-09-30": "31.94800", "2012-06-30": "32.77800", "2012-03-31": "31.05000", "2011-12-31": "32.93800", "2011-09-30": "34.99600", "2011-06-30": "33.18800", "2011-03-31": "28.45400", "2010-12-31": "24.96000", "2010-09-30": "26.08500", "2010-06-30": "36.42700", "2010-03-31": "40.34500", "2009-12-31": ""}, "Income After Taxes": {"2020-12-31": "85.73700", "2020-09-30": "66.55900", "2020-06-30": "76.50800", "2020-03-31": "-30.95100", "2019-12-31": "89.45600", "2019-09-30": "76.21900", "2019-06-30": "81.45100", "2019-03-31": "65.97200", "2018-12-31": "52.40300", "2018-09-30": "97.32800", "2018-06-30": "89.90000", "2018-03-31": "85.23500", "2017-12-31": "417.79400", "2017-09-30": "67.77900", "2017-06-30": "66.40700", "2017-03-31": "62.29300", "2016-12-31": "63.29400", "2016-09-30": "50.84800", "2016-06-30": "56.72500", "2016-03-31": "54.87400", "2015-12-31": "56.26300", "2015-09-30": "102.30300", "2015-06-30": "46.63700", "2015-03-31": "46.45700", "2014-12-31": "46.83400", "2014-09-30": "53.56700", "2014-06-30": "48.54300", "2014-03-31": "55.27100", "2013-12-31": "52.39300", "2013-09-30": "54.30900", "2013-06-30": "54.00800", "2013-03-31": "48.22600", "2012-12-31": "62.50200", "2012-09-30": "49.55700", "2012-06-30": "48.92900", "2012-03-31": "50.27200", "2011-12-31": "41.28000", "2011-09-30": "45.55300", "2011-06-30": "43.99500", "2011-03-31": "-67.66000", "2010-12-31": "27.81000", "2010-09-30": "45.03900", "2010-06-30": "51.16400", "2010-03-31": "60.71900", "2009-12-31": ""}, "Other Income": {"2020-12-31": "", "2020-09-30": "", "2020-06-30": "", "2020-03-31": "", "2019-12-31": "", "2019-09-30": "", "2019-06-30": "", "2019-03-31": "", "2018-12-31": "", "2018-09-30": "", "2018-06-30": "", "2018-03-31": "", "2017-12-31": "", "2017-09-30": "", "2017-06-30": "", "2017-03-31": "", "2016-12-31": "", "2016-09-30": "", "2016-06-30": "", "2016-03-31": "", "2015-12-31": "", "2015-09-30": "", "2015-06-30": "", "2015-03-31": "", "2014-12-31": "", "2014-09-30": "", "2014-06-30": "", "2014-03-31": "", "2013-12-31": "", "2013-09-30": "", "2013-06-30": "", "2013-03-31": "", "2012-12-31": "", "2012-09-30": "", "2012-06-30": "", "2012-03-31": "", "2011-12-31": "", "2011-09-30": "", "2011-06-30": "", "2011-03-31": "", "2010-12-31": "", "2010-09-30": "", "2010-06-30": "", "2010-03-31": "", "2009-12-31": ""}, "Income From Continuous Operations": {"2020-12-31": "85.73700", "2020-09-30": "66.55900", "2020-06-30": "76.50800", "2020-03-31": "-30.95100", "2019-12-31": "89.45600", "2019-09-30": "76.21900", "2019-06-30": "81.45100", "2019-03-31": "65.97200", "2018-12-31": "52.40300", "2018-09-30": "97.32800", "2018-06-30": "89.90000", "2018-03-31": "85.23500", "2017-12-31": "417.79400", "2017-09-30": "67.77900", "2017-06-30": "66.40700", "2017-03-31": "62.29300", "2016-12-31": "63.29400", "2016-09-30": "50.84800", "2016-06-30": "56.72500", "2016-03-31": "54.87400", "2015-12-31": "56.26300", "2015-09-30": "102.30300", "2015-06-30": "46.63700", "2015-03-31": "46.45700", "2014-12-31": "46.83400", "2014-09-30": "53.56700", "2014-06-30": "48.54300", "2014-03-31": "55.27100", "2013-12-31": "52.39300", "2013-09-30": "54.30900", "2013-06-30": "54.00800", "2013-03-31": "48.22600", "2012-12-31": "62.50200", "2012-09-30": "49.55700", "2012-06-30": "48.92900", "2012-03-31": "50.27200", "2011-12-31": "41.28000", "2011-09-30": "45.55300", "2011-06-30": "43.99500", "2011-03-31": "-67.66000", "2010-12-31": "27.81300", "2010-09-30": "45.03900", "2010-06-30": "51.16400", "2010-03-31": "60.71900", "2009-12-31": ""}, "Income From Discontinued Operations": {"2020-12-31": "", "2020-09-30": "", "2020-06-30": "", "2020-03-31": "", "2019-12-31": "", "2019-09-30": "", "2019-06-30": "", "2019-03-31": "", "2018-12-31": "", "2018-09-30": "", "2018-06-30": "", "2018-03-31": "", "2017-12-31": "", "2017-09-30": "", "2017-06-30": "", "2017-03-31": "", "2016-12-31": "", "2016-09-30": "", "2016-06-30": "", "2016-03-31": "", "2015-12-31": "", "2015-09-30": "", "2015-06-30": "", "2015-03-31": "", "2014-12-31": "", "2014-09-30": "", "2014-06-30": "", "2014-03-31": "", "2013-12-31": "", "2013-09-30": "", "2013-06-30": "", "2013-03-31": "", "2012-12-31": "", "2012-09-30": "", "2012-06-30": "", "2012-03-31": "", "2011-12-31": "", "2011-09-30": "", "2011-06-30": "", "2011-03-31": "", "2010-12-31": "0.00000", "2010-09-30": "", "2010-06-30": "", "2010-03-31": "", "2009-12-31": ""}, "Net Income": {"2020-12-31": "85.73700", "2020-09-30": "63.66300", "2020-06-30": "73.15500", "2020-03-31": "-30.95100", "2019-12-31": "85.33800", "2019-09-30": "73.04500", "2019-06-30": "78.06900", "2019-03-31": "63.27500", "2018-12-31": "49.80600", "2018-09-30": "93.55700", "2018-06-30": "86.43700", "2018-03-31": "82.01900", "2017-12-31": "401.87500", "2017-09-30": "65.25400", "2017-06-30": "63.92400", "2017-03-31": "59.97000", "2016-12-31": "61.05900", "2016-09-30": "48.81700", "2016-06-30": "54.44300", "2016-03-31": "52.66200", "2015-12-31": "54.11900", "2015-09-30": "98.28700", "2015-06-30": "44.82700", "2015-03-31": "44.68500", "2014-12-31": "45.05200", "2014-09-30": "51.43700", "2014-06-30": "46.60900", "2014-03-31": "53.12600", "2013-12-31": "50.28800", "2013-09-30": "52.17700", "2013-06-30": "51.88400", "2013-03-31": "45.20700", "2012-12-31": "56.76900", "2012-09-30": "45.10000", "2012-06-30": "44.32100", "2012-03-31": "46.09000", "2011-12-31": "42.31400", "2011-09-30": "43.28600", "2011-06-30": "41.77900", "2011-03-31": "-67.66000", "2010-12-31": "27.81300", "2010-09-30": "45.03900", "2010-06-30": "51.16400", "2010-03-31": "60.71900", "2009-12-31": ""}, "EBITDA": {"2020-12-31": "", "2020-09-30": "", "2020-06-30": "", "2020-03-31": "", "2019-12-31": "", "2019-09-30": "", "2019-06-30": "", "2019-03-31": "", "2018-12-31": "", "2018-09-30": "", "2018-06-30": "", "2018-03-31": "", "2017-12-31": "", "2017-09-30": "", "2017-06-30": "", "2017-03-31": "", "2016-12-31": "", "2016-09-30": "", "2016-06-30": "", "2016-03-31": "", "2015-12-31": "", "2015-09-30": "", "2015-06-30": "", "2015-03-31": "", "2014-12-31": "", "2014-09-30": "", "2014-06-30": "", "2014-03-31": "", "2013-12-31": "", "2013-09-30": "", "2013-06-30": "", "2013-03-31": "", "2012-12-31": "", "2012-09-30": "", "2012-06-30": "", "2012-03-31": "", "2011-12-31": "", "2011-09-30": "", "2011-06-30": "", "2011-03-31": "", "2010-12-31": "", "2010-09-30": "", "2010-06-30": "", "2010-03-31": "", "2009-12-31": ""}, "EBIT": {"2020-12-31": "", "2020-09-30": "", "2020-06-30": "", "2020-03-31": "", "2019-12-31": "", "2019-09-30": "", "2019-06-30": "", "2019-03-31": "", "2018-12-31": "", "2018-09-30": "", "2018-06-30": "", "2018-03-31": "", "2017-12-31": "", "2017-09-30": "", "2017-06-30": "", "2017-03-31": "", "2016-12-31": "", "2016-09-30": "", "2016-06-30": "", "2016-03-31": "", "2015-12-31": "", "2015-09-30": "", "2015-06-30": "", "2015-03-31": "", "2014-12-31": "", "2014-09-30": "", "2014-06-30": "", "2014-03-31": "", "2013-12-31": "", "2013-09-30": "", "2013-06-30": "", "2013-03-31": "", "2012-12-31": "", "2012-09-30": "", "2012-06-30": "", "2012-03-31": "", "2011-12-31": "", "2011-09-30": "", "2011-06-30": "", "2011-03-31": "", "2010-12-31": "", "2010-09-30": "", "2010-06-30": "", "2010-03-31": "", "2009-12-31": ""}, "Basic Shares Outstanding": {"2020-12-31": "91.56400", "2020-09-30": "91.22200", "2020-06-30": "91.20200", "2020-03-31": "92.84300", "2019-12-31": "95.45400", "2019-09-30": "93.97700", "2019-06-30": "96.27700", "2019-03-31": "97.68500", "2018-12-31": "103.74500", "2018-09-30": "103.88500", "2018-06-30": "104.94800", "2018-03-31": "105.41700", "2017-12-31": "105.47000", "2017-09-30": "105.70800", "2017-06-30": "105.68300", "2017-03-31": "104.75700", "2016-12-31": "102.94000", "2016-09-30": "103.00300", "2016-06-30": "102.96700", "2016-03-31": "102.77400", "2015-12-31": "102.05900", "2015-09-30": "102.32700", "2015-06-30": "102.27000", "2015-03-31": "101.21900", "2014-12-31": "100.45600", "2014-09-30": "100.48200", "2014-06-30": "100.44600", "2014-03-31": "100.34800", "2013-12-31": "98.49400", "2013-09-30": "99.65200", "2013-06-30": "99.38000", "2013-03-31": "94.95500", "2012-12-31": "93.65400", "2012-09-30": "93.44900", "2012-06-30": "92.82500", "2012-03-31": "94.74600", "2011-12-31": "95.45400", "2011-09-30": "95.99200", "2011-06-30": "95.45900", "2011-03-31": "94.30500", "2010-12-31": "92.97200", "2010-09-30": "92.94700", "2010-06-30": "92.94700", "2010-03-31": "92.93700", "2009-12-31": ""}, "Shares Outstanding": {"2020-12-31": "91.58500", "2020-09-30": "91.39300", "2020-06-30": "91.20300", "2020-03-31": "92.84300", "2019-12-31": "95.65700", "2019-09-30": "94.26300", "2019-06-30": "96.62300", "2019-03-31": "97.96500", "2018-12-31": "104.07700", "2018-09-30": "104.38400", "2018-06-30": "105.47100", "2018-03-31": "105.93400", "2017-12-31": "105.85700", "2017-09-30": "106.07300", "2017-06-30": "106.13800", "2017-03-31": "105.37800", "2016-12-31": "103.65600", "2016-09-30": "103.56100", "2016-06-30": "103.73200", "2016-03-31": "103.55300", "2015-12-31": "102.97200", "2015-09-30": "103.31700", "2015-06-30": "103.13300", "2015-03-31": "101.83400", "2014-12-31": "100.59600", "2014-09-30": "100.62200", "2014-06-30": "100.58700", "2014-03-31": "100.49200", "2013-12-31": "99.75200", "2013-09-30": "99.84800", "2013-06-30": "99.56900", "2013-03-31": "99.48100", "2012-12-31": "93.82900", "2012-09-30": "99.06300", "2012-06-30": "98.45200", "2012-03-31": "94.91200", "2011-12-31": "95.60500", "2011-09-30": "96.08600", "2011-06-30": "95.62500", "2011-03-31": "94.30500", "2010-12-31": "92.97200", "2010-09-30": "92.94700", "2010-06-30": "92.94700", "2010-03-31": "92.93700", "2009-12-31": ""}, "Basic EPS": {"2020-12-31": "0.89000", "2020-09-30": "0.70000", "2020-06-30": "0.80000", "2020-03-31": "-0.33000", "2019-12-31": "0.90000", "2019-09-30": "0.78000", "2019-06-30": "0.81000", "2019-03-31": "0.65000", "2018-12-31": "0.51000", "2018-09-30": "0.90000", "2018-06-30": "0.82000", "2018-03-31": "0.78000", "2017-12-31": "3.81000", "2017-09-30": "0.62000", "2017-06-30": "0.60000", "2017-03-31": "0.57000", "2016-12-31": "0.60000", "2016-09-30": "0.47000", "2016-06-30": "0.53000", "2016-03-31": "0.51000", "2015-12-31": "0.53000", "2015-09-30": "0.96000", "2015-06-30": "0.44000", "2015-03-31": "0.44000", "2014-12-31": "0.45000", "2014-09-30": "0.51000", "2014-06-30": "0.46000", "2014-03-31": "0.53000", "2013-12-31": "0.51000", "2013-09-30": "0.52000", "2013-06-30": "0.52000", "2013-03-31": "0.48000", "2012-12-31": "0.60000", "2012-09-30": "0.48000", "2012-06-30": "0.48000", "2012-03-31": "0.49000", "2011-12-31": "0.46000", "2011-09-30": "0.45000", "2011-06-30": "0.44000", "2011-03-31": "-0.72000", "2010-12-31": "0.30000", "2010-09-30": "0.48000", "2010-06-30": "0.55000", "2010-03-31": "0.65000", "2009-12-31": ""}, "EPS - Earnings Per Share": {"2020-12-31": "0.89000", "2020-09-30": "0.70000", "2020-06-30": "0.80000", "2020-03-31": "-0.33000", "2019-12-31": "0.90000", "2019-09-30": "0.77000", "2019-06-30": "0.81000", "2019-03-31": "0.65000", "2018-12-31": "0.50000", "2018-09-30": "0.90000", "2018-06-30": "0.82000", "2018-03-31": "0.77000", "2017-12-31": "3.79000", "2017-09-30": "0.62000", "2017-06-30": "0.60000", "2017-03-31": "0.57000", "2016-12-31": "0.59000", "2016-09-30": "0.47000", "2016-06-30": "0.52000", "2016-03-31": "0.51000", "2015-12-31": "0.53000", "2015-09-30": "0.95000", "2015-06-30": "0.43000", "2015-03-31": "0.44000", "2014-12-31": "0.45000", "2014-09-30": "0.51000", "2014-06-30": "0.46000", "2014-03-31": "0.53000", "2013-12-31": "0.50000", "2013-09-30": "0.52000", "2013-06-30": "0.52000", "2013-03-31": "0.47000", "2012-12-31": "0.60000", "2012-09-30": "0.48000", "2012-06-30": "0.48000", "2012-03-31": "0.49000", "2011-12-31": "0.45000", "2011-09-30": "0.45000", "2011-06-30": "0.44000", "2011-03-31": "-0.72000", "2010-12-31": "0.30000", "2010-09-30": "0.48000", "2010-06-30": "0.55000", "2010-03-31": "0.65000", "2009-12-31": "0.00000"}}, "balance sheet": {"Cash On Hand": {"2020-12-31": "397.71600", "2019-12-31": "214.67300", "2018-12-31": "382.07300", "2017-12-31": "194.58200", "2016-12-31": "448.31300", "2015-12-31": "267.50000", "2014-12-31": "187.51700", "2013-12-31": "252.74900", "2012-12-31": "495.35300", "2011-12-31": "303.74200", "2010-12-31": "564.77400", "2009-12-31": "356.21500"}, "Receivables": {"2020-12-31": "", "2019-12-31": "", "2018-12-31": "", "2017-12-31": "", "2016-12-31": "", "2015-12-31": "", "2014-12-31": "", "2013-12-31": "", "2012-12-31": "", "2011-12-31": "", "2010-12-31": "", "2009-12-31": ""}, "Inventory": {"2020-12-31": "", "2019-12-31": "", "2018-12-31": "", "2017-12-31": "", "2016-12-31": "", "2015-12-31": "", "2014-12-31": "", "2013-12-31": "", "2012-12-31": "", "2011-12-31": "", "2010-12-31": "", "2009-12-31": ""}, "Pre-Paid Expenses": {"2020-12-31": "", "2019-12-31": "", "2018-12-31": "", "2017-12-31": "", "2016-12-31": "", "2015-12-31": "", "2014-12-31": "", "2013-12-31": "", "2012-12-31": "", "2011-12-31": "", "2010-12-31": "", "2009-12-31": ""}, "Other Current Assets": {"2020-12-31": "", "2019-12-31": "", "2018-12-31": "", "2017-12-31": "", "2016-12-31": "", "2015-12-31": "", "2014-12-31": "", "2013-12-31": "", "2012-12-31": "", "2011-12-31": "", "2010-12-31": "", "2009-12-31": ""}, "Total Current Assets": {"2020-12-31": "24031.11000", "2019-12-31": "23298.92000", "2018-12-31": "22286.14000", "2017-12-31": "21500.39000", "2016-12-31": "19731.95000", "2015-12-31": "16825.69000", "2014-12-31": "12508.14000", "2013-12-31": "9236.82700", "2012-12-31": "6010.10000", "2011-12-31": "4396.35000", "2010-12-31": "4443.29000", "2009-12-31": "4945.11300"}, "Property, Plant, And Equipment": {"2020-12-31": "663.51700", "2019-12-31": "698.15300", "2018-12-31": "702.35400", "2017-12-31": "599.50200", "2016-12-31": "539.91400", "2015-12-31": "483.51800", "2014-12-31": "314.55800", "2013-12-31": "196.48300", "2012-12-31": "38.73200", "2011-12-31": "", "2010-12-31": "", "2009-12-31": ""}, "Long-Term Investments": {"2020-12-31": "9372.54800", "2019-12-31": "8022.90100", "2018-12-31": "8433.93000", "2017-12-31": "6956.82100", "2016-12-31": "6367.85600", "2015-12-31": "5089.53600", "2014-12-31": "4787.36800", "2013-12-31": "3789.19000", "2012-12-31": "4305.47200", "2011-12-31": "4329.03200", "2010-12-31": "3144.01000", "2009-12-31": "2486.47700"}, "Goodwill And Intangible Assets": {"2020-12-31": "77.63700", "2019-12-31": "77.67400", "2018-12-31": "77.71800", "2017-12-31": "77.79600", "2016-12-31": "78.04700", "2015-12-31": "78.33000", "2014-12-31": "68.41400", "2013-12-31": "69.06700", "2012-12-31": "69.76800", "2011-12-31": "68.66700", "2010-12-31": "69.01100", "2009-12-31": "60.98100"}, "Other Long-Term Assets": {"2020-12-31": "865.68010", "2019-12-31": "773.64900", "2018-12-31": "664.18200", "2017-12-31": "1212.47900", "2016-12-31": "1162.38200", "2015-12-31": "1300.82100", "2014-12-31": "1414.83100", "2013-12-31": "1684.45600", "2012-12-31": "1889.60700", "2011-12-31": "2508.50400", "2010-12-31": "3213.24900", "2009-12-31": "3614.85700"}, "Total Long-Term Assets": {"2020-12-31": "10979.38000", "2019-12-31": "9572.37700", "2018-12-31": "9878.18300", "2017-12-31": "8846.59800", "2016-12-31": "8148.19900", "2015-12-31": "7057.78200", "2014-12-31": "6702.38600", "2013-12-31": "5809.82200", "2012-12-31": "6365.85300", "2011-12-31": "6925.68800", "2010-12-31": "6426.27000", "2009-12-31": "6184.84800"}, "Total Assets": {"2020-12-31": "35010.49000", "2019-12-31": "32871.29000", "2018-12-31": "32164.33000", "2017-12-31": "30346.99000", "2016-12-31": "27880.15000", "2015-12-31": "23883.47000", "2014-12-31": "19210.53000", "2013-12-31": "15046.65000", "2012-12-31": "12375.95000", "2011-12-31": "11322.04000", "2010-12-31": "10869.56000", "2009-12-31": "11129.96000"}, "Total Current Liabilities": {"2020-12-31": "28398.31000", "2019-12-31": "24923.93000", "2018-12-31": "24051.97000", "2017-12-31": "22281.31000", "2016-12-31": "19893.70000", "2015-12-31": "17341.05000", "2014-12-31": "13522.38000", "2013-12-31": "10532.43000", "2012-12-31": "8538.07300", "2011-12-31": "7364.92000", "2010-12-31": "7164.22000", "2009-12-31": "7669.74700"}, "Long Term Debt": {"2020-12-31": "3122.99900", "2019-12-31": "4480.50100", "2018-12-31": "4796.00000", "2017-12-31": "4771.00000", "2016-12-31": "5239.34800", "2015-12-31": "4008.46400", "2014-12-31": "3307.93200", "2013-12-31": "2414.31300", "2012-12-31": "1925.09400", "2011-12-31": "2236.13100", "2010-12-31": "2255.20000", "2009-12-31": "2193.05700"}, "Other Non-Current Liabilities": {"2020-12-31": "506.17100", "2019-12-31": "486.08400", "2018-12-31": "392.52100", "2017-12-31": "268.61500", "2016-12-31": "328.67500", "2015-12-31": "290.05900", "2014-12-31": "327.68100", "2013-12-31": "171.21000", "2012-12-31": "106.10600", "2011-12-31": "185.70700", "2010-12-31": "192.01400", "2009-12-31": "172.89700"}, "Total Long Term Liabilities": {"2020-12-31": "3629.17000", "2019-12-31": "4966.58500", "2018-12-31": "5188.52100", "2017-12-31": "5039.61500", "2016-12-31": "5568.02300", "2015-12-31": "4298.52300", "2014-12-31": "3635.61300", "2013-12-31": "2585.52300", "2012-12-31": "2031.20000", "2011-12-31": "2421.83800", "2010-12-31": "2451.83200", "2009-12-31": "2365.95400"}, "Total Liabilities": {"2020-12-31": "32027.48000", "2019-12-31": "29890.51000", "2018-12-31": "29240.49000", "2017-12-31": "27320.92000", "2016-12-31": "25461.72000", "2015-12-31": "21639.57000", "2014-12-31": "17157.99000", "2013-12-31": "13117.95000", "2012-12-31": "10569.27000", "2011-12-31": "9786.75800", "2010-12-31": "9616.05200", "2009-12-31": "10035.70000"}, "Common Stock Net": {"2020-12-31": "0.93100", "2019-12-31": "0.95100", "2018-12-31": "0.99100", "2017-12-31": "1.06800", "2016-12-31": "1.04200", "2015-12-31": "1.03600", "2014-12-31": "1.01700", "2013-12-31": "1.01000", "2012-12-31": "0.95000", "2011-12-31": "0.97700", "2010-12-31": "0.93000", "2009-12-31": "0.92800"}, "Retained Earnings (Accumulated Deficit)": {"2020-12-31": "2013.71500", "2019-12-31": "1927.73500", "2018-12-31": "1697.82200", "2017-12-31": "1471.78100", "2016-12-31": "949.68100", "2015-12-31": "813.89400", "2014-12-31": "651.62700", "2013-12-31": "535.26300", "2012-12-31": "413.38500", "2011-12-31": "276.21600", "2010-12-31": "269.78100", "2009-12-31": "119.04600"}, "Comprehensive Income": {"2020-12-31": "-49.15200", "2019-12-31": "-31.82700", "2018-12-31": "4.87300", "2017-12-31": "54.98600", "2016-12-31": "41.24700", "2015-12-31": "22.18200", "2014-12-31": "46.35200", "2013-12-31": "57.48000", "2012-12-31": "83.97600", "2011-12-31": "18.01900", "2010-12-31": "31.96600", "2009-12-31": "27.25400"}, "Other Share Holders Equity": {"2020-12-31": "", "2019-12-31": "", "2018-12-31": "", "2017-12-31": "", "2016-12-31": "", "2015-12-31": "", "2014-12-31": "", "2013-12-31": "", "2012-12-31": "", "2011-12-31": "", "2010-12-31": "", "2009-12-31": ""}, "Share Holder Equity": {"2020-12-31": "2983.01200", "2019-12-31": "2980.77900", "2018-12-31": "2923.83300", "2017-12-31": "3026.06200", "2016-12-31": "2418.42900", "2015-12-31": "2243.89800", "2014-12-31": "2052.53400", "2013-12-31": "1928.69800", "2012-12-31": "1806.68000", "2011-12-31": "1535.28000", "2010-12-31": "1253.50800", "2009-12-31": "1094.26000"}, "Total Liabilities And Share Holders Equity": {"2020-12-31": "35010.49000", "2019-12-31": "32871.29000", "2018-12-31": "32164.33000", "2017-12-31": "30346.99000", "2016-12-31": "27880.15000", "2015-12-31": "23883.47000", "2014-12-31": "19210.53000", "2013-12-31": "15046.65000", "2012-12-31": "12375.95000", "2011-12-31": "11322.04000", "2010-12-31": "10869.56000", "2009-12-31": "11129.96000"}}, "balance sheet, quarterly": {"Cash On Hand": {"2020-12-31": "397.71600", "2020-09-30": "369.77600", "2020-06-30": "402.23100", "2020-03-31": "766.69800", "2019-12-31": "214.67300", "2019-09-30": "230.22800", "2019-06-30": "442.83300", "2019-03-31": "241.45100", "2018-12-31": "382.07300", "2018-09-30": "279.79900", "2018-06-30": "379.25600", "2018-03-31": "199.75000", "2017-12-31": "194.58200", "2017-09-30": "292.60100", "2017-06-30": "228.36000", "2017-03-31": "239.41700", "2016-12-31": "448.31300", "2016-09-30": "261.95400", "2016-06-30": "359.67400", "2016-03-31": "245.81100", "2015-12-31": "267.50000", "2015-09-30": "276.28100", "2015-06-30": "164.86000", "2015-03-31": "304.48800", "2014-12-31": "187.51700", "2014-09-30": "348.14400", "2014-06-30": "379.15000", "2014-03-31": "263.16100", "2013-12-31": "252.74900", "2013-09-30": "525.67900", "2013-06-30": "213.55200", "2013-03-31": "461.17900", "2012-12-31": "495.35300", "2012-09-30": "346.64300", "2012-06-30": "164.14400", "2012-03-31": "312.06100", "2011-12-31": "303.74200", "2011-09-30": "385.08600", "2011-06-30": "343.75900", "2011-03-31": "454.04900", "2010-12-31": "564.77400", "2010-09-30": "", "2010-06-30": "", "2010-03-31": "", "2009-12-31": "356.21000"}, "Receivables": {"2020-12-31": "", "2020-09-30": "", "2020-06-30": "", "2020-03-31": "", "2019-12-31": "", "2019-09-30": "", "2019-06-30": "", "2019-03-31": "", "2018-12-31": "", "2018-09-30": "", "2018-06-30": "", "2018-03-31": "", "2017-12-31": "", "2017-09-30": "", "2017-06-30": "", "2017-03-31": "", "2016-12-31": "", "2016-09-30": "", "2016-06-30": "", "2016-03-31": "", "2015-12-31": "", "2015-09-30": "", "2015-06-30": "", "2015-03-31": "", "2014-12-31": "", "2014-09-30": "", "2014-06-30": "", "2014-03-31": "", "2013-12-31": "", "2013-09-30": "", "2013-06-30": "", "2013-03-31": "", "2012-12-31": "", "2012-09-30": "", "2012-06-30": "", "2012-03-31": "", "2011-12-31": "", "2011-09-30": "", "2011-06-30": "", "2011-03-31": "", "2010-12-31": "", "2010-09-30": "", "2010-06-30": "", "2010-03-31": "", "2009-12-31": ""}, "Inventory": {"2020-12-31": "", "2020-09-30": "", "2020-06-30": "", "2020-03-31": "", "2019-12-31": "", "2019-09-30": "", "2019-06-30": "", "2019-03-31": "", "2018-12-31": "", "2018-09-30": "", "2018-06-30": "", "2018-03-31": "", "2017-12-31": "", "2017-09-30": "", "2017-06-30": "", "2017-03-31": "", "2016-12-31": "", "2016-09-30": "", "2016-06-30": "", "2016-03-31": "", "2015-12-31": "", "2015-09-30": "", "2015-06-30": "", "2015-03-31": "", "2014-12-31": "", "2014-09-30": "", "2014-06-30": "", "2014-03-31": "", "2013-12-31": "", "2013-09-30": "", "2013-06-30": "", "2013-03-31": "", "2012-12-31": "", "2012-09-30": "", "2012-06-30": "", "2012-03-31": "", "2011-12-31": "", "2011-09-30": "", "2011-06-30": "", "2011-03-31": "", "2010-12-31": "", "2010-09-30": "", "2010-06-30": "", "2010-03-31": "", "2009-12-31": ""}, "Pre-Paid Expenses": {"2020-12-31": "", "2020-09-30": "", "2020-06-30": "", "2020-03-31": "", "2019-12-31": "", "2019-09-30": "", "2019-06-30": "", "2019-03-31": "", "2018-12-31": "", "2018-09-30": "", "2018-06-30": "", "2018-03-31": "", "2017-12-31": "", "2017-09-30": "", "2017-06-30": "", "2017-03-31": "", "2016-12-31": "", "2016-09-30": "", "2016-06-30": "", "2016-03-31": "", "2015-12-31": "", "2015-09-30": "", "2015-06-30": "", "2015-03-31": "", "2014-12-31": "", "2014-09-30": "", "2014-06-30": "", "2014-03-31": "", "2013-12-31": "", "2013-09-30": "", "2013-06-30": "", "2013-03-31": "", "2012-12-31": "", "2012-09-30": "", "2012-06-30": "", "2012-03-31": "", "2011-12-31": "", "2011-09-30": "", "2011-06-30": "", "2011-03-31": "", "2010-12-31": "", "2010-09-30": "", "2010-06-30": "", "2010-03-31": "", "2009-12-31": ""}, "Other Current Assets": {"2020-12-31": "", "2020-09-30": "", "2020-06-30": "", "2020-03-31": "", "2019-12-31": "", "2019-09-30": "", "2019-06-30": "", "2019-03-31": "", "2018-12-31": "", "2018-09-30": "", "2018-06-30": "", "2018-03-31": "", "2017-12-31": "", "2017-09-30": "", "2017-06-30": "", "2017-03-31": "", "2016-12-31": "", "2016-09-30": "", "2016-06-30": "", "2016-03-31": "", "2015-12-31": "", "2015-09-30": "", "2015-06-30": "", "2015-03-31": "", "2014-12-31": "", "2014-09-30": "", "2014-06-30": "", "2014-03-31": "", "2013-12-31": "", "2013-09-30": "", "2013-06-30": "", "2013-03-31": "", "2012-12-31": "", "2012-09-30": "", "2012-06-30": "", "2012-03-31": "", "2011-12-31": "", "2011-09-30": "", "2011-06-30": "", "2011-03-31": "", "2010-12-31": "", "2010-09-30": "", "2010-06-30": "", "2010-03-31": "", "2009-12-31": ""}, "Total Current Assets": {"2020-12-31": "24031.11000", "2020-09-30": "23878.78000", "2020-06-30": "23973.62000", "2020-03-31": "23718.05000", "2019-12-31": "23298.92000", "2019-09-30": "23023.60000", "2019-06-30": "23147.30000", "2019-03-31": "22514.29000", "2018-12-31": "22286.14000", "2018-09-30": "22111.41000", "2018-06-30": "22160.84000", "2018-03-31": "21575.59000", "2017-12-31": "21500.39000", "2017-09-30": "20775.97000", "2017-06-30": "20333.06000", "2017-03-31": "19581.75000", "2016-12-31": "19731.95000", "2016-09-30": "19192.47000", "2016-06-30": "18476.14000", "2016-03-31": "17286.12000", "2015-12-31": "16825.69000", "2015-09-30": "15640.17000", "2015-06-30": "14445.68000", "2015-03-31": "13445.77000", "2014-12-31": "12508.14000", "2014-09-30": "11357.17000", "2014-06-30": "10883.39000", "2014-03-31": "10168.36000", "2013-12-31": "9236.82700", "2013-09-30": "8273.46700", "2013-06-30": "6963.98500", "2013-03-31": "6246.40400", "2012-12-31": "6010.10000", "2012-09-30": "5594.12000", "2012-06-30": "5190.17700", "2012-03-31": "4967.04300", "2011-12-31": "4396.35000", "2011-09-30": "4347.24400", "2011-06-30": "4106.53700", "2011-03-31": "4143.49200", "2010-12-31": "4443.29000", "2010-09-30": "", "2010-06-30": "", "2010-03-31": "", "2009-12-31": "4945.10000"}, "Property, Plant, And Equipment": {"2020-12-31": "663.51700", "2020-09-30": "676.32100", "2020-06-30": "689.96500", "2020-03-31": "684.56300", "2019-12-31": "698.15300", "2019-09-30": "696.89900", "2019-06-30": "707.68000", "2019-03-31": "710.20900", "2018-12-31": "702.35400", "2018-09-30": "661.67700", "2018-06-30": "591.26700", "2018-03-31": "591.33900", "2017-12-31": "599.50200", "2017-09-30": "588.20700", "2017-06-30": "573.07500", "2017-03-31": "559.23400", "2016-12-31": "539.91400", "2016-09-30": "515.91300", "2016-06-30": "478.93700", "2016-03-31": "479.49000", "2015-12-31": "483.51800", "2015-09-30": "401.75400", "2015-06-30": "418.25300", "2015-03-31": "366.03300", "2014-12-31": "314.55800", "2014-09-30": "242.44800", "2014-06-30": "199.56700", "2014-03-31": "208.55900", "2013-12-31": "196.48300", "2013-09-30": "", "2013-06-30": "", "2013-03-31": "", "2012-12-31": "38.73200", "2012-09-30": "", "2012-06-30": "", "2012-03-31": "", "2011-12-31": "", "2011-09-30": "", "2011-06-30": "", "2011-03-31": "", "2010-12-31": "", "2010-09-30": "", "2010-06-30": "", "2010-03-31": "", "2009-12-31": ""}, "Long-Term Investments": {"2020-12-31": "9372.54800", "2020-09-30": "9509.49700", "2020-06-30": "8926.67900", "2020-03-31": "8156.31500", "2019-12-31": "8022.90100", "2019-09-30": "8243.44400", "2019-06-30": "8428.49700", "2019-03-31": "8651.45100", "2018-12-31": "8433.93000", "2018-09-30": "7500.83000", "2018-06-30": "7381.80700", "2018-03-31": "7005.55300", "2017-12-31": "6956.82100", "2017-09-30": "7173.71100", "2017-06-30": "7009.27400", "2017-03-31": "6685.79800", "2016-12-31": "6367.85600", "2016-09-30": "6241.48300", "2016-06-30": "5967.16600", "2016-03-31": "5603.44700", "2015-12-31": "5089.53600", "2015-09-30": "4889.39100", "2015-06-30": "5010.77000", "2015-03-31": "4648.69300", "2014-12-31": "4787.36800", "2014-09-30": "4463.37800", "2014-06-30": "4255.32100", "2014-03-31": "3680.54400", "2013-12-31": "3789.19000", "2013-09-30": "4021.76400", "2013-06-30": "4288.67400", "2013-03-31": "4414.29800", "2012-12-31": "4305.47200", "2012-09-30": "4929.36900", "2012-06-30": "4912.88500", "2012-03-31": "4837.98600", "2011-12-31": "4329.03200", "2011-09-30": "4058.62300", "2011-06-30": "3952.00700", "2011-03-31": "3644.00400", "2010-12-31": "3144.01000", "2010-09-30": "", "2010-06-30": "", "2010-03-31": "", "2009-12-31": "2486.47000"}, "Goodwill And Intangible Assets": {"2020-12-31": "77.63700", "2020-09-30": "77.64100", "2020-06-30": "77.65200", "2020-03-31": "77.66300", "2019-12-31": "77.67400", "2019-09-30": "77.68500", "2019-06-30": "77.69600", "2019-03-31": "77.70700", "2018-12-31": "77.71800", "2018-09-30": "77.72900", "2018-06-30": "77.74000", "2018-03-31": "77.75100", "2017-12-31": "77.79600", "2017-09-30": "77.85700", "2017-06-30": "77.91900", "2017-03-31": "77.98000", "2016-12-31": "78.04700", "2016-09-30": "78.11600", "2016-06-30": "78.18500", "2016-03-31": "78.25500", "2015-12-31": "78.33000", "2015-09-30": "78.40800", "2015-06-30": "78.51100", "2015-03-31": "68.25600", "2014-12-31": "68.41400", "2014-09-30": "68.57500", "2014-06-30": "68.73700", "2014-03-31": "68.89800", "2013-12-31": "69.06700", "2013-09-30": "69.24000", "2013-06-30": "69.41300", "2013-03-31": "69.58600", "2012-12-31": "69.76800", "2012-09-30": "69.95500", "2012-06-30": "70.14200", "2012-03-31": "70.32900", "2011-12-31": "68.66700", "2011-09-30": "68.75100", "2011-06-30": "68.83500", "2011-03-31": "68.91900", "2010-12-31": "69.01100", "2010-09-30": "0.00000", "2010-06-30": "0.00000", "2010-03-31": "0.00000", "2009-12-31": "60.98000"}, "Other Long-Term Assets": {"2020-12-31": "865.68010", "2020-09-30": "886.35900", "2020-06-30": "1077.98300", "2020-03-31": "959.07800", "2019-12-31": "773.64900", "2019-09-30": "908.90800", "2019-06-30": "731.09200", "2019-03-31": "749.31400", "2018-12-31": "664.18200", "2018-09-30": "1161.99100", "2018-06-30": "1137.92000", "2018-03-31": "1182.30400", "2017-12-31": "1212.47900", "2017-09-30": "915.18100", "2017-06-30": "974.22300", "2017-03-31": "1030.38100", "2016-12-31": "1162.38200", "2016-09-30": "1178.69400", "2016-06-30": "1236.71800", "2016-03-31": "1270.18600", "2015-12-31": "1300.82100", "2015-09-30": "1373.89600", "2015-06-30": "1365.30200", "2015-03-31": "1362.06400", "2014-12-31": "1414.83100", "2014-09-30": "1451.05400", "2014-06-30": "1522.72400", "2014-03-31": "1548.09200", "2013-12-31": "1684.45600", "2013-09-30": "1863.58900", "2013-06-30": "1847.52000", "2013-03-31": "1961.26500", "2012-12-31": "1889.60700", "2012-09-30": "2074.02500", "2012-06-30": "2168.57000", "2012-03-31": "2239.69200", "2011-12-31": "2508.50400", "2011-09-30": "2539.40200", "2011-06-30": "2719.28000", "2011-03-31": "2952.02800", "2010-12-31": "3213.24900", "2010-09-30": "", "2010-06-30": "", "2010-03-31": "", "2009-12-31": "3637.38000"}, "Total Long-Term Assets": {"2020-12-31": "10979.38000", "2020-09-30": "11149.82000", "2020-06-30": "10772.28000", "2020-03-31": "9877.61900", "2019-12-31": "9572.37700", "2019-09-30": "9926.93700", "2019-06-30": "9944.96500", "2019-03-31": "10188.68000", "2018-12-31": "9878.18300", "2018-09-30": "9402.22700", "2018-06-30": "9188.73400", "2018-03-31": "8856.94600", "2017-12-31": "8846.59800", "2017-09-30": "8778.86600", "2017-06-30": "8660.67200", "2017-03-31": "8406.98300", "2016-12-31": "8148.19900", "2016-09-30": "8072.54000", "2016-06-30": "7833.05200", "2016-03-31": "7533.36500", "2015-12-31": "7057.78200", "2015-09-30": "6897.49900", "2015-06-30": "6956.11300", "2015-03-31": "6537.62400", "2014-12-31": "6702.38600", "2014-09-30": "6323.56800", "2014-06-30": "6124.92900", "2014-03-31": "5583.28900", "2013-12-31": "5809.82200", "2013-09-30": "6034.54700", "2013-06-30": "6269.44000", "2013-03-31": "6499.52500", "2012-12-31": "6365.85300", "2012-09-30": "7154.30600", "2012-06-30": "7239.78400", "2012-03-31": "7231.84100", "2011-12-31": "6925.68800", "2011-09-30": "6666.77600", "2011-06-30": "6740.12200", "2011-03-31": "6664.95100", "2010-12-31": "6426.27000", "2010-09-30": "", "2010-06-30": "", "2010-03-31": "", "2009-12-31": "6184.83000"}, "Total Assets": {"2020-12-31": "35010.49000", "2020-09-30": "35028.60000", "2020-06-30": "34745.90000", "2020-03-31": "33595.67000", "2019-12-31": "32871.29000", "2019-09-30": "32950.54000", "2019-06-30": "33092.27000", "2019-03-31": "32702.98000", "2018-12-31": "32164.33000", "2018-09-30": "31513.64000", "2018-06-30": "31349.57000", "2018-03-31": "30432.54000", "2017-12-31": "30346.99000", "2017-09-30": "29554.83000", "2017-06-30": "28993.74000", "2017-03-31": "27988.73000", "2016-12-31": "27880.15000", "2016-09-30": "27265.01000", "2016-06-30": "26309.19000", "2016-03-31": "24819.49000", "2015-12-31": "23883.47000", "2015-09-30": "22537.67000", "2015-06-30": "21401.79000", "2015-03-31": "19983.39000", "2014-12-31": "19210.53000", "2014-09-30": "17680.74000", "2014-06-30": "17008.32000", "2014-03-31": "15751.65000", "2013-12-31": "15046.65000", "2013-09-30": "14308.01000", "2013-06-30": "13233.42000", "2013-03-31": "12745.93000", "2012-12-31": "12375.95000", "2012-09-30": "12748.43000", "2012-06-30": "12429.96000", "2012-03-31": "12198.88000", "2011-12-31": "11322.04000", "2011-09-30": "11014.02000", "2011-06-30": "10846.66000", "2011-03-31": "10808.44000", "2010-12-31": "10869.56000", "2010-09-30": "0.00000", "2010-06-30": "0.00000", "2010-03-31": "0.00000", "2009-12-31": "11129.96000"}, "Total Current Liabilities": {"2020-12-31": "28398.31000", "2020-09-30": "27499.80000", "2020-06-30": "26892.76000", "2020-03-31": "25429.35000", "2019-12-31": "24923.93000", "2019-09-30": "24535.26000", "2019-06-30": "24425.06000", "2019-03-31": "24256.98000", "2018-12-31": "24051.97000", "2018-09-30": "22883.07000", "2018-06-30": "22580.75000", "2018-03-31": "22642.46000", "2017-12-31": "22281.31000", "2017-09-30": "21626.07000", "2017-06-30": "21180.66000", "2017-03-31": "20327.18000", "2016-12-31": "19893.70000", "2016-09-30": "19239.09000", "2016-06-30": "18634.81000", "2016-03-31": "17917.07000", "2015-12-31": "17341.05000", "2015-09-30": "15897.89000", "2015-06-30": "15246.69000", "2015-03-31": "14261.24000", "2014-12-31": "13522.38000", "2014-09-30": "12833.91000", "2014-06-30": "12036.73000", "2014-03-31": "11123.78000", "2013-12-31": "10532.43000", "2013-09-30": "9854.11700", "2013-06-30": "9032.55900", "2013-03-31": "8746.66800", "2012-12-31": "8538.07300", "2012-09-30": "8458.48400", "2012-06-30": "8269.19500", "2012-03-31": "8096.68000", "2011-12-31": "7364.92000", "2011-09-30": "6948.69600", "2011-06-30": "6826.81400", "2011-03-31": "6901.99600", "2010-12-31": "7164.22000", "2010-09-30": "", "2010-06-30": "", "2010-03-31": "", "2009-12-31": "7669.74000"}, "Long Term Debt": {"2020-12-31": "3122.99900", "2020-09-30": "4118.46000", "2020-06-30": "4650.59900", "2020-03-31": "5144.40900", "2019-12-31": "4480.50100", "2019-09-30": "4930.63800", "2019-06-30": "5331.00000", "2019-03-31": "5026.00000", "2018-12-31": "4796.00000", "2018-09-30": "4946.00000", "2018-06-30": "5071.00000", "2018-03-31": "4396.00000", "2017-12-31": "4771.00000", "2017-09-30": "4871.00000", "2017-06-30": "4949.78500", "2017-03-31": "4774.56500", "2016-12-31": "5239.34800", "2016-09-30": "5219.12500", "2016-06-30": "4943.90300", "2016-03-31": "4258.68300", "2015-12-31": "4008.46400", "2015-09-30": "4093.81600", "2015-06-30": "3743.69700", "2015-03-31": "3293.67800", "2014-12-31": "3307.93200", "2014-09-30": "2593.64800", "2014-06-30": "2698.78800", "2014-03-31": "2473.50800", "2013-12-31": "2414.31300", "2013-09-30": "2363.74500", "2013-06-30": "2196.60500", "2013-03-31": "2016.45600", "2012-12-31": "1925.09400", "2012-09-30": "2218.69500", "2012-06-30": "2226.97800", "2012-03-31": "2231.41200", "2011-12-31": "2236.13100", "2011-09-30": "2240.93700", "2011-06-30": "2245.74400", "2011-03-31": "2250.49800", "2010-12-31": "2255.20000", "2010-09-30": "", "2010-06-30": "", "2010-03-31": "", "2009-12-31": "2193.05000"}, "Other Non-Current Liabilities": {"2020-12-31": "506.17100", "2020-09-30": "545.51100", "2020-06-30": "447.49100", "2020-03-31": "505.78300", "2019-12-31": "486.08400", "2019-09-30": "575.36200", "2019-06-30": "468.29400", "2019-03-31": "496.60200", "2018-12-31": "392.52100", "2018-09-30": "609.67800", "2018-06-30": "598.38900", "2018-03-31": "361.40000", "2017-12-31": "268.61500", "2017-09-30": "434.27000", "2017-06-30": "282.46800", "2017-03-31": "353.97100", "2016-12-31": "328.67500", "2016-09-30": "433.70400", "2016-06-30": "399.32800", "2016-03-31": "379.48200", "2015-12-31": "290.05900", "2015-09-30": "335.39500", "2015-06-30": "265.07000", "2015-03-31": "312.86100", "2014-12-31": "327.68100", "2014-09-30": "213.01500", "2014-06-30": "258.23200", "2014-03-31": "174.66200", "2013-12-31": "171.21000", "2013-09-30": "204.33700", "2013-06-30": "151.55200", "2013-03-31": "139.01100", "2012-12-31": "106.10600", "2012-09-30": "318.52000", "2012-06-30": "241.53700", "2012-03-31": "225.85900", "2011-12-31": "185.70700", "2011-09-30": "292.23600", "2011-06-30": "253.19300", "2011-03-31": "198.33700", "2010-12-31": "192.01400", "2010-09-30": "", "2010-06-30": "", "2010-03-31": "", "2009-12-31": "172.89000"}, "Total Long Term Liabilities": {"2020-12-31": "3629.17000", "2020-09-30": "4663.97100", "2020-06-30": "5098.09000", "2020-03-31": "5650.19200", "2019-12-31": "4966.58500", "2019-09-30": "5506.00000", "2019-06-30": "5799.29400", "2019-03-31": "5522.60200", "2018-12-31": "5188.52100", "2018-09-30": "5555.67800", "2018-06-30": "5669.38900", "2018-03-31": "4757.40000", "2017-12-31": "5039.61500", "2017-09-30": "5305.27000", "2017-06-30": "5232.25300", "2017-03-31": "5128.53600", "2016-12-31": "5568.02300", "2016-09-30": "5652.82900", "2016-06-30": "5343.23100", "2016-03-31": "4638.16500", "2015-12-31": "4298.52300", "2015-09-30": "4429.21100", "2015-06-30": "4008.76700", "2015-03-31": "3606.53900", "2014-12-31": "3635.61300", "2014-09-30": "2806.66300", "2014-06-30": "2957.02000", "2014-03-31": "2648.17000", "2013-12-31": "2585.52300", "2013-09-30": "2568.08200", "2013-06-30": "2348.15700", "2013-03-31": "2155.46700", "2012-12-31": "2031.20000", "2012-09-30": "2537.21500", "2012-06-30": "2468.51500", "2012-03-31": "2457.27100", "2011-12-31": "2421.83800", "2011-09-30": "2564.41800", "2011-06-30": "2543.17200", "2011-03-31": "2469.49500", "2010-12-31": "2451.83200", "2010-09-30": "", "2010-06-30": "", "2010-03-31": "", "2009-12-31": "2365.94000"}, "Total Liabilities": {"2020-12-31": "32027.48000", "2020-09-30": "32163.77000", "2020-06-30": "31990.85000", "2020-03-31": "31079.54000", "2019-12-31": "29890.51000", "2019-09-30": "30041.26000", "2019-06-30": "30224.36000", "2019-03-31": "29779.59000", "2018-12-31": "29240.49000", "2018-09-30": "28438.75000", "2018-06-30": "28250.14000", "2018-03-31": "27399.86000", "2017-12-31": "27320.92000", "2017-09-30": "26931.34000", "2017-06-30": "26412.92000", "2017-03-31": "25455.72000", "2016-12-31": "25461.72000", "2016-09-30": "24891.92000", "2016-06-30": "23978.05000", "2016-03-31": "22555.24000", "2015-12-31": "21639.57000", "2015-09-30": "20327.10000", "2015-06-30": "19255.46000", "2015-03-31": "17867.78000", "2014-12-31": "17157.99000", "2014-09-30": "15640.57000", "2014-06-30": "14993.75000", "2014-03-31": "13771.95000", "2013-12-31": "13117.95000", "2013-09-30": "12422.20000", "2013-06-30": "11380.72000", "2013-03-31": "10902.13000", "2012-12-31": "10569.27000", "2012-09-30": "10995.70000", "2012-06-30": "10737.71000", "2012-03-31": "10553.95000", "2011-12-31": "9786.75800", "2011-09-30": "9513.11400", "2011-06-30": "9369.98600", "2011-03-31": "9371.49100", "2010-12-31": "9616.05200", "2010-09-30": "0.00000", "2010-06-30": "0.00000", "2010-03-31": "0.00000", "2009-12-31": "10035.70000"}, "Common Stock Net": {"2020-12-31": "0.93100", "2020-09-30": "0.92400", "2020-06-30": "0.92400", "2020-03-31": "0.92400", "2019-12-31": "0.95100", "2019-09-30": "0.95100", "2019-06-30": "0.95300", "2019-03-31": "0.98400", "2018-12-31": "0.99100", "2018-09-30": "1.03700", "2018-06-30": "1.06200", "2018-03-31": "1.06100", "2017-12-31": "1.06800", "2017-09-30": "1.06800", "2017-06-30": "1.06800", "2017-03-31": "1.06800", "2016-12-31": "1.04200", "2016-09-30": "1.04100", "2016-06-30": "1.04200", "2016-03-31": "1.04100", "2015-12-31": "1.03600", "2015-09-30": "1.03500", "2015-06-30": "1.03500", "2015-03-31": "1.03400", "2014-12-31": "1.01700", "2014-09-30": "1.01700", "2014-06-30": "1.01700", "2014-03-31": "1.01700", "2013-12-31": "1.01000", "2013-09-30": "1.00900", "2013-06-30": "1.00600", "2013-03-31": "1.00500", "2012-12-31": "0.95000", "2012-09-30": "0.94500", "2012-06-30": "0.94000", "2012-03-31": "0.94000", "2011-12-31": "0.97700", "2011-09-30": "0.97300", "2011-06-30": "0.97200", "2011-03-31": "0.97200", "2010-12-31": "0.93000", "2010-09-30": "0.00000", "2010-06-30": "0.00000", "2010-03-31": "0.00000", "2009-12-31": "0.92000"}, "Retained Earnings (Accumulated Deficit)": {"2020-12-31": "2013.71500", "2020-09-30": "1950.28800", "2020-06-30": "1905.63900", "2020-03-31": "1851.04000", "2019-12-31": "1927.73500", "2019-09-30": "1859.05500", "2019-06-30": "1803.36000", "2019-03-31": "1742.53000", "2018-12-31": "1697.82200", "2018-09-30": "1667.09200", "2018-06-30": "1592.15700", "2018-03-31": "1525.17400", "2017-12-31": "1471.78100", "2017-09-30": "1077.04200", "2017-06-30": "1032.30800", "2017-03-31": "988.93400", "2016-12-31": "949.68100", "2016-09-30": "908.89700", "2016-06-30": "880.53100", "2016-03-31": "846.28800", "2015-12-31": "813.89400", "2015-09-30": "780.01100", "2015-06-30": "700.06300", "2015-03-31": "675.76300", "2014-12-31": "651.62700", "2014-09-30": "626.76100", "2014-06-30": "595.16100", "2014-03-31": "568.57500", "2013-12-31": "535.26300", "2013-09-30": "504.70200", "2013-06-30": "472.19000", "2013-03-31": "439.90800", "2012-12-31": "413.38500", "2012-09-30": "372.54200", "2012-06-30": "340.47000", "2012-03-31": "308.94600", "2011-12-31": "276.21600", "2011-09-30": "249.12400", "2011-06-30": "217.72000", "2011-03-31": "187.87300", "2010-12-31": "269.78100", "2010-09-30": "", "2010-06-30": "", "2010-03-31": "", "2009-12-31": "119.04000"}, "Comprehensive Income": {"2020-12-31": "-49.15200", "2020-09-30": "-81.82600", "2020-06-30": "-143.01900", "2020-03-31": "-323.59200", "2019-12-31": "-31.82700", "2019-09-30": "-28.67700", "2019-06-30": "-17.36900", "2019-03-31": "0.64100", "2018-12-31": "4.87300", "2018-09-30": "41.89500", "2018-06-30": "50.66000", "2018-03-31": "56.33000", "2017-12-31": "54.98600", "2017-09-30": "52.58900", "2017-06-30": "59.28500", "2017-03-31": "58.61400", "2016-12-31": "41.24700", "2016-09-30": "42.53000", "2016-06-30": "33.81500", "2016-03-31": "5.62800", "2015-12-31": "22.18200", "2015-09-30": "30.51900", "2015-06-30": "51.13400", "2015-03-31": "49.42800", "2014-12-31": "46.35200", "2014-09-30": "63.42700", "2014-06-30": "74.28800", "2014-03-31": "70.11600", "2013-12-31": "57.48000", "2013-09-30": "52.93900", "2013-06-30": "62.06400", "2013-03-31": "90.36400", "2012-12-31": "83.97600", "2012-09-30": "74.92300", "2012-06-30": "52.58600", "2012-03-31": "44.71400", "2011-12-31": "18.01900", "2011-09-30": "19.99000", "2011-06-30": "37.19900", "2011-03-31": "36.09400", "2010-12-31": "31.96600", "2010-09-30": "", "2010-06-30": "", "2010-03-31": "", "2009-12-31": ""}, "Other Share Holders Equity": {"2020-12-31": "", "2020-09-30": "", "2020-06-30": "", "2020-03-31": "", "2019-12-31": "", "2019-09-30": "", "2019-06-30": "", "2019-03-31": "", "2018-12-31": "", "2018-09-30": "", "2018-06-30": "", "2018-03-31": "", "2017-12-31": "", "2017-09-30": "", "2017-06-30": "", "2017-03-31": "", "2016-12-31": "", "2016-09-30": "", "2016-06-30": "", "2016-03-31": "", "2015-12-31": "", "2015-09-30": "", "2015-06-30": "", "2015-03-31": "", "2014-12-31": "", "2014-09-30": "", "2014-06-30": "", "2014-03-31": "", "2013-12-31": "", "2013-09-30": "", "2013-06-30": "", "2013-03-31": "", "2012-12-31": "", "2012-09-30": "", "2012-06-30": "", "2012-03-31": "", "2011-12-31": "", "2011-09-30": "", "2011-06-30": "", "2011-03-31": "", "2010-12-31": "", "2010-09-30": "0.00000", "2010-06-30": "0.00000", "2010-03-31": "0.00000", "2009-12-31": "27.25000"}, "Share Holder Equity": {"2020-12-31": "2983.01200", "2020-09-30": "2864.82400", "2020-06-30": "2755.05300", "2020-03-31": "2516.12900", "2019-12-31": "2980.77900", "2019-09-30": "2909.27500", "2019-06-30": "2867.91000", "2019-03-31": "2923.39000", "2018-12-31": "2923.83300", "2018-09-30": "3074.88800", "2018-06-30": "3099.43300", "2018-03-31": "3032.67200", "2017-12-31": "3026.06200", "2017-09-30": "2623.48900", "2017-06-30": "2580.82000", "2017-03-31": "2533.01400", "2016-12-31": "2418.42900", "2016-09-30": "2373.09000", "2016-06-30": "2331.14600", "2016-03-31": "2264.25200", "2015-12-31": "2243.89800", "2015-09-30": "2210.56800", "2015-06-30": "2146.33500", "2015-03-31": "2115.61700", "2014-12-31": "2052.53400", "2014-09-30": "2040.16900", "2014-06-30": "2014.57200", "2014-03-31": "1979.70400", "2013-12-31": "1928.69800", "2013-09-30": "1885.81400", "2013-06-30": "1852.70900", "2013-03-31": "1843.79500", "2012-12-31": "1806.68000", "2012-09-30": "1752.72700", "2012-06-30": "1692.25100", "2012-03-31": "1644.93300", "2011-12-31": "1535.28000", "2011-09-30": "1500.90600", "2011-06-30": "1476.67300", "2011-03-31": "1436.95200", "2010-12-31": "1253.50800", "2010-09-30": "0.00000", "2010-06-30": "0.00000", "2010-03-31": "0.00000", "2009-12-31": "1094.26000"}, "Total Liabilities And Share Holders Equity": {"2020-12-31": "35010.49000", "2020-09-30": "35028.60000", "2020-06-30": "34745.90000", "2020-03-31": "33595.67000", "2019-12-31": "32871.29000", "2019-09-30": "32950.54000", "2019-06-30": "33092.27000", "2019-03-31": "32702.98000", "2018-12-31": "32164.33000", "2018-09-30": "31513.64000", "2018-06-30": "31349.57000", "2018-03-31": "30432.54000", "2017-12-31": "30346.99000", "2017-09-30": "29554.83000", "2017-06-30": "28993.74000", "2017-03-31": "27988.73000", "2016-12-31": "27880.15000", "2016-09-30": "27265.01000", "2016-06-30": "26309.19000", "2016-03-31": "24819.49000", "2015-12-31": "23883.47000", "2015-09-30": "22537.67000", "2015-06-30": "21401.79000", "2015-03-31": "19983.39000", "2014-12-31": "19210.53000", "2014-09-30": "17680.74000", "2014-06-30": "17008.32000", "2014-03-31": "15751.65000", "2013-12-31": "15046.65000", "2013-09-30": "14308.01000", "2013-06-30": "13233.42000", "2013-03-31": "12745.93000", "2012-12-31": "12375.95000", "2012-09-30": "12748.43000", "2012-06-30": "12429.96000", "2012-03-31": "12198.88000", "2011-12-31": "11322.04000", "2011-09-30": "11014.02000", "2011-06-30": "10846.66000", "2011-03-31": "10808.44000", "2010-12-31": "10869.56000", "2010-09-30": "0.00000", "2010-06-30": "0.00000", "2010-03-31": "0.00000", "2009-12-31": "11129.96000"}}, "cash flow statement": {"Net Income/Loss": {"2020-12-31": "0.00000", "2019-12-31": "313.09800", "2018-12-31": "324.86600", "2017-12-31": "614.27300", "2016-12-31": "225.74100", "2015-12-31": "251.66000", "2014-12-31": "204.21500", "2013-12-31": "208.93600", "2012-12-31": "211.26000", "2011-12-31": "63.16800", "2010-12-31": "184.73500", "2009-12-31": "119.04600"}, "Total Depreciation And Amortization - Cash Flow": {"2020-12-31": "", "2019-12-31": "35.10600", "2018-12-31": "-18.08200", "2017-12-31": "-11.37300", "2016-12-31": "-39.77600", "2015-12-31": "-55.04400", "2014-12-31": "-180.48500", "2013-12-31": "-350.80400", "2012-12-31": "-461.12900", "2011-12-31": "-525.26800", "2010-12-31": "-605.92700", "2009-12-31": "-545.98300"}, "Other Non-Cash Items": {"2020-12-31": "", "2019-12-31": "39.42200", "2018-12-31": "102.13000", "2017-12-31": "88.32400", "2016-12-31": "48.51600", "2015-12-31": "27.56900", "2014-12-31": "-40.59400", "2013-12-31": "4.38800", "2012-12-31": "-82.64800", "2011-12-31": "87.41200", "2010-12-31": "-14.95500", "2009-12-31": "-11.06900"}, "Total Non-Cash Items": {"2020-12-31": "", "2019-12-31": "74.52800", "2018-12-31": "84.04800", "2017-12-31": "76.95100", "2016-12-31": "8.74000", "2015-12-31": "-27.47500", "2014-12-31": "-221.07900", "2013-12-31": "-346.41600", "2012-12-31": "-543.77700", "2011-12-31": "-437.85600", "2010-12-31": "-620.88200", "2009-12-31": "-557.05200"}, "Change In Accounts Receivable": {"2020-12-31": "", "2019-12-31": "313.34700", "2018-12-31": "96.75100", "2017-12-31": "-11.65000", "2016-12-31": "19.29900", "2015-12-31": "-2.31300", "2014-12-31": "-21.74800", "2013-12-31": "18.13000", "2012-12-31": "31.84200", "2011-12-31": "69.07300", "2010-12-31": "73.70000", "2009-12-31": "47.07800"}, "Change In Inventories": {"2020-12-31": "", "2019-12-31": "", "2018-12-31": "", "2017-12-31": "", "2016-12-31": "", "2015-12-31": "", "2014-12-31": "", "2013-12-31": "", "2012-12-31": "", "2011-12-31": "", "2010-12-31": "", "2009-12-31": ""}, "Change In Accounts Payable": {"2020-12-31": "", "2019-12-31": "", "2018-12-31": "", "2017-12-31": "", "2016-12-31": "", "2015-12-31": "", "2014-12-31": "", "2013-12-31": "", "2012-12-31": "", "2011-12-31": "", "2010-12-31": "", "2009-12-31": ""}, "Change In Assets/Liabilities": {"2020-12-31": "", "2019-12-31": "-65.26700", "2018-12-31": "318.58700", "2017-12-31": "-360.94800", "2016-12-31": "54.73000", "2015-12-31": "-2.39300", "2014-12-31": "-11.13400", "2013-12-31": "52.24300", "2012-12-31": "-50.93100", "2011-12-31": "57.02700", "2010-12-31": "-85.61000", "2009-12-31": "46.43600"}, "Total Change In Assets/Liabilities": {"2020-12-31": "", "2019-12-31": "248.08000", "2018-12-31": "415.33800", "2017-12-31": "-372.59800", "2016-12-31": "74.02900", "2015-12-31": "-4.70600", "2014-12-31": "-32.88200", "2013-12-31": "70.37300", "2012-12-31": "-19.08900", "2011-12-31": "126.10000", "2010-12-31": "-11.91000", "2009-12-31": "93.51400"}, "Cash Flow From Operating Activities": {"2020-12-31": "", "2019-12-31": "635.70600", "2018-12-31": "824.25200", "2017-12-31": "318.62600", "2016-12-31": "308.51000", "2015-12-31": "219.47900", "2014-12-31": "-49.74600", "2013-12-31": "-67.10700", "2012-12-31": "-351.60600", "2011-12-31": "-248.58800", "2010-12-31": "-448.05700", "2009-12-31": "-344.49200"}, "Net Change In Property, Plant, And Equipment": {"2020-12-31": "", "2019-12-31": "-44.51700", "2018-12-31": "-103.79300", "2017-12-31": "-94.60300", "2016-12-31": "-87.97600", "2015-12-31": "-187.32900", "2014-12-31": "-126.83400", "2013-12-31": "89.08600", "2012-12-31": "122.14300", "2011-12-31": "305.16100", "2010-12-31": "259.81800", "2009-12-31": "171.71100"}, "Net Change In Intangible Assets": {"2020-12-31": "", "2019-12-31": "", "2018-12-31": "", "2017-12-31": "", "2016-12-31": "", "2015-12-31": "", "2014-12-31": "", "2013-12-31": "", "2012-12-31": "", "2011-12-31": "", "2010-12-31": "", "2009-12-31": ""}, "Net Acquisitions/Divestitures": {"2020-12-31": "", "2019-12-31": "", "2018-12-31": "", "2017-12-31": "", "2016-12-31": "", "2015-12-31": "-277.55300", "2014-12-31": "", "2013-12-31": "-162.00900", "2012-12-31": "", "2011-12-31": "", "2010-12-31": "-50.48900", "2009-12-31": "1160.32100"}, "Net Change In Short-term Investments": {"2020-12-31": "", "2019-12-31": "13.38800", "2018-12-31": "-1.06300", "2017-12-31": "18.28300", "2016-12-31": "-64.27500", "2015-12-31": "-28.32300", "2014-12-31": "-39.60800", "2013-12-31": "-19.00600", "2012-12-31": "16.28100", "2011-12-31": "70.35300", "2010-12-31": "25.92600", "2009-12-31": ""}, "Net Change In Long-Term Investments": {"2020-12-31": "", "2019-12-31": "449.60890", "2018-12-31": "-1574.23300", "2017-12-31": "-583.76320", "2016-12-31": "-1205.45700", "2015-12-31": "-441.49610", "2014-12-31": "-831.29910", "2013-12-31": "465.92990", "2012-12-31": "272.92710", "2011-12-31": "-1254.83300", "2010-12-31": "-608.22090", "2009-12-31": "-1638.52500"}, "Net Change In Investments - Total": {"2020-12-31": "", "2019-12-31": "462.99690", "2018-12-31": "-1575.29600", "2017-12-31": "-565.48020", "2016-12-31": "-1269.73200", "2015-12-31": "-469.81910", "2014-12-31": "-870.90710", "2013-12-31": "446.92390", "2012-12-31": "289.20810", "2011-12-31": "-1184.48000", "2010-12-31": "-582.29490", "2009-12-31": "-1638.52500"}, "Investing Activities - Other": {"2020-12-31": "", "2019-12-31": "-1493.97600", "2018-12-31": "-362.44200", "2017-12-31": "-1792.49300", "2016-12-31": "-2468.52300", "2015-12-31": "-3673.99100", "2014-12-31": "-2810.06600", "2013-12-31": "-2980.98500", "2012-12-31": "-210.35100", "2011-12-31": "643.44200", "2010-12-31": "1338.75900", "2009-12-31": "3161.83600"}, "Cash Flow From Investing Activities": {"2020-12-31": "", "2019-12-31": "-1075.49600", "2018-12-31": "-2041.53100", "2017-12-31": "-2452.57600", "2016-12-31": "-3826.23100", "2015-12-31": "-4608.69200", "2014-12-31": "-3807.80700", "2013-12-31": "-2606.98400", "2012-12-31": "201.00000", "2011-12-31": "-235.87700", "2010-12-31": "965.79300", "2009-12-31": "2855.34300"}, "Net Long-Term Debt": {"2020-12-31": "", "2019-12-31": "-315.00000", "2018-12-31": "25.00000", "2017-12-31": "-469.00000", "2016-12-31": "1230.00000", "2015-12-31": "1091.90200", "2014-12-31": "895.00000", "2013-12-31": "495.00000", "2012-12-31": "-310.63790", "2011-12-31": "-3.28700", "2010-12-31": "192.49900", "2009-12-31": "-2516.23700"}, "Net Current Debt": {"2020-12-31": "", "2019-12-31": "", "2018-12-31": "", "2017-12-31": "", "2016-12-31": "", "2015-12-31": "", "2014-12-31": "", "2013-12-31": "", "2012-12-31": "", "2011-12-31": "", "2010-12-31": "-2.48000", "2009-12-31": ""}, "Debt Issuance/Retirement Net - Total": {"2020-12-31": "", "2019-12-31": "-315.00000", "2018-12-31": "25.00000", "2017-12-31": "-469.00000", "2016-12-31": "1230.00000", "2015-12-31": "1091.90200", "2014-12-31": "895.00000", "2013-12-31": "495.00000", "2012-12-31": "-310.63790", "2011-12-31": "-3.28700", "2010-12-31": "190.01900", "2009-12-31": "-2516.23700"}, "Net Common Equity Issued/Repurchased": {"2020-12-31": "", "2019-12-31": "-148.21300", "2018-12-31": "-292.24500", "2017-12-31": "62.09500", "2016-12-31": "0.79100", "2015-12-31": "35.64700", "2014-12-31": "0.92600", "2013-12-31": "9.90500", "2012-12-31": "3.59700", "2011-12-31": "98.94500", "2010-12-31": "2.50000", "2009-12-31": "947.75000"}, "Net Total Equity Issued/Repurchased": {"2020-12-31": "", "2019-12-31": "-148.21300", "2018-12-31": "-292.24500", "2017-12-31": "62.09500", "2016-12-31": "0.79100", "2015-12-31": "35.64700", "2014-12-31": "0.92600", "2013-12-31": "9.90500", "2012-12-31": "3.59700", "2011-12-31": "98.94500", "2010-12-31": "2.50000", "2009-12-31": "947.75000"}, "Total Common And Preferred Stock Dividends Paid": {"2020-12-31": "", "2019-12-31": "-84.08300", "2018-12-31": "-91.30500", "2017-12-31": "-91.62800", "2016-12-31": "-89.82400", "2015-12-31": "-88.98100", "2014-12-31": "-87.71600", "2013-12-31": "-65.22500", "2012-12-31": "-89.02100", "2011-12-31": "-55.80300", "2010-12-31": "-20.00000", "2009-12-31": ""}, "Financial Activities - Other": {"2020-12-31": "", "2019-12-31": "819.68600", "2018-12-31": "1763.32000", "2017-12-31": "2378.75200", "2016-12-31": "2557.56700", "2015-12-31": "3430.62800", "2014-12-31": "2984.11100", "2013-12-31": "1991.80700", "2012-12-31": "738.27900", "2011-12-31": "183.57800", "2010-12-31": "-481.69600", "2009-12-31": "-586.14900"}, "Cash Flow From Financial Activities": {"2020-12-31": "", "2019-12-31": "272.39000", "2018-12-31": "1404.77000", "2017-12-31": "1880.21900", "2016-12-31": "3698.53400", "2015-12-31": "4469.19600", "2014-12-31": "3792.32100", "2013-12-31": "2431.48700", "2012-12-31": "342.21700", "2011-12-31": "223.43300", "2010-12-31": "-309.17700", "2009-12-31": "-2154.63600"}, "Net Cash Flow": {"2020-12-31": "", "2019-12-31": "-167.40000", "2018-12-31": "187.49100", "2017-12-31": "-253.73100", "2016-12-31": "180.81300", "2015-12-31": "79.98300", "2014-12-31": "-65.23200", "2013-12-31": "-242.60400", "2012-12-31": "191.61100", "2011-12-31": "-261.03200", "2010-12-31": "208.55900", "2009-12-31": "356.21500"}, "Stock-Based Compensation": {"2020-12-31": "", "2019-12-31": "23.36700", "2018-12-31": "23.13700", "2017-12-31": "22.69200", "2016-12-31": "18.03200", "2015-12-31": "16.02700", "2014-12-31": "15.55100", "2013-12-31": "13.93600", "2012-12-31": "23.20400", "2011-12-31": "144.76900", "2010-12-31": "1.30100", "2009-12-31": "0.21000"}, "Common Stock Dividends Paid": {"2020-12-31": "", "2019-12-31": "-84.08300", "2018-12-31": "-91.30500", "2017-12-31": "-91.62800", "2016-12-31": "-89.82400", "2015-12-31": "-88.98100", "2014-12-31": "-87.71600", "2013-12-31": "-65.22500", "2012-12-31": "-89.02100", "2011-12-31": "-55.80300", "2010-12-31": "-20.00000", "2009-12-31": ""}}, "cash flow statement, quarterly": {"Net Income/Loss": {"2020-12-31": -112.116, "2020-09-30": 66.559, "2020-06-30": 76.508, "2020-03-31": "-30.95100", "2019-12-31": 89.456, "2019-09-30": 76.219, "2019-06-30": 81.451, "2019-03-31": "65.97200", "2018-12-31": 52.403, "2018-09-30": 97.328, "2018-06-30": 89.9, "2018-03-31": "85.23500", "2017-12-31": 417.794, "2017-09-30": 67.779, "2017-06-30": 66.407, "2017-03-31": "62.29300", "2016-12-31": 63.294, "2016-09-30": 50.848, "2016-06-30": 56.725, "2016-03-31": "54.87400", "2015-12-31": 56.263, "2015-09-30": 102.303, "2015-06-30": 46.637, "2015-03-31": "46.45700", "2014-12-31": 46.834, "2014-09-30": 53.567, "2014-06-30": 48.543, "2014-03-31": "55.27100", "2013-12-31": 52.393, "2013-09-30": 54.309, "2013-06-30": 54.008, "2013-03-31": "48.22600", "2012-12-31": 62.502, "2012-09-30": 49.557, "2012-06-30": 48.929, "2012-03-31": "50.27200", "2011-12-31": 41.28, "2011-09-30": 45.553, "2011-06-30": 43.995, "2011-03-31": "-67.66000", "2010-12-31": 27.808, "2010-09-30": 45.039, "2010-06-30": 51.164, "2010-03-31": "60.71900", "2009-12-31": 119.04}, "Total Depreciation And Amortization - Cash Flow": {"2020-12-31": -34.275, "2020-09-30": 10.174, "2020-06-30": 19.302, "2020-03-31": "4.79900", "2019-12-31": 12.551, "2019-09-30": 9.452, "2019-06-30": 6.35, "2019-03-31": "6.75300", "2018-12-31": 25.585, "2018-09-30": -5.901, "2018-06-30": -22.96, "2018-03-31": "-14.80600", "2017-12-31": 0.36, "2017-09-30": -1.498, "2017-06-30": -7.657, "2017-03-31": "-2.57800", "2016-12-31": 11.613, "2016-09-30": -26.401, "2016-06-30": -8.312, "2016-03-31": "-16.67600", "2015-12-31": 37.219, "2015-09-30": -65.018, "2015-06-30": 6.956, "2015-03-31": "-34.20100", "2014-12-31": 0.763, "2014-09-30": -57.806, "2014-06-30": -58.284, "2014-03-31": "-65.15800", "2013-12-31": -73.468, "2013-09-30": -84.201, "2013-06-30": -96.163, "2013-03-31": "-96.97200", "2012-12-31": -126.913, "2012-09-30": -102.453, "2012-06-30": -113.633, "2012-03-31": "-118.13000", "2011-12-31": -130.729, "2011-09-30": -132.707, "2011-06-30": -130.968, "2011-03-31": "-130.86400", "2010-12-31": -129.96, "2010-09-30": -145.687, "2010-06-30": -150.691, "2010-03-31": "-179.58200", "2009-12-31": -545.98}, "Other Non-Cash Items": {"2020-12-31": -154.492, "2020-09-30": 0.451, "2020-06-30": 20.578, "2020-03-31": "133.46300", "2019-12-31": 0.744, "2019-09-30": 18.981, "2019-06-30": 10.7, "2019-03-31": "8.99700", "2018-12-31": 24.299, "2018-09-30": 34.389, "2018-06-30": 23.873, "2018-03-31": "19.56900", "2017-12-31": 30.049, "2017-09-30": 15.797, "2017-06-30": 36.312, "2017-03-31": "6.16600", "2016-12-31": -11.255, "2016-09-30": 33.573, "2016-06-30": 9.469, "2016-03-31": "16.72900", "2015-12-31": 1.912, "2015-09-30": 2.873, "2015-06-30": -11.704, "2015-03-31": "34.48800", "2014-12-31": -34.732, "2014-09-30": -2.337, "2014-06-30": -0.057, "2014-03-31": "-3.46800", "2013-12-31": 5.419, "2013-09-30": -13.752, "2013-06-30": 3.42, "2013-03-31": "9.30100", "2012-12-31": -13.573, "2012-09-30": -7.053, "2012-06-30": -2.727, "2012-03-31": "-59.29500", "2011-12-31": -93.218, "2011-09-30": 10.149, "2011-06-30": 33.487, "2011-03-31": "136.99400", "2010-12-31": -64.636, "2010-09-30": 29.997, "2010-06-30": 13.022, "2010-03-31": "6.66200", "2009-12-31": 0}, "Total Non-Cash Items": {"2020-12-31": -188.767, "2020-09-30": 10.625, "2020-06-30": 39.88, "2020-03-31": "138.26200", "2019-12-31": 13.295, "2019-09-30": 28.433, "2019-06-30": 17.05, "2019-03-31": "15.75000", "2018-12-31": 49.884, "2018-09-30": 28.488, "2018-06-30": 0.913, "2018-03-31": "4.76300", "2017-12-31": 30.409, "2017-09-30": 14.299, "2017-06-30": 28.655, "2017-03-31": "3.58800", "2016-12-31": 0.358, "2016-09-30": 7.172, "2016-06-30": 1.157, "2016-03-31": "0.05300", "2015-12-31": 39.131, "2015-09-30": -62.145, "2015-06-30": -4.748, "2015-03-31": "0.28700", "2014-12-31": -33.969, "2014-09-30": -60.143, "2014-06-30": -58.341, "2014-03-31": "-68.62600", "2013-12-31": -68.049, "2013-09-30": -97.953, "2013-06-30": -92.743, "2013-03-31": "-87.67100", "2012-12-31": -140.486, "2012-09-30": -109.506, "2012-06-30": -116.36, "2012-03-31": "-177.42500", "2011-12-31": -223.947, "2011-09-30": -122.558, "2011-06-30": -97.481, "2011-03-31": "6.13000", "2010-12-31": -179.641, "2010-09-30": -115.69, "2010-06-30": -137.669, "2010-03-31": "-172.92000", "2009-12-31": -545.98}, "Change In Accounts Receivable": {"2020-12-31": -465.906, "2020-09-30": 121.572, "2020-06-30": 169.053, "2020-03-31": "175.28100", "2019-12-31": 75.205, "2019-09-30": 84.369, "2019-06-30": 76.67, "2019-03-31": "77.10300", "2018-12-31": 52.89, "2018-09-30": 35.645, "2018-06-30": 23.04, "2018-03-31": "-14.82400", "2017-12-31": -22.239, "2017-09-30": -6.418, "2017-06-30": 10.429, "2017-03-31": "6.57800", "2016-12-31": -1.954, "2016-09-30": 3.471, "2016-06-30": 21.318, "2016-03-31": "-3.53600", "2015-12-31": -6.414, "2015-09-30": 0.496, "2015-06-30": 14.087, "2015-03-31": "-10.48200", "2014-12-31": 2.946, "2014-09-30": -4.26, "2014-06-30": 0.086, "2014-03-31": "-20.52000", "2013-12-31": 7.477, "2013-09-30": 4.981, "2013-06-30": 5.178, "2013-03-31": "0.49400", "2012-12-31": 29.593, "2012-09-30": 0.821, "2012-06-30": -0.33, "2012-03-31": "1.75800", "2011-12-31": 68.556, "2011-09-30": -0.99, "2011-06-30": 1.462, "2011-03-31": "0.04500", "2010-12-31": 74.234, "2010-09-30": -0.534, "2010-06-30": 0, "2010-03-31": "", "2009-12-31": 0}, "Change In Inventories": {"2020-12-31": 0, "2020-09-30": 0, "2020-06-30": 0, "2020-03-31": "", "2019-12-31": 0, "2019-09-30": 0, "2019-06-30": 0, "2019-03-31": "", "2018-12-31": 0, "2018-09-30": 0, "2018-06-30": 0, "2018-03-31": "", "2017-12-31": 0, "2017-09-30": 0, "2017-06-30": 0, "2017-03-31": "", "2016-12-31": 0, "2016-09-30": 0, "2016-06-30": 0, "2016-03-31": "", "2015-12-31": 0, "2015-09-30": 0, "2015-06-30": 0, "2015-03-31": "", "2014-12-31": 0, "2014-09-30": 0, "2014-06-30": 0, "2014-03-31": "", "2013-12-31": 0, "2013-09-30": 0, "2013-06-30": 0, "2013-03-31": "", "2012-12-31": 0, "2012-09-30": 0, "2012-06-30": 0, "2012-03-31": "", "2011-12-31": 0, "2011-09-30": 0, "2011-06-30": 0, "2011-03-31": "", "2010-12-31": 0, "2010-09-30": 0, "2010-06-30": 0, "2010-03-31": "", "2009-12-31": 0}, "Change In Accounts Payable": {"2020-12-31": 0, "2020-09-30": 0, "2020-06-30": 0, "2020-03-31": "", "2019-12-31": 0, "2019-09-30": 0, "2019-06-30": 0, "2019-03-31": "", "2018-12-31": 0, "2018-09-30": 0, "2018-06-30": 0, "2018-03-31": "", "2017-12-31": 0, "2017-09-30": 0, "2017-06-30": 0, "2017-03-31": "", "2016-12-31": 0, "2016-09-30": 0, "2016-06-30": 0, "2016-03-31": "", "2015-12-31": 0, "2015-09-30": 0, "2015-06-30": 0, "2015-03-31": "", "2014-12-31": 0, "2014-09-30": 0, "2014-06-30": 0, "2014-03-31": "", "2013-12-31": 0, "2013-09-30": 0, "2013-06-30": 0, "2013-03-31": "", "2012-12-31": 0, "2012-09-30": 0, "2012-06-30": 0, "2012-03-31": "", "2011-12-31": 0, "2011-09-30": 0, "2011-06-30": 0, "2011-03-31": "", "2010-12-31": 0, "2010-09-30": 0, "2010-06-30": 0, "2010-03-31": "", "2009-12-31": 0}, "Change In Assets/Liabilities": {"2020-12-31": 131.854, "2020-09-30": 115.34, "2020-06-30": -28.122, "2020-03-31": "-219.07200", "2019-12-31": 45.511, "2019-09-30": -14.578, "2019-06-30": -25.894, "2019-03-31": "-70.30600", "2018-12-31": 265.153, "2018-09-30": 12.567, "2018-06-30": -22.053, "2018-03-31": "62.92000", "2017-12-31": -338.498, "2017-09-30": 26.563, "2017-06-30": -11.962, "2017-03-31": "-37.05100", "2016-12-31": 19.524, "2016-09-30": 21.814, "2016-06-30": 6.717, "2016-03-31": "6.67500", "2015-12-31": -29.657, "2015-09-30": 43.254, "2015-06-30": -7.858, "2015-03-31": "-8.13200", "2014-12-31": -13.978, "2014-09-30": 10.772, "2014-06-30": -23.163, "2014-03-31": "15.23500", "2013-12-31": -16.125, "2013-09-30": 41.796, "2013-06-30": 34.978, "2013-03-31": "-8.40600", "2012-12-31": -16.831, "2012-09-30": -56.89, "2012-06-30": -4.984, "2012-03-31": "27.77400", "2011-12-31": 48.667, "2011-09-30": 17.857, "2011-06-30": -20.204, "2011-03-31": "10.70700", "2010-12-31": 38.046, "2010-09-30": -14.449, "2010-06-30": -39.176, "2010-03-31": "-70.03100", "2009-12-31": 0}, "Total Change In Assets/Liabilities": {"2020-12-31": -334.052, "2020-09-30": 236.912, "2020-06-30": 140.931, "2020-03-31": "-43.79100", "2019-12-31": 120.716, "2019-09-30": 69.791, "2019-06-30": 50.776, "2019-03-31": "6.79700", "2018-12-31": 318.043, "2018-09-30": 48.212, "2018-06-30": 0.987, "2018-03-31": "48.09600", "2017-12-31": -360.737, "2017-09-30": 20.145, "2017-06-30": -1.533, "2017-03-31": "-30.47300", "2016-12-31": 17.57, "2016-09-30": 25.285, "2016-06-30": 28.035, "2016-03-31": "3.13900", "2015-12-31": -36.071, "2015-09-30": 43.75, "2015-06-30": 6.229, "2015-03-31": "-18.61400", "2014-12-31": -11.032, "2014-09-30": 6.512, "2014-06-30": -23.077, "2014-03-31": "-5.28500", "2013-12-31": -8.648, "2013-09-30": 46.777, "2013-06-30": 40.156, "2013-03-31": "-7.91200", "2012-12-31": 12.762, "2012-09-30": -56.069, "2012-06-30": -5.314, "2012-03-31": "29.53200", "2011-12-31": 117.223, "2011-09-30": 16.867, "2011-06-30": -18.742, "2011-03-31": "10.75200", "2010-12-31": 112.28, "2010-09-30": -14.983, "2010-06-30": -39.176, "2010-03-31": "-70.03100", "2009-12-31": 93.51}, "Cash Flow From Operating Activities": {"2020-12-31": -634.935, "2020-09-30": 314.096, "2020-06-30": 257.319, "2020-03-31": "63.52000", "2019-12-31": 223.467, "2019-09-30": 174.443, "2019-06-30": 149.277, "2019-03-31": "88.51900", "2018-12-31": 420.33, "2018-09-30": 174.028, "2018-06-30": 91.8, "2018-03-31": "138.09400", "2017-12-31": 87.466, "2017-09-30": 102.223, "2017-06-30": 93.529, "2017-03-31": "35.40800", "2016-12-31": 81.222, "2016-09-30": 83.305, "2016-06-30": 85.917, "2016-03-31": "58.06600", "2015-12-31": 59.323, "2015-09-30": 83.908, "2015-06-30": 48.118, "2015-03-31": "28.13000", "2014-12-31": 1.833, "2014-09-30": -0.064, "2014-06-30": -32.875, "2014-03-31": "-18.64000", "2013-12-31": -24.304, "2013-09-30": 3.133, "2013-06-30": 1.421, "2013-03-31": "-47.35700", "2012-12-31": -65.222, "2012-09-30": -116.018, "2012-06-30": -72.745, "2012-03-31": "-97.62100", "2011-12-31": -65.444, "2011-09-30": -60.138, "2011-06-30": -72.228, "2011-03-31": "-50.77800", "2010-12-31": -54.193, "2010-09-30": -85.634, "2010-06-30": -125.681, "2010-03-31": "-182.23200", "2009-12-31": -344.49}, "Net Change In Property, Plant, And Equipment": {"2020-12-31": 19.597, "2020-09-30": -0.479, "2020-06-30": -19.118, "2020-03-31": "", "2019-12-31": -6.205, "2019-09-30": -10.176, "2019-06-30": -5.736, "2019-03-31": "-22.40000", "2018-12-31": -17.39, "2018-09-30": -80.163, "2018-06-30": -5.61, "2018-03-31": "-0.63000", "2017-12-31": -20.655, "2017-09-30": -24.037, "2017-06-30": -22.574, "2017-03-31": "-27.33700", "2016-12-31": -35.577, "2016-09-30": -43.831, "2016-06-30": -6.094, "2016-03-31": "-2.47400", "2015-12-31": -35.652, "2015-09-30": -34.28, "2015-06-30": -64.603, "2015-03-31": "-52.79400", "2014-12-31": -102.334, "2014-09-30": -34.671, "2014-06-30": 17.686, "2014-03-31": "-7.51500", "2013-12-31": 159.33, "2013-09-30": -83.339, "2013-06-30": 19.667, "2013-03-31": "-6.57200", "2012-12-31": -5.251, "2012-09-30": 142.789, "2012-06-30": -62.954, "2012-03-31": "47.55900", "2011-12-31": 48.965, "2011-09-30": 63.364, "2011-06-30": 96.389, "2011-03-31": "96.44300", "2010-12-31": 83.306, "2010-09-30": 57.604, "2010-06-30": 78.627, "2010-03-31": "39.96300", "2009-12-31": 171.71}, "Net Change In Intangible Assets": {"2020-12-31": 0, "2020-09-30": 0, "2020-06-30": 0, "2020-03-31": "", "2019-12-31": 0, "2019-09-30": 0, "2019-06-30": 0, "2019-03-31": "", "2018-12-31": 0, "2018-09-30": 0, "2018-06-30": 0, "2018-03-31": "", "2017-12-31": 0, "2017-09-30": 0, "2017-06-30": 0, "2017-03-31": "", "2016-12-31": 0, "2016-09-30": 0, "2016-06-30": 0, "2016-03-31": "", "2015-12-31": 0, "2015-09-30": 0, "2015-06-30": 0, "2015-03-31": "", "2014-12-31": 0, "2014-09-30": 0, "2014-06-30": 0, "2014-03-31": "", "2013-12-31": 0, "2013-09-30": 0, "2013-06-30": 0, "2013-03-31": "", "2012-12-31": 0, "2012-09-30": 0, "2012-06-30": 0, "2012-03-31": "", "2011-12-31": 0, "2011-09-30": 0, "2011-06-30": 0, "2011-03-31": "", "2010-12-31": 0, "2010-09-30": 0, "2010-06-30": 0, "2010-03-31": "", "2009-12-31": 0}, "Net Acquisitions/Divestitures": {"2020-12-31": 0, "2020-09-30": 0, "2020-06-30": 0, "2020-03-31": "", "2019-12-31": 0, "2019-09-30": 0, "2019-06-30": 0, "2019-03-31": "", "2018-12-31": 0, "2018-09-30": 0, "2018-06-30": 0, "2018-03-31": "", "2017-12-31": 0, "2017-09-30": 0, "2017-06-30": 0, "2017-03-31": "", "2016-12-31": 0, "2016-09-30": 0, "2016-06-30": 0, "2016-03-31": "", "2015-12-31": 0, "2015-09-30": 0, "2015-06-30": -277.553, "2015-03-31": "", "2014-12-31": 0, "2014-09-30": 0, "2014-06-30": 0, "2014-03-31": "", "2013-12-31": -162.009, "2013-09-30": 0, "2013-06-30": 0, "2013-03-31": "", "2012-12-31": 1.626, "2012-09-30": 0, "2012-06-30": 0, "2012-03-31": "-1.62600", "2011-12-31": 0, "2011-09-30": 0, "2011-06-30": 0, "2011-03-31": "", "2010-12-31": -50.48, "2010-09-30": 0, "2010-06-30": 0, "2010-03-31": "", "2009-12-31": 1160.32}, "Net Change In Short-term Investments": {"2020-12-31": -45.05, "2020-09-30": 24.437, "2020-06-30": 48.663, "2020-03-31": "-28.05000", "2019-12-31": 19.125, "2019-09-30": 17, "2019-06-30": -12.962, "2019-03-31": "-9.77500", "2018-12-31": 6.375, "2018-09-30": 5.312, "2018-06-30": -28.687, "2018-03-31": "15.93700", "2017-12-31": 4.25, "2017-09-30": 1.708, "2017-06-30": -7.438, "2017-03-31": "19.76300", "2016-12-31": -0.85, "2016-09-30": -11.688, "2016-06-30": -29.112, "2016-03-31": "-22.62500", "2015-12-31": -2.052, "2015-09-30": -14.875, "2015-06-30": -19.121, "2015-03-31": "7.72500", "2014-12-31": -32.625, "2014-09-30": 4.725, "2014-06-30": -10.125, "2014-03-31": "-1.58300", "2013-12-31": -2.25, "2013-09-30": -7.425, "2013-06-30": -7.57, "2013-03-31": "-1.76100", "2012-12-31": 12.663, "2012-09-30": 8.653, "2012-06-30": 21.665, "2012-03-31": "-26.70000", "2011-12-31": 18.492, "2011-09-30": 51.861, "2011-06-30": 0, "2011-03-31": "", "2010-12-31": 25.926, "2010-09-30": 0, "2010-06-30": 0, "2010-03-31": "", "2009-12-31": 0}, "Net Change In Long-Term Investments": {"2020-12-31": 1513.479, "2020-09-30": -384.108, "2020-06-30": -772.932, "2020-03-31": "-356.43900", "2019-12-31": 272.2778, "2019-09-30": 64.5823, "2019-06-30": 233.0178, "2019-03-31": "-120.26900", "2018-12-31": -1090.026, "2018-09-30": -281.571, "2018-06-30": -104.755, "2018-03-31": "-97.88100", "2017-12-31": 83.1379, "2017-09-30": -44.4231, "2017-06-30": -363.251, "2017-03-31": "-259.22700", "2016-12-31": -192.649, "2016-09-30": -260.931, "2016-06-30": -274.983, "2016-03-31": "-476.89400", "2015-12-31": -229.618, "2015-09-30": 99.9719, "2015-06-30": -414.806, "2015-03-31": "102.95600", "2014-12-31": -173.1181, "2014-09-30": -300.605, "2014-06-30": -488.273, "2014-03-31": "130.69700", "2013-12-31": 234.3389, "2013-09-30": 263.754, "2013-06-30": 116.96, "2013-03-31": "-149.12300", "2012-12-31": 485.0111, "2012-09-30": 41.02, "2012-06-30": 28.175, "2012-03-31": "-281.27900", "2011-12-31": -409.453, "2011-09-30": -166.582, "2011-06-30": -252.203, "2011-03-31": "-426.59500", "2010-12-31": 134.0392, "2010-09-30": 209.6078, "2010-06-30": -504.3649, "2010-03-31": "-447.50300", "2009-12-31": 0}, "Net Change In Investments - Total": {"2020-12-31": 1468.429, "2020-09-30": -359.671, "2020-06-30": -724.269, "2020-03-31": "-384.48900", "2019-12-31": 291.4028, "2019-09-30": 81.5823, "2019-06-30": 220.0559, "2019-03-31": "-130.04410", "2018-12-31": -1083.6509, "2018-09-30": -276.2591, "2018-06-30": -133.4419, "2018-03-31": "-81.94410", "2017-12-31": 87.3879, "2017-09-30": -42.7151, "2017-06-30": -370.689, "2017-03-31": "-239.46400", "2016-12-31": -193.499, "2016-09-30": -272.619, "2016-06-30": -304.095, "2016-03-31": "-499.51900", "2015-12-31": -231.6701, "2015-09-30": 85.097, "2015-06-30": -433.927, "2015-03-31": "110.68100", "2014-12-31": -205.7431, "2014-09-30": -295.88, "2014-06-30": -498.398, "2014-03-31": "129.11400", "2013-12-31": 232.0889, "2013-09-30": 256.329, "2013-06-30": 109.39, "2013-03-31": "-150.88400", "2012-12-31": 497.6741, "2012-09-30": 49.673, "2012-06-30": 49.84, "2012-03-31": "-307.97900", "2011-12-31": -390.961, "2011-09-30": -114.721, "2011-06-30": -252.203, "2011-03-31": "-426.59500", "2010-12-31": 159.9701, "2010-09-30": 209.6078, "2010-06-30": -504.3649, "2010-03-31": "-447.50300", "2009-12-31": -1638.52}, "Investing Activities - Other": {"2020-12-31": 1083.067, "2020-09-30": -66.583, "2020-06-30": -821.51, "2020-03-31": "-194.97400", "2019-12-31": -368.154, "2019-09-30": -165.183, "2019-06-30": -503.586, "2019-03-31": "-457.05300", "2018-12-31": -3.3729, "2018-09-30": -6.7951, "2018-06-30": -358.379, "2018-03-31": "6.10500", "2017-12-31": -734.578, "2017-09-30": -343.208, "2017-06-30": -706.316, "2017-03-31": "-8.39100", "2016-12-31": -273.995, "2016-09-30": -752.271, "2016-06-30": -1035.148, "2016-03-31": "-407.10900", "2015-12-31": -1103.567, "2015-09-30": -1023.605, "2015-06-30": -823.258, "2015-03-31": "-723.56100", "2014-12-31": -1206.247, "2014-09-30": -385.229, "2014-06-30": -490.601, "2014-03-31": "-727.98900", "2013-12-31": -1166.694, "2013-09-30": -845.3769, "2013-06-30": -830.7321, "2013-03-31": "-138.18200", "2012-12-31": 6.942, "2012-09-30": -71.66, "2012-06-30": -223.615, "2012-03-31": "77.98200", "2011-12-31": -51.122, "2011-09-30": 33.921, "2011-06-30": 198.593, "2011-03-31": "462.05000", "2010-12-31": 872.832, "2010-09-30": 300.494, "2010-06-30": 388.005, "2010-03-31": "531.70000", "2009-12-31": 3161.83}, "Cash Flow From Investing Activities": {"2020-12-31": 2571.093, "2020-09-30": -426.733, "2020-06-30": -1564.897, "2020-03-31": "-579.46300", "2019-12-31": -82.956, "2019-09-30": -93.777, "2019-06-30": -289.266, "2019-03-31": "-609.49700", "2018-12-31": -1104.414, "2018-09-30": -363.217, "2018-06-30": -497.431, "2018-03-31": "-76.46900", "2017-12-31": -667.845, "2017-09-30": -409.96, "2017-06-30": -1099.579, "2017-03-31": "-275.19200", "2016-12-31": -503.071, "2016-09-30": -1068.721, "2016-06-30": -1345.337, "2016-03-31": "-909.10200", "2015-12-31": -1370.889, "2015-09-30": -972.788, "2015-06-30": -1599.341, "2015-03-31": "-665.67400", "2014-12-31": -1514.324, "2014-09-30": -715.78, "2014-06-30": -971.313, "2014-03-31": "-606.39000", "2013-12-31": -937.284, "2013-09-30": -672.387, "2013-06-30": -701.675, "2013-03-31": "-295.63800", "2012-12-31": 500.991, "2012-09-30": 120.802, "2012-06-30": -236.729, "2012-03-31": "-184.06400", "2011-12-31": -393.118, "2011-09-30": -17.436, "2011-06-30": 42.779, "2011-03-31": "131.89800", "2010-12-31": 311.337, "2010-09-30": 567.706, "2010-06-30": -37.733, "2010-03-31": "124.16000", "2009-12-31": 2855.34}, "Net Long-Term Debt": {"2020-12-31": 71.4922, "2020-09-30": -531.376, "2020-06-30": -200.1162, "2020-03-31": "660.00000", "2019-12-31": -450, "2019-09-30": -400, "2019-06-30": 305, "2019-03-31": "230.00000", "2018-12-31": -150, "2018-09-30": -125, "2018-06-30": 675, "2018-03-31": "-375.00000", "2017-12-31": -100, "2017-09-30": -79, "2017-06-30": 175, "2017-03-31": "-465.00000", "2016-12-31": 20, "2016-09-30": 275, "2016-06-30": 685, "2016-03-31": "250.00000", "2015-12-31": 317.0021, "2015-09-30": 350, "2015-06-30": 449.8999, "2015-03-31": "-25.00000", "2014-12-31": 726.3081, "2014-09-30": -105.6761, "2014-06-30": 224.743, "2014-03-31": "49.62500", "2013-12-31": 26.718, "2013-09-30": 194.813, "2013-06-30": 172.8451, "2013-03-31": "100.62390", "2012-12-31": -327.453, "2012-09-30": 3.2431, "2012-06-30": 5.403, "2012-03-31": "8.16900", "2011-12-31": -26.242, "2011-09-30": 8.745, "2011-06-30": 6.793, "2011-03-31": "7.41700", "2010-12-31": -33.361, "2010-09-30": 10.657, "2010-06-30": 5.637, "2010-03-31": "209.56600", "2009-12-31": 0}, "Net Current Debt": {"2020-12-31": 0, "2020-09-30": 0, "2020-06-30": 0, "2020-03-31": "", "2019-12-31": 0, "2019-09-30": 0, "2019-06-30": 0, "2019-03-31": "", "2018-12-31": 0, "2018-09-30": 0, "2018-06-30": 0, "2018-03-31": "", "2017-12-31": 0, "2017-09-30": 0, "2017-06-30": 0, "2017-03-31": "", "2016-12-31": 0, "2016-09-30": 0, "2016-06-30": 0, "2016-03-31": "", "2015-12-31": 0, "2015-09-30": 0, "2015-06-30": 0, "2015-03-31": "", "2014-12-31": 0, "2014-09-30": 0, "2014-06-30": 0, "2014-03-31": "", "2013-12-31": 0, "2013-09-30": 0, "2013-06-30": 0, "2013-03-31": "", "2012-12-31": -0.415, "2012-09-30": -41.96, "2012-06-30": 31.382, "2012-03-31": "10.99300", "2011-12-31": 0.208, "2011-09-30": -0.208, "2011-06-30": 0, "2011-03-31": "", "2010-12-31": 0, "2010-09-30": 0, "2010-06-30": 0, "2010-03-31": "", "2009-12-31": 0}, "Debt Issuance/Retirement Net - Total": {"2020-12-31": 71.4922, "2020-09-30": -531.376, "2020-06-30": -200.1162, "2020-03-31": "660.00000", "2019-12-31": -450, "2019-09-30": -400, "2019-06-30": 305, "2019-03-31": "230.00000", "2018-12-31": -150, "2018-09-30": -125, "2018-06-30": 675, "2018-03-31": "-375.00000", "2017-12-31": -100, "2017-09-30": -79, "2017-06-30": 175, "2017-03-31": "-465.00000", "2016-12-31": 20, "2016-09-30": 275, "2016-06-30": 685, "2016-03-31": "250.00000", "2015-12-31": 317.0021, "2015-09-30": 350, "2015-06-30": 449.8999, "2015-03-31": "-25.00000", "2014-12-31": 726.3081, "2014-09-30": -105.6761, "2014-06-30": 224.743, "2014-03-31": "49.62500", "2013-12-31": 26.718, "2013-09-30": 194.813, "2013-06-30": 172.8451, "2013-03-31": "100.62390", "2012-12-31": -327.868, "2012-09-30": -38.7169, "2012-06-30": 36.785, "2012-03-31": "19.16200", "2011-12-31": -26.034, "2011-09-30": 8.537, "2011-06-30": 6.793, "2011-03-31": "7.41700", "2010-12-31": -33.37, "2010-09-30": 10.657, "2010-06-30": 5.637, "2010-03-31": "209.56600", "2009-12-31": -2516.23}, "Net Common Equity Issued/Repurchased": {"2020-12-31": 100.972, "2020-09-30": 0, "2020-06-30": 0, "2020-03-31": "-100.97200", "2019-12-31": 1.787, "2019-09-30": -7.935, "2019-06-30": -102.091, "2019-03-31": "-39.97400", "2018-12-31": -142.245, "2018-09-30": -95.601, "2018-06-30": -5.767, "2018-03-31": "-48.63200", "2017-12-31": 0.576, "2017-09-30": 0, "2017-06-30": 0, "2017-03-31": "61.51900", "2016-12-31": 0.569, "2016-09-30": 0, "2016-06-30": 0.166, "2016-03-31": "0.05600", "2015-12-31": 2.485, "2015-09-30": 0.011, "2015-06-30": 0.196, "2015-03-31": "32.95500", "2014-12-31": 0.012, "2014-09-30": 0, "2014-06-30": 0, "2014-03-31": "0.91400", "2013-12-31": 3.167, "2013-09-30": 4.599, "2013-06-30": 1.249, "2013-03-31": "0.89000", "2012-12-31": 0.698, "2012-09-30": 2.136, "2012-06-30": 0.641, "2012-03-31": "0.12200", "2011-12-31": 0.055, "2011-09-30": 0.256, "2011-06-30": -0.848, "2011-03-31": "99.48200", "2010-12-31": 0, "2010-09-30": 0.5, "2010-06-30": 0, "2010-03-31": "2.00000", "2009-12-31": 0}, "Net Total Equity Issued/Repurchased": {"2020-12-31": 100.972, "2020-09-30": 0, "2020-06-30": 0, "2020-03-31": "-100.97200", "2019-12-31": 1.787, "2019-09-30": -7.935, "2019-06-30": -102.091, "2019-03-31": "-39.97400", "2018-12-31": -142.245, "2018-09-30": -95.601, "2018-06-30": -5.767, "2018-03-31": "-48.63200", "2017-12-31": 0.576, "2017-09-30": 0, "2017-06-30": 0, "2017-03-31": "61.51900", "2016-12-31": 0.569, "2016-09-30": 0, "2016-06-30": 0.166, "2016-03-31": "0.05600", "2015-12-31": 2.485, "2015-09-30": 0.011, "2015-06-30": 0.196, "2015-03-31": "32.95500", "2014-12-31": 0.012, "2014-09-30": 0, "2014-06-30": 0, "2014-03-31": "0.91400", "2013-12-31": 3.167, "2013-09-30": 4.599, "2013-06-30": 1.249, "2013-03-31": "0.89000", "2012-12-31": 0.698, "2012-09-30": 2.136, "2012-06-30": 0.641, "2012-03-31": "0.12200", "2011-12-31": 0.055, "2011-09-30": 0.256, "2011-06-30": -0.848, "2011-03-31": "99.48200", "2010-12-31": 0, "2010-09-30": 0.5, "2010-06-30": 0, "2010-03-31": "2.00000", "2009-12-31": 947.75}, "Total Common And Preferred Stock Dividends Paid": {"2020-12-31": 64.611, "2020-09-30": -21.909, "2020-06-30": -21.927, "2020-03-31": "-20.77500", "2019-12-31": -20.525, "2019-09-30": -20.621, "2019-06-30": -21.264, "2019-03-31": "-21.67300", "2018-12-31": -22.394, "2018-09-30": -22.915, "2018-06-30": -22.941, "2018-03-31": "-23.05500", "2017-12-31": -23.045, "2017-09-30": -23.034, "2017-06-30": -23.039, "2017-03-31": "-22.51000", "2016-12-31": -22.482, "2016-09-30": -22.482, "2016-06-30": -22.48, "2016-03-31": "-22.38000", "2015-12-31": -22.355, "2015-09-30": -22.338, "2015-06-30": -22.32, "2015-03-31": "-21.96800", "2014-12-31": -21.966, "2014-09-30": -21.959, "2014-06-30": -21.958, "2014-03-31": "-21.83300", "2013-12-31": -21.795, "2013-09-30": -21.727, "2013-06-30": -21.703, "2013-03-31": "", "2012-12-31": -39.154, "2012-09-30": -17.466, "2012-06-30": -17.513, "2012-03-31": "-14.88800", "2011-12-31": -13.889, "2011-09-30": -13.916, "2011-06-30": -13.998, "2011-03-31": "-14.00000", "2010-12-31": -20, "2010-09-30": 0, "2010-06-30": 0, "2010-03-31": "", "2009-12-31": 0}, "Financial Activities - Other": {"2020-12-31": -2328.336, "2020-09-30": 633.467, "2020-06-30": 1165.154, "2020-03-31": "529.71500", "2019-12-31": 312.672, "2019-09-30": 135.285, "2019-06-30": 159.726, "2019-03-31": "212.00300", "2018-12-31": 1100.997, "2018-09-30": 333.248, "2018-06-30": -61.155, "2018-03-31": "390.23000", "2017-12-31": 604.829, "2017-09-30": 474.012, "2017-06-30": 843.032, "2017-03-31": "456.87900", "2016-12-31": 610.121, "2016-09-30": 635.178, "2016-06-30": 710.597, "2016-03-31": "601.67100", "2015-12-31": 1005.653, "2015-09-30": 672.628, "2015-06-30": 983.819, "2015-03-31": "768.52800", "2014-12-31": 647.51, "2014-09-30": 812.473, "2014-06-30": 917.392, "2014-03-31": "606.73600", "2013-12-31": 680.568, "2013-09-30": 803.696, "2013-06-30": 300.236, "2013-03-31": "207.30700", "2012-12-31": 79.265, "2012-09-30": 231.762, "2012-06-30": 141.644, "2012-03-31": "285.60800", "2011-12-31": 417.086, "2011-09-30": 124.024, "2011-06-30": -72.788, "2011-03-31": "-284.74400", "2010-12-31": -615.291, "2010-09-30": -165.551, "2010-06-30": -253.321, "2010-03-31": "68.29700", "2009-12-31": -586.14}, "Cash Flow From Financial Activities": {"2020-12-31": -2091.261, "2020-09-30": 80.182, "2020-06-30": 943.111, "2020-03-31": "1067.96800", "2019-12-31": -156.066, "2019-09-30": -293.271, "2019-06-30": 341.371, "2019-03-31": "380.35600", "2018-12-31": 786.358, "2018-09-30": 89.732, "2018-06-30": 585.137, "2018-03-31": "-56.45700", "2017-12-31": 482.36, "2017-09-30": 371.978, "2017-06-30": 994.993, "2017-03-31": "30.88800", "2016-12-31": 608.208, "2016-09-30": 887.696, "2016-06-30": 1373.283, "2016-03-31": "829.34700", "2015-12-31": 1302.785, "2015-09-30": 1000.301, "2015-06-30": 1411.595, "2015-03-31": "754.51500", "2014-12-31": 1351.864, "2014-09-30": 684.838, "2014-06-30": 1120.177, "2014-03-31": "635.44200", "2013-12-31": 688.658, "2013-09-30": 981.381, "2013-06-30": 452.627, "2013-03-31": "308.82100", "2012-12-31": -287.059, "2012-09-30": 177.715, "2012-06-30": 161.557, "2012-03-31": "290.00400", "2011-12-31": 377.218, "2011-09-30": 118.901, "2011-06-30": -80.841, "2011-03-31": "-191.84500", "2010-12-31": -186.955, "2010-09-30": -154.394, "2010-06-30": -247.684, "2010-03-31": "279.86300", "2009-12-31": -2154.63}, "Net Cash Flow": {"2020-12-31": -155.103, "2020-09-30": -32.455, "2020-06-30": -364.467, "2020-03-31": "552.02500", "2019-12-31": -15.555, "2019-09-30": -212.605, "2019-06-30": 201.382, "2019-03-31": "-140.62200", "2018-12-31": 102.274, "2018-09-30": -99.457, "2018-06-30": 179.506, "2018-03-31": "5.16800", "2017-12-31": -98.019, "2017-09-30": 64.241, "2017-06-30": -11.057, "2017-03-31": "-208.89600", "2016-12-31": 186.359, "2016-09-30": -97.72, "2016-06-30": 113.863, "2016-03-31": "-21.68900", "2015-12-31": -8.781, "2015-09-30": 111.421, "2015-06-30": -139.628, "2015-03-31": "116.97100", "2014-12-31": -160.627, "2014-09-30": -31.006, "2014-06-30": 115.989, "2014-03-31": "10.41200", "2013-12-31": -272.93, "2013-09-30": 312.127, "2013-06-30": -247.627, "2013-03-31": "-34.17400", "2012-12-31": 148.71, "2012-09-30": 182.499, "2012-06-30": -147.917, "2012-03-31": "8.31900", "2011-12-31": -81.344, "2011-09-30": 41.327, "2011-06-30": -110.29, "2011-03-31": "-110.72500", "2010-12-31": 70.179, "2010-09-30": 327.678, "2010-06-30": -411.098, "2010-03-31": "221.79100", "2009-12-31": 356.21}, "Stock-Based Compensation": {"2020-12-31": -12.286, "2020-09-30": 4.935, "2020-06-30": 3.714, "2020-03-31": "3.63700", "2019-12-31": 6.4, "2019-09-30": 5.716, "2019-06-30": 4.778, "2019-03-31": "6.47300", "2018-12-31": 5.092, "2018-09-30": 5.773, "2018-06-30": 5.489, "2018-03-31": "6.78300", "2017-12-31": 8.355, "2017-09-30": 4.632, "2017-06-30": 4.708, "2017-03-31": "4.99700", "2016-12-31": 4.614, "2016-09-30": 4.568, "2016-06-30": 4.562, "2016-03-31": "4.28800", "2015-12-31": 3.982, "2015-09-30": 4.821, "2015-06-30": 4.073, "2015-03-31": "3.15100", "2014-12-31": 3.922, "2014-09-30": 4.355, "2014-06-30": 3.745, "2014-03-31": "3.52900", "2013-12-31": 2.984, "2013-09-30": 4.289, "2013-06-30": 3.283, "2013-03-31": "3.38000", "2012-12-31": 2.701, "2012-09-30": 3.488, "2012-06-30": 6.888, "2012-03-31": "10.12700", "2011-12-31": 9.025, "2011-09-30": 9.549, "2011-06-30": 9.417, "2011-03-31": "116.77800", "2010-12-31": 0.428, "2010-09-30": 0.341, "2010-06-30": 0.317, "2010-03-31": "0.21500", "2009-12-31": 0}, "Common Stock Dividends Paid": {"2020-12-31": 64.611, "2020-09-30": -21.909, "2020-06-30": -21.927, "2020-03-31": "-20.77500", "2019-12-31": -20.525, "2019-09-30": -20.621, "2019-06-30": -21.264, "2019-03-31": "-21.67300", "2018-12-31": -22.394, "2018-09-30": -22.915, "2018-06-30": -22.941, "2018-03-31": "-23.05500", "2017-12-31": -23.045, "2017-09-30": -23.034, "2017-06-30": -23.039, "2017-03-31": "-22.51000", "2016-12-31": -22.482, "2016-09-30": -22.482, "2016-06-30": -22.48, "2016-03-31": "-22.38000", "2015-12-31": -22.355, "2015-09-30": -22.338, "2015-06-30": -22.32, "2015-03-31": "-21.96800", "2014-12-31": -21.966, "2014-09-30": -21.959, "2014-06-30": -21.958, "2014-03-31": "-21.83300", "2013-12-31": -21.795, "2013-09-30": -21.727, "2013-06-30": -21.703, "2013-03-31": "", "2012-12-31": -39.154, "2012-09-30": -17.466, "2012-06-30": -17.513, "2012-03-31": "-14.88800", "2011-12-31": -13.889, "2011-09-30": -13.916, "2011-06-30": -13.998, "2011-03-31": "-14.00000", "2010-12-31": -20, "2010-09-30": 0, "2010-06-30": 0, "2010-03-31": "", "2009-12-31": 0}}, "financial ratios": {"Current Ratio": {"2019-12-31": "", "2018-12-31": "", "2017-12-31": "", "2016-12-31": "", "2015-12-31": "", "2014-12-31": "", "2013-12-31": "", "2012-12-31": "", "2011-12-31": "", "2010-12-31": "", "2009-12-31": ""}, "Long-term Debt / Capital": {"2019-12-31": "", "2018-12-31": "", "2017-12-31": "", "2016-12-31": "", "2015-12-31": "", "2014-12-31": "", "2013-12-31": "", "2012-12-31": "", "2011-12-31": "", "2010-12-31": "", "2009-12-31": "0.09440"}, "Debt/Equity Ratio": {"2019-12-31": "1.68070", "2018-12-31": "1.83790", "2017-12-31": "1.70980", "2016-12-31": "2.33300", "2015-12-31": "1.96580", "2014-12-31": "1.61680", "2013-12-31": "1.25180", "2012-12-31": "1.06550", "2011-12-31": "1.45660", "2010-12-31": "1.79950", "2009-12-31": "2.00690"}, "Gross Margin": {"2019-12-31": "", "2018-12-31": "", "2017-12-31": "", "2016-12-31": "", "2015-12-31": "", "2014-12-31": "", "2013-12-31": "", "2012-12-31": "", "2011-12-31": "", "2010-12-31": "", "2009-12-31": ""}, "Operating Margin": {"2019-12-31": "", "2018-12-31": "", "2017-12-31": "", "2016-12-31": "", "2015-12-31": "", "2014-12-31": "", "2013-12-31": "", "2012-12-31": "", "2011-12-31": "", "2010-12-31": "", "2009-12-31": ""}, "EBIT Margin": {"2019-12-31": "", "2018-12-31": "", "2017-12-31": "", "2016-12-31": "", "2015-12-31": "", "2014-12-31": "", "2013-12-31": "", "2012-12-31": "", "2011-12-31": "", "2010-12-31": "", "2009-12-31": ""}, "EBITDA Margin": {"2019-12-31": "", "2018-12-31": "", "2017-12-31": "", "2016-12-31": "", "2015-12-31": "", "2014-12-31": "", "2013-12-31": "", "2012-12-31": "", "2011-12-31": "", "2010-12-31": "", "2009-12-31": ""}, "Pre-Tax Profit Margin": {"2019-12-31": "45.33750", "2018-12-31": "35.95000", "2017-12-31": "38.91180", "2016-12-31": "36.22930", "2015-12-31": "36.94700", "2014-12-31": "40.74310", "2013-12-31": "46.60770", "2012-12-31": "52.84220", "2011-12-31": "29.71930", "2010-12-31": "49.15230", "2009-12-31": "41.31510"}, "Net Profit Margin": {"2019-12-31": "33.63620", "2018-12-31": "26.96950", "2017-12-31": "56.86040", "2016-12-31": "23.43480", "2015-12-31": "30.10560", "2014-12-31": "27.26270", "2013-12-31": "29.24780", "2012-12-31": "29.46220", "2011-12-31": "9.20810", "2010-12-31": "29.05280", "2009-12-31": "24.66340"}, "Asset Turnover": {"2019-12-31": "0.02710", "2018-12-31": "0.03590", "2017-12-31": "0.03430", "2016-12-31": "0.03320", "2015-12-31": "0.03360", "2014-12-31": "0.03750", "2013-12-31": "0.04530", "2012-12-31": "0.05270", "2011-12-31": "0.05730", "2010-12-31": "0.05850", "2009-12-31": "0.04340"}, "Inventory Turnover Ratio": {"2019-12-31": "", "2018-12-31": "", "2017-12-31": "", "2016-12-31": "", "2015-12-31": "", "2014-12-31": "", "2013-12-31": "", "2012-12-31": "", "2011-12-31": "", "2010-12-31": "", "2009-12-31": ""}, "Receiveable Turnover": {"2019-12-31": "", "2018-12-31": "", "2017-12-31": "", "2016-12-31": "", "2015-12-31": "", "2014-12-31": "", "2013-12-31": "", "2012-12-31": "", "2011-12-31": "", "2010-12-31": "", "2009-12-31": ""}, "Days Sales In Receivables": {"2019-12-31": "", "2018-12-31": "", "2017-12-31": "", "2016-12-31": "", "2015-12-31": "", "2014-12-31": "", "2013-12-31": "", "2012-12-31": "", "2011-12-31": "", "2010-12-31": "", "2009-12-31": ""}, "ROE - Return On Equity": {"2019-12-31": "10.50390", "2018-12-31": "11.11100", "2017-12-31": "20.29940", "2016-12-31": "9.33420", "2015-12-31": "11.21530", "2014-12-31": "9.94940", "2013-12-31": "10.83300", "2012-12-31": "11.69360", "2011-12-31": "4.11440", "2010-12-31": "14.73740", "2009-12-31": "10.87910"}, "Return On Tangible Equity": {"2019-12-31": "10.78490", "2018-12-31": "11.41440", "2017-12-31": "20.83510", "2016-12-31": "9.64550", "2015-12-31": "11.62100", "2014-12-31": "10.29250", "2013-12-31": "11.23540", "2012-12-31": "12.16300", "2011-12-31": "4.30710", "2010-12-31": "15.59610", "2009-12-31": "11.52120"}, "ROA - Return On Assets": {"2019-12-31": "0.95250", "2018-12-31": "1.01000", "2017-12-31": "2.02420", "2016-12-31": "0.80970", "2015-12-31": "1.05370", "2014-12-31": "1.06300", "2013-12-31": "1.38860", "2012-12-31": "1.70700", "2011-12-31": "0.55790", "2010-12-31": "1.69960", "2009-12-31": "1.06960"}, "ROI - Return On Investment": {"2019-12-31": "10.50390", "2018-12-31": "11.11100", "2017-12-31": "20.29940", "2016-12-31": "9.33420", "2015-12-31": "11.21530", "2014-12-31": "9.94940", "2013-12-31": "10.83300", "2012-12-31": "11.69330", "2011-12-31": "4.11440", "2010-12-31": "14.73740", "2009-12-31": "9.85260"}, "Book Value Per Share": {"2019-12-31": "31.33440", "2018-12-31": "29.49170", "2017-12-31": "28.32120", "2016-12-31": "23.21680", "2015-12-31": "21.65380", "2014-12-31": "20.19080", "2013-12-31": "19.09360", "2012-12-31": "19.01630", "2011-12-31": "15.71410", "2010-12-31": "13.48260", "2009-12-31": "11.79580"}, "Operating Cash Flow Per Share": {"2019-12-31": -1.2739, "2018-12-31": 4.9096, "2017-12-31": 0.0337, "2016-12-31": 0.8449, "2015-12-31": 2.6259, "2014-12-31": 0.1782, "2013-12-31": 3.0746, "2012-12-31": -1.1471, "2011-12-31": 2.2202, "2010-12-31": -1.1028, "2009-12-31": -3.7176}, "Free Cash Flow Per Share": {"2019-12-31": -0.7421, "2018-12-31": 4.8061, "2017-12-31": -0.0113, "2016-12-31": 1.8154, "2015-12-31": 2.0675, "2014-12-31": -1.9756, "2013-12-31": 2.6658, "2012-12-31": -3.0372, "2011-12-31": 2.6168, "2010-12-31": -0.1605, "2009-12-31": -1.8646}}, "financial ratios, quarterly": {"Current Ratio": {"2020-09-30": "", "2020-06-30": "", "2020-03-31": "", "2019-12-31": "", "2019-09-30": "", "2019-06-30": "", "2019-03-31": "", "2018-12-31": "", "2018-09-30": "", "2018-06-30": "", "2018-03-31": "", "2017-12-31": "", "2017-09-30": "", "2017-06-30": "", "2017-03-31": "", "2016-12-31": "", "2016-09-30": "", "2016-06-30": "", "2016-03-31": "", "2015-12-31": "", "2015-09-30": "", "2015-06-30": "", "2015-03-31": "", "2014-12-31": "", "2014-09-30": "", "2014-06-30": "", "2014-03-31": "", "2013-12-31": "", "2013-09-30": "", "2013-06-30": "", "2013-03-31": "", "2012-12-31": "", "2012-09-30": "", "2012-06-30": "", "2012-03-31": "", "2011-12-31": "", "2011-09-30": "", "2011-06-30": "", "2011-03-31": "", "2010-12-31": "", "2010-09-30": "", "2010-06-30": "", "2010-03-31": "", "2009-12-31": ""}, "Long-term Debt / Capital": {"2020-09-30": "", "2020-06-30": "", "2020-03-31": "", "2019-12-31": "", "2019-09-30": "", "2019-06-30": "", "2019-03-31": "", "2018-12-31": "", "2018-09-30": "", "2018-06-30": "", "2018-03-31": "", "2017-12-31": "", "2017-09-30": "", "2017-06-30": "", "2017-03-31": "", "2016-12-31": "", "2016-09-30": "", "2016-06-30": "", "2016-03-31": "", "2015-12-31": "", "2015-09-30": "", "2015-06-30": "", "2015-03-31": "", "2014-12-31": "", "2014-09-30": "", "2014-06-30": "", "2014-03-31": "", "2013-12-31": "", "2013-09-30": "", "2013-06-30": "", "2013-03-31": "", "2012-12-31": "", "2012-09-30": "", "2012-06-30": "", "2012-03-31": "", "2011-12-31": "", "2011-09-30": "", "2011-06-30": "", "2011-03-31": "", "2010-12-31": "", "2010-09-30": "", "2010-06-30": "", "2010-03-31": "", "2009-12-31": ""}, "Debt/Equity Ratio": {"2020-09-30": "1.75270", "2020-06-30": "1.98650", "2020-03-31": "2.21490", "2019-12-31": "1.68070", "2019-09-30": "1.89380", "2019-06-30": "2.03410", "2019-03-31": "1.91690", "2018-12-31": "1.83790", "2018-09-30": "1.79640", "2018-06-30": "1.76610", "2018-03-31": "1.58240", "2017-12-31": "1.70980", "2017-09-30": "2.01020", "2017-06-30": "2.07400", "2017-03-31": "2.04400", "2016-12-31": "2.33300", "2016-09-30": "2.36900", "2016-06-30": "2.29360", "2016-03-31": "2.05870", "2015-12-31": "1.96580", "2015-09-30": "1.85190", "2015-06-30": "1.74420", "2015-03-31": "1.55680", "2014-12-31": "1.61680", "2014-09-30": "1.27130", "2014-06-30": "1.33960", "2014-03-31": "1.24940", "2013-12-31": "1.25180", "2013-09-30": "1.25660", "2013-06-30": "1.18650", "2013-03-31": "1.09430", "2012-12-31": "1.06550", "2012-09-30": "1.26620", "2012-06-30": "1.34110", "2012-03-31": "1.36330", "2011-12-31": "1.45660", "2011-09-30": "1.49320", "2011-06-30": "1.52230", "2011-03-31": "1.56620", "2010-12-31": "1.79950", "2010-09-30": "", "2010-06-30": "", "2010-03-31": "", "2009-12-31": ""}, "Gross Margin": {"2020-09-30": "", "2020-06-30": "", "2020-03-31": "", "2019-12-31": "", "2019-09-30": "", "2019-06-30": "", "2019-03-31": "", "2018-12-31": "", "2018-09-30": "", "2018-06-30": "", "2018-03-31": "", "2017-12-31": "", "2017-09-30": "", "2017-06-30": "", "2017-03-31": "", "2016-12-31": "", "2016-09-30": "", "2016-06-30": "", "2016-03-31": "", "2015-12-31": "", "2015-09-30": "", "2015-06-30": "", "2015-03-31": "", "2014-12-31": "", "2014-09-30": "", "2014-06-30": "", "2014-03-31": "", "2013-12-31": "", "2013-09-30": "", "2013-06-30": "", "2013-03-31": "", "2012-12-31": "", "2012-09-30": "", "2012-06-30": "", "2012-03-31": "", "2011-12-31": "", "2011-09-30": "", "2011-06-30": "", "2011-03-31": "", "2010-12-31": "", "2010-09-30": "", "2010-06-30": "", "2010-03-31": "", "2009-12-31": ""}, "Operating Margin": {"2020-09-30": "", "2020-06-30": "", "2020-03-31": "", "2019-12-31": "", "2019-09-30": "", "2019-06-30": "", "2019-03-31": "", "2018-12-31": "", "2018-09-30": "", "2018-06-30": "", "2018-03-31": "", "2017-12-31": "", "2017-09-30": "", "2017-06-30": "", "2017-03-31": "", "2016-12-31": "", "2016-09-30": "", "2016-06-30": "", "2016-03-31": "", "2015-12-31": "", "2015-09-30": "", "2015-06-30": "", "2015-03-31": "", "2014-12-31": "", "2014-09-30": "", "2014-06-30": "", "2014-03-31": "", "2013-12-31": "", "2013-09-30": "", "2013-06-30": "", "2013-03-31": "", "2012-12-31": "", "2012-09-30": "", "2012-06-30": "", "2012-03-31": "", "2011-12-31": "", "2011-09-30": "", "2011-06-30": "", "2011-03-31": "", "2010-12-31": "", "2010-09-30": "", "2010-06-30": "", "2010-03-31": "", "2009-12-31": ""}, "EBIT Margin": {"2020-09-30": "", "2020-06-30": "", "2020-03-31": "", "2019-12-31": "", "2019-09-30": "", "2019-06-30": "", "2019-03-31": "", "2018-12-31": "", "2018-09-30": "", "2018-06-30": "", "2018-03-31": "", "2017-12-31": "", "2017-09-30": "", "2017-06-30": "", "2017-03-31": "", "2016-12-31": "", "2016-09-30": "", "2016-06-30": "", "2016-03-31": "", "2015-12-31": "", "2015-09-30": "", "2015-06-30": "", "2015-03-31": "", "2014-12-31": "", "2014-09-30": "", "2014-06-30": "", "2014-03-31": "", "2013-12-31": "", "2013-09-30": "", "2013-06-30": "", "2013-03-31": "", "2012-12-31": "", "2012-09-30": "", "2012-06-30": "", "2012-03-31": "", "2011-12-31": "", "2011-09-30": "", "2011-06-30": "", "2011-03-31": "", "2010-12-31": "", "2010-09-30": "", "2010-06-30": "", "2010-03-31": "", "2009-12-31": ""}, "EBITDA Margin": {"2020-09-30": "", "2020-06-30": "", "2020-03-31": "", "2019-12-31": "", "2019-09-30": "", "2019-06-30": "", "2019-03-31": "", "2018-12-31": "", "2018-09-30": "", "2018-06-30": "", "2018-03-31": "", "2017-12-31": "", "2017-09-30": "", "2017-06-30": "", "2017-03-31": "", "2016-12-31": "", "2016-09-30": "", "2016-06-30": "", "2016-03-31": "", "2015-12-31": "", "2015-09-30": "", "2015-06-30": "", "2015-03-31": "", "2014-12-31": "", "2014-09-30": "", "2014-06-30": "", "2014-03-31": "", "2013-12-31": "", "2013-09-30": "", "2013-06-30": "", "2013-03-31": "", "2012-12-31": "", "2012-09-30": "", "2012-06-30": "", "2012-03-31": "", "2011-12-31": "", "2011-09-30": "", "2011-06-30": "", "2011-03-31": "", "2010-12-31": "", "2010-09-30": "", "2010-06-30": "", "2010-03-31": "", "2009-12-31": ""}, "Pre-Tax Profit Margin": {"2020-09-30": "44.16180", "2020-06-30": "47.67160", "2020-03-31": "-51.52840", "2019-12-31": "46.76120", "2019-09-30": "45.28550", "2019-06-30": "47.55360", "2019-03-31": "41.58390", "2018-12-31": "21.88740", "2018-09-30": "41.00300", "2018-06-30": "42.04770", "2018-03-31": "40.64990", "2017-12-31": "42.44290", "2017-09-30": "38.96260", "2017-06-30": "37.29650", "2017-03-31": "36.52330", "2016-12-31": "37.08900", "2016-09-30": "33.45200", "2016-06-30": "37.02340", "2016-03-31": "37.21230", "2015-12-31": "38.46300", "2015-09-30": "34.61900", "2015-06-30": "36.24050", "2015-03-31": "38.40780", "2014-12-31": "36.19230", "2014-09-30": "40.24950", "2014-06-30": "40.49030", "2014-03-31": "45.57210", "2013-12-31": "42.47570", "2013-09-30": "44.84510", "2013-06-30": "50.40750", "2013-03-31": "48.87770", "2012-12-31": "61.27950", "2012-09-30": "51.34920", "2012-06-30": "49.59820", "2012-03-31": "49.15500", "2011-12-31": "49.46450", "2011-09-30": "50.24860", "2011-06-30": "44.59590", "2011-03-31": "-23.74210", "2010-12-31": "29.59950", "2010-09-30": "47.09050", "2010-06-30": "54.06050", "2010-03-31": "60.60230", "2009-12-31": ""}, "Net Profit Margin": {"2020-09-30": "32.72510", "2020-06-30": "35.98840", "2020-03-31": "-39.45520", "2019-12-31": "38.17640", "2019-09-30": "32.94660", "2019-06-30": "34.09620", "2019-03-31": "29.17580", "2018-12-31": "15.77150", "2018-09-30": "32.31640", "2018-06-30": "31.06550", "2018-03-31": "30.08240", "2017-12-31": "143.42790", "2017-09-30": "25.41680", "2017-06-30": "24.98370", "2017-03-31": "24.31510", "2016-12-31": "24.58840", "2016-09-30": "21.94990", "2016-06-30": "23.79150", "2016-03-31": "23.26770", "2015-12-31": "24.34250", "2015-09-30": "48.58360", "2015-06-30": "23.15270", "2015-03-31": "24.11210", "2014-12-31": "26.49730", "2014-09-30": "28.21360", "2014-06-30": "26.01470", "2014-03-31": "28.22080", "2013-12-31": "29.10540", "2013-09-30": "29.78580", "2013-06-30": "30.09530", "2013-03-31": "27.91540", "2012-12-31": "34.67300", "2012-09-30": "28.41360", "2012-06-30": "26.90390", "2012-03-31": "27.85900", "2011-12-31": "28.20130", "2011-09-30": "27.00300", "2011-06-30": "24.13970", "2011-03-31": "-40.97300", "2010-12-31": "15.60070", "2010-09-30": "29.81990", "2010-06-30": "31.57800", "2010-03-31": "36.40970", "2009-12-31": ""}, "Asset Turnover": {"2020-09-30": "0.00560", "2020-06-30": "0.00590", "2020-03-31": "0.00230", "2019-12-31": "0.00680", "2019-09-30": "0.00670", "2019-06-30": "0.00690", "2019-03-31": "0.00660", "2018-12-31": "0.00980", "2018-09-30": "0.00920", "2018-06-30": "0.00890", "2018-03-31": "0.00900", "2017-12-31": "0.00920", "2017-09-30": "0.00870", "2017-06-30": "0.00880", "2017-03-31": "0.00880", "2016-12-31": "0.00890", "2016-09-30": "0.00820", "2016-06-30": "0.00870", "2016-03-31": "0.00910", "2015-12-31": "0.00930", "2015-09-30": "0.00900", "2015-06-30": "0.00900", "2015-03-31": "0.00930", "2014-12-31": "0.00890", "2014-09-30": "0.01030", "2014-06-30": "0.01050", "2014-03-31": "0.01200", "2013-12-31": "0.01150", "2013-09-30": "0.01220", "2013-06-30": "0.01300", "2013-03-31": "0.01270", "2012-12-31": "0.01320", "2012-09-30": "0.01250", "2012-06-30": "0.01330", "2012-03-31": "0.01360", "2011-12-31": "0.01330", "2011-09-30": "0.01460", "2011-06-30": "0.01600", "2011-03-31": "0.01530", "2010-12-31": "0.01640", "2010-09-30": "", "2010-06-30": "", "2010-03-31": "", "2009-12-31": ""}, "Inventory Turnover Ratio": {"2020-09-30": "", "2020-06-30": "", "2020-03-31": "", "2019-12-31": "", "2019-09-30": "", "2019-06-30": "", "2019-03-31": "", "2018-12-31": "", "2018-09-30": "", "2018-06-30": "", "2018-03-31": "", "2017-12-31": "", "2017-09-30": "", "2017-06-30": "", "2017-03-31": "", "2016-12-31": "", "2016-09-30": "", "2016-06-30": "", "2016-03-31": "", "2015-12-31": "", "2015-09-30": "", "2015-06-30": "", "2015-03-31": "", "2014-12-31": "", "2014-09-30": "", "2014-06-30": "", "2014-03-31": "", "2013-12-31": "", "2013-09-30": "", "2013-06-30": "", "2013-03-31": "", "2012-12-31": "", "2012-09-30": "", "2012-06-30": "", "2012-03-31": "", "2011-12-31": "", "2011-09-30": "", "2011-06-30": "", "2011-03-31": "", "2010-12-31": "", "2010-09-30": "", "2010-06-30": "", "2010-03-31": "", "2009-12-31": ""}, "Receiveable Turnover": {"2020-09-30": "", "2020-06-30": "", "2020-03-31": "", "2019-12-31": "", "2019-09-30": "", "2019-06-30": "", "2019-03-31": "", "2018-12-31": "", "2018-09-30": "", "2018-06-30": "", "2018-03-31": "", "2017-12-31": "", "2017-09-30": "", "2017-06-30": "", "2017-03-31": "", "2016-12-31": "", "2016-09-30": "", "2016-06-30": "", "2016-03-31": "", "2015-12-31": "", "2015-09-30": "", "2015-06-30": "", "2015-03-31": "", "2014-12-31": "", "2014-09-30": "", "2014-06-30": "", "2014-03-31": "", "2013-12-31": "", "2013-09-30": "", "2013-06-30": "", "2013-03-31": "", "2012-12-31": "", "2012-09-30": "", "2012-06-30": "", "2012-03-31": "", "2011-12-31": "", "2011-09-30": "", "2011-06-30": "", "2011-03-31": "", "2010-12-31": "", "2010-09-30": "", "2010-06-30": "", "2010-03-31": "", "2009-12-31": ""}, "Days Sales In Receivables": {"2020-09-30": "", "2020-06-30": "", "2020-03-31": "", "2019-12-31": "", "2019-09-30": "", "2019-06-30": "", "2019-03-31": "", "2018-12-31": "", "2018-09-30": "", "2018-06-30": "", "2018-03-31": "", "2017-12-31": "", "2017-09-30": "", "2017-06-30": "", "2017-03-31": "", "2016-12-31": "", "2016-09-30": "", "2016-06-30": "", "2016-03-31": "", "2015-12-31": "", "2015-09-30": "", "2015-06-30": "", "2015-03-31": "", "2014-12-31": "", "2014-09-30": "", "2014-06-30": "", "2014-03-31": "", "2013-12-31": "", "2013-09-30": "", "2013-06-30": "", "2013-03-31": "", "2012-12-31": "", "2012-09-30": "", "2012-06-30": "", "2012-03-31": "", "2011-12-31": "", "2011-09-30": "", "2011-06-30": "", "2011-03-31": "", "2010-12-31": "", "2010-09-30": "", "2010-06-30": "", "2010-03-31": "", "2009-12-31": ""}, "ROE - Return On Equity": {"2020-09-30": "2.32330", "2020-06-30": "2.77700", "2020-03-31": "-1.23010", "2019-12-31": "3.00110", "2019-09-30": "2.61990", "2019-06-30": "2.84010", "2019-03-31": "2.25670", "2018-12-31": "1.79230", "2018-09-30": "3.16530", "2018-06-30": "2.90050", "2018-03-31": "2.81060", "2017-12-31": "13.80650", "2017-09-30": "2.58350", "2017-06-30": "2.57310", "2017-03-31": "2.45920", "2016-12-31": "2.61720", "2016-09-30": "2.14270", "2016-06-30": "2.43340", "2016-03-31": "2.42350", "2015-12-31": "2.50740", "2015-09-30": "4.62790", "2015-06-30": "2.17290", "2015-03-31": "2.19590", "2014-12-31": "2.28180", "2014-09-30": "2.62560", "2014-06-30": "2.40960", "2014-03-31": "2.79190", "2013-12-31": "2.71650", "2013-09-30": "2.87990", "2013-06-30": "2.91510", "2013-03-31": "2.61560", "2012-12-31": "3.45960", "2012-09-30": "2.82750", "2012-06-30": "2.89140", "2012-03-31": "3.05630", "2011-12-31": "2.68880", "2011-09-30": "3.03500", "2011-06-30": "2.97930", "2011-03-31": "-4.70860", "2010-12-31": "2.21880", "2010-09-30": "", "2010-06-30": "", "2010-03-31": "", "2009-12-31": ""}, "Return On Tangible Equity": {"2020-09-30": "2.38800", "2020-06-30": "2.85750", "2020-03-31": "-1.26930", "2019-12-31": "3.08140", "2019-09-30": "2.69170", "2019-06-30": "2.91920", "2019-03-31": "2.31830", "2018-12-31": "1.84120", "2018-09-30": "3.24730", "2018-06-30": "2.97520", "2018-03-31": "2.88450", "2017-12-31": "14.17080", "2017-09-30": "2.66260", "2017-06-30": "2.65320", "2017-03-31": "2.53740", "2016-12-31": "2.70440", "2016-09-30": "2.21560", "2016-06-30": "2.51780", "2016-03-31": "2.51030", "2015-12-31": "2.59810", "2015-09-30": "4.79810", "2015-06-30": "2.25540", "2015-03-31": "2.26910", "2014-12-31": "2.36040", "2014-09-30": "2.71690", "2014-06-30": "2.49470", "2014-03-31": "2.89250", "2013-12-31": "2.81740", "2013-09-30": "2.98960", "2013-06-30": "3.02850", "2013-03-31": "2.71820", "2012-12-31": "3.59850", "2012-09-30": "2.94500", "2012-06-30": "3.01640", "2012-03-31": "3.19270", "2011-12-31": "2.81460", "2011-09-30": "3.18070", "2011-06-30": "3.12500", "2011-03-31": "-4.94580", "2010-12-31": "2.34810", "2010-09-30": "", "2010-06-30": "", "2010-03-31": "", "2009-12-31": ""}, "ROA - Return On Assets": {"2020-09-30": "0.19000", "2020-06-30": "0.22020", "2020-03-31": "-0.09210", "2019-12-31": "0.27210", "2019-09-30": "0.23130", "2019-06-30": "0.24610", "2019-03-31": "0.20170", "2018-12-31": "0.16290", "2018-09-30": "0.30880", "2018-06-30": "0.28680", "2018-03-31": "0.28010", "2017-12-31": "1.37670", "2017-09-30": "0.22930", "2017-06-30": "0.22900", "2017-03-31": "0.22260", "2016-12-31": "0.22700", "2016-09-30": "0.18650", "2016-06-30": "0.21560", "2016-03-31": "0.22110", "2015-12-31": "0.23560", "2015-09-30": "0.45390", "2015-06-30": "0.21790", "2015-03-31": "0.23250", "2014-12-31": "0.24380", "2014-09-30": "0.30300", "2014-06-30": "0.28540", "2014-03-31": "0.35090", "2013-12-31": "0.34820", "2013-09-30": "0.37960", "2013-06-30": "0.40810", "2013-03-31": "0.37840", "2012-12-31": "0.50500", "2012-09-30": "0.38870", "2012-06-30": "0.39360", "2012-03-31": "0.41210", "2011-12-31": "0.36460", "2011-09-30": "0.41360", "2011-06-30": "0.40560", "2011-03-31": "-0.62600", "2010-12-31": "0.25590", "2010-09-30": "", "2010-06-30": "", "2010-03-31": "", "2009-12-31": ""}, "ROI - Return On Investment": {"2020-09-30": "2.32330", "2020-06-30": "2.77700", "2020-03-31": "-1.23010", "2019-12-31": "3.00110", "2019-09-30": "2.61990", "2019-06-30": "2.84010", "2019-03-31": "2.25670", "2018-12-31": "1.79230", "2018-09-30": "3.16530", "2018-06-30": "2.90050", "2018-03-31": "2.81060", "2017-12-31": "13.80650", "2017-09-30": "2.58350", "2017-06-30": "2.57310", "2017-03-31": "2.45920", "2016-12-31": "2.61720", "2016-09-30": "2.14270", "2016-06-30": "2.43340", "2016-03-31": "2.42350", "2015-12-31": "2.50740", "2015-09-30": "4.62790", "2015-06-30": "2.17290", "2015-03-31": "2.19590", "2014-12-31": "2.28180", "2014-09-30": "2.62560", "2014-06-30": "2.40960", "2014-03-31": "2.79190", "2013-12-31": "2.71650", "2013-09-30": "2.87990", "2013-06-30": "2.91510", "2013-03-31": "2.61560", "2012-12-31": "3.45950", "2012-09-30": "2.82740", "2012-06-30": "2.89140", "2012-03-31": "3.05620", "2011-12-31": "2.68880", "2011-09-30": "3.03500", "2011-06-30": "2.97930", "2011-03-31": "-4.70860", "2010-12-31": "2.21880", "2010-09-30": "", "2010-06-30": "", "2010-03-31": "", "2009-12-31": ""}, "Book Value Per Share": {"2020-09-30": "31.00830", "2020-06-30": "29.81010", "2020-03-31": "27.22910", "2019-12-31": "31.33440", "2019-09-30": "30.60140", "2019-06-30": "30.08840", "2019-03-31": "29.70800", "2018-12-31": "29.49170", "2018-09-30": "29.62520", "2018-06-30": "29.17360", "2018-03-31": "28.56670", "2017-12-31": "28.32120", "2017-09-30": "24.55940", "2017-06-30": "24.16480", "2017-03-31": "23.70870", "2016-12-31": "23.21680", "2016-09-30": "22.78730", "2016-06-30": "22.37890", "2016-03-31": "21.74050", "2015-12-31": "21.65380", "2015-09-30": "21.35200", "2015-06-30": "20.74240", "2015-03-31": "20.45770", "2014-12-31": "20.19080", "2014-09-30": "20.06740", "2014-06-30": "19.81850", "2014-03-31": "19.47300", "2013-12-31": "19.09360", "2013-09-30": "18.69730", "2013-06-30": "18.42580", "2013-03-31": "18.35460", "2012-12-31": "19.01630", "2012-09-30": "18.55270", "2012-06-30": "17.99790", "2012-03-31": "17.50260", "2011-12-31": "15.71410", "2011-09-30": "15.42830", "2011-06-30": "15.18430", "2011-03-31": "14.77770", "2010-12-31": "13.48260", "2010-09-30": "", "2010-06-30": "", "2010-03-31": "", "2009-12-31": ""}, "Operating Cash Flow Per Share": {"2020-09-30": 3.4294, "2020-06-30": 2.8337, "2020-03-31": "0.68420", "2019-12-31": 2.2724, "2019-09-30": 1.9122, "2019-06-30": 1.5575, "2019-03-31": "0.90360", "2018-12-31": 4.05, "2018-09-30": 1.6899, "2018-06-30": 0.8761, "2018-03-31": "1.30360", "2017-12-31": 0.8307, "2017-09-30": 0.9645, "2017-06-30": 0.8788, "2017-03-31": "0.33600", "2016-12-31": 0.7816, "2016-09-30": 0.8067, "2016-06-30": 0.8273, "2016-03-31": "0.56070", "2015-12-31": 0.5813, "2015-09-30": 0.8108, "2015-06-30": 0.4631, "2015-03-31": "0.27620", "2014-12-31": 0.0181, "2014-09-30": -0.0005, "2014-06-30": -0.3266, "2014-03-31": "-0.18550", "2013-12-31": -0.244, "2013-09-30": 0.0326, "2013-06-30": 0.0147, "2013-03-31": "-0.47600", "2012-12-31": -0.8564, "2012-09-30": -1.1605, "2012-06-30": -0.7019, "2012-03-31": "-1.02850", "2011-12-31": -0.6942, "2011-09-30": -0.6197, "2011-06-30": -0.7479, "2011-03-31": "-0.53840", "2010-12-31": -0.5818, "2010-09-30": -0.9213, "2010-06-30": -1.352, "2010-03-31": "-1.96080", "2009-12-31": 0}, "Free Cash Flow Per Share": {"2020-09-30": 3.4247, "2020-06-30": 2.624, "2020-03-31": "0.68420", "2019-12-31": 2.2135, "2019-09-30": 1.7969, "2019-06-30": 1.495, "2019-03-31": "0.67490", "2018-12-31": 3.8806, "2018-09-30": 0.9213, "2018-06-30": 0.8229, "2018-03-31": "1.29760", "2017-12-31": 0.6342, "2017-09-30": 0.7375, "2017-06-30": 0.668, "2017-03-31": "0.07660", "2016-12-31": 0.4388, "2016-09-30": 0.3834, "2016-06-30": 0.7686, "2016-03-31": "0.53680", "2015-12-31": 0.2301, "2015-09-30": 0.4811, "2015-06-30": -0.1568, "2015-03-31": "-0.24220", "2014-12-31": -0.9992, "2014-09-30": -0.3451, "2014-06-30": -0.1507, "2014-03-31": "-0.26030", "2013-12-31": 1.3525, "2013-09-30": -0.8024, "2013-06-30": 0.2123, "2013-03-31": "-0.54210", "2012-12-31": -0.8406, "2012-09-30": 0.2819, "2012-06-30": -1.3593, "2012-03-31": "-0.52750", "2011-12-31": -0.1686, "2011-09-30": 0.0301, "2011-06-30": 0.246, "2011-03-31": "0.48420", "2010-12-31": 0.3138, "2010-09-30": -0.3016, "2010-06-30": -0.5061, "2010-03-31": "-1.53080", "2009-12-31": 0}}, "revenue": {"BankUnited Annual Revenue (Millions of US $)": {"2020": "$1,201", "2019": "$1,429", "2018": "$1,581", "2017": "$1,362", "2016": "$1,166", "2015": "$983", "2014": "$868", "2013": "$807", "2012": "$795", "2011": "$801", "2010": "$855", "2009": "$589"}, "BankUnited Quarterly Revenue (Millions of US $)": {"2020-12-31": "$286", "2020-09-30": "$291", "2020-06-30": "$306", "2020-03-31": "$317", "2019-12-31": "$347", "2019-09-30": "$361", "2019-06-30": "$363", "2019-03-31": "$358", "2018-12-31": "$448", "2018-09-30": "$396", "2018-06-30": "$381", "2018-03-31": "$356", "2017-12-31": "$359", "2017-09-30": "$363", "2017-06-30": "$329", "2017-03-31": "$312", "2016-12-31": "$307", "2016-09-30": "$295", "2016-06-30": "$289", "2016-03-31": "$274", "2015-12-31": "$272", "2015-09-30": "$255", "2015-06-30": "$234", "2015-03-31": "$223", "2014-12-31": "$219", "2014-09-30": "$216", "2014-06-30": "$212", "2014-03-31": "$221", "2013-12-31": "$210", "2013-09-30": "$201", "2013-06-30": "$199", "2013-03-31": "$196", "2012-12-31": "$193", "2012-09-30": "$196", "2012-06-30": "$200", "2012-03-31": "$207", "2011-12-31": "$188", "2011-09-30": "$196", "2011-06-30": "$205", "2011-03-31": "$212", "2010-12-31": "$199", "2010-09-30": "$213", "2010-06-30": "$223", "2010-03-31": "$216", "2009-12-31": ""}}, "gross-profit": {"BankUnited Annual Gross Profit (Millions of US $)": {"2020": "$885", "2019": "$900", "2018": "$1,182", "2017": "$1,108", "2016": "$977", "2015": "$848", "2014": "$761", "2013": "$714", "2012": "$672", "2011": "$662", "2010": "$687", "2009": "$505"}, "BankUnited Quarterly Gross Profit (Millions of US $)": {"2020-12-31": "$229", "2020-09-30": "$224", "2020-06-30": "$229", "2020-03-31": "$204", "2019-12-31": "$223", "2019-09-30": "$224", "2019-06-30": "$226", "2019-03-31": "$227", "2018-12-31": "$328", "2018-09-30": "$291", "2018-06-30": "$287", "2018-03-31": "$276", "2017-12-31": "$285", "2017-09-30": "$295", "2017-06-30": "$269", "2017-03-31": "$259", "2016-12-31": "$257", "2016-09-30": "$247", "2016-06-30": "$243", "2016-03-31": "$230", "2015-12-31": "$232", "2015-09-30": "$220", "2015-06-30": "$202", "2015-03-31": "$193", "2014-12-31": "$191", "2014-09-30": "$188", "2014-06-30": "$186", "2014-03-31": "$197", "2013-12-31": "$185", "2013-09-30": "$178", "2013-06-30": "$177", "2013-03-31": "$174", "2012-12-31": "$165", "2012-09-30": "$165", "2012-06-30": "$167", "2012-03-31": "$174", "2011-12-31": "$154", "2011-09-30": "$162", "2011-06-30": "$170", "2011-03-31": "$177", "2010-12-31": "$158", "2010-09-30": "$170", "2010-06-30": "$180", "2010-03-31": "$175", "2009-12-31": ""}}, "operating-income": {"BankUnited Annual Operating Income (Millions of US $)": {"2020": "$249", "2019": "$404", "2018": "$416", "2017": "$404", "2016": "$335", "2015": "$297", "2014": "$293", "2013": "$318", "2012": "$345", "2011": "$217", "2010": "$329", "2009": "$260"}, "BankUnited Quarterly Operating Income (Millions of US $)": {"2020-12-31": "$107", "2020-09-30": "$86", "2020-06-30": "$97", "2020-03-31": "$-40", "2019-12-31": "$105", "2019-09-30": "$100", "2019-06-30": "$109", "2019-03-31": "$90", "2018-12-31": "$69", "2018-09-30": "$119", "2018-06-30": "$117", "2018-03-31": "$111", "2017-12-31": "$119", "2017-09-30": "$100", "2017-06-30": "$95", "2017-03-31": "$90", "2016-12-31": "$92", "2016-09-30": "$74", "2016-06-30": "$85", "2016-03-31": "$84", "2015-12-31": "$86", "2015-09-30": "$70", "2015-06-30": "$70", "2015-03-31": "$71", "2014-12-31": "$60", "2014-09-30": "$73", "2014-06-30": "$73", "2014-03-31": "$86", "2013-12-31": "$71", "2013-09-30": "$79", "2013-06-30": "$87", "2013-03-31": "$79", "2012-12-31": "$77", "2012-09-30": "$83", "2012-06-30": "$85", "2012-03-31": "$85", "2011-12-31": "$77", "2011-09-30": "$85", "2011-06-30": "$85", "2011-03-31": "$-30", "2010-12-31": "$9", "2010-09-30": "$77", "2010-06-30": "$93", "2010-03-31": "$102", "2009-12-31": ""}}, "ebitda": {"BankUnited Annual EBITDA (Millions of US $)": {"2019": "$", "2018": "$", "2017": "$", "2016": "$", "2015": "$", "2014": "$", "2013": "$", "2012": "$", "2011": "$", "2010": "$", "2009": "$"}, "BankUnited Quarterly EBITDA (Millions of US $)": {"2020-09-30": "", "2020-06-30": "", "2020-03-31": "", "2019-12-31": "", "2019-09-30": "", "2019-06-30": "", "2019-03-31": "", "2018-12-31": "", "2018-09-30": "", "2018-06-30": "", "2018-03-31": "", "2017-12-31": "", "2017-09-30": "", "2017-06-30": "", "2017-03-31": "", "2016-12-31": "", "2016-09-30": "", "2016-06-30": "", "2016-03-31": "", "2015-12-31": "", "2015-09-30": "", "2015-06-30": "", "2015-03-31": "", "2014-12-31": "", "2014-09-30": "", "2014-06-30": "", "2014-03-31": "", "2013-12-31": "", "2013-09-30": "", "2013-06-30": "", "2013-03-31": "", "2012-12-31": "", "2012-09-30": "", "2012-06-30": "", "2012-03-31": "", "2011-12-31": "", "2011-09-30": "", "2011-06-30": "", "2011-03-31": "", "2010-12-31": "", "2010-09-30": "", "2010-06-30": "", "2010-03-31": "", "2009-12-31": ""}}, "net-income": {"BankUnited Annual Net Income (Millions of US $)": {"2020": "$198", "2019": "$300", "2018": "$312", "2017": "$591", "2016": "$217", "2015": "$242", "2014": "$196", "2013": "$200", "2012": "$192", "2011": "$60", "2010": "$185", "2009": "$119"}, "BankUnited Quarterly Net Income (Millions of US $)": {"2020-12-31": "$86", "2020-09-30": "$64", "2020-06-30": "$73", "2020-03-31": "$-31", "2019-12-31": "$85", "2019-09-30": "$73", "2019-06-30": "$78", "2019-03-31": "$63", "2018-12-31": "$50", "2018-09-30": "$94", "2018-06-30": "$86", "2018-03-31": "$82", "2017-12-31": "$402", "2017-09-30": "$65", "2017-06-30": "$64", "2017-03-31": "$60", "2016-12-31": "$61", "2016-09-30": "$49", "2016-06-30": "$54", "2016-03-31": "$53", "2015-12-31": "$54", "2015-09-30": "$98", "2015-06-30": "$45", "2015-03-31": "$45", "2014-12-31": "$45", "2014-09-30": "$51", "2014-06-30": "$47", "2014-03-31": "$53", "2013-12-31": "$50", "2013-09-30": "$52", "2013-06-30": "$52", "2013-03-31": "$45", "2012-12-31": "$57", "2012-09-30": "$45", "2012-06-30": "$44", "2012-03-31": "$46", "2011-12-31": "$42", "2011-09-30": "$43", "2011-06-30": "$42", "2011-03-31": "$-68", "2010-12-31": "$28", "2010-09-30": "$45", "2010-06-30": "$51", "2010-03-31": "$61", "2009-12-31": ""}}, "eps-earnings-per-share-diluted": {"BankUnited Annual EPS": {"2020": "$2.06", "2019": "$3.13", "2018": "$2.99", "2017": "$5.58", "2016": "$2.09", "2015": "$2.35", "2014": "$1.95", "2013": "$2.01", "2012": "$2.05", "2011": "$0.62", "2010": "$1.99", "2009": "$1.29"}, "BankUnited Quarterly EPS": {"2020-12-31": "$0.89", "2020-09-30": "$0.70", "2020-06-30": "$0.80", "2020-03-31": "$-0.33", "2019-12-31": "$0.90", "2019-09-30": "$0.77", "2019-06-30": "$0.81", "2019-03-31": "$0.65", "2018-12-31": "$0.50", "2018-09-30": "$0.90", "2018-06-30": "$0.82", "2018-03-31": "$0.77", "2017-12-31": "$3.79", "2017-09-30": "$0.62", "2017-06-30": "$0.60", "2017-03-31": "$0.57", "2016-12-31": "$0.59", "2016-09-30": "$0.47", "2016-06-30": "$0.52", "2016-03-31": "$0.51", "2015-12-31": "$0.53", "2015-09-30": "$0.95", "2015-06-30": "$0.43", "2015-03-31": "$0.44", "2014-12-31": "$0.45", "2014-09-30": "$0.51", "2014-06-30": "$0.46", "2014-03-31": "$0.53", "2013-12-31": "$0.50", "2013-09-30": "$0.52", "2013-06-30": "$0.52", "2013-03-31": "$0.47", "2012-12-31": "$0.60", "2012-09-30": "$0.48", "2012-06-30": "$0.48", "2012-03-31": "$0.49", "2011-12-31": "$0.45", "2011-09-30": "$0.45", "2011-06-30": "$0.44", "2011-03-31": "$-0.72", "2010-12-31": "$0.30", "2010-09-30": "$0.48", "2010-06-30": "$0.55", "2010-03-31": "$0.65", "2009-12-31": "$0.00"}}, "shares-outstanding": {"BankUnited Annual Shares Outstanding (Millions of Shares)": {"2020": "92", "2019": "96", "2018": "104", "2017": "106", "2016": "104", "2015": "103", "2014": "101", "2013": "100", "2012": "94", "2011": "96", "2010": "93", "2009": "93"}, "BankUnited Quarterly Shares Outstanding (Millions of Shares)": {"2020-12-31": "92", "2020-09-30": "91", "2020-06-30": "91", "2020-03-31": "93", "2019-12-31": "96", "2019-09-30": "94", "2019-06-30": "97", "2019-03-31": "98", "2018-12-31": "104", "2018-09-30": "104", "2018-06-30": "105", "2018-03-31": "106", "2017-12-31": "106", "2017-09-30": "106", "2017-06-30": "106", "2017-03-31": "105", "2016-12-31": "104", "2016-09-30": "104", "2016-06-30": "104", "2016-03-31": "104", "2015-12-31": "103", "2015-09-30": "103", "2015-06-30": "103", "2015-03-31": "102", "2014-12-31": "101", "2014-09-30": "101", "2014-06-30": "101", "2014-03-31": "100", "2013-12-31": "100", "2013-09-30": "100", "2013-06-30": "100", "2013-03-31": "99", "2012-12-31": "94", "2012-09-30": "99", "2012-06-30": "98", "2012-03-31": "95", "2011-12-31": "96", "2011-09-30": "96", "2011-06-30": "96", "2011-03-31": "94", "2010-12-31": "93", "2010-09-30": "93", "2010-06-30": "93", "2010-03-31": "93", "2009-12-31": ""}}, "total-assets": {"BankUnited Annual Total Assets (Millions of US $)": {"2019": "$32,871", "2018": "$32,164", "2017": "$30,347", "2016": "$27,880", "2015": "$23,883", "2014": "$19,211", "2013": "$15,047", "2012": "$12,376", "2011": "$11,322", "2010": "$10,870", "2009": "$11,130"}, "BankUnited Quarterly Total Assets (Millions of US $)": {"2020-09-30": "$35,029", "2020-06-30": "$34,746", "2020-03-31": "$33,596", "2019-12-31": "$32,871", "2019-09-30": "$32,951", "2019-06-30": "$33,092", "2019-03-31": "$32,703", "2018-12-31": "$32,164", "2018-09-30": "$31,514", "2018-06-30": "$31,350", "2018-03-31": "$30,433", "2017-12-31": "$30,347", "2017-09-30": "$29,555", "2017-06-30": "$28,994", "2017-03-31": "$27,989", "2016-12-31": "$27,880", "2016-09-30": "$27,265", "2016-06-30": "$26,309", "2016-03-31": "$24,819", "2015-12-31": "$23,883", "2015-09-30": "$22,538", "2015-06-30": "$21,402", "2015-03-31": "$19,983", "2014-12-31": "$19,211", "2014-09-30": "$17,681", "2014-06-30": "$17,008", "2014-03-31": "$15,752", "2013-12-31": "$15,047", "2013-09-30": "$14,308", "2013-06-30": "$13,233", "2013-03-31": "$12,746", "2012-12-31": "$12,376", "2012-09-30": "$12,748", "2012-06-30": "$12,430", "2012-03-31": "$12,199", "2011-12-31": "$11,322", "2011-09-30": "$11,014", "2011-06-30": "$10,847", "2011-03-31": "$10,808", "2010-12-31": "$10,870", "2010-09-30": "$0", "2010-06-30": "$0", "2010-03-31": "$0", "2009-12-31": "$11,130"}}, "cash-on-hand": {"BankUnited Annual Cash on Hand (Millions of US $)": {"2019": "$215", "2018": "$382", "2017": "$195", "2016": "$448", "2015": "$268", "2014": "$188", "2013": "$253", "2012": "$495", "2011": "$304", "2010": "$565", "2009": "$356"}, "BankUnited Quarterly Cash on Hand (Millions of US $)": {"2020-09-30": "$370", "2020-06-30": "$402", "2020-03-31": "$767", "2019-12-31": "$215", "2019-09-30": "$230", "2019-06-30": "$443", "2019-03-31": "$241", "2018-12-31": "$382", "2018-09-30": "$280", "2018-06-30": "$379", "2018-03-31": "$200", "2017-12-31": "$195", "2017-09-30": "$293", "2017-06-30": "$228", "2017-03-31": "$239", "2016-12-31": "$448", "2016-09-30": "$262", "2016-06-30": "$360", "2016-03-31": "$246", "2015-12-31": "$268", "2015-09-30": "$276", "2015-06-30": "$165", "2015-03-31": "$304", "2014-12-31": "$188", "2014-09-30": "$348", "2014-06-30": "$379", "2014-03-31": "$263", "2013-12-31": "$253", "2013-09-30": "$526", "2013-06-30": "$214", "2013-03-31": "$461", "2012-12-31": "$495", "2012-09-30": "$347", "2012-06-30": "$164", "2012-03-31": "$312", "2011-12-31": "$304", "2011-09-30": "$385", "2011-06-30": "$344", "2011-03-31": "$454", "2010-12-31": "$565", "2010-09-30": "", "2010-06-30": "", "2010-03-31": "", "2009-12-31": "$356"}}, "long-term-debt": {"BankUnited Annual Long Term Debt (Millions of US $)": {"2019": "$4,481", "2018": "$4,796", "2017": "$4,771", "2016": "$5,239", "2015": "$4,008", "2014": "$3,308", "2013": "$2,414", "2012": "$1,925", "2011": "$2,236", "2010": "$2,255", "2009": "$2,193"}, "BankUnited Quarterly Long Term Debt (Millions of US $)": {"2020-09-30": "$4,118", "2020-06-30": "$4,651", "2020-03-31": "$5,144", "2019-12-31": "$4,481", "2019-09-30": "$4,931", "2019-06-30": "$5,331", "2019-03-31": "$5,026", "2018-12-31": "$4,796", "2018-09-30": "$4,946", "2018-06-30": "$5,071", "2018-03-31": "$4,396", "2017-12-31": "$4,771", "2017-09-30": "$4,871", "2017-06-30": "$4,950", "2017-03-31": "$4,775", "2016-12-31": "$5,239", "2016-09-30": "$5,219", "2016-06-30": "$4,944", "2016-03-31": "$4,259", "2015-12-31": "$4,008", "2015-09-30": "$4,094", "2015-06-30": "$3,744", "2015-03-31": "$3,294", "2014-12-31": "$3,308", "2014-09-30": "$2,594", "2014-06-30": "$2,699", "2014-03-31": "$2,474", "2013-12-31": "$2,414", "2013-09-30": "$2,364", "2013-06-30": "$2,197", "2013-03-31": "$2,016", "2012-12-31": "$1,925", "2012-09-30": "$2,219", "2012-06-30": "$2,227", "2012-03-31": "$2,231", "2011-12-31": "$2,236", "2011-09-30": "$2,241", "2011-06-30": "$2,246", "2011-03-31": "$2,250", "2010-12-31": "$2,255", "2010-09-30": "", "2010-06-30": "", "2010-03-31": "", "2009-12-31": "$2,193"}}, "total-liabilities": {"BankUnited Annual Total Liabilities (Millions of US $)": {"2019": "$29,891", "2018": "$29,240", "2017": "$27,321", "2016": "$25,462", "2015": "$21,640", "2014": "$17,158", "2013": "$13,118", "2012": "$10,569", "2011": "$9,787", "2010": "$9,616", "2009": "$10,036"}, "BankUnited Quarterly Total Liabilities (Millions of US $)": {"2020-09-30": "$32,164", "2020-06-30": "$31,991", "2020-03-31": "$31,080", "2019-12-31": "$29,891", "2019-09-30": "$30,041", "2019-06-30": "$30,224", "2019-03-31": "$29,780", "2018-12-31": "$29,240", "2018-09-30": "$28,439", "2018-06-30": "$28,250", "2018-03-31": "$27,400", "2017-12-31": "$27,321", "2017-09-30": "$26,931", "2017-06-30": "$26,413", "2017-03-31": "$25,456", "2016-12-31": "$25,462", "2016-09-30": "$24,892", "2016-06-30": "$23,978", "2016-03-31": "$22,555", "2015-12-31": "$21,640", "2015-09-30": "$20,327", "2015-06-30": "$19,255", "2015-03-31": "$17,868", "2014-12-31": "$17,158", "2014-09-30": "$15,641", "2014-06-30": "$14,994", "2014-03-31": "$13,772", "2013-12-31": "$13,118", "2013-09-30": "$12,422", "2013-06-30": "$11,381", "2013-03-31": "$10,902", "2012-12-31": "$10,569", "2012-09-30": "$10,996", "2012-06-30": "$10,738", "2012-03-31": "$10,554", "2011-12-31": "$9,787", "2011-09-30": "$9,513", "2011-06-30": "$9,370", "2011-03-31": "$9,371", "2010-12-31": "$9,616", "2010-09-30": "$0", "2010-06-30": "$0", "2010-03-31": "$0", "2009-12-31": "$10,036"}}, "total-share-holder-equity": {"BankUnited Annual Share Holder Equity (Millions of US $)": {"2019": "$2,981", "2018": "$2,924", "2017": "$3,026", "2016": "$2,418", "2015": "$2,244", "2014": "$2,053", "2013": "$1,929", "2012": "$1,807", "2011": "$1,535", "2010": "$1,254", "2009": "$1,094"}, "BankUnited Quarterly Share Holder Equity (Millions of US $)": {"2020-09-30": "$2,865", "2020-06-30": "$2,755", "2020-03-31": "$2,516", "2019-12-31": "$2,981", "2019-09-30": "$2,909", "2019-06-30": "$2,868", "2019-03-31": "$2,923", "2018-12-31": "$2,924", "2018-09-30": "$3,075", "2018-06-30": "$3,099", "2018-03-31": "$3,033", "2017-12-31": "$3,026", "2017-09-30": "$2,623", "2017-06-30": "$2,581", "2017-03-31": "$2,533", "2016-12-31": "$2,418", "2016-09-30": "$2,373", "2016-06-30": "$2,331", "2016-03-31": "$2,264", "2015-12-31": "$2,244", "2015-09-30": "$2,211", "2015-06-30": "$2,146", "2015-03-31": "$2,116", "2014-12-31": "$2,053", "2014-09-30": "$2,040", "2014-06-30": "$2,015", "2014-03-31": "$1,980", "2013-12-31": "$1,929", "2013-09-30": "$1,886", "2013-06-30": "$1,853", "2013-03-31": "$1,844", "2012-12-31": "$1,807", "2012-09-30": "$1,753", "2012-06-30": "$1,692", "2012-03-31": "$1,645", "2011-12-31": "$1,535", "2011-09-30": "$1,501", "2011-06-30": "$1,477", "2011-03-31": "$1,437", "2010-12-31": "$1,254", "2010-09-30": "$0", "2010-06-30": "$0", "2010-03-31": "$0", "2009-12-31": "$1,094"}}, "profit-margins": {"current": "16.48%"}, "gross margin": {"2020-12-31": "73.83%", "2020-09-30": "69.79%", "2020-06-30": "66.12%", "2020-03-31": "63.18%", "2019-12-31": "62.98%", "2019-09-30": "65.69%", "2019-06-30": "68.50%", "2019-03-31": "71.57%", "2018-12-31": "74.76%", "2018-09-30": "76.34%", "2018-06-30": "78.34%", "2018-03-31": "79.96%", "2017-12-31": "81.29%", "2017-09-30": "82.38%", "2017-06-30": "83.02%", "2017-03-31": "83.62%", "2016-12-31": "83.86%", "2016-09-30": "84.25%", "2016-06-30": "84.86%", "2016-03-31": "85.41%", "2015-12-31": "86.08%", "2015-09-30": "86.57%", "2015-06-30": "86.77%", "2015-03-31": "87.13%", "2014-12-31": "87.79%", "2014-09-30": "88.01%", "2014-06-30": "88.39%", "2014-03-31": "88.69%", "2013-12-31": "88.59%", "2013-09-30": "87.96%", "2013-06-30": "86.86%", "2013-03-31": "85.48%", "2012-12-31": "84.30%", "2012-09-30": "83.44%", "2012-06-30": "83.06%", "2012-03-31": "82.91%", "2011-12-31": "82.77%", "2011-09-30": "82.14%", "2011-06-30": "81.42%", "2011-03-31": "80.87%", "2010-12-31": "80.26%"}, "operating margin": {"2020-12-31": "20.83%", "2020-09-30": "19.67%", "2020-06-30": "19.68%", "2020-03-31": "19.74%", "2019-12-31": "28.27%", "2019-09-30": "24.05%", "2019-06-30": "24.73%", "2019-03-31": "24.95%", "2018-12-31": "26.31%", "2018-09-30": "31.23%", "2018-06-30": "30.64%", "2018-03-31": "30.21%", "2017-12-31": "29.64%", "2017-09-30": "28.76%", "2017-06-30": "28.24%", "2017-03-31": "28.35%", "2016-12-31": "28.76%", "2016-09-30": "29.12%", "2016-06-30": "29.82%", "2016-03-31": "29.95%", "2015-12-31": "30.18%", "2015-09-30": "29.11%", "2015-06-30": "30.72%", "2015-03-31": "31.84%", "2014-12-31": "33.64%", "2014-09-30": "35.27%", "2014-06-30": "36.61%", "2014-03-31": "38.87%", "2013-12-31": "39.21%", "2013-09-30": "40.81%", "2013-06-30": "41.58%", "2013-03-31": "41.27%", "2012-12-31": "41.46%", "2012-09-30": "41.72%", "2012-06-30": "41.97%", "2012-03-31": "41.71%", "2011-12-31": "27.09%", "2011-09-30": "18.35%", "2011-06-30": "17.01%", "2011-03-31": "17.59%", "2010-12-31": "33.02%"}, "ebitda margin": {"2020-09-30": "0.00%", "2020-06-30": "0.00%", "2020-03-31": "0.00%", "2019-12-31": "0.00%", "2019-09-30": "0.00%", "2019-06-30": "0.00%", "2019-03-31": "0.00%", "2018-12-31": "0.00%", "2018-09-30": "0.00%", "2018-06-30": "0.00%", "2018-03-31": "0.00%", "2017-12-31": "0.00%", "2017-09-30": "0.00%", "2017-06-30": "0.00%", "2017-03-31": "0.00%", "2016-12-31": "0.00%", "2016-09-30": "0.00%", "2016-06-30": "0.00%", "2016-03-31": "0.00%", "2015-12-31": "0.00%", "2015-09-30": "0.00%", "2015-06-30": "0.00%", "2015-03-31": "0.00%", "2014-12-31": "0.00%", "2014-09-30": "0.00%", "2014-06-30": "0.00%", "2014-03-31": "0.00%", "2013-12-31": "0.00%", "2013-09-30": "0.00%", "2013-06-30": "0.00%", "2013-03-31": "0.00%", "2012-12-31": "0.00%", "2012-09-30": "0.00%", "2012-06-30": "0.00%", "2012-03-31": "0.00%", "2011-12-31": "0.00%", "2011-09-30": "0.00%", "2011-06-30": "0.00%", "2011-03-31": "0.00%", "2010-12-31": "0.00%"}, "pre tax profit margin": {"2020-12-31": "20.83%", "2020-09-30": "19.67%", "2020-06-30": "19.68%", "2020-03-31": "19.74%", "2019-12-31": "28.27%", "2019-09-30": "24.05%", "2019-06-30": "24.73%", "2019-03-31": "24.95%", "2018-12-31": "26.31%", "2018-09-30": "31.23%", "2018-06-30": "30.64%", "2018-03-31": "30.21%", "2017-12-31": "29.64%", "2017-09-30": "28.76%", "2017-06-30": "28.24%", "2017-03-31": "28.35%", "2016-12-31": "28.76%", "2016-09-30": "29.12%", "2016-06-30": "29.82%", "2016-03-31": "29.95%", "2015-12-31": "30.18%", "2015-09-30": "29.32%", "2015-06-30": "30.94%", "2015-03-31": "32.07%", "2014-12-31": "33.87%", "2014-09-30": "35.51%", "2014-06-30": "36.85%", "2014-03-31": "39.11%", "2013-12-31": "39.45%", "2013-09-30": "43.73%", "2013-06-30": "44.39%", "2013-03-31": "43.69%", "2012-12-31": "43.34%", "2012-09-30": "40.33%", "2012-06-30": "40.20%", "2012-03-31": "39.32%", "2011-12-31": "24.09%", "2011-09-30": "21.18%", "2011-06-30": "19.54%", "2011-03-31": "20.43%", "2010-12-31": "36.78%"}, "net profit margin": {"2020-12-31": "16.00%", "2020-09-30": "15.15%", "2020-06-30": "15.03%", "2020-03-31": "14.77%", "2019-12-31": "20.92%", "2019-09-30": "17.25%", "2019-06-30": "18.21%", "2019-03-31": "18.51%", "2018-12-31": "19.73%", "2018-09-30": "44.50%", "2018-06-30": "43.52%", "2018-03-31": "43.57%", "2017-12-31": "43.36%", "2017-09-30": "19.07%", "2017-06-30": "18.83%", "2017-03-31": "18.62%", "2016-12-31": "18.63%", "2016-09-30": "18.58%", "2016-06-30": "23.76%", "2016-03-31": "24.15%", "2015-12-31": "24.59%", "2015-09-30": "25.03%", "2015-06-30": "20.85%", "2015-03-31": "21.61%", "2014-12-31": "22.58%", "2014-09-30": "23.40%", "2014-06-30": "23.93%", "2014-03-31": "24.91%", "2013-12-31": "24.69%", "2013-09-30": "26.11%", "2013-06-30": "25.38%", "2013-03-31": "24.33%", "2012-12-31": "24.12%", "2012-09-30": "22.38%", "2012-06-30": "22.12%", "2012-03-31": "21.73%", "2011-12-31": "7.37%", "2011-09-30": "5.54%", "2011-06-30": "5.67%", "2011-03-31": "6.61%", "2010-12-31": "21.74%"}, "pe ratio": {"current": "18.20", "2021-02-05": "32.04", "2020-12-31": "29.55", "2020-09-30": "10.37", "2020-06-30": "9.15", "2020-03-31": "8.31", "2019-12-31": "11.11", "2019-09-30": "11.68", "2019-06-30": "11.12", "2019-03-31": "10.90", "2018-12-31": "9.32", "2018-09-30": "5.21", "2018-06-30": "6.26", "2018-03-31": "6.33", "2017-12-31": "6.64", "2017-09-30": "13.52", "2017-06-30": "13.59", "2017-03-31": "15.52", "2016-12-31": "16.03", "2016-09-30": "13.20", "2016-06-30": "10.77", "2016-03-31": "12.45", "2015-12-31": "13.34", "2015-09-30": "13.64", "2015-06-30": "16.90", "2015-03-31": "15.06", "2014-12-31": "12.63", "2014-09-30": "12.87", "2014-06-30": "13.97", "2014-03-31": "14.00", "2013-12-31": "13.48", "2013-09-30": "12.11", "2013-06-30": "10.14", "2013-03-31": "10.18", "2012-12-31": "9.54", "2012-09-30": "10.55", "2012-06-30": "10.20", "2012-03-31": "10.98", "2011-12-31": "29.59"}, "price sales": {"2021-02-05": "2.87", "2020-12-31": "2.64", "2020-09-30": "1.59", "2020-06-30": "1.38", "2020-03-31": "1.23", "2019-12-31": "2.35", "2019-09-30": "2.05", "2019-06-30": "2.05", "2019-03-31": "2.04", "2018-12-31": "1.85", "2018-09-30": "2.31", "2018-06-30": "2.73", "2018-03-31": "2.76", "2017-12-31": "2.88", "2017-09-30": "2.59", "2017-06-30": "2.55", "2017-03-31": "2.89", "2016-12-31": "2.98", "2016-09-30": "2.44", "2016-06-30": "2.55", "2016-03-31": "3.00", "2015-12-31": "3.27", "2015-09-30": "3.40", "2015-06-30": "3.52", "2015-03-31": "3.25", "2014-12-31": "2.85", "2014-09-30": "3.01", "2014-06-30": "3.33", "2014-03-31": "3.48", "2013-12-31": "3.35", "2013-09-30": "3.19", "2013-06-30": "2.63", "2013-03-31": "2.59", "2012-12-31": "2.39", "2012-09-30": "2.41", "2012-06-30": "2.27", "2012-03-31": "2.36", "2011-12-31": "2.04"}, "price book": {"current": "1.16", "2021-02-05": "1.21", "2020-09-30": "0.70", "2020-06-30": "0.66", "2020-03-31": "0.66", "2019-12-31": "1.11", "2019-09-30": "1.04", "2019-06-30": "1.06", "2019-03-31": "1.05", "2018-12-31": "0.94", "2018-09-30": "1.11", "2018-06-30": "1.29", "2018-03-31": "1.28", "2017-12-31": "1.31", "2017-09-30": "1.31", "2017-06-30": "1.25", "2017-03-31": "1.41", "2016-12-31": "1.44", "2016-09-30": "1.17", "2016-06-30": "1.20", "2016-03-31": "1.38", "2015-12-31": "1.44", "2015-09-30": "1.45", "2015-06-30": "1.49", "2015-03-31": "1.37", "2014-12-31": "1.22", "2014-09-30": "1.28", "2014-06-30": "1.42", "2014-03-31": "1.49", "2013-12-31": "1.42", "2013-09-30": "1.37", "2013-06-30": "1.14", "2013-03-31": "1.13", "2012-12-31": "1.03", "2012-09-30": "1.06", "2012-06-30": "1.04", "2012-03-31": "1.12", "2011-12-31": "1.09", "2011-09-30": "1.04", "2011-06-30": "1.35", "2011-03-31": "1.49"}, "price fcf": {"2021-02-05": "", "2020-09-30": "$8.95", "2020-06-30": "$7.32", "2020-03-31": "$6.19", "2019-12-31": "$6.18", "2019-09-30": "$7.85", "2019-06-30": "$6.97", "2019-03-31": "$6.30", "2018-12-31": "$6.92", "2018-09-30": "$3.68", "2018-06-30": "$3.49", "2018-03-31": "$3.34", "2017-12-31": "$2.12", "2017-09-30": "$1.92", "2017-06-30": "$1.57", "2017-03-31": "$1.67", "2016-12-31": "$2.13", "2016-09-30": "$1.92", "2016-06-30": "$2.02", "2016-03-31": "$1.09", "2015-12-31": "$0.31", "2015-09-30": "$-0.92", "2015-06-30": "$-1.74", "2015-03-31": "$-1.74", "2014-12-31": "$-1.76", "2014-09-30": "$0.60", "2014-06-30": "$0.14", "2014-03-31": "$0.50", "2013-12-31": "$0.22", "2013-09-30": "$-1.97", "2013-06-30": "$-0.89", "2013-03-31": "$-2.46", "2012-12-31": "$-2.45", "2012-09-30": "$-1.77", "2012-06-30": "$-2.03", "2012-03-31": "$-0.42", "2011-12-31": "$0.59"}, "net worth": {"value": "$3.46B"}, "current ratio": {"2020-12-31": "0.85", "2020-09-30": "0.87", "2020-06-30": "0.89", "2020-03-31": "0.93", "2019-12-31": "0.94", "2019-09-30": "0.94", "2019-06-30": "0.95", "2019-03-31": "0.93", "2018-12-31": "0.93", "2018-09-30": "0.97", "2018-06-30": "0.98", "2018-03-31": "0.95", "2017-12-31": "0.97", "2017-09-30": "0.96", "2017-06-30": "0.96", "2017-03-31": "0.96", "2016-12-31": "0.99", "2016-09-30": "1.00", "2016-06-30": "0.99", "2016-03-31": "0.97", "2015-12-31": "0.97", "2015-09-30": "0.98", "2015-06-30": "0.95", "2015-03-31": "0.94", "2014-12-31": "0.93", "2014-09-30": "0.89", "2014-06-30": "0.90", "2014-03-31": "0.91", "2013-12-31": "0.88", "2013-09-30": "0.84", "2013-06-30": "0.77", "2013-03-31": "0.71", "2012-12-31": "0.70", "2012-09-30": "0.66", "2012-06-30": "0.63", "2012-03-31": "0.61", "2011-12-31": "0.60", "2011-09-30": "0.63", "2011-06-30": "0.60", "2011-03-31": "0.60", "2010-12-31": "0.62", "2010-09-30": "0.00", "2010-06-30": "0.00", "2010-03-31": "0.00", "2009-12-31": "0.65"}, "quick ratio": {"2020-12-31": "0.00", "2020-09-30": "0.00", "2020-06-30": "0.00", "2020-03-31": "0.00", "2019-12-31": "0.00", "2019-09-30": "0.00", "2019-06-30": "0.00", "2019-03-31": "0.00", "2018-12-31": "0.00", "2018-09-30": "0.00", "2018-06-30": "0.00", "2018-03-31": "0.00", "2017-12-31": "0.00", "2017-09-30": "0.00", "2017-06-30": "0.00", "2017-03-31": "0.00", "2016-12-31": "0.00", "2016-09-30": "0.00", "2016-06-30": "0.00", "2016-03-31": "0.00", "2015-12-31": "0.00", "2015-09-30": "0.00", "2015-06-30": "0.00", "2015-03-31": "0.00", "2014-12-31": "0.00", "2014-09-30": "0.00", "2014-06-30": "0.00", "2014-03-31": "0.00", "2013-12-31": "0.00", "2013-09-30": "0.00", "2013-06-30": "0.00", "2013-03-31": "0.00", "2012-12-31": "0.00", "2012-09-30": "0.00", "2012-06-30": "0.00", "2012-03-31": "0.00", "2011-12-31": "0.00", "2011-09-30": "0.00", "2011-06-30": "0.00", "2011-03-31": "0.00", "2010-12-31": "0.00", "2010-09-30": "0.00", "2010-06-30": "0.00", "2010-03-31": "0.00", "2009-12-31": "0.00"}, "debt equity ratio": {"current": "1.05", "2020-12-31": "10.74", "2020-09-30": "11.23", "2020-06-30": "11.61", "2020-03-31": "12.35", "2019-12-31": "10.03", "2019-09-30": "10.33", "2019-06-30": "10.54", "2019-03-31": "10.19", "2018-12-31": "10.00", "2018-09-30": "9.25", "2018-06-30": "9.12", "2018-03-31": "9.04", "2017-12-31": "9.03", "2017-09-30": "10.27", "2017-06-30": "10.23", "2017-03-31": "10.05", "2016-12-31": "10.53", "2016-09-30": "10.49", "2016-06-30": "10.29", "2016-03-31": "9.96", "2015-12-31": "9.64", "2015-09-30": "9.20", "2015-06-30": "8.97", "2015-03-31": "8.45", "2014-12-31": "8.36", "2014-09-30": "7.67", "2014-06-30": "7.44", "2014-03-31": "6.96", "2013-12-31": "6.80", "2013-09-30": "6.59", "2013-06-30": "6.14", "2013-03-31": "5.91", "2012-12-31": "5.85", "2012-09-30": "6.27", "2012-06-30": "6.35", "2012-03-31": "6.42", "2011-12-31": "6.38", "2011-09-30": "6.34", "2011-06-30": "6.35", "2011-03-31": "6.52", "2010-12-31": "7.67", "2010-09-30": "0.00", "2010-06-30": "0.00", "2010-03-31": "0.00", "2009-12-31": "9.17"}, "return on equity": {"2020-12-31": "6.91%", "2020-09-30": "6.87%", "2020-06-30": "7.17%", "2020-03-31": "7.27%", "2019-12-31": "10.24%", "2019-09-30": "9.08%", "2019-06-30": "9.67%", "2019-03-31": "9.75%", "2018-12-31": "10.29%", "2018-09-30": "21.71%", "2018-06-30": "21.56%", "2018-03-31": "21.77%", "2017-12-31": "21.96%", "2017-09-30": "9.85%", "2017-06-30": "9.45%", "2017-03-31": "9.28%", "2016-12-31": "9.25%", "2016-09-30": "9.12%", "2016-06-30": "11.45%", "2016-03-31": "11.28%", "2015-12-31": "11.10%", "2015-09-30": "10.93%", "2015-06-30": "8.90%", "2015-03-31": "9.14%", "2014-12-31": "9.69%", "2014-09-30": "10.10%", "2014-06-30": "10.35%", "2014-03-31": "10.83%", "2013-12-31": "10.60%", "2013-09-30": "11.15%", "2013-06-30": "10.97%", "2013-03-31": "10.77%", "2012-12-31": "11.14%", "2012-09-30": "10.69%", "2012-06-30": "10.98%", "2012-03-31": "11.24%", "2011-12-31": "3.97%", "2011-09-30": "3.18%", "2011-06-30": "4.51%", "2011-03-31": "8.32%", "2010-12-31": "59.01%"}, "return on assets": {"2020-12-31": "0.55%", "2020-09-30": "0.56%", "2020-06-30": "0.60%", "2020-03-31": "0.62%", "2019-12-31": "0.91%", "2019-09-30": "0.81%", "2019-06-30": "0.88%", "2019-03-31": "0.92%", "2018-12-31": "0.99%", "2018-09-30": "2.15%", "2018-06-30": "2.09%", "2018-03-31": "2.05%", "2017-12-31": "2.02%", "2017-09-30": "0.87%", "2017-06-30": "0.83%", "2017-03-31": "0.82%", "2016-12-31": "0.82%", "2016-09-30": "0.82%", "2016-06-30": "1.06%", "2016-03-31": "1.08%", "2015-12-31": "1.10%", "2015-09-30": "1.12%", "2015-06-30": "0.95%", "2015-03-31": "1.02%", "2014-12-31": "1.13%", "2014-09-30": "1.23%", "2014-06-30": "1.30%", "2014-03-31": "1.42%", "2013-12-31": "1.44%", "2013-09-30": "1.56%", "2013-06-30": "1.56%", "2013-03-31": "1.52%", "2012-12-31": "1.54%", "2012-09-30": "1.45%", "2012-06-30": "1.49%", "2012-03-31": "1.52%", "2011-12-31": "0.54%", "2011-09-30": "0.41%", "2011-06-30": "0.58%", "2011-03-31": "1.03%", "2010-12-31": "6.81%"}, "return on investments": {"2020-12-31": "3.55%", "2020-09-30": "3.36%", "2020-06-30": "3.45%", "2020-03-31": "3.52%", "2019-12-31": "5.14%", "2019-09-30": "4.64%", "2019-06-30": "4.85%", "2019-03-31": "4.96%", "2018-12-31": "5.31%", "2018-09-30": "5.93%", "2018-06-30": "5.79%", "2018-03-31": "5.62%", "2017-12-31": "5.36%", "2017-09-30": "5.03%", "2017-06-30": "4.67%", "2017-03-31": "4.57%", "2016-12-31": "4.61%", "2016-09-30": "4.76%", "2016-06-30": "4.93%", "2016-03-31": "4.97%", "2015-12-31": "4.98%", "2015-09-30": "4.72%", "2015-06-30": "5.15%", "2015-03-31": "5.51%", "2014-12-31": "6.10%", "2014-09-30": "6.68%", "2014-06-30": "6.96%", "2014-03-31": "7.56%", "2013-12-31": "7.66%", "2013-09-30": "8.11%", "2013-06-30": "8.35%", "2013-03-31": "8.37%", "2012-12-31": "8.52%", "2012-09-30": "8.50%", "2012-06-30": "8.68%", "2012-03-31": "8.79%", "2011-12-31": "5.82%", "2011-09-30": "4.07%", "2011-06-30": "5.17%", "2011-03-31": "8.28%", "2010-12-31": "32.03%"}, "return on tangible equity": {"2020-09-30": "7.07%", "2020-06-30": "7.37%", "2020-03-31": "7.48%", "2019-12-31": "10.52%", "2019-09-30": "9.33%", "2019-06-30": "9.93%", "2019-03-31": "10.01%", "2018-12-31": "10.56%", "2018-09-30": "22.28%", "2018-06-30": "22.14%", "2018-03-31": "22.39%", "2017-12-31": "22.62%", "2017-09-30": "10.16%", "2017-06-30": "9.76%", "2017-03-31": "9.59%", "2016-12-31": "9.57%", "2016-09-30": "9.44%", "2016-06-30": "11.86%", "2016-03-31": "11.69%", "2015-12-31": "11.51%", "2015-09-30": "11.32%", "2015-06-30": "9.22%", "2015-03-31": "9.46%", "2014-12-31": "10.03%", "2014-09-30": "10.46%", "2014-06-30": "10.72%", "2014-03-31": "11.23%", "2013-12-31": "11.00%", "2013-09-30": "11.59%", "2013-06-30": "11.41%", "2013-03-31": "11.21%", "2012-12-31": "11.61%", "2012-09-30": "11.15%", "2012-06-30": "11.48%", "2012-03-31": "11.76%", "2011-12-31": "4.16%", "2011-09-30": "3.34%", "2011-06-30": "4.75%", "2011-03-31": "8.78%", "2010-12-31": "62.50%"}, "dividend yield history": {"last payout": "$0.92", "last yield": "2.45%"}}